PokerStars Hand #148426900921:  Hold'em Limit ($3/$6 USD) - 2016/02/07 20:39:14 ET
Table 'Hybris' 2-max Seat #2 is the button
Seat 1: kaputnikoff ($215.50 in chips)
Seat 2: robyn02 ($128.64 in chips)
robyn02: posts small blind $1
kaputnikoff: posts big blind $3
*** HOLE CARDS ***
robyn02: folds
Uncalled bet ($2) returned to kaputnikoff
kaputnikoff collected $2 from pot
kaputnikoff: doesn't show hand
*** SUMMARY ***
Total pot $2 | Rake $0
Seat 1: kaputnikoff (big blind) collected ($2)
Seat 2: robyn02 (button) (small blind) folded before Flop


PokerStars Hand #148426891161:  Hold'em Limit ($3/$6 USD) - 2016/02/07 20:38:52 ET
Table 'Hybris' 2-max Seat #1 is the button
Seat 1: kaputnikoff ($224.50 in chips)
Seat 2: robyn02 ($120 in chips)
kaputnikoff: posts small blind $1
robyn02: posts big blind $3
*** HOLE CARDS ***
kaputnikoff: raises $3 to $6
robyn02: raises $3 to $9
kaputnikoff: calls $3
*** FLOP *** [6d As Tc]
robyn02: bets $3
kaputnikoff: folds
Uncalled bet ($3) returned to robyn02
robyn02 collected $17.64 from pot
robyn02: doesn't show hand
*** SUMMARY ***
Total pot $18 | Rake $0.36
Board [6d As Tc]
Seat 1: kaputnikoff (button) (small blind) folded on the Flop
Seat 2: robyn02 (big blind) collected ($17.64)


PokerStars Hand #148426917925:  Hold'em Limit ($3/$6 USD) - 2016/02/07 20:39:50 ET
Table 'Hybris' 2-max Seat #2 is the button
Seat 1: kaputnikoff ($201.50 in chips)
Seat 2: robyn02 ($142.14 in chips)
robyn02: posts small blind $1
kaputnikoff: posts big blind $3
*** HOLE CARDS ***
robyn02: raises $3 to $6
kaputnikoff: raises $3 to $9
robyn02: calls $3
*** FLOP *** [7c 4h 2c]
kaputnikoff: bets $3
robyn02: raises $3 to $6
kaputnikoff: calls $3
*** TURN *** [7c 4h 2c] [Jd]
kaputnikoff: checks
robyn02: bets $6
kaputnikoff: calls $6
*** RIVER *** [7c 4h 2c Jd] [8h]
kaputnikoff: checks
robyn02: bets $6
kaputnikoff: raises $6 to $12
robyn02: calls $6
*** SHOW DOWN ***
kaputnikoff: shows [Ts 9d] (a straight, Seven to Jack)
robyn02: mucks hand
kaputnikoff collected $65.50 from pot
*** SUMMARY ***
Total pot $66 | Rake $0.50
Board [7c 4h 2c Jd 8h]
Seat 1: kaputnikoff (big blind) showed [Ts 9d] and won ($65.50) with a straight, Seven to Jack
Seat 2: robyn02 (button) (small blind) mucked


PokerStars Hand #148426903712:  Hold'em Limit ($3/$6 USD) - 2016/02/07 20:39:19 ET
Table 'Hybris' 2-max Seat #1 is the button
Seat 1: kaputnikoff ($216.50 in chips)
Seat 2: robyn02 ($127.64 in chips)
kaputnikoff: posts small blind $1
robyn02: posts big blind $3
*** HOLE CARDS ***
kaputnikoff: raises $3 to $6
robyn02: calls $3
*** FLOP *** [Js 4s 5d]
robyn02: checks
kaputnikoff: bets $3
robyn02: calls $3
*** TURN *** [Js 4s 5d] [2c]
robyn02: checks
kaputnikoff: checks
*** RIVER *** [Js 4s 5d 2c] [5s]
robyn02: bets $6
kaputnikoff: calls $6
*** SHOW DOWN ***
robyn02: shows [Qs Jc] (two pair, Jacks and Fives)
kaputnikoff: mucks hand
robyn02 collected $29.50 from pot
*** SUMMARY ***
Total pot $30 | Rake $0.50
Board [Js 4s 5d 2c 5s]
Seat 1: kaputnikoff (button) (small blind) mucked
Seat 2: robyn02 (big blind) showed [Qs Jc] and won ($29.50) with two pair, Jacks and Fives


PokerStars Hand #148426955587:  Hold'em Limit ($3/$6 USD) - 2016/02/07 20:41:12 ET
Table 'Hybris' 2-max Seat #2 is the button
Seat 1: kaputnikoff ($206 in chips)
Seat 2: robyn02 ($136.28 in chips)
robyn02: posts small blind $1
kaputnikoff: posts big blind $3
*** HOLE CARDS ***
robyn02: folds
Uncalled bet ($2) returned to kaputnikoff
kaputnikoff collected $2 from pot
kaputnikoff: doesn't show hand
*** SUMMARY ***
Total pot $2 | Rake $0
Seat 1: kaputnikoff (big blind) collected ($2)
Seat 2: robyn02 (button) (small blind) folded before Flop


PokerStars Hand #148426945362:  Hold'em Limit ($3/$6 USD) - 2016/02/07 20:40:50 ET
Table 'Hybris' 2-max Seat #1 is the button
Seat 1: kaputnikoff ($224 in chips)
Seat 2: robyn02 ($118.78 in chips)
kaputnikoff: posts small blind $1
robyn02: posts big blind $3
*** HOLE CARDS ***
kaputnikoff: raises $3 to $6
robyn02: calls $3
*** FLOP *** [4s Ad 8h]
robyn02: checks
kaputnikoff: bets $3
robyn02: raises $3 to $6
kaputnikoff: calls $3
*** TURN *** [4s Ad 8h] [2h]
robyn02: bets $6
kaputnikoff: calls $6
*** RIVER *** [4s Ad 8h 2h] [9h]
robyn02: bets $6
kaputnikoff: folds
Uncalled bet ($6) returned to robyn02
robyn02 collected $35.50 from pot
robyn02: doesn't show hand
*** SUMMARY ***
Total pot $36 | Rake $0.50
Board [4s Ad 8h 2h 9h]
Seat 1: kaputnikoff (button) (small blind) folded on the River
Seat 2: robyn02 (big blind) collected ($35.50)


PokerStars Hand #148426934849:  Hold'em Limit ($3/$6 USD) - 2016/02/07 20:40:27 ET
Table 'Hybris' 2-max Seat #2 is the button
Seat 1: kaputnikoff ($233 in chips)
Seat 2: robyn02 ($110.14 in chips)
robyn02: posts small blind $1
kaputnikoff: posts big blind $3
*** HOLE CARDS ***
robyn02: raises $3 to $6
kaputnikoff: calls $3
*** FLOP *** [2s Qs 5d]
kaputnikoff: checks
robyn02: bets $3
kaputnikoff: calls $3
*** TURN *** [2s Qs 5d] [Kc]
kaputnikoff: checks
robyn02: checks
*** RIVER *** [2s Qs 5d Kc] [4d]
kaputnikoff: checks
robyn02: checks
*** SHOW DOWN ***
kaputnikoff: shows [As 6h] (high card Ace)
robyn02: shows [9h Ah] (high card Ace - King+Queen+Nine kicker)
robyn02 collected $17.64 from pot
*** SUMMARY ***
Total pot $18 | Rake $0.36
Board [2s Qs 5d Kc 4d]
Seat 1: kaputnikoff (big blind) showed [As 6h] and lost with high card Ace
Seat 2: robyn02 (button) (small blind) showed [9h Ah] and won ($17.64) with high card Ace


PokerStars Hand #148426932029:  Hold'em Limit ($3/$6 USD) - 2016/02/07 20:40:21 ET
Table 'Hybris' 2-max Seat #1 is the button
Seat 1: kaputnikoff ($234 in chips)
Seat 2: robyn02 ($109.14 in chips)
kaputnikoff: posts small blind $1
robyn02: posts big blind $3
*** HOLE CARDS ***
kaputnikoff: folds
Uncalled bet ($2) returned to robyn02
robyn02 collected $2 from pot
robyn02: doesn't show hand
*** SUMMARY ***
Total pot $2 | Rake $0
Seat 1: kaputnikoff (button) (small blind) folded before Flop
Seat 2: robyn02 (big blind) collected ($2)


PokerStars Hand #148426985240:  Hold'em Limit ($3/$6 USD) - 2016/02/07 20:42:16 ET
Table 'Hybris' 2-max Seat #2 is the button
Seat 1: kaputnikoff ($150 in chips)
Seat 2: robyn02 ($191.04 in chips)
robyn02: posts small blind $1
kaputnikoff: posts big blind $3
*** HOLE CARDS ***
robyn02: folds
Uncalled bet ($2) returned to kaputnikoff
kaputnikoff collected $2 from pot
kaputnikoff: doesn't show hand
*** SUMMARY ***
Total pot $2 | Rake $0
Seat 1: kaputnikoff (big blind) collected ($2)
Seat 2: robyn02 (button) (small blind) folded before Flop


PokerStars Hand #148426974584:  Hold'em Limit ($3/$6 USD) - 2016/02/07 20:41:53 ET
Table 'Hybris' 2-max Seat #1 is the button
Seat 1: kaputnikoff ($186 in chips)
Seat 2: robyn02 ($155.54 in chips)
kaputnikoff: posts small blind $1
robyn02: posts big blind $3
*** HOLE CARDS ***
kaputnikoff: raises $3 to $6
robyn02: calls $3
*** FLOP *** [3h 6d 5c]
robyn02: checks
kaputnikoff: bets $3
robyn02: raises $3 to $6
kaputnikoff: calls $3
*** TURN *** [3h 6d 5c] [Kh]
robyn02: bets $6
kaputnikoff: raises $6 to $12
robyn02: raises $6 to $18
kaputnikoff: calls $6
*** RIVER *** [3h 6d 5c Kh] [As]
robyn02: bets $6
kaputnikoff: calls $6
*** SHOW DOWN ***
robyn02: shows [7s 4d] (a straight, Three to Seven)
kaputnikoff: mucks hand
robyn02 collected $71.50 from pot
*** SUMMARY ***
Total pot $72 | Rake $0.50
Board [3h 6d 5c Kh As]
Seat 1: kaputnikoff (button) (small blind) mucked
Seat 2: robyn02 (big blind) showed [7s 4d] and won ($71.50) with a straight, Three to Seven


PokerStars Hand #148426967228:  Hold'em Limit ($3/$6 USD) - 2016/02/07 20:41:37 ET
Table 'Hybris' 2-max Seat #2 is the button
Seat 1: kaputnikoff ($192 in chips)
Seat 2: robyn02 ($149.78 in chips)
robyn02: posts small blind $1
kaputnikoff: posts big blind $3
*** HOLE CARDS ***
robyn02: raises $3 to $6
kaputnikoff: calls $3
*** FLOP *** [8d Js 7d]
kaputnikoff: checks
robyn02: bets $3
kaputnikoff: folds
Uncalled bet ($3) returned to robyn02
robyn02 collected $11.76 from pot
robyn02: doesn't show hand
*** SUMMARY ***
Total pot $12 | Rake $0.24
Board [8d Js 7d]
Seat 1: kaputnikoff (big blind) folded on the Flop
Seat 2: robyn02 (button) (small blind) collected ($11.76)


PokerStars Hand #148426957942:  Hold'em Limit ($3/$6 USD) - 2016/02/07 20:41:17 ET
Table 'Hybris' 2-max Seat #1 is the button
Seat 1: kaputnikoff ($207 in chips)
Seat 2: robyn02 ($135.28 in chips)
kaputnikoff: posts small blind $1
robyn02: posts big blind $3
*** HOLE CARDS ***
kaputnikoff: raises $3 to $6
robyn02: calls $3
*** FLOP *** [Th 9c Tc]
robyn02: checks
kaputnikoff: bets $3
robyn02: calls $3
*** TURN *** [Th 9c Tc] [5d]
robyn02: checks
kaputnikoff: bets $6
robyn02: raises $6 to $12
kaputnikoff: folds
Uncalled bet ($6) returned to robyn02
robyn02 collected $29.50 from pot
robyn02: doesn't show hand
*** SUMMARY ***
Total pot $30 | Rake $0.50
Board [Th 9c Tc 5d]
Seat 1: kaputnikoff (button) (small blind) folded on the Turn
Seat 2: robyn02 (big blind) collected ($29.50)


PokerStars Hand #148427005918:  Hold'em Limit ($3/$6 USD) - 2016/02/07 20:43:01 ET
Table 'Hybris' 2-max Seat #1 is the button
Seat 1: kaputnikoff ($125 in chips)
Seat 2: robyn02 ($215.54 in chips)
kaputnikoff: posts small blind $1
robyn02: posts big blind $3
*** HOLE CARDS ***
kaputnikoff: folds
Uncalled bet ($2) returned to robyn02
robyn02 collected $2 from pot
robyn02: doesn't show hand
*** SUMMARY ***
Total pot $2 | Rake $0
Seat 1: kaputnikoff (button) (small blind) folded before Flop
Seat 2: robyn02 (big blind) collected ($2)


PokerStars Hand #148427003377:  Hold'em Limit ($3/$6 USD) - 2016/02/07 20:42:56 ET
Table 'Hybris' 2-max Seat #2 is the button
Seat 1: kaputnikoff ($124 in chips)
Seat 2: robyn02 ($216.54 in chips)
robyn02: posts small blind $1
kaputnikoff: posts big blind $3
*** HOLE CARDS ***
robyn02: folds
Uncalled bet ($2) returned to kaputnikoff
kaputnikoff collected $2 from pot
kaputnikoff: doesn't show hand
*** SUMMARY ***
Total pot $2 | Rake $0
Seat 1: kaputnikoff (big blind) collected ($2)
Seat 2: robyn02 (button) (small blind) folded before Flop


PokerStars Hand #148426988441:  Hold'em Limit ($3/$6 USD) - 2016/02/07 20:42:23 ET
Table 'Hybris' 2-max Seat #1 is the button
Seat 1: kaputnikoff ($151 in chips)
Seat 2: robyn02 ($190.04 in chips)
kaputnikoff: posts small blind $1
robyn02: posts big blind $3
*** HOLE CARDS ***
kaputnikoff: raises $3 to $6
robyn02: calls $3
*** FLOP *** [8d As Kh]
robyn02: checks
kaputnikoff: bets $3
robyn02: calls $3
*** TURN *** [8d As Kh] [4c]
robyn02: checks
kaputnikoff: bets $6
robyn02: raises $6 to $12
kaputnikoff: calls $6
*** RIVER *** [8d As Kh 4c] [4h]
robyn02: bets $6
kaputnikoff: calls $6
*** SHOW DOWN ***
robyn02: shows [8c Ah] (two pair, Aces and Eights)
kaputnikoff: mucks hand
robyn02 collected $53.50 from pot
*** SUMMARY ***
Total pot $54 | Rake $0.50
Board [8d As Kh 4c 4h]
Seat 1: kaputnikoff (button) (small blind) mucked
Seat 2: robyn02 (big blind) showed [8c Ah] and won ($53.50) with two pair, Aces and Eights


PokerStars Hand #148427023052:  Hold'em Limit ($3/$6 USD) - 2016/02/07 20:43:39 ET
Table 'Hybris' 2-max Seat #1 is the button
Seat 1: kaputnikoff ($147.50 in chips)
Seat 2: robyn02 ($192.54 in chips)
kaputnikoff: posts small blind $1
robyn02: posts big blind $3
*** HOLE CARDS ***
kaputnikoff: raises $3 to $6
robyn02: raises $3 to $9
kaputnikoff: calls $3
*** FLOP *** [6d 8c Jc]
robyn02: bets $3
kaputnikoff: calls $3
*** TURN *** [6d 8c Jc] [Kc]
robyn02: checks
kaputnikoff: checks
*** RIVER *** [6d 8c Jc Kc] [Qd]
robyn02: checks
kaputnikoff: checks
*** SHOW DOWN ***
robyn02: shows [9h As] (high card Ace)
kaputnikoff: shows [6c 5s] (a pair of Sixes)
kaputnikoff collected $23.52 from pot
*** SUMMARY ***
Total pot $24 | Rake $0.48
Board [6d 8c Jc Kc Qd]
Seat 1: kaputnikoff (button) (small blind) showed [6c 5s] and won ($23.52) with a pair of Sixes
Seat 2: robyn02 (big blind) showed [9h As] and lost with high card Ace


PokerStars Hand #148427010746:  Hold'em Limit ($3/$6 USD) - 2016/02/07 20:43:12 ET
Table 'Hybris' 2-max Seat #2 is the button
Seat 1: kaputnikoff ($124 in chips)
Seat 2: robyn02 ($216.54 in chips)
robyn02: posts small blind $1
kaputnikoff: posts big blind $3
*** HOLE CARDS ***
robyn02: raises $3 to $6
kaputnikoff: raises $3 to $9
robyn02: calls $3
*** FLOP *** [6s Ks 8s]
kaputnikoff: bets $3
robyn02: calls $3
*** TURN *** [6s Ks 8s] [Ts]
kaputnikoff: bets $6
robyn02: calls $6
*** RIVER *** [6s Ks 8s Ts] [9c]
kaputnikoff: bets $6
robyn02: calls $6
*** SHOW DOWN ***
kaputnikoff: shows [5c 5s] (a flush, King high)
robyn02: mucks hand
kaputnikoff collected $47.50 from pot
*** SUMMARY ***
Total pot $48 | Rake $0.50
Board [6s Ks 8s Ts 9c]
Seat 1: kaputnikoff (big blind) showed [5c 5s] and won ($47.50) with a flush, King high
Seat 2: robyn02 (button) (small blind) mucked


PokerStars Hand #148427059560:  Hold'em Limit ($3/$6 USD) - 2016/02/07 20:44:58 ET
Table 'Hybris' 2-max Seat #1 is the button
Seat 1: kaputnikoff ($173.52 in chips)
Seat 2: robyn02 ($165.54 in chips)
kaputnikoff: posts small blind $1
robyn02: posts big blind $3
*** HOLE CARDS ***
kaputnikoff: raises $3 to $6
robyn02: folds
Uncalled bet ($3) returned to kaputnikoff
kaputnikoff collected $6 from pot
kaputnikoff: doesn't show hand
*** SUMMARY ***
Total pot $6 | Rake $0
Seat 1: kaputnikoff (button) (small blind) collected ($6)
Seat 2: robyn02 (big blind) folded before Flop


PokerStars Hand #148427055120:  Hold'em Limit ($3/$6 USD) - 2016/02/07 20:44:48 ET
Table 'Hybris' 2-max Seat #2 is the button
Seat 1: kaputnikoff ($176.52 in chips)
Seat 2: robyn02 ($162.54 in chips)
robyn02: posts small blind $1
kaputnikoff: posts big blind $3
*** HOLE CARDS ***
robyn02: raises $3 to $6
kaputnikoff: folds
Uncalled bet ($3) returned to robyn02
robyn02 collected $6 from pot
robyn02: doesn't show hand
*** SUMMARY ***
Total pot $6 | Rake $0
Seat 1: kaputnikoff (big blind) folded before Flop
Seat 2: robyn02 (button) (small blind) collected ($6)


PokerStars Hand #148427051457:  Hold'em Limit ($3/$6 USD) - 2016/02/07 20:44:40 ET
Table 'Hybris' 2-max Seat #1 is the button
Seat 1: kaputnikoff ($173.52 in chips)
Seat 2: robyn02 ($165.54 in chips)
kaputnikoff: posts small blind $1
robyn02: posts big blind $3
*** HOLE CARDS ***
kaputnikoff: raises $3 to $6
robyn02: folds
Uncalled bet ($3) returned to kaputnikoff
kaputnikoff collected $6 from pot
kaputnikoff: doesn't show hand
*** SUMMARY ***
Total pot $6 | Rake $0
Seat 1: kaputnikoff (button) (small blind) collected ($6)
Seat 2: robyn02 (big blind) folded before Flop


PokerStars Hand #148427037064:  Hold'em Limit ($3/$6 USD) - 2016/02/07 20:44:09 ET
Table 'Hybris' 2-max Seat #2 is the button
Seat 1: kaputnikoff ($159.02 in chips)
Seat 2: robyn02 ($180.54 in chips)
robyn02: posts small blind $1
kaputnikoff: posts big blind $3
*** HOLE CARDS ***
robyn02: raises $3 to $6
kaputnikoff: raises $3 to $9
robyn02: calls $3
*** FLOP *** [Kh Qc Kc]
kaputnikoff: bets $3
robyn02: raises $3 to $6
kaputnikoff: calls $3
*** TURN *** [Kh Qc Kc] [9s]
kaputnikoff: checks
robyn02: checks
*** RIVER *** [Kh Qc Kc 9s] [4c]
kaputnikoff: checks
robyn02: checks
*** SHOW DOWN ***
kaputnikoff: shows [6h Ah] (a pair of Kings)
robyn02: mucks hand
kaputnikoff collected $29.50 from pot
*** SUMMARY ***
Total pot $30 | Rake $0.50
Board [Kh Qc Kc 9s 4c]
Seat 1: kaputnikoff (big blind) showed [6h Ah] and won ($29.50) with a pair of Kings
Seat 2: robyn02 (button) (small blind) mucked


PokerStars Hand #148427093123:  Hold'em Limit ($3/$6 USD) - 2016/02/07 20:46:11 ET
Table 'Hybris' 2-max Seat #2 is the button
Seat 1: kaputnikoff ($173.02 in chips)
Seat 2: robyn02 ($176.13 in chips)
robyn02: posts small blind $1
kaputnikoff: posts big blind $3
*** HOLE CARDS ***
robyn02: raises $3 to $6
kaputnikoff: folds
Uncalled bet ($3) returned to robyn02
robyn02 collected $6 from pot
robyn02: doesn't show hand
*** SUMMARY ***
Total pot $6 | Rake $0
Seat 1: kaputnikoff (big blind) folded before Flop
Seat 2: robyn02 (button) (small blind) collected ($6)


PokerStars Hand #148427077242:  Hold'em Limit ($3/$6 USD) - 2016/02/07 20:45:36 ET
Table 'Hybris' 2-max Seat #1 is the button
Seat 1: kaputnikoff ($200.02 in chips)
Seat 2: robyn02 ($138.54 in chips)
kaputnikoff: posts small blind $1
robyn02: posts big blind $3
*** HOLE CARDS ***
kaputnikoff: raises $3 to $6
robyn02: calls $3
*** FLOP *** [Qs 7s 5h]
robyn02: checks
kaputnikoff: bets $3
robyn02: calls $3
*** TURN *** [Qs 7s 5h] [3d]
robyn02: checks
kaputnikoff: bets $6
robyn02: raises $6 to $12
kaputnikoff: calls $6
*** RIVER *** [Qs 7s 5h 3d] [8h]
robyn02: bets $6
kaputnikoff: calls $6
*** SHOW DOWN ***
robyn02: shows [Qd 9c] (a pair of Queens)
kaputnikoff: mucks hand
robyn02 collected $53.50 from pot
*** SUMMARY ***
Total pot $54 | Rake $0.50
Board [Qs 7s 5h 3d 8h]
Seat 1: kaputnikoff (button) (small blind) mucked
Seat 2: robyn02 (big blind) showed [Qd 9c] and won ($53.50) with a pair of Queens


PokerStars Hand #148427062768:  Hold'em Limit ($3/$6 USD) - 2016/02/07 20:45:05 ET
Table 'Hybris' 2-max Seat #2 is the button
Seat 1: kaputnikoff ($176.52 in chips)
Seat 2: robyn02 ($162.54 in chips)
robyn02: posts small blind $1
kaputnikoff: posts big blind $3
*** HOLE CARDS ***
robyn02: raises $3 to $6
kaputnikoff: calls $3
*** FLOP *** [7s 5d Th]
kaputnikoff: checks
robyn02: bets $3
kaputnikoff: raises $3 to $6
robyn02: calls $3
*** TURN *** [7s 5d Th] [3s]
kaputnikoff: bets $6
robyn02: calls $6
*** RIVER *** [7s 5d Th 3s] [7c]
kaputnikoff: bets $6
robyn02: calls $6
*** SHOW DOWN ***
kaputnikoff: shows [7d Ad] (three of a kind, Sevens)
robyn02: mucks hand
kaputnikoff collected $47.50 from pot
*** SUMMARY ***
Total pot $48 | Rake $0.50
Board [7s 5d Th 3s 7c]
Seat 1: kaputnikoff (big blind) showed [7d Ad] and won ($47.50) with three of a kind, Sevens
Seat 2: robyn02 (button) (small blind) mucked


PokerStars Hand #148427097036:  Hold'em Limit ($3/$6 USD) - 2016/02/07 20:46:19 ET
Table 'Hybris' 2-max Seat #1 is the button
Seat 1: kaputnikoff ($170.02 in chips)
Seat 2: robyn02 ($179.13 in chips)
kaputnikoff: posts small blind $1
robyn02: posts big blind $3
*** HOLE CARDS ***
kaputnikoff: raises $3 to $6
robyn02: calls $3
*** FLOP *** [6d 5d 2c]
robyn02: checks
kaputnikoff: checks
*** TURN *** [6d 5d 2c] [Kd]
robyn02: checks
kaputnikoff: checks
*** RIVER *** [6d 5d 2c Kd] [Js]
robyn02: checks
kaputnikoff: checks
*** SHOW DOWN ***
robyn02: shows [3h Ac] (high card Ace)
kaputnikoff: mucks hand
robyn02 collected $11.76 from pot
*** SUMMARY ***
Total pot $12 | Rake $0.24
Board [6d 5d 2c Kd Js]
Seat 1: kaputnikoff (button) (small blind) mucked
Seat 2: robyn02 (big blind) showed [3h Ac] and won ($11.76) with high card Ace


PokerStars Hand #148427128828:  Hold'em Limit ($3/$6 USD) - 2016/02/07 20:47:28 ET
Table 'Hybris' 2-max Seat #1 is the button
Seat 1: kaputnikoff ($149.02 in chips)
Seat 2: robyn02 ($199.39 in chips)
kaputnikoff: posts small blind $1
robyn02: posts big blind $3
*** HOLE CARDS ***
kaputnikoff: raises $3 to $6
robyn02: raises $3 to $9
kaputnikoff: calls $3
*** FLOP *** [Kd Kc 5c]
robyn02: bets $3
kaputnikoff: calls $3
*** TURN *** [Kd Kc 5c] [2s]
robyn02: bets $6
kaputnikoff: folds
Uncalled bet ($6) returned to robyn02
robyn02 collected $23.52 from pot
robyn02: doesn't show hand
*** SUMMARY ***
Total pot $24 | Rake $0.48
Board [Kd Kc 5c 2s]
Seat 1: kaputnikoff (button) (small blind) folded on the Turn
Seat 2: robyn02 (big blind) collected ($23.52)


PokerStars Hand #148427110247:  Hold'em Limit ($3/$6 USD) - 2016/02/07 20:46:48 ET
Table 'Hybris' 2-max Seat #2 is the button
Seat 1: kaputnikoff ($164.02 in chips)
Seat 2: robyn02 ($184.89 in chips)
robyn02: posts small blind $1
kaputnikoff: posts big blind $3
*** HOLE CARDS ***
robyn02: raises $3 to $6
kaputnikoff: calls $3
*** FLOP *** [Tc 9s 6c]
kaputnikoff: checks
robyn02: bets $3
kaputnikoff: calls $3
*** TURN *** [Tc 9s 6c] [2d]
kaputnikoff: checks
robyn02: bets $6
kaputnikoff: calls $6
*** RIVER *** [Tc 9s 6c 2d] [8s]
kaputnikoff: checks
robyn02: checks
*** SHOW DOWN ***
kaputnikoff: shows [8h Qc] (a pair of Eights)
robyn02: shows [Ts Qs] (a pair of Tens)
robyn02 collected $29.50 from pot
*** SUMMARY ***
Total pot $30 | Rake $0.50
Board [Tc 9s 6c 2d 8s]
Seat 1: kaputnikoff (big blind) showed [8h Qc] and lost with a pair of Eights
Seat 2: robyn02 (button) (small blind) showed [Ts Qs] and won ($29.50) with a pair of Tens


PokerStars Hand #148427174613:  Hold'em Limit ($3/$6 USD) - 2016/02/07 20:49:09 ET
Table 'Hybris' 2-max Seat #2 is the button
Seat 1: kaputnikoff ($115.02 in chips)
Seat 2: robyn02 ($232.19 in chips)
robyn02: posts small blind $1
kaputnikoff: posts big blind $3
*** HOLE CARDS ***
robyn02: raises $3 to $6
kaputnikoff: folds
Uncalled bet ($3) returned to robyn02
robyn02 collected $6 from pot
robyn02: doesn't show hand
*** SUMMARY ***
Total pot $6 | Rake $0
Seat 1: kaputnikoff (big blind) folded before Flop
Seat 2: robyn02 (button) (small blind) collected ($6)


PokerStars Hand #148427171798:  Hold'em Limit ($3/$6 USD) - 2016/02/07 20:49:03 ET
Table 'Hybris' 2-max Seat #1 is the button
Seat 1: kaputnikoff ($116.02 in chips)
Seat 2: robyn02 ($231.19 in chips)
kaputnikoff: posts small blind $1
robyn02: posts big blind $3
*** HOLE CARDS ***
kaputnikoff: folds
Uncalled bet ($2) returned to robyn02
robyn02 collected $2 from pot
robyn02: doesn't show hand
*** SUMMARY ***
Total pot $2 | Rake $0
Seat 1: kaputnikoff (button) (small blind) folded before Flop
Seat 2: robyn02 (big blind) collected ($2)


PokerStars Hand #148427168758:  Hold'em Limit ($3/$6 USD) - 2016/02/07 20:48:56 ET
Table 'Hybris' 2-max Seat #2 is the button
Seat 1: kaputnikoff ($119.02 in chips)
Seat 2: robyn02 ($228.19 in chips)
robyn02: posts small blind $1
kaputnikoff: posts big blind $3
*** HOLE CARDS ***
robyn02: raises $3 to $6
kaputnikoff: folds
Uncalled bet ($3) returned to robyn02
robyn02 collected $6 from pot
robyn02: doesn't show hand
*** SUMMARY ***
Total pot $6 | Rake $0
Seat 1: kaputnikoff (big blind) folded before Flop
Seat 2: robyn02 (button) (small blind) collected ($6)


PokerStars Hand #148427158785:  Hold'em Limit ($3/$6 USD) - 2016/02/07 20:48:34 ET
Table 'Hybris' 2-max Seat #1 is the button
Seat 1: kaputnikoff ($131.02 in chips)
Seat 2: robyn02 ($216.67 in chips)
kaputnikoff: posts small blind $1
robyn02: posts big blind $3
*** HOLE CARDS ***
kaputnikoff: raises $3 to $6
robyn02: calls $3
*** FLOP *** [7c Tc Ad]
robyn02: checks
kaputnikoff: checks
*** TURN *** [7c Tc Ad] [4d]
robyn02: checks
kaputnikoff: checks
*** RIVER *** [7c Tc Ad 4d] [Th]
robyn02: bets $6
kaputnikoff: calls $6
*** SHOW DOWN ***
robyn02: shows [7s Kh] (two pair, Tens and Sevens)
kaputnikoff: mucks hand
robyn02 collected $23.52 from pot
*** SUMMARY ***
Total pot $24 | Rake $0.48
Board [7c Tc Ad 4d Th]
Seat 1: kaputnikoff (button) (small blind) mucked
Seat 2: robyn02 (big blind) showed [7s Kh] and won ($23.52) with two pair, Tens and Sevens


PokerStars Hand #148427148423:  Hold'em Limit ($3/$6 USD) - 2016/02/07 20:48:11 ET
Table 'Hybris' 2-max Seat #2 is the button
Seat 1: kaputnikoff ($137.02 in chips)
Seat 2: robyn02 ($210.91 in chips)
robyn02: posts small blind $1
kaputnikoff: posts big blind $3
*** HOLE CARDS ***
robyn02: raises $3 to $6
kaputnikoff: calls $3
*** FLOP *** [8d Td 4d]
kaputnikoff: checks
robyn02: bets $3
kaputnikoff: folds
Uncalled bet ($3) returned to robyn02
robyn02 collected $11.76 from pot
robyn02: doesn't show hand
*** SUMMARY ***
Total pot $12 | Rake $0.24
Board [8d Td 4d]
Seat 1: kaputnikoff (big blind) folded on the Flop
Seat 2: robyn02 (button) (small blind) collected ($11.76)


PokerStars Hand #148427202224:  Hold'em Limit ($3/$6 USD) - 2016/02/07 20:50:09 ET
Table 'Hybris' 2-max Seat #2 is the button
Seat 1: kaputnikoff ($84.78 in chips)
Seat 2: robyn02 ($261.69 in chips)
robyn02: posts small blind $1
kaputnikoff: posts big blind $3
*** HOLE CARDS ***
robyn02: raises $3 to $6
kaputnikoff: raises $3 to $9
robyn02: calls $3
*** FLOP *** [9s 3s 3c]
kaputnikoff: bets $3
robyn02: calls $3
*** TURN *** [9s 3s 3c] [7d]
kaputnikoff: bets $6
robyn02: folds
Uncalled bet ($6) returned to kaputnikoff
kaputnikoff collected $23.52 from pot
kaputnikoff: doesn't show hand
*** SUMMARY ***
Total pot $24 | Rake $0.48
Board [9s 3s 3c 7d]
Seat 1: kaputnikoff (big blind) collected ($23.52)
Seat 2: robyn02 (button) (small blind) folded on the Turn


PokerStars Hand #148427185515:  Hold'em Limit ($3/$6 USD) - 2016/02/07 20:49:33 ET
Table 'Hybris' 2-max Seat #2 is the button
Seat 1: kaputnikoff ($117.78 in chips)
Seat 2: robyn02 ($229.19 in chips)
robyn02: posts small blind $1
kaputnikoff: posts big blind $3
*** HOLE CARDS ***
robyn02: raises $3 to $6
kaputnikoff: calls $3
*** FLOP *** [7h 3d Kc]
kaputnikoff: checks
robyn02: bets $3
kaputnikoff: raises $3 to $6
robyn02: calls $3
*** TURN *** [7h 3d Kc] [2s]
kaputnikoff: checks
robyn02: bets $6
kaputnikoff: raises $6 to $12
robyn02: raises $6 to $18
kaputnikoff: calls $6
*** RIVER *** [7h 3d Kc 2s] [7c]
kaputnikoff: checks
robyn02: bets $6
kaputnikoff: calls $6
*** SHOW DOWN ***
robyn02: shows [Kh As] (two pair, Kings and Sevens)
kaputnikoff: mucks hand
robyn02 collected $71.50 from pot
*** SUMMARY ***
Total pot $72 | Rake $0.50
Board [7h 3d Kc 2s 7c]
Seat 1: kaputnikoff (big blind) mucked
Seat 2: robyn02 (button) (small blind) showed [Kh As] and won ($71.50) with two pair, Kings and Sevens


PokerStars Hand #148427178320:  Hold'em Limit ($3/$6 USD) - 2016/02/07 20:49:17 ET
Table 'Hybris' 2-max Seat #1 is the button
Seat 1: kaputnikoff ($112.02 in chips)
Seat 2: robyn02 ($235.19 in chips)
kaputnikoff: posts small blind $1
robyn02: posts big blind $3
*** HOLE CARDS ***
kaputnikoff: raises $3 to $6
robyn02: calls $3
*** FLOP *** [Ah 9d 3h]
robyn02: checks
kaputnikoff: checks
*** TURN *** [Ah 9d 3h] [3d]
robyn02: checks
kaputnikoff: bets $6
robyn02: folds
Uncalled bet ($6) returned to kaputnikoff
kaputnikoff collected $11.76 from pot
kaputnikoff: doesn't show hand
*** SUMMARY ***
Total pot $12 | Rake $0.24
Board [Ah 9d 3h 3d]
Seat 1: kaputnikoff (button) (small blind) collected ($11.76)
Seat 2: robyn02 (big blind) folded on the Turn


PokerStars Hand #148427221932:  Hold'em Limit ($3/$6 USD) - 2016/02/07 20:50:52 ET
Table 'Hybris' 2-max Seat #2 is the button
Seat 1: kaputnikoff ($87.30 in chips)
Seat 2: robyn02 ($258.33 in chips)
robyn02: posts small blind $1
kaputnikoff: posts big blind $3
*** HOLE CARDS ***
robyn02: raises $3 to $6
kaputnikoff: calls $3
*** FLOP *** [9c 6c 7d]
kaputnikoff: checks
robyn02: bets $3
kaputnikoff: calls $3
*** TURN *** [9c 6c 7d] [3d]
kaputnikoff: checks
robyn02: bets $6
kaputnikoff: calls $6
*** RIVER *** [9c 6c 7d 3d] [4h]
kaputnikoff: checks
robyn02: checks
*** SHOW DOWN ***
kaputnikoff: shows [8s Ad] (high card Ace)
robyn02: shows [Kh 7h] (a pair of Sevens)
robyn02 collected $29.50 from pot
*** SUMMARY ***
Total pot $30 | Rake $0.50
Board [9c 6c 7d 3d 4h]
Seat 1: kaputnikoff (big blind) showed [8s Ad] and lost with high card Ace
Seat 2: robyn02 (button) (small blind) showed [Kh 7h] and won ($29.50) with a pair of Sevens


PokerStars Hand #148427216008:  Hold'em Limit ($3/$6 USD) - 2016/02/07 20:50:40 ET
Table 'Hybris' 2-max Seat #1 is the button
Seat 1: kaputnikoff ($96.30 in chips)
Seat 2: robyn02 ($249.69 in chips)
kaputnikoff: posts small blind $1
robyn02: posts big blind $3
*** HOLE CARDS ***
kaputnikoff: raises $3 to $6
robyn02: raises $3 to $9
kaputnikoff: calls $3
*** FLOP *** [Kh Jc 3h]
robyn02: bets $3
kaputnikoff: folds
Uncalled bet ($3) returned to robyn02
robyn02 collected $17.64 from pot
robyn02: doesn't show hand
*** SUMMARY ***
Total pot $18 | Rake $0.36
Board [Kh Jc 3h]
Seat 1: kaputnikoff (button) (small blind) folded on the Flop
Seat 2: robyn02 (big blind) collected ($17.64)


PokerStars Hand #148427212658:  Hold'em Limit ($3/$6 USD) - 2016/02/07 20:50:32 ET
Table 'Hybris' 2-max Seat #2 is the button
Seat 1: kaputnikoff ($99.30 in chips)
Seat 2: robyn02 ($246.69 in chips)
robyn02: posts small blind $1
kaputnikoff: posts big blind $3
*** HOLE CARDS ***
robyn02: raises $3 to $6
kaputnikoff: folds
Uncalled bet ($3) returned to robyn02
robyn02 collected $6 from pot
robyn02: doesn't show hand
*** SUMMARY ***
Total pot $6 | Rake $0
Seat 1: kaputnikoff (big blind) folded before Flop
Seat 2: robyn02 (button) (small blind) collected ($6)


PokerStars Hand #148427208493:  Hold'em Limit ($3/$6 USD) - 2016/02/07 20:50:23 ET
Table 'Hybris' 2-max Seat #1 is the button
Seat 1: kaputnikoff ($96.30 in chips)
Seat 2: robyn02 ($249.69 in chips)
kaputnikoff: posts small blind $1
robyn02: posts big blind $3
*** HOLE CARDS ***
kaputnikoff: raises $3 to $6
robyn02: folds
Uncalled bet ($3) returned to kaputnikoff
kaputnikoff collected $6 from pot
kaputnikoff: doesn't show hand
*** SUMMARY ***
Total pot $6 | Rake $0
Seat 1: kaputnikoff (button) (small blind) collected ($6)
Seat 2: robyn02 (big blind) folded before Flop


PokerStars Hand #148427252730:  Hold'em Limit ($3/$6 USD) - 2016/02/07 20:52:01 ET
Table 'Hybris' 2-max Seat #2 is the button
Seat 1: kaputnikoff ($74.70 in chips)
Seat 2: robyn02 ($269.35 in chips)
robyn02: posts small blind $1
kaputnikoff: posts big blind $3
*** HOLE CARDS ***
robyn02: raises $3 to $6
kaputnikoff: calls $3
*** FLOP *** [4c Td 7h]
kaputnikoff: checks
robyn02: checks
*** TURN *** [4c Td 7h] [Ah]
kaputnikoff: bets $6
robyn02: folds
Uncalled bet ($6) returned to kaputnikoff
kaputnikoff collected $11.76 from pot
kaputnikoff: doesn't show hand
*** SUMMARY ***
Total pot $12 | Rake $0.24
Board [4c Td 7h Ah]
Seat 1: kaputnikoff (big blind) collected ($11.76)
Seat 2: robyn02 (button) (small blind) folded on the Turn


PokerStars Hand #148427245956:  Hold'em Limit ($3/$6 USD) - 2016/02/07 20:51:46 ET
Table 'Hybris' 2-max Seat #1 is the button
Seat 1: kaputnikoff ($80.70 in chips)
Seat 2: robyn02 ($263.59 in chips)
kaputnikoff: posts small blind $1
robyn02: posts big blind $3
*** HOLE CARDS ***
kaputnikoff: raises $3 to $6
robyn02: calls $3
*** FLOP *** [5h Ks 7d]
robyn02: checks
kaputnikoff: checks
*** TURN *** [5h Ks 7d] [8c]
robyn02: bets $6
kaputnikoff: folds
Uncalled bet ($6) returned to robyn02
robyn02 collected $11.76 from pot
robyn02: doesn't show hand
*** SUMMARY ***
Total pot $12 | Rake $0.24
Board [5h Ks 7d 8c]
Seat 1: kaputnikoff (button) (small blind) folded on the Turn
Seat 2: robyn02 (big blind) collected ($11.76)


PokerStars Hand #148427231035:  Hold'em Limit ($3/$6 USD) - 2016/02/07 20:51:13 ET
Table 'Hybris' 2-max Seat #1 is the button
Seat 1: kaputnikoff ($72.30 in chips)
Seat 2: robyn02 ($272.83 in chips)
kaputnikoff: posts small blind $1
robyn02: posts big blind $3
*** HOLE CARDS ***
kaputnikoff: raises $3 to $6
robyn02: calls $3
*** FLOP *** [9s 8c 8h]
robyn02: checks
kaputnikoff: checks
*** TURN *** [9s 8c 8h] [As]
robyn02: checks
kaputnikoff: checks
*** RIVER *** [9s 8c 8h As] [9d]
robyn02: bets $6
kaputnikoff: calls $6
*** SHOW DOWN ***
robyn02: shows [4d 5d] (two pair, Nines and Eights)
kaputnikoff: shows [Qh 3s] (two pair, Nines and Eights)
robyn02 collected $11.76 from pot
kaputnikoff collected $11.76 from pot
*** SUMMARY ***
Total pot $24 | Rake $0.48
Board [9s 8c 8h As 9d]
Seat 1: kaputnikoff (button) (small blind) showed [Qh 3s] and won ($11.76) with two pair, Nines and Eights
Seat 2: robyn02 (big blind) showed [4d 5d] and won ($11.76) with two pair, Nines and Eights


PokerStars Hand #148427238702:  Hold'em Limit ($3/$6 USD) - 2016/02/07 20:51:30 ET
Table 'Hybris' 2-max Seat #2 is the button
Seat 1: kaputnikoff ($72.06 in chips)
Seat 2: robyn02 ($272.59 in chips)
robyn02: posts small blind $1
kaputnikoff: posts big blind $3
*** HOLE CARDS ***
robyn02: raises $3 to $6
kaputnikoff: calls $3
*** FLOP *** [Qs 3s Kh]
kaputnikoff: checks
robyn02: bets $3
kaputnikoff: raises $3 to $6
robyn02: folds
Uncalled bet ($3) returned to kaputnikoff
kaputnikoff collected $17.64 from pot
kaputnikoff: doesn't show hand
*** SUMMARY ***
Total pot $18 | Rake $0.36
Board [Qs 3s Kh]
Seat 1: kaputnikoff (big blind) collected ($17.64)
Seat 2: robyn02 (button) (small blind) folded on the Flop


PokerStars Hand #148427259094:  Hold'em Limit ($3/$6 USD) - 2016/02/07 20:52:15 ET
Table 'Hybris' 2-max Seat #1 is the button
Seat 1: kaputnikoff ($80.46 in chips)
Seat 2: robyn02 ($263.35 in chips)
kaputnikoff: posts small blind $1
robyn02: posts big blind $3
*** HOLE CARDS ***
kaputnikoff: raises $3 to $6
robyn02: calls $3
*** FLOP *** [Ac 5s Th]
robyn02: checks
kaputnikoff: checks
*** TURN *** [Ac 5s Th] [6d]
robyn02: checks
kaputnikoff: checks
*** RIVER *** [Ac 5s Th 6d] [Qd]
robyn02: checks
kaputnikoff: bets $6
robyn02: folds
Uncalled bet ($6) returned to kaputnikoff
kaputnikoff collected $11.76 from pot
kaputnikoff: doesn't show hand
*** SUMMARY ***
Total pot $12 | Rake $0.24
Board [Ac 5s Th 6d Qd]
Seat 1: kaputnikoff (button) (small blind) collected ($11.76)
Seat 2: robyn02 (big blind) folded on the River


PokerStars Hand #148427269618:  Hold'em Limit ($3/$6 USD) - 2016/02/07 20:52:39 ET
Table 'Hybris' 2-max Seat #1 is the button
Seat 1: kaputnikoff ($87.22 in chips)
Seat 2: robyn02 ($256.35 in chips)
kaputnikoff: posts small blind $1
robyn02: posts big blind $3
*** HOLE CARDS ***
kaputnikoff: raises $3 to $6
robyn02: folds
Uncalled bet ($3) returned to kaputnikoff
kaputnikoff collected $6 from pot
kaputnikoff: doesn't show hand
*** SUMMARY ***
Total pot $6 | Rake $0
Seat 1: kaputnikoff (button) (small blind) collected ($6)
Seat 2: robyn02 (big blind) folded before Flop


PokerStars Hand #148427267590:  Hold'em Limit ($3/$6 USD) - 2016/02/07 20:52:34 ET
Table 'Hybris' 2-max Seat #2 is the button
Seat 1: kaputnikoff ($86.22 in chips)
Seat 2: robyn02 ($257.35 in chips)
robyn02: posts small blind $1
kaputnikoff: posts big blind $3
*** HOLE CARDS ***
robyn02: folds
Uncalled bet ($2) returned to kaputnikoff
kaputnikoff collected $2 from pot
kaputnikoff: doesn't show hand
*** SUMMARY ***
Total pot $2 | Rake $0
Seat 1: kaputnikoff (big blind) collected ($2)
Seat 2: robyn02 (button) (small blind) folded before Flop


PokerStars Hand #148427272442:  Hold'em Limit ($3/$6 USD) - 2016/02/07 20:52:45 ET
Table 'Hybris' 2-max Seat #2 is the button
Seat 1: kaputnikoff ($90.22 in chips)
Seat 2: robyn02 ($253.35 in chips)
robyn02: posts small blind $1
kaputnikoff: posts big blind $3
*** HOLE CARDS ***
robyn02: raises $3 to $6
kaputnikoff: calls $3
*** FLOP *** [Td Qs Ts]
kaputnikoff: checks
robyn02: bets $3
kaputnikoff: folds
Uncalled bet ($3) returned to robyn02
robyn02 collected $11.76 from pot
robyn02: doesn't show hand
*** SUMMARY ***
Total pot $12 | Rake $0.24
Board [Td Qs Ts]
Seat 1: kaputnikoff (big blind) folded on the Flop
Seat 2: robyn02 (button) (small blind) collected ($11.76)


PokerStars Hand #148427278066:  Hold'em Limit ($3/$6 USD) - 2016/02/07 20:52:57 ET
Table 'Hybris' 2-max Seat #1 is the button
Seat 1: kaputnikoff ($84.22 in chips)
Seat 2: robyn02 ($259.11 in chips)
kaputnikoff: posts small blind $1
robyn02: posts big blind $3
*** HOLE CARDS ***
kaputnikoff: raises $3 to $6
robyn02: raises $3 to $9
kaputnikoff: calls $3
*** FLOP *** [Td 5h 6d]
robyn02: bets $3
kaputnikoff: calls $3
*** TURN *** [Td 5h 6d] [9d]
robyn02: bets $6
kaputnikoff: calls $6
*** RIVER *** [Td 5h 6d 9d] [4c]
robyn02: bets $6
kaputnikoff: folds
Uncalled bet ($6) returned to robyn02
robyn02 collected $35.50 from pot
robyn02: doesn't show hand
*** SUMMARY ***
Total pot $36 | Rake $0.50
Board [Td 5h 6d 9d 4c]
Seat 1: kaputnikoff (button) (small blind) folded on the River
Seat 2: robyn02 (big blind) collected ($35.50)


PokerStars Hand #148427288077:  Hold'em Limit ($3/$6 USD) - 2016/02/07 20:53:20 ET
Table 'Hybris' 2-max Seat #2 is the button
Seat 1: kaputnikoff ($66.22 in chips)
Seat 2: robyn02 ($276.61 in chips)
robyn02: posts small blind $1
kaputnikoff: posts big blind $3
*** HOLE CARDS ***
robyn02: raises $3 to $6
kaputnikoff: calls $3
*** FLOP *** [Kc Ks Kh]
kaputnikoff: checks
robyn02: bets $3
kaputnikoff: calls $3
*** TURN *** [Kc Ks Kh] [3h]
kaputnikoff: checks
robyn02: checks
*** RIVER *** [Kc Ks Kh 3h] [Qh]
kaputnikoff: checks
robyn02: checks
*** SHOW DOWN ***
kaputnikoff: shows [5h Js] (three of a kind, Kings)
robyn02: mucks hand
kaputnikoff collected $17.64 from pot
*** SUMMARY ***
Total pot $18 | Rake $0.36
Board [Kc Ks Kh 3h Qh]
Seat 1: kaputnikoff (big blind) showed [5h Js] and won ($17.64) with three of a kind, Kings
Seat 2: robyn02 (button) (small blind) mucked


PokerStars Hand #148427306042:  Hold'em Limit ($3/$6 USD) - 2016/02/07 20:54:01 ET
Table 'Hybris' 2-max Seat #2 is the button
Seat 1: kaputnikoff ($62.86 in chips)
Seat 2: robyn02 ($279.13 in chips)
robyn02: posts small blind $1
kaputnikoff: posts big blind $3
*** HOLE CARDS ***
robyn02: folds
Uncalled bet ($2) returned to kaputnikoff
kaputnikoff collected $2 from pot
kaputnikoff: doesn't show hand
*** SUMMARY ***
Total pot $2 | Rake $0
Seat 1: kaputnikoff (big blind) collected ($2)
Seat 2: robyn02 (button) (small blind) folded before Flop


PokerStars Hand #148427296489:  Hold'em Limit ($3/$6 USD) - 2016/02/07 20:53:40 ET
Table 'Hybris' 2-max Seat #1 is the button
Seat 1: kaputnikoff ($74.86 in chips)
Seat 2: robyn02 ($267.61 in chips)
kaputnikoff: posts small blind $1
robyn02: posts big blind $3
*** HOLE CARDS ***
kaputnikoff: raises $3 to $6
robyn02: calls $3
*** FLOP *** [6d Kd 9h]
robyn02: checks
kaputnikoff: checks
*** TURN *** [6d Kd 9h] [Jd]
robyn02: bets $6
kaputnikoff: calls $6
*** RIVER *** [6d Kd 9h Jd] [8h]
robyn02: bets $6
kaputnikoff: folds
Uncalled bet ($6) returned to robyn02
robyn02 collected $23.52 from pot
robyn02: doesn't show hand
*** SUMMARY ***
Total pot $24 | Rake $0.48
Board [6d Kd 9h Jd 8h]
Seat 1: kaputnikoff (button) (small blind) folded on the River
Seat 2: robyn02 (big blind) collected ($23.52)


PokerStars Hand #148427308192:  Hold'em Limit ($3/$6 USD) - 2016/02/07 20:54:07 ET
Table 'Hybris' 2-max Seat #1 is the button
Seat 1: kaputnikoff ($63.86 in chips)
Seat 2: robyn02 ($278.13 in chips)
kaputnikoff: posts small blind $1
robyn02: posts big blind $3
*** HOLE CARDS ***
kaputnikoff: raises $3 to $6
robyn02: folds
Uncalled bet ($3) returned to kaputnikoff
kaputnikoff collected $6 from pot
kaputnikoff: doesn't show hand
*** SUMMARY ***
Total pot $6 | Rake $0
Seat 1: kaputnikoff (button) (small blind) collected ($6)
Seat 2: robyn02 (big blind) folded before Flop


PokerStars Hand #148427311018:  Hold'em Limit ($3/$6 USD) - 2016/02/07 20:54:13 ET
Table 'Hybris' 2-max Seat #2 is the button
Seat 1: kaputnikoff ($66.86 in chips)
Seat 2: robyn02 ($275.13 in chips)
robyn02: posts small blind $1
kaputnikoff: posts big blind $3
*** HOLE CARDS ***
robyn02: raises $3 to $6
kaputnikoff: raises $3 to $9
robyn02: calls $3
*** FLOP *** [2h Jc Ts]
kaputnikoff: bets $3
robyn02: folds
Uncalled bet ($3) returned to kaputnikoff
kaputnikoff collected $17.64 from pot
kaputnikoff: doesn't show hand
*** SUMMARY ***
Total pot $18 | Rake $0.36
Board [2h Jc Ts]
Seat 1: kaputnikoff (big blind) collected ($17.64)
Seat 2: robyn02 (button) (small blind) folded on the Flop


PokerStars Hand #148427315660:  Hold'em Limit ($3/$6 USD) - 2016/02/07 20:54:24 ET
Table 'Hybris' 2-max Seat #1 is the button
Seat 1: kaputnikoff ($75.50 in chips)
Seat 2: robyn02 ($266.13 in chips)
kaputnikoff: posts small blind $1
robyn02: posts big blind $3
*** HOLE CARDS ***
kaputnikoff: raises $3 to $6
robyn02: calls $3
*** FLOP *** [Ah Qs Kh]
robyn02: checks
kaputnikoff: bets $3
robyn02: calls $3
*** TURN *** [Ah Qs Kh] [Ts]
robyn02: checks
kaputnikoff: checks
*** RIVER *** [Ah Qs Kh Ts] [8s]
robyn02: checks
kaputnikoff: bets $6
robyn02: calls $6
*** SHOW DOWN ***
kaputnikoff: shows [As 8h] (two pair, Aces and Eights)
robyn02: mucks hand
kaputnikoff collected $29.50 from pot
*** SUMMARY ***
Total pot $30 | Rake $0.50
Board [Ah Qs Kh Ts 8s]
Seat 1: kaputnikoff (button) (small blind) showed [As 8h] and won ($29.50) with two pair, Aces and Eights
Seat 2: robyn02 (big blind) mucked


PokerStars Hand #148427324865:  Hold'em Limit ($3/$6 USD) - 2016/02/07 20:54:45 ET
Table 'Hybris' 2-max Seat #2 is the button
Seat 1: kaputnikoff ($90 in chips)
Seat 2: robyn02 ($251.13 in chips)
robyn02: posts small blind $1
kaputnikoff: posts big blind $3
*** HOLE CARDS ***
robyn02: raises $3 to $6
kaputnikoff: calls $3
*** FLOP *** [2c 8d 4h]
kaputnikoff: checks
robyn02: bets $3
kaputnikoff: calls $3
*** TURN *** [2c 8d 4h] [6d]
kaputnikoff: checks
robyn02: checks
*** RIVER *** [2c 8d 4h 6d] [3d]
kaputnikoff: checks
robyn02: checks
*** SHOW DOWN ***
kaputnikoff: shows [7d Kc] (high card King)
robyn02: shows [Ad 2s] (a pair of Deuces)
robyn02 collected $17.64 from pot
*** SUMMARY ***
Total pot $18 | Rake $0.36
Board [2c 8d 4h 6d 3d]
Seat 1: kaputnikoff (big blind) showed [7d Kc] and lost with high card King
Seat 2: robyn02 (button) (small blind) showed [Ad 2s] and won ($17.64) with a pair of Deuces


PokerStars Hand #148427332028:  Hold'em Limit ($3/$6 USD) - 2016/02/07 20:55:02 ET
Table 'Hybris' 2-max Seat #1 is the button
Seat 1: kaputnikoff ($81 in chips)
Seat 2: robyn02 ($259.77 in chips)
kaputnikoff: posts small blind $1
robyn02: posts big blind $3
*** HOLE CARDS ***
kaputnikoff: raises $3 to $6
robyn02: raises $3 to $9
kaputnikoff: calls $3
*** FLOP *** [Jh Ah 7d]
robyn02: bets $3
kaputnikoff: folds
Uncalled bet ($3) returned to robyn02
robyn02 collected $17.64 from pot
robyn02: doesn't show hand
*** SUMMARY ***
Total pot $18 | Rake $0.36
Board [Jh Ah 7d]
Seat 1: kaputnikoff (button) (small blind) folded on the Flop
Seat 2: robyn02 (big blind) collected ($17.64)


PokerStars Hand #148427338009:  Hold'em Limit ($3/$6 USD) - 2016/02/07 20:55:16 ET
Table 'Hybris' 2-max Seat #2 is the button
Seat 1: kaputnikoff ($72 in chips)
Seat 2: robyn02 ($268.41 in chips)
robyn02: posts small blind $1
kaputnikoff: posts big blind $3
*** HOLE CARDS ***
robyn02: folds
Uncalled bet ($2) returned to kaputnikoff
kaputnikoff collected $2 from pot
kaputnikoff: doesn't show hand
*** SUMMARY ***
Total pot $2 | Rake $0
Seat 1: kaputnikoff (big blind) collected ($2)
Seat 2: robyn02 (button) (small blind) folded before Flop


