PokerStars Hand #159591962236:  Hold'em Limit ($3/$6 USD) - 2016/10/07 7:53:33 ET
Table 'Hybris' 6-max Seat #1 is the button
Seat 1: nedo1414 ($125.50 in chips)
Seat 4: Agrotait ($65.50 in chips)
nedo1414: posts small blind $1
Agrotait: posts big blind $3
*** HOLE CARDS ***
nedo1414: raises $3 to $6
Agrotait: folds
Uncalled bet ($3) returned to nedo1414
nedo1414 collected $6 from pot
nedo1414: doesn't show hand
*** SUMMARY ***
Total pot $6 | Rake $0
Seat 1: nedo1414 (button) (small blind) collected ($6)
Seat 4: Agrotait (big blind) folded before Flop


PokerStars Hand #159591968491:  Hold'em Limit ($3/$6 USD) - 2016/10/07 7:53:46 ET
Table 'Hybris' 6-max Seat #1 is the button
Seat 1: nedo1414 ($125.50 in chips)
Seat 4: Agrotait ($65.50 in chips)
nedo1414: posts small blind $1
Agrotait: posts big blind $3
*** HOLE CARDS ***
nedo1414: raises $3 to $6
Agrotait: raises $3 to $9
nedo1414: calls $3
*** FLOP *** [6s Ac Kd]
Agrotait: bets $3
nedo1414: folds
Uncalled bet ($3) returned to Agrotait
Agrotait collected $17.64 from pot
Agrotait: doesn't show hand
*** SUMMARY ***
Total pot $18 | Rake $0.36
Board [6s Ac Kd]
Seat 1: nedo1414 (button) (small blind) folded on the Flop
Seat 4: Agrotait (big blind) collected ($17.64)


PokerStars Hand #159591966009:  Hold'em Limit ($3/$6 USD) - 2016/10/07 7:53:41 ET
Table 'Hybris' 6-max Seat #4 is the button
Seat 1: nedo1414 ($128.50 in chips)
Seat 4: Agrotait ($62.50 in chips)
Agrotait: posts small blind $1
nedo1414: posts big blind $3
*** HOLE CARDS ***
Agrotait: raises $3 to $6
nedo1414: folds
Uncalled bet ($3) returned to Agrotait
Agrotait collected $6 from pot
Agrotait: doesn't show hand
*** SUMMARY ***
Total pot $6 | Rake $0
Seat 1: nedo1414 (big blind) folded before Flop
Seat 4: Agrotait (button) (small blind) collected ($6)


PokerStars Hand #159591948203:  Hold'em Limit ($3/$6 USD) - 2016/10/07 7:53:03 ET
Table 'Hybris' 6-max Seat #4 is the button
Seat 1: nedo1414 ($96 in chips)
Seat 4: Agrotait ($95.50 in chips)
Agrotait: posts small blind $1
nedo1414: posts big blind $3
*** HOLE CARDS ***
Agrotait: raises $3 to $6
nedo1414: raises $3 to $9
Agrotait: calls $3
*** FLOP *** [7h 2h 9s]
nedo1414: bets $3
Agrotait: calls $3
*** TURN *** [7h 2h 9s] [Qs]
nedo1414: bets $6
Agrotait: raises $6 to $12
nedo1414: calls $6
*** RIVER *** [7h 2h 9s Qs] [Ks]
nedo1414: checks
Agrotait: bets $6
nedo1414: calls $6
*** SHOW DOWN ***
Agrotait: shows [5h 4h] (high card King)
nedo1414: shows [Th 9h] (a pair of Nines)
nedo1414 collected $59.50 from pot
*** SUMMARY ***
Total pot $60 | Rake $0.50
Board [7h 2h 9s Qs Ks]
Seat 1: nedo1414 (big blind) showed [Th 9h] and won ($59.50) with a pair of Nines
Seat 4: Agrotait (button) (small blind) showed [5h 4h] and lost with high card King


PokerStars Hand #159591931166:  Hold'em Limit ($3/$6 USD) - 2016/10/07 7:52:26 ET
Table 'Hybris' 6-max Seat #1 is the button
Seat 1: nedo1414 ($120 in chips)
Seat 4: Agrotait ($72 in chips)
nedo1414: posts small blind $1
Agrotait: posts big blind $3
*** HOLE CARDS ***
nedo1414: raises $3 to $6
Agrotait: calls $3
*** FLOP *** [6d 8d Td]
Agrotait: checks
nedo1414: bets $3
Agrotait: raises $3 to $6
nedo1414: calls $3
*** TURN *** [6d 8d Td] [Tc]
Agrotait: bets $6
nedo1414: calls $6
*** RIVER *** [6d 8d Td Tc] [9s]
Agrotait: bets $6
nedo1414: calls $6
*** SHOW DOWN ***
Agrotait: shows [9h 7d] (a straight, Six to Ten)
nedo1414: mucks hand
Agrotait collected $47.50 from pot
*** SUMMARY ***
Total pot $48 | Rake $0.50
Board [6d 8d Td Tc 9s]
Seat 1: nedo1414 (button) (small blind) mucked
Seat 4: Agrotait (big blind) showed [9h 7d] and won ($47.50) with a straight, Six to Ten


PokerStars Hand #159591973027:  Hold'em Limit ($3/$6 USD) - 2016/10/07 7:53:56 ET
Table 'Hybris' 6-max Seat #4 is the button
Seat 1: nedo1414 ($116.50 in chips)
Seat 4: Agrotait ($74.14 in chips)
Agrotait: posts small blind $1
nedo1414: posts big blind $3
*** HOLE CARDS ***
Agrotait: raises $3 to $6
nedo1414: folds
Uncalled bet ($3) returned to Agrotait
Agrotait collected $6 from pot
Agrotait: doesn't show hand
*** SUMMARY ***
Total pot $6 | Rake $0
Seat 1: nedo1414 (big blind) folded before Flop
Seat 4: Agrotait (button) (small blind) collected ($6)


PokerStars Hand #159591975655:  Hold'em Limit ($3/$6 USD) - 2016/10/07 7:54:01 ET
Table 'Hybris' 6-max Seat #1 is the button
Seat 1: nedo1414 ($113.50 in chips)
Seat 4: Agrotait ($77.14 in chips)
nedo1414: posts small blind $1
Agrotait: posts big blind $3
*** HOLE CARDS ***
nedo1414: raises $3 to $6
Agrotait: raises $3 to $9
nedo1414: calls $3
*** FLOP *** [4c 7s 3h]
Agrotait: bets $3
nedo1414: calls $3
*** TURN *** [4c 7s 3h] [Jh]
Agrotait: checks
nedo1414: bets $6
Agrotait: calls $6
*** RIVER *** [4c 7s 3h Jh] [6d]
Agrotait: checks
nedo1414: bets $6
Agrotait: calls $6
*** SHOW DOWN ***
nedo1414: shows [7c 6h] (two pair, Sevens and Sixes)
Agrotait: mucks hand
nedo1414 collected $47.50 from pot
*** SUMMARY ***
Total pot $48 | Rake $0.50
Board [4c 7s 3h Jh 6d]
Seat 1: nedo1414 (button) (small blind) showed [7c 6h] and won ($47.50) with two pair, Sevens and Sixes
Seat 4: Agrotait (big blind) mucked


PokerStars Hand #159592002890:  Hold'em Limit ($3/$6 USD) - 2016/10/07 7:55:00 ET
Table 'Hybris' 6-max Seat #4 is the button
Seat 1: nedo1414 ($137 in chips)
Seat 4: Agrotait ($72 in chips)
Agrotait: posts small blind $1
nedo1414: posts big blind $3
*** HOLE CARDS ***
Agrotait: raises $3 to $6
nedo1414: calls $3
*** FLOP *** [Kc Jd Kh]
nedo1414: checks
Agrotait: bets $3
nedo1414: folds
Uncalled bet ($3) returned to Agrotait
Agrotait collected $11.76 from pot
Agrotait: doesn't show hand
*** SUMMARY ***
Total pot $12 | Rake $0.24
Board [Kc Jd Kh]
Seat 1: nedo1414 (big blind) folded on the Flop
Seat 4: Agrotait (button) (small blind) collected ($11.76)


PokerStars Hand #159592009517:  Hold'em Limit ($3/$6 USD) - 2016/10/07 7:55:14 ET
Table 'Hybris' 6-max Seat #1 is the button
Seat 1: nedo1414 ($131 in chips)
Seat 4: Agrotait ($77.76 in chips)
nedo1414: posts small blind $1
Agrotait: posts big blind $3
*** HOLE CARDS ***
nedo1414: raises $3 to $6
Agrotait: calls $3
*** FLOP *** [9h 4h Ts]
Agrotait: checks
nedo1414: bets $3
Agrotait: folds
Uncalled bet ($3) returned to nedo1414
nedo1414 collected $11.76 from pot
nedo1414: doesn't show hand
*** SUMMARY ***
Total pot $12 | Rake $0.24
Board [9h 4h Ts]
Seat 1: nedo1414 (button) (small blind) collected ($11.76)
Seat 4: Agrotait (big blind) folded on the Flop


PokerStars Hand #159592018019:  Hold'em Limit ($3/$6 USD) - 2016/10/07 7:55:34 ET
Table 'Hybris' 6-max Seat #1 is the button
Seat 1: nedo1414 ($137.76 in chips)
Seat 4: Agrotait ($70.76 in chips)
nedo1414: posts small blind $1
Agrotait: posts big blind $3
*** HOLE CARDS ***
nedo1414: raises $3 to $6
Agrotait: calls $3
*** FLOP *** [3h 7h 8h]
Agrotait: checks
nedo1414: bets $3
Agrotait: raises $3 to $6
nedo1414: calls $3
*** TURN *** [3h 7h 8h] [4h]
Agrotait: bets $6
nedo1414: calls $6
*** RIVER *** [3h 7h 8h 4h] [Ts]
Agrotait: bets $6
nedo1414: raises $6 to $12
Agrotait: calls $6
*** SHOW DOWN ***
nedo1414: shows [2h Ah] (a flush, Ace high)
Agrotait: mucks hand
nedo1414 collected $59.50 from pot
*** SUMMARY ***
Total pot $60 | Rake $0.50
Board [3h 7h 8h 4h Ts]
Seat 1: nedo1414 (button) (small blind) showed [2h Ah] and won ($59.50) with a flush, Ace high
Seat 4: Agrotait (big blind) mucked


PokerStars Hand #159592029483:  Hold'em Limit ($3/$6 USD) - 2016/10/07 7:56:01 ET
Table 'Hybris' 6-max Seat #4 is the button
Seat 1: nedo1414 ($167.26 in chips)
Seat 4: Agrotait ($72 in chips)
Agrotait: posts small blind $1
nedo1414: posts big blind $3
*** HOLE CARDS ***
Agrotait: raises $3 to $6
nedo1414: calls $3
*** FLOP *** [Ac Jc 6h]
nedo1414: checks
Agrotait: checks
*** TURN *** [Ac Jc 6h] [Tc]
nedo1414: checks
Agrotait: bets $6
nedo1414: folds
Uncalled bet ($6) returned to Agrotait
Agrotait collected $11.76 from pot
Agrotait: doesn't show hand
*** SUMMARY ***
Total pot $12 | Rake $0.24
Board [Ac Jc 6h Tc]
Seat 1: nedo1414 (big blind) folded on the Turn
Seat 4: Agrotait (button) (small blind) collected ($11.76)


PokerStars Hand #159592034778:  Hold'em Limit ($3/$6 USD) - 2016/10/07 7:56:14 ET
Table 'Hybris' 6-max Seat #1 is the button
Seat 1: nedo1414 ($161.26 in chips)
Seat 4: Agrotait ($77.76 in chips)
nedo1414: posts small blind $1
Agrotait: posts big blind $3
*** HOLE CARDS ***
nedo1414: raises $3 to $6
Kees123 joins the table at seat #2
Agrotait: raises $3 to $9
nedo1414: calls $3
*** FLOP *** [Ad Qh Qs]
Agrotait: bets $3
nedo1414: raises $3 to $6
Agrotait: calls $3
*** TURN *** [Ad Qh Qs] [Qc]
Agrotait: checks
nedo1414: checks
*** RIVER *** [Ad Qh Qs Qc] [Td]
Agrotait: bets $6
nedo1414: calls $6
*** SHOW DOWN ***
Agrotait: shows [7s 9s] (three of a kind, Queens)
nedo1414: shows [3s 3h] (a full house, Queens full of Threes)
nedo1414 collected $41.50 from pot
ss_barber_ss joins the table at seat #5
*** SUMMARY ***
Total pot $42 | Rake $0.50
Board [Ad Qh Qs Qc Td]
Seat 1: nedo1414 (button) (small blind) showed [3s 3h] and won ($41.50) with a full house, Queens full of Threes
Seat 4: Agrotait (big blind) showed [7s 9s] and lost with three of a kind, Queens


PokerStars Hand #159593844841:  Hold'em Limit ($3/$6 USD) - 2016/10/07 8:57:51 ET
Table 'Hybris' 6-max Seat #5 is the button
Seat 2: Kees123 ($56.10 in chips)
Seat 5: swics1202 ($39.89 in chips)
swics1202: posts small blind $1
Kees123: posts big blind $3
*** HOLE CARDS ***
swics1202: raises $3 to $6
Kees123: calls $3
*** FLOP *** [4c Qc Ts]
Kees123: checks
swics1202: bets $3
Kees123: folds
Uncalled bet ($3) returned to swics1202
swics1202 collected $11.76 from pot
swics1202: doesn't show hand
*** SUMMARY ***
Total pot $12 | Rake $0.24
Board [4c Qc Ts]
Seat 2: Kees123 (big blind) folded on the Flop
Seat 5: swics1202 (button) (small blind) collected ($11.76)


PokerStars Hand #159593853709:  Hold'em Limit ($3/$6 USD) - 2016/10/07 8:58:11 ET
Table 'Hybris' 6-max Seat #2 is the button
Seat 2: Kees123 ($50.10 in chips)
Seat 5: swics1202 ($45.65 in chips)
Kees123: posts small blind $1
swics1202: posts big blind $3
*** HOLE CARDS ***
Kees123: raises $3 to $6
swics1202: calls $3
*** FLOP *** [4h 6h 3s]
swics1202: checks
Kees123: bets $3
swics1202: raises $3 to $6
Kees123: calls $3
*** TURN *** [4h 6h 3s] [7h]
swics1202: bets $6
Kees123: calls $6
*** RIVER *** [4h 6h 3s 7h] [Td]
swics1202: bets $6
Kees123: calls $6
*** SHOW DOWN ***
swics1202: shows [3c 5c] (a straight, Three to Seven)
Kees123: mucks hand
swics1202 collected $47.50 from pot
*** SUMMARY ***
Total pot $48 | Rake $0.50
Board [4h 6h 3s 7h Td]
Seat 2: Kees123 (button) (small blind) mucked
Seat 5: swics1202 (big blind) showed [3c 5c] and won ($47.50) with a straight, Three to Seven


PokerStars Hand #159602986269:  Hold'em Limit ($3/$6 USD) - 2016/10/07 13:05:56 ET
Table 'Hybris' 6-max Seat #5 is the button
Seat 3: Ultrafranke ($142.36 in chips)
Seat 5: Great_Kang ($121 in chips)
Great_Kang: posts small blind $1
Ultrafranke: posts big blind $3
*** HOLE CARDS ***
Great_Kang: raises $3 to $6
Ultrafranke: calls $3
*** FLOP *** [Ks 6d 7s]
Ultrafranke: checks
Great_Kang: bets $3
Ultrafranke: folds
Uncalled bet ($3) returned to Great_Kang
Great_Kang collected $11.76 from pot
Great_Kang: doesn't show hand
*** SUMMARY ***
Total pot $12 | Rake $0.24
Board [Ks 6d 7s]
Seat 3: Ultrafranke (big blind) folded on the Flop
Seat 5: Great_Kang (button) (small blind) collected ($11.76)


PokerStars Hand #159602970291:  Hold'em Limit ($3/$6 USD) - 2016/10/07 13:05:35 ET
Table 'Hybris' 6-max Seat #3 is the button
Seat 3: Ultrafranke ($143.36 in chips)
Seat 5: Great_Kang ($120 in chips)
Ultrafranke: posts small blind $1
Actionni13 is disconnected
Actionni13 has timed out while disconnected
Actionni13: is sitting out
Great_Kang: posts big blind $3
*** HOLE CARDS ***
Ultrafranke: folds
Uncalled bet ($2) returned to Great_Kang
Great_Kang collected $2 from pot
Great_Kang: doesn't show hand
*** SUMMARY ***
Total pot $2 | Rake $0
Seat 3: Ultrafranke (button) (small blind) folded before Flop
Seat 5: Great_Kang (big blind) collected ($2)


PokerStars Hand #159603018838:  Hold'em Limit ($3/$6 USD) - 2016/10/07 13:06:38 ET
Table 'Hybris' 6-max Seat #5 is the button
Seat 3: Ultrafranke ($145 in chips)
Seat 5: Great_Kang ($120 in chips)
Great_Kang: posts small blind $1
Ultrafranke: posts big blind $3
*** HOLE CARDS ***
Great_Kang: raises $3 to $6
Ultrafranke: calls $3
*** FLOP *** [Qd 2h 5c]
Ultrafranke: checks
Great_Kang: bets $3
Ultrafranke: calls $3
*** TURN *** [Qd 2h 5c] [8s]
Ultrafranke: checks
Great_Kang: bets $6
Ultrafranke: folds
Uncalled bet ($6) returned to Great_Kang
Great_Kang collected $17.64 from pot
Great_Kang: doesn't show hand
*** SUMMARY ***
Total pot $18 | Rake $0.36
Board [Qd 2h 5c 8s]
Seat 3: Ultrafranke (big blind) folded on the Turn
Seat 5: Great_Kang (button) (small blind) collected ($17.64)


PokerStars Hand #159603049864:  Hold'em Limit ($3/$6 USD) - 2016/10/07 13:07:19 ET
Table 'Hybris' 6-max Seat #5 is the button
Seat 3: Ultrafranke ($159.50 in chips)
Seat 5: Great_Kang ($120 in chips)
Great_Kang: posts small blind $1
Ultrafranke: posts big blind $3
*** HOLE CARDS ***
Great_Kang: raises $3 to $6
Ultrafranke: calls $3
*** FLOP *** [9d 8c 9h]
Ultrafranke: checks
Great_Kang: bets $3
Ultrafranke: calls $3
*** TURN *** [9d 8c 9h] [7c]
Ultrafranke: checks
Great_Kang: checks
*** RIVER *** [9d 8c 9h 7c] [8h]
Ultrafranke: bets $6
Great_Kang: folds
Uncalled bet ($6) returned to Ultrafranke
Ultrafranke collected $17.64 from pot
*** SUMMARY ***
Total pot $18 | Rake $0.36
Board [9d 8c 9h 7c 8h]
Seat 3: Ultrafranke (big blind) collected ($17.64)
Seat 5: Great_Kang (button) (small blind) folded on the River


PokerStars Hand #159603031366:  Hold'em Limit ($3/$6 USD) - 2016/10/07 13:06:55 ET
Table 'Hybris' 6-max Seat #3 is the button
Seat 3: Ultrafranke ($136 in chips)
Seat 5: Great_Kang ($128.64 in chips)
Ultrafranke: posts small blind $1
Great_Kang: posts big blind $3
*** HOLE CARDS ***
Ultrafranke: raises $3 to $6
Great_Kang: calls $3
*** FLOP *** [4h 5c 2s]
Great_Kang: checks
Ultrafranke: bets $3
Great_Kang: raises $3 to $6
Ultrafranke: calls $3
*** TURN *** [4h 5c 2s] [9d]
Great_Kang: bets $6
Ultrafranke: calls $6
*** RIVER *** [4h 5c 2s 9d] [7d]
Great_Kang: bets $6
Ultrafranke: calls $6
*** SHOW DOWN ***
Great_Kang: shows [6s 5h] (a pair of Fives)
Ultrafranke: shows [Ad 9s] (a pair of Nines)
Ultrafranke collected $47.50 from pot
*** SUMMARY ***
Total pot $48 | Rake $0.50
Board [4h 5c 2s 9d 7d]
Seat 3: Ultrafranke (button) (small blind) showed [Ad 9s] and won ($47.50) with a pair of Nines
Seat 5: Great_Kang (big blind) showed [6s 5h] and lost with a pair of Fives


