PokerStars Hand #153967865018:  Hold'em Limit ($3/$6 USD) - 2016/05/28 15:02:07 ET
Table 'Hybris' 6-max Seat #6 is the button
Seat 1: A-E Müller ($136.24 in chips)
Seat 6: ZinZar ($138.30 in chips)
ZinZar: posts small blind $1
A-E Müller: posts big blind $3
*** HOLE CARDS ***
ZinZar: folds
Uncalled bet ($2) returned to A-E Müller
A-E Müller collected $2 from pot
A-E Müller: doesn't show hand
*** SUMMARY ***
Total pot $2 | Rake $0
Seat 1: A-E Müller (big blind) collected ($2)
Seat 6: ZinZar (button) (small blind) folded before Flop


PokerStars Hand #153967848110:  Hold'em Limit ($3/$6 USD) - 2016/05/28 15:01:50 ET
Table 'Hybris' 6-max Seat #1 is the button
Seat 1: A-E Müller ($130.48 in chips)
Seat 6: ZinZar ($144.30 in chips)
A-E Müller: posts small blind $1
derdex: is sitting out
ZinZar: posts big blind $3
*** HOLE CARDS ***
A-E Müller: raises $3 to $6
derdex leaves the table
ZinZar: calls $3
*** FLOP *** [2c 8c 9d]
ZinZar: checks
A-E Müller: checks
*** TURN *** [2c 8c 9d] [Ac]
ZinZar: checks
A-E Müller: bets $6
ZinZar: folds
Uncalled bet ($6) returned to A-E Müller
A-E Müller collected $11.76 from pot
A-E Müller: doesn't show hand
*** SUMMARY ***
Total pot $12 | Rake $0.24
Board [2c 8c 9d Ac]
Seat 1: A-E Müller (button) (small blind) collected ($11.76)
Seat 6: ZinZar (big blind) folded on the Turn


