PokerStars Hand #170136724904:  Hold'em Limit ($3/$6 USD) - 2017/05/08 14:03:19 ET
Table 'Hydra' 10-max Seat #1 is the button
Seat 1: Zubasa07 ($307.64 in chips)
Seat 5: simper11 ($120 in chips)
Zubasa07: posts small blind $1
simper11: posts big blind $3
*** HOLE CARDS ***
Zubasa07: raises $3 to $6
simper11: folds
Uncalled bet ($3) returned to Zubasa07
Zubasa07 collected $6 from pot
Zubasa07: doesn't show hand
*** SUMMARY ***
Total pot $6 | Rake $0
Seat 1: Zubasa07 (button) (small blind) collected ($6)
Seat 5: simper11 (big blind) folded before Flop


PokerStars Hand #170136710977:  Hold'em Limit ($3/$6 USD) - 2017/05/08 14:03:03 ET
Table 'Hydra' 10-max Seat #5 is the button
Seat 1: Zubasa07 ($299 in chips)
Seat 5: simper11 ($121 in chips)
simper11: posts small blind $1
Zubasa07: posts big blind $3
*** HOLE CARDS ***
simper11: raises $3 to $6
Zubasa07: raises $3 to $9
simper11: calls $3
*** FLOP *** [Jd 2h 2d]
Zubasa07: bets $3
simper11: folds
Uncalled bet ($3) returned to Zubasa07
Zubasa07 collected $17.64 from pot
Zubasa07: doesn't show hand
*** SUMMARY ***
Total pot $18 | Rake $0.36
Board [Jd 2h 2d]
Seat 1: Zubasa07 (big blind) collected ($17.64)
Seat 5: simper11 (button) (small blind) folded on the Flop


PokerStars Hand #170136735760:  Hold'em Limit ($3/$6 USD) - 2017/05/08 14:03:31 ET
Table 'Hydra' 10-max Seat #5 is the button
Seat 1: Zubasa07 ($310.64 in chips)
Seat 5: simper11 ($120 in chips)
simper11: posts small blind $1
Zubasa07: posts big blind $3
*** HOLE CARDS ***
simper11: raises $3 to $6
Zubasa07: calls $3
*** FLOP *** [4h 4c Ac]
Zubasa07: checks
simper11: bets $3
Zubasa07: raises $3 to $6
simper11: calls $3
*** TURN *** [4h 4c Ac] [6s]
Zubasa07: bets $6
simper11: raises $6 to $12
Zubasa07: calls $6
*** RIVER *** [4h 4c Ac 6s] [8d]
Zubasa07: checks
simper11: checks
*** SHOW DOWN ***
Zubasa07: shows [7d 4s] (three of a kind, Fours)
simper11: mucks hand
Zubasa07 collected $47.50 from pot
*** SUMMARY ***
Total pot $48 | Rake $0.50
Board [4h 4c Ac 6s 8d]
Seat 1: Zubasa07 (big blind) showed [7d 4s] and won ($47.50) with three of a kind, Fours
Seat 5: simper11 (button) (small blind) mucked


PokerStars Hand #170136788551:  Hold'em Limit ($3/$6 USD) - 2017/05/08 14:04:33 ET
Table 'Hydra' 10-max Seat #1 is the button
Seat 1: Zubasa07 ($334.14 in chips)
Seat 5: simper11 ($98.75 in chips)
Zubasa07: posts small blind $1
simper11: posts big blind $3
*** HOLE CARDS ***
LExtorDurty joins the table at seat #2
Zubasa07: folds
Uncalled bet ($2) returned to simper11
simper11 collected $2 from pot
simper11: doesn't show hand
*** SUMMARY ***
Total pot $2 | Rake $0
Seat 1: Zubasa07 (button) (small blind) folded before Flop
Seat 5: simper11 (big blind) collected ($2)


PokerStars Hand #170136799361:  Hold'em Limit ($3/$6 USD) - 2017/05/08 14:04:45 ET
Table 'Hydra' 10-max Seat #5 is the button
Seat 1: Zubasa07 ($333.14 in chips)
Seat 5: simper11 ($99.75 in chips)
simper11: posts small blind $1
Zubasa07: posts big blind $3
*** HOLE CARDS ***
simper11: raises $3 to $6
Zubasa07: raises $3 to $9
simper11: calls $3
*** FLOP *** [9c 8c Qc]
Zubasa07: bets $3
simper11: calls $3
*** TURN *** [9c 8c Qc] [7d]
Zubasa07: checks
simper11: bets $6
Zubasa07: calls $6
*** RIVER *** [9c 8c Qc 7d] [4s]
Zubasa07: checks
simper11: bets $6
Zubasa07: folds
Uncalled bet ($6) returned to simper11
simper11 collected $35.50 from pot
simper11: doesn't show hand
*** SUMMARY ***
Total pot $36 | Rake $0.50
Board [9c 8c Qc 7d 4s]
Seat 1: Zubasa07 (big blind) folded on the River
Seat 5: simper11 (button) (small blind) collected ($35.50)


PokerStars Hand #170136992373:  Hold'em Limit ($3/$6 USD) - 2017/05/08 14:08:28 ET
Table 'Hydra' 10-max Seat #5 is the button
Seat 2: LExtorDurty ($237.80 in chips)
Seat 5: simper11 ($109.78 in chips)
simper11: posts small blind $1
Zubasa07: is sitting out
LExtorDurty: posts big blind $3
*** HOLE CARDS ***
simper11: raises $3 to $6
LExtorDurty: calls $3
*** FLOP *** [Jh 3s Jd]
LExtorDurty: checks
simper11: bets $3
Zubasa07 leaves the table
sismos404 joins the table at seat #4
LExtorDurty: calls $3
*** TURN *** [Jh 3s Jd] [Qh]
LExtorDurty: checks
simper11: checks
*** RIVER *** [Jh 3s Jd Qh] [Qc]
LExtorDurty: bets $6
simper11: folds
Uncalled bet ($6) returned to LExtorDurty
LExtorDurty collected $17.64 from pot
LExtorDurty: doesn't show hand
*** SUMMARY ***
Total pot $18 | Rake $0.36
Board [Jh 3s Jd Qh Qc]
Seat 2: LExtorDurty (big blind) collected ($17.64)
Seat 5: simper11 (button) (small blind) folded on the River


PokerStars Hand #170138808190:  Hold'em Limit ($3/$6 USD) - 2017/05/08 14:42:54 ET
Table 'Hydra' 10-max Seat #1 is the button
Seat 1: J.M.L.M.26 ($95.17 in chips)
Seat 3: GRAILKO ($154.90 in chips)
Snapcall171 will be allowed to play after the button
J.M.L.M.26: posts small blind $1
Widegermany: is sitting out
GRAILKO: posts big blind $3
*** HOLE CARDS ***
J.M.L.M.26: folds
Uncalled bet ($2) returned to GRAILKO
GRAILKO collected $2 from pot
GRAILKO: doesn't show hand
*** SUMMARY ***
Total pot $2 | Rake $0
Seat 1: J.M.L.M.26 (button) (small blind) folded before Flop
Seat 3: GRAILKO (big blind) collected ($2)


PokerStars Hand #170138857047:  Hold'em Limit ($3/$6 USD) - 2017/05/08 14:43:48 ET
Table 'Hydra' 10-max Seat #1 is the button
Seat 1: J.M.L.M.26 ($133.17 in chips)
Seat 3: GRAILKO ($115.90 in chips)
J.M.L.M.26: posts small blind $1
GRAILKO: posts big blind $3
*** HOLE CARDS ***
J.M.L.M.26: raises $3 to $6
GRAILKO: raises $3 to $9
J.M.L.M.26: calls $3
*** FLOP *** [Qh Kc 8s]
GRAILKO: bets $3
J.M.L.M.26: calls $3
*** TURN *** [Qh Kc 8s] [4s]
GRAILKO: bets $6
J.M.L.M.26: folds
Uncalled bet ($6) returned to GRAILKO
GRAILKO collected $23.52 from pot
GRAILKO: doesn't show hand
*** SUMMARY ***
Total pot $24 | Rake $0.48
Board [Qh Kc 8s 4s]
Seat 1: J.M.L.M.26 (button) (small blind) folded on the Turn
Seat 3: GRAILKO (big blind) collected ($23.52)


PokerStars Hand #170138830123:  Hold'em Limit ($3/$6 USD) - 2017/05/08 14:43:18 ET
Table 'Hydra' 10-max Seat #1 is the button
Seat 1: J.M.L.M.26 ($108.67 in chips)
Seat 3: GRAILKO ($140.90 in chips)
J.M.L.M.26: posts small blind $1
GRAILKO: posts big blind $3
*** HOLE CARDS ***
J.M.L.M.26: raises $3 to $6
GRAILKO: calls $3
*** FLOP *** [9h 8c 2h]
GRAILKO: checks
J.M.L.M.26: bets $3
Snapcall171 is disconnected
GRAILKO: raises $3 to $6
J.M.L.M.26: calls $3
*** TURN *** [9h 8c 2h] [6s]
GRAILKO: bets $6
J.M.L.M.26: raises $6 to $12
GRAILKO: calls $6
*** RIVER *** [9h 8c 2h 6s] [Th]
GRAILKO: checks
J.M.L.M.26: checks
*** SHOW DOWN ***
GRAILKO: shows [Ad 2c] (a pair of Deuces)
J.M.L.M.26: shows [Ah Ac] (a pair of Aces)
J.M.L.M.26 collected $47.50 from pot
*** SUMMARY ***
Total pot $48 | Rake $0.50
Board [9h 8c 2h 6s Th]
Seat 1: J.M.L.M.26 (button) (small blind) showed [Ah Ac] and won ($47.50) with a pair of Aces
Seat 3: GRAILKO (big blind) showed [Ad 2c] and lost with a pair of Deuces


PokerStars Hand #170138852069:  Hold'em Limit ($3/$6 USD) - 2017/05/08 14:43:43 ET
Table 'Hydra' 10-max Seat #3 is the button
Seat 1: J.M.L.M.26 ($132.17 in chips)
Seat 3: GRAILKO ($116.90 in chips)
GRAILKO: posts small blind $1
J.M.L.M.26: posts big blind $3
*** HOLE CARDS ***
GRAILKO: folds
Uncalled bet ($2) returned to J.M.L.M.26
J.M.L.M.26 collected $2 from pot
*** SUMMARY ***
Total pot $2 | Rake $0
Seat 1: J.M.L.M.26 (big blind) collected ($2)
Seat 3: GRAILKO (button) (small blind) folded before Flop


PokerStars Hand #170138814529:  Hold'em Limit ($3/$6 USD) - 2017/05/08 14:43:01 ET
Table 'Hydra' 10-max Seat #3 is the button
Seat 1: J.M.L.M.26 ($94.17 in chips)
Seat 3: GRAILKO ($155.90 in chips)
GRAILKO: posts small blind $1
J.M.L.M.26: posts big blind $3
*** HOLE CARDS ***
GRAILKO: raises $3 to $6
J.M.L.M.26: calls $3
*** FLOP *** [2c As 5h]
J.M.L.M.26: checks
GRAILKO: bets $3
J.M.L.M.26: calls $3
*** TURN *** [2c As 5h] [4h]
J.M.L.M.26: checks
GRAILKO: checks
*** RIVER *** [2c As 5h 4h] [Ad]
J.M.L.M.26: bets $6
GRAILKO: calls $6
*** SHOW DOWN ***
J.M.L.M.26: shows [3h 5c] (a straight, Ace to Five)
GRAILKO: mucks hand
J.M.L.M.26 collected $29.50 from pot
*** SUMMARY ***
Total pot $30 | Rake $0.50
Board [2c As 5h 4h Ad]
Seat 1: J.M.L.M.26 (big blind) showed [3h 5c] and won ($29.50) with a straight, Ace to Five
Seat 3: GRAILKO (button) (small blind) mucked


PokerStars Hand #170138874909:  Hold'em Limit ($3/$6 USD) - 2017/05/08 14:44:09 ET
Table 'Hydra' 10-max Seat #3 is the button
Seat 1: J.M.L.M.26 ($121.17 in chips)
Seat 3: GRAILKO ($127.42 in chips)
GRAILKO: posts small blind $1
J.M.L.M.26: posts big blind $3
*** HOLE CARDS ***
GRAILKO: raises $3 to $6
J.M.L.M.26: calls $3
*** FLOP *** [Jc 2h Jd]
J.M.L.M.26: checks
GRAILKO: bets $3
J.M.L.M.26: folds
Uncalled bet ($3) returned to GRAILKO
GRAILKO collected $11.76 from pot
GRAILKO: doesn't show hand
*** SUMMARY ***
Total pot $12 | Rake $0.24
Board [Jc 2h Jd]
Seat 1: J.M.L.M.26 (big blind) folded on the Flop
Seat 3: GRAILKO (button) (small blind) collected ($11.76)


PokerStars Hand #170138887467:  Hold'em Limit ($3/$6 USD) - 2017/05/08 14:44:23 ET
Table 'Hydra' 10-max Seat #1 is the button
Seat 1: J.M.L.M.26 ($115.17 in chips)
Seat 3: GRAILKO ($133.18 in chips)
J.M.L.M.26: posts small blind $1
GRAILKO: posts big blind $3
*** HOLE CARDS ***
J.M.L.M.26: folds
Uncalled bet ($2) returned to GRAILKO
GRAILKO collected $2 from pot
GRAILKO: doesn't show hand
*** SUMMARY ***
Total pot $2 | Rake $0
Seat 1: J.M.L.M.26 (button) (small blind) folded before Flop
Seat 3: GRAILKO (big blind) collected ($2)


