PokerStars Hand #152996253623:  Hold'em Limit ($3/$6 USD) - 2016/05/07 18:20:34 ET
Table 'Hydra' 6-max Seat #6 is the button
Seat 4: BuzovaPro ($152.14 in chips)
Seat 6: vicka555 ($27 in chips)
vicka555: posts small blind $1
BuzovaPro: posts big blind $3
*** HOLE CARDS ***
vicka555: raises $3 to $6
BuzovaPro: calls $3
*** FLOP *** [3c Qs Ks]
BuzovaPro: checks
vicka555: bets $3
BuzovaPro: calls $3
*** TURN *** [3c Qs Ks] [6h]
BuzovaPro: checks
vicka555: bets $6
BuzovaPro: calls $6
*** RIVER *** [3c Qs Ks 6h] [Ac]
BuzovaPro: bets $6
vicka555: folds
Uncalled bet ($6) returned to BuzovaPro
BuzovaPro collected $29.50 from pot
BuzovaPro: doesn't show hand
*** SUMMARY ***
Total pot $30 | Rake $0.50
Board [3c Qs Ks 6h Ac]
Seat 4: BuzovaPro (big blind) collected ($29.50)
Seat 6: vicka555 (button) (small blind) folded on the River


PokerStars Hand #152996310925:  Hold'em Limit ($3/$6 USD) - 2016/05/07 18:21:56 ET
Table 'Hydra' 6-max Seat #2 is the button
Seat 2: batman-K8 ($51.42 in chips)
Seat 4: BuzovaPro ($172.40 in chips)
batman-K8: posts small blind $1
BuzovaPro: posts big blind $3
*** HOLE CARDS ***
batman-K8: raises $3 to $6
BuzovaPro: folds
Uncalled bet ($3) returned to batman-K8
batman-K8 collected $6 from pot
*** SUMMARY ***
Total pot $6 | Rake $0
Seat 2: batman-K8 (button) (small blind) collected ($6)
Seat 4: BuzovaPro (big blind) folded before Flop


PokerStars Hand #152996276393:  Hold'em Limit ($3/$6 USD) - 2016/05/07 18:21:06 ET
Table 'Hydra' 6-max Seat #4 is the button
Seat 4: BuzovaPro ($166.64 in chips)
Seat 6: vicka555 ($12 in chips)
BuzovaPro: posts small blind $1
vicka555: posts big blind $3
*** HOLE CARDS ***
batman-K8 joins the table at seat #2
BuzovaPro: raises $3 to $6
vicka555: calls $3
*** FLOP *** [Kd Ac 7h]
vicka555: checks
BuzovaPro: bets $3
vicka555: folds
Uncalled bet ($3) returned to BuzovaPro
BuzovaPro collected $11.76 from pot
BuzovaPro: doesn't show hand
*** SUMMARY ***
Total pot $12 | Rake $0.24
Board [Kd Ac 7h]
Seat 4: BuzovaPro (button) (small blind) collected ($11.76)
Seat 6: vicka555 (big blind) folded on the Flop


PokerStars Hand #152996365083:  Hold'em Limit ($3/$6 USD) - 2016/05/07 18:23:14 ET
Table 'Hydra' 6-max Seat #3 is the button
Seat 2: batman-K8 ($30.42 in chips)
Seat 3: RockKillerTY ($122.88 in chips)
RockKillerTY: posts small blind $1
batman-K8: posts big blind $3
*** HOLE CARDS ***
RockKillerTY: raises $3 to $6
batman-K8: raises $3 to $9
RockKillerTY: calls $3
*** FLOP *** [9d 3s Kc]
batman-K8: bets $3
RockKillerTY: folds
Uncalled bet ($3) returned to batman-K8
batman-K8 collected $17.64 from pot
*** SUMMARY ***
Total pot $18 | Rake $0.36
Board [9d 3s Kc]
Seat 2: batman-K8 (big blind) collected ($17.64)
Seat 3: RockKillerTY (button) (small blind) folded on the Flop


PokerStars Hand #152996349467:  Hold'em Limit ($3/$6 USD) - 2016/05/07 18:22:52 ET
Table 'Hydra' 6-max Seat #2 is the button
Seat 2: batman-K8 ($33.42 in chips)
Seat 3: RockKillerTY ($120 in chips)
batman-K8: posts small blind $1
RockKillerTY: posts big blind $3
*** HOLE CARDS ***
batman-K8: calls $2
RockKillerTY: checks
*** FLOP *** [3s 6d 8h]
RockKillerTY: checks
batman-K8: checks
*** TURN *** [3s 6d 8h] [Jh]
RockKillerTY: bets $6
batman-K8: folds
Uncalled bet ($6) returned to RockKillerTY
RockKillerTY collected $5.88 from pot
RockKillerTY: doesn't show hand
*** SUMMARY ***
Total pot $6 | Rake $0.12
Board [3s 6d 8h Jh]
Seat 2: batman-K8 (button) (small blind) folded on the Turn
Seat 3: RockKillerTY (big blind) collected ($5.88)


PokerStars Hand #152996318932:  Hold'em Limit ($3/$6 USD) - 2016/05/07 18:22:08 ET
Table 'Hydra' 6-max Seat #4 is the button
Seat 2: batman-K8 ($54.42 in chips)
Seat 4: BuzovaPro ($169.40 in chips)
BuzovaPro: posts small blind $1
batman-K8: posts big blind $3
*** HOLE CARDS ***
vicka555 leaves the table
BuzovaPro: raises $3 to $6
batman-K8: calls $3
*** FLOP *** [2d Ah 3h]
batman-K8: bets $3
BuzovaPro: calls $3
*** TURN *** [2d Ah 3h] [2s]
batman-K8: bets $6
BuzovaPro: calls $6
*** RIVER *** [2d Ah 3h 2s] [6s]
batman-K8: bets $6
BuzovaPro: calls $6
*** SHOW DOWN ***
batman-K8: shows [Td 9c] (a pair of Deuces)
BuzovaPro: shows [7c 7d] (two pair, Sevens and Deuces)
BuzovaPro collected $41.50 from pot
*** SUMMARY ***
Total pot $42 | Rake $0.50
Board [2d Ah 3h 2s 6s]
Seat 2: batman-K8 (big blind) showed [Td 9c] and lost with a pair of Deuces
Seat 4: BuzovaPro (button) (small blind) showed [7c 7d] and won ($41.50) with two pair, Sevens and Deuces


PokerStars Hand #152996373855:  Hold'em Limit ($3/$6 USD) - 2016/05/07 18:23:27 ET
Table 'Hydra' 6-max Seat #2 is the button
Seat 2: batman-K8 ($39.06 in chips)
Seat 3: RockKillerTY ($113.88 in chips)
batman-K8: posts small blind $1
RockKillerTY: posts big blind $3
*** HOLE CARDS ***
batman-K8: calls $2
RockKillerTY: raises $3 to $6
batman-K8: calls $3
*** FLOP *** [Ac 4c Jh]
RockKillerTY: bets $3
batman-K8: folds
Uncalled bet ($3) returned to RockKillerTY
RockKillerTY collected $11.76 from pot
RockKillerTY: doesn't show hand
storpecka joins the table at seat #4
*** SUMMARY ***
Total pot $12 | Rake $0.24
Board [Ac 4c Jh]
Seat 2: batman-K8 (button) (small blind) folded on the Flop
Seat 3: RockKillerTY (big blind) collected ($11.76)


PokerStars Hand #152996521949:  Hold'em Limit ($3/$6 USD) - 2016/05/07 18:27:02 ET
Table 'Hydra' 6-max Seat #2 is the button
Seat 2: batman-K8 ($57.20 in chips)
Seat 4: storpecka ($235.75 in chips)
batman-K8: posts small blind $1
RockKillerTY: is sitting out
storpecka: posts big blind $3
*** HOLE CARDS ***
batman-K8: calls $2
RockKillerTY leaves the table
storpecka: checks
*** FLOP *** [Ts 5d 7h]
storpecka: checks
batman-K8: bets $3
storpecka: folds
Uncalled bet ($3) returned to batman-K8
batman-K8 collected $5.88 from pot
*** SUMMARY ***
Total pot $6 | Rake $0.12
Board [Ts 5d 7h]
Seat 2: batman-K8 (button) (small blind) collected ($5.88)
Seat 4: storpecka (big blind) folded on the Flop


PokerStars Hand #152996529134:  Hold'em Limit ($3/$6 USD) - 2016/05/07 18:27:13 ET
Table 'Hydra' 6-max Seat #4 is the button
Seat 2: batman-K8 ($60.08 in chips)
Seat 4: storpecka ($232.75 in chips)
storpecka: posts small blind $1
batman-K8: posts big blind $3
*** HOLE CARDS ***
storpecka: raises $3 to $6
batman-K8: calls $3
*** FLOP *** [Ad 6h 4d]
batman-K8: bets $3
storpecka: folds
Uncalled bet ($3) returned to batman-K8
batman-K8 collected $11.76 from pot
*** SUMMARY ***
Total pot $12 | Rake $0.24
Board [Ad 6h 4d]
Seat 2: batman-K8 (big blind) collected ($11.76)
Seat 4: storpecka (button) (small blind) folded on the Flop


PokerStars Hand #152996559283:  Hold'em Limit ($3/$6 USD) - 2016/05/07 18:27:57 ET
Table 'Hydra' 6-max Seat #2 is the button
Seat 2: batman-K8 ($56.60 in chips)
Seat 4: storpecka ($235.25 in chips)
batman-K8: posts small blind $1
storpecka: posts big blind $3
*** HOLE CARDS ***
batman-K8: raises $3 to $6
storpecka: calls $3
*** FLOP *** [2h 5s 5h]
storpecka: checks
batman-K8: bets $3
storpecka: calls $3
*** TURN *** [2h 5s 5h] [5d]
storpecka: checks
batman-K8: bets $6
storpecka: folds
Uncalled bet ($6) returned to batman-K8
batman-K8 collected $17.64 from pot
*** SUMMARY ***
Total pot $18 | Rake $0.36
Board [2h 5s 5h 5d]
Seat 2: batman-K8 (button) (small blind) collected ($17.64)
Seat 4: storpecka (big blind) folded on the Turn


PokerStars Hand #152996547649:  Hold'em Limit ($3/$6 USD) - 2016/05/07 18:27:40 ET
Table 'Hydra' 6-max Seat #4 is the button
Seat 2: batman-K8 ($71.60 in chips)
Seat 4: storpecka ($220.75 in chips)
storpecka: posts small blind $1
batman-K8: posts big blind $3
*** HOLE CARDS ***
storpecka: raises $3 to $6
batman-K8: calls $3
*** FLOP *** [5h 8c 4s]
batman-K8: checks
storpecka: bets $3
batman-K8: calls $3
*** TURN *** [5h 8c 4s] [Jh]
batman-K8: checks
storpecka: checks
*** RIVER *** [5h 8c 4s Jh] [Qs]
batman-K8: bets $6
storpecka: calls $6
*** SHOW DOWN ***
batman-K8: shows [Ts Kc] (high card King)
storpecka: shows [3s As] (high card Ace)
storpecka collected $29.50 from pot
*** SUMMARY ***
Total pot $30 | Rake $0.50
Board [5h 8c 4s Jh Qs]
Seat 2: batman-K8 (big blind) showed [Ts Kc] and lost with high card King
Seat 4: storpecka (button) (small blind) showed [3s As] and won ($29.50) with high card Ace


PokerStars Hand #152996536656:  Hold'em Limit ($3/$6 USD) - 2016/05/07 18:27:24 ET
Table 'Hydra' 6-max Seat #2 is the button
Seat 2: batman-K8 ($65.84 in chips)
Seat 4: storpecka ($226.75 in chips)
batman-K8: posts small blind $1
storpecka: posts big blind $3
*** HOLE CARDS ***
batman-K8: calls $2
storpecka: checks
*** FLOP *** [4c Ks Kc]
storpecka: checks
batman-K8: bets $3
storpecka: calls $3
*** TURN *** [4c Ks Kc] [Jh]
storpecka: checks
batman-K8: bets $6
storpecka: folds
Uncalled bet ($6) returned to batman-K8
batman-K8 collected $11.76 from pot
*** SUMMARY ***
Total pot $12 | Rake $0.24
Board [4c Ks Kc Jh]
Seat 2: batman-K8 (button) (small blind) collected ($11.76)
Seat 4: storpecka (big blind) folded on the Turn


PokerStars Hand #152996570827:  Hold'em Limit ($3/$6 USD) - 2016/05/07 18:28:13 ET
Table 'Hydra' 6-max Seat #4 is the button
Seat 2: batman-K8 ($65.24 in chips)
Seat 4: storpecka ($226.25 in chips)
storpecka: posts small blind $1
batman-K8: posts big blind $3
*** HOLE CARDS ***
storpecka: raises $3 to $6
batman-K8: calls $3
*** FLOP *** [9h 6s 7h]
batman-K8: bets $3
alingi77 joins the table at seat #3
DePokeraap joins the table at seat #6
storpecka: folds
Uncalled bet ($3) returned to batman-K8
batman-K8 collected $11.76 from pot
*** SUMMARY ***
Total pot $12 | Rake $0.24
Board [9h 6s 7h]
Seat 2: batman-K8 (big blind) collected ($11.76)
Seat 4: storpecka (button) (small blind) folded on the Flop


