PokerStars Hand #170534978018:  Hold'em Limit ($3/$6 USD) - 2017/05/17 8:36:31 ET
Table 'Hydrobius' 6-max Seat #2 is the button
Seat 2: partyalex92 ($151 in chips)
Seat 4: VolkovDmitri ($120 in chips)
partyalex92: posts small blind $1
VolkovDmitri: posts big blind $3
*** HOLE CARDS ***
partyalex92: folds
Uncalled bet ($2) returned to VolkovDmitri
VolkovDmitri collected $2 from pot
VolkovDmitri: doesn't show hand
*** SUMMARY ***
Total pot $2 | Rake $0
Seat 2: partyalex92 (button) (small blind) folded before Flop
Seat 4: VolkovDmitri (big blind) collected ($2)


PokerStars Hand #170534965060:  Hold'em Limit ($3/$6 USD) - 2017/05/17 8:36:04 ET
Table 'Hydrobius' 6-max Seat #4 is the button
Seat 2: partyalex92 ($130.50 in chips)
Seat 4: VolkovDmitri ($126.76 in chips)
VolkovDmitri: posts small blind $1
partyalex92: posts big blind $3
*** HOLE CARDS ***
VolkovDmitri: raises $3 to $6
partyalex92: calls $3
*** FLOP *** [Qc Jd 3c]
partyalex92: checks
VolkovDmitri: bets $3
partyalex92: calls $3
*** TURN *** [Qc Jd 3c] [Qd]
partyalex92: checks
VolkovDmitri: bets $6
partyalex92: calls $6
*** RIVER *** [Qc Jd 3c Qd] [8c]
partyalex92: bets $6
VolkovDmitri: calls $6
*** SHOW DOWN ***
partyalex92: shows [8h Qh] (a full house, Queens full of Eights)
VolkovDmitri: mucks hand
partyalex92 collected $41.50 from pot
*** SUMMARY ***
Total pot $42 | Rake $0.50
Board [Qc Jd 3c Qd 8c]
Seat 2: partyalex92 (big blind) showed [8h Qh] and won ($41.50) with a full house, Queens full of Eights
Seat 4: VolkovDmitri (button) (small blind) mucked


PokerStars Hand #170534962158:  Hold'em Limit ($3/$6 USD) - 2017/05/17 8:35:58 ET
Table 'Hydrobius' 6-max Seat #2 is the button
Seat 2: partyalex92 ($131.50 in chips)
Seat 4: VolkovDmitri ($125.76 in chips)
partyalex92: posts small blind $1
VolkovDmitri: posts big blind $3
*** HOLE CARDS ***
partyalex92: folds
Uncalled bet ($2) returned to VolkovDmitri
VolkovDmitri collected $2 from pot
VolkovDmitri: doesn't show hand
*** SUMMARY ***
Total pot $2 | Rake $0
Seat 2: partyalex92 (button) (small blind) folded before Flop
Seat 4: VolkovDmitri (big blind) collected ($2)


PokerStars Hand #170534956289:  Hold'em Limit ($3/$6 USD) - 2017/05/17 8:35:46 ET
Table 'Hydrobius' 6-max Seat #4 is the button
Seat 2: partyalex92 ($137.50 in chips)
Seat 4: VolkovDmitri ($120 in chips)
VolkovDmitri: posts small blind $1
partyalex92: posts big blind $3
*** HOLE CARDS ***
VolkovDmitri: raises $3 to $6
partyalex92: calls $3
*** FLOP *** [8c 6h Jc]
partyalex92: checks
VolkovDmitri: bets $3
partyalex92: folds
Uncalled bet ($3) returned to VolkovDmitri
VolkovDmitri collected $11.76 from pot
VolkovDmitri: doesn't show hand
*** SUMMARY ***
Total pot $12 | Rake $0.24
Board [8c 6h Jc]
Seat 2: partyalex92 (big blind) folded on the Flop
Seat 4: VolkovDmitri (button) (small blind) collected ($11.76)


PokerStars Hand #170534941909:  Hold'em Limit ($3/$6 USD) - 2017/05/17 8:35:16 ET
Table 'Hydrobius' 6-max Seat #2 is the button
Seat 2: partyalex92 ($120 in chips)
Seat 4: VolkovDmitri ($120 in chips)
partyalex92: posts small blind $1
VolkovDmitri: posts big blind $3
*** HOLE CARDS ***
partyalex92: raises $3 to $6
VolkovDmitri: calls $3
*** FLOP *** [9d 3h Kh]
VolkovDmitri: checks
partyalex92: checks
*** TURN *** [9d 3h Kh] [3d]
VolkovDmitri: bets $6
partyalex92: calls $6
*** RIVER *** [9d 3h Kh 3d] [7d]
VolkovDmitri: bets $6
partyalex92: raises $6 to $12
VolkovDmitri: folds
Uncalled bet ($6) returned to partyalex92
partyalex92 collected $35.50 from pot
*** SUMMARY ***
Total pot $36 | Rake $0.50
Board [9d 3h Kh 3d 7d]
Seat 2: partyalex92 (button) (small blind) collected ($35.50)
Seat 4: VolkovDmitri (big blind) folded on the River


PokerStars Hand #170534999568:  Hold'em Limit ($3/$6 USD) - 2017/05/17 8:37:16 ET
Table 'Hydrobius' 6-max Seat #4 is the button
Seat 2: partyalex92 ($178.50 in chips)
Seat 4: VolkovDmitri ($121 in chips)
VolkovDmitri: posts small blind $1
partyalex92: posts big blind $3
*** HOLE CARDS ***
VolkovDmitri: raises $3 to $6
partyalex92: calls $3
*** FLOP *** [4s 5c Qd]
partyalex92: bets $3
VolkovDmitri: raises $3 to $6
partyalex92: calls $3
*** TURN *** [4s 5c Qd] [Qs]
partyalex92: checks
VolkovDmitri: bets $6
partyalex92: folds
Uncalled bet ($6) returned to VolkovDmitri
VolkovDmitri collected $23.52 from pot
VolkovDmitri: doesn't show hand
*** SUMMARY ***
Total pot $24 | Rake $0.48
Board [4s 5c Qd Qs]
Seat 2: partyalex92 (big blind) folded on the Turn
Seat 4: VolkovDmitri (button) (small blind) collected ($23.52)


PokerStars Hand #170534997289:  Hold'em Limit ($3/$6 USD) - 2017/05/17 8:37:11 ET
Table 'Hydrobius' 6-max Seat #2 is the button
Seat 2: partyalex92 ($179.50 in chips)
Seat 4: VolkovDmitri ($120 in chips)
partyalex92: posts small blind $1
VolkovDmitri: posts big blind $3
*** HOLE CARDS ***
partyalex92: folds
Uncalled bet ($2) returned to VolkovDmitri
VolkovDmitri collected $2 from pot
VolkovDmitri: doesn't show hand
*** SUMMARY ***
Total pot $2 | Rake $0
Seat 2: partyalex92 (button) (small blind) folded before Flop
Seat 4: VolkovDmitri (big blind) collected ($2)


PokerStars Hand #170534981268:  Hold'em Limit ($3/$6 USD) - 2017/05/17 8:36:38 ET
Table 'Hydrobius' 6-max Seat #4 is the button
Seat 2: partyalex92 ($150 in chips)
Seat 4: VolkovDmitri ($121 in chips)
VolkovDmitri: posts small blind $1
partyalex92: posts big blind $3
*** HOLE CARDS ***
VolkovDmitri: raises $3 to $6
partyalex92: calls $3
*** FLOP *** [Ts 9c Jd]
partyalex92: bets $3
VolkovDmitri: raises $3 to $6
partyalex92: calls $3
*** TURN *** [Ts 9c Jd] [3c]
partyalex92: checks
VolkovDmitri: bets $6
partyalex92: calls $6
*** RIVER *** [Ts 9c Jd 3c] [Qc]
partyalex92: checks
VolkovDmitri: bets $6
partyalex92: raises $6 to $12
VolkovDmitri: calls $6
*** SHOW DOWN ***
partyalex92: shows [6c 8c] (a flush, Queen high)
VolkovDmitri: mucks hand
partyalex92 collected $59.50 from pot
*** SUMMARY ***
Total pot $60 | Rake $0.50
Board [Ts 9c Jd 3c Qc]
Seat 2: partyalex92 (big blind) showed [6c 8c] and won ($59.50) with a flush, Queen high
Seat 4: VolkovDmitri (button) (small blind) mucked


