PokerStars Hand #153001601459:  Hold'em Limit ($3/$6 USD) - 2016/05/07 21:01:56 ET
Table 'Hydra' 6-max Seat #4 is the button
Seat 1: Mtnaire ($312.87 in chips)
Seat 4: lin1rabbit ($206.82 in chips)
lin1rabbit: posts small blind $1
Mtnaire: posts big blind $3
*** HOLE CARDS ***
lin1rabbit: raises $3 to $6
Mtnaire: calls $3
*** FLOP *** [Tc 6c 9h]
Mtnaire: checks
lin1rabbit: bets $3
Mtnaire: folds
Uncalled bet ($3) returned to lin1rabbit
lin1rabbit collected $11.76 from pot
lin1rabbit: doesn't show hand
*** SUMMARY ***
Total pot $12 | Rake $0.24
Board [Tc 6c 9h]
Seat 1: Mtnaire (big blind) folded on the Flop
Seat 4: lin1rabbit (button) (small blind) collected ($11.76)


PokerStars Hand #153001598071:  Hold'em Limit ($3/$6 USD) - 2016/05/07 21:01:48 ET
Table 'Hydra' 6-max Seat #1 is the button
Seat 1: Mtnaire ($313.87 in chips)
Seat 4: lin1rabbit ($205.82 in chips)
Mtnaire: posts small blind $1
TinaTurner72: is sitting out
lin1rabbit: posts big blind $3
*** HOLE CARDS ***
Mtnaire: folds
Uncalled bet ($2) returned to lin1rabbit
lin1rabbit collected $2 from pot
lin1rabbit: doesn't show hand
*** SUMMARY ***
Total pot $2 | Rake $0
Seat 1: Mtnaire (button) (small blind) folded before Flop
Seat 4: lin1rabbit (big blind) collected ($2)


