PokerStars Hand #155745569739:  Hold'em Limit ($3/$6 USD) - 2016/07/09 6:10:14 ET
Table 'Hydra' 6-max Seat #4 is the button
Seat 4: VolkovDmitri ($120 in chips)
Seat 6: Vincenzo Vs ($134.50 in chips)
VolkovDmitri: posts small blind $1
Vincenzo Vs: posts big blind $3
*** HOLE CARDS ***
VolkovDmitri: raises $3 to $6
Vincenzo Vs: calls $3
*** FLOP *** [3d Ad 9c]
Vincenzo Vs: checks
VolkovDmitri: bets $3
Vincenzo Vs: folds
Uncalled bet ($3) returned to VolkovDmitri
VolkovDmitri collected $11.76 from pot
VolkovDmitri: doesn't show hand
*** SUMMARY ***
Total pot $12 | Rake $0.24
Board [3d Ad 9c]
Seat 4: VolkovDmitri (button) (small blind) collected ($11.76)
Seat 6: Vincenzo Vs (big blind) folded on the Flop


PokerStars Hand #155745591555:  Hold'em Limit ($3/$6 USD) - 2016/07/09 6:11:10 ET
Table 'Hydra' 6-max Seat #6 is the button
Seat 4: VolkovDmitri ($125.76 in chips)
Seat 6: Vincenzo Vs ($128.26 in chips)
Vincenzo Vs: posts small blind $1
VolkovDmitri: posts big blind $3
*** HOLE CARDS ***
Vincenzo Vs: calls $2
VolkovDmitri: checks
*** FLOP *** [9c 7s Qh]
VolkovDmitri: checks
Vincenzo Vs: checks
*** TURN *** [9c 7s Qh] [5h]
VolkovDmitri: checks
Vincenzo Vs: checks
*** RIVER *** [9c 7s Qh 5h] [9h]
VolkovDmitri: checks
Vincenzo Vs: checks
*** SHOW DOWN ***
VolkovDmitri: shows [3c Ts] (a pair of Nines)
Vincenzo Vs: shows [8s Js] (a pair of Nines - Queen+Jack kicker)
Vincenzo Vs collected $5.88 from pot
*** SUMMARY ***
Total pot $6 | Rake $0.12
Board [9c 7s Qh 5h 9h]
Seat 4: VolkovDmitri (big blind) showed [3c Ts] and lost with a pair of Nines
Seat 6: Vincenzo Vs (button) (small blind) showed [8s Js] and won ($5.88) with a pair of Nines


PokerStars Hand #155745584215:  Hold'em Limit ($3/$6 USD) - 2016/07/09 6:10:51 ET
Table 'Hydra' 6-max Seat #4 is the button
Seat 4: VolkovDmitri ($120 in chips)
Seat 6: Vincenzo Vs ($134.26 in chips)
VolkovDmitri: posts small blind $1
Vincenzo Vs: posts big blind $3
*** HOLE CARDS ***
VolkovDmitri: raises $3 to $6
Vincenzo Vs: calls $3
*** FLOP *** [5d 9c 4s]
Vincenzo Vs: checks
VolkovDmitri: bets $3
Vincenzo Vs: folds
Uncalled bet ($3) returned to VolkovDmitri
VolkovDmitri collected $11.76 from pot
VolkovDmitri: doesn't show hand
*** SUMMARY ***
Total pot $12 | Rake $0.24
Board [5d 9c 4s]
Seat 4: VolkovDmitri (button) (small blind) collected ($11.76)
Seat 6: Vincenzo Vs (big blind) folded on the Flop


PokerStars Hand #155745575076:  Hold'em Limit ($3/$6 USD) - 2016/07/09 6:10:28 ET
Table 'Hydra' 6-max Seat #6 is the button
Seat 4: VolkovDmitri ($125.76 in chips)
Seat 6: Vincenzo Vs ($128.50 in chips)
Vincenzo Vs: posts small blind $1
VolkovDmitri: posts big blind $3
*** HOLE CARDS ***
Vincenzo Vs: calls $2
VolkovDmitri: checks
*** FLOP *** [Ad Qd Ac]
VolkovDmitri: bets $3
Vincenzo Vs: calls $3
*** TURN *** [Ad Qd Ac] [Qh]
VolkovDmitri: checks
Vincenzo Vs: bets $6
VolkovDmitri: folds
Uncalled bet ($6) returned to Vincenzo Vs
Vincenzo Vs collected $11.76 from pot
Vincenzo Vs: doesn't show hand
*** SUMMARY ***
Total pot $12 | Rake $0.24
Board [Ad Qd Ac Qh]
Seat 4: VolkovDmitri (big blind) folded on the Turn
Seat 6: Vincenzo Vs (button) (small blind) collected ($11.76)


PokerStars Hand #155745599575:  Hold'em Limit ($3/$6 USD) - 2016/07/09 6:11:31 ET
Table 'Hydra' 6-max Seat #4 is the button
Seat 4: VolkovDmitri ($122.76 in chips)
Seat 6: Vincenzo Vs ($131.14 in chips)
VolkovDmitri: posts small blind $1
Vincenzo Vs: posts big blind $3
*** HOLE CARDS ***
Tryptamean joins the table at seat #1
VolkovDmitri: raises $3 to $6
Vincenzo Vs: calls $3
*** FLOP *** [3s 4d Jh]
Vincenzo Vs: checks
VolkovDmitri: bets $3
Vincenzo Vs: raises $3 to $6
VolkovDmitri: calls $3
*** TURN *** [3s 4d Jh] [6d]
Vincenzo Vs: bets $6
VolkovDmitri: calls $6
*** RIVER *** [3s 4d Jh 6d] [9d]
Vincenzo Vs: bets $6
VolkovDmitri: raises $6 to $12
Vincenzo Vs: calls $6
*** SHOW DOWN ***
VolkovDmitri: shows [9c 3d] (two pair, Nines and Threes)
Vincenzo Vs: mucks hand
VolkovDmitri collected $59.50 from pot
*** SUMMARY ***
Total pot $60 | Rake $0.50
Board [3s 4d Jh 6d 9d]
Seat 4: VolkovDmitri (button) (small blind) showed [9c 3d] and won ($59.50) with two pair, Nines and Threes
Seat 6: Vincenzo Vs (big blind) mucked


PokerStars Hand #155747056763:  Hold'em Limit ($3/$6 USD) - 2016/07/09 7:11:14 ET
Table 'Hydra' 6-max Seat #3 is the button
Seat 1: Tryptamean ($161.50 in chips)
Seat 3: jackRizzar ($237.76 in chips)
jackRizzar: posts small blind $1
Tryptamean: posts big blind $3
*** HOLE CARDS ***
jackRizzar: raises $3 to $6
Tryptamean: folds
Uncalled bet ($3) returned to jackRizzar
jackRizzar collected $6 from pot
*** SUMMARY ***
Total pot $6 | Rake $0
Seat 1: Tryptamean (big blind) folded before Flop
Seat 3: jackRizzar (button) (small blind) collected ($6)


PokerStars Hand #155747014104:  Hold'em Limit ($3/$6 USD) - 2016/07/09 7:09:49 ET
Table 'Hydra' 6-max Seat #1 is the button
Seat 1: Tryptamean ($120 in chips)
Seat 3: jackRizzar ($279.76 in chips)
Tryptamean: posts small blind $1
masterblstr8: is sitting out
jackRizzar: posts big blind $3
*** HOLE CARDS ***
Tryptamean: raises $3 to $6
jackRizzar: calls $3
*** FLOP *** [3h Jd 2s]
jackRizzar: checks
Tryptamean: bets $3
jackRizzar: raises $3 to $6
Tryptamean: calls $3
*** TURN *** [3h Jd 2s] [Qd]
jackRizzar: bets $6
Tryptamean: raises $6 to $12
jackRizzar: raises $6 to $18
Tryptamean: calls $6
*** RIVER *** [3h Jd 2s Qd] [Ac]
jackRizzar: bets $6
Tryptamean: raises $6 to $12
jackRizzar: calls $6
*** SHOW DOWN ***
Tryptamean: shows [Qs As] (two pair, Aces and Queens)
jackRizzar: mucks hand
Tryptamean collected $83.50 from pot
*** SUMMARY ***
Total pot $84 | Rake $0.50
Board [3h Jd 2s Qd Ac]
Seat 1: Tryptamean (button) (small blind) showed [Qs As] and won ($83.50) with two pair, Aces and Queens
Seat 3: jackRizzar (big blind) mucked


