PokerStars Hand #169533991398:  Hold'em Limit ($3/$6 USD) - 2017/04/25 8:37:50 ET
Table 'Hydrobius II' 6-max Seat #3 is the button
Seat 3: Dron21200 ($311.80 in chips)
Seat 4: sim5sim5 ($72 in chips)
Dron21200: posts small blind $1
sim5sim5: posts big blind $3
*** HOLE CARDS ***
Dron21200: raises $3 to $6
sim5sim5: calls $3
*** FLOP *** [Qs Kh Kd]
sim5sim5: checks
Dron21200: bets $3
sim5sim5: calls $3
*** TURN *** [Qs Kh Kd] [6s]
sim5sim5: checks
Dron21200: checks
*** RIVER *** [Qs Kh Kd 6s] [7s]
sim5sim5: checks
Dron21200: checks
*** SHOW DOWN ***
sim5sim5: shows [As Th] (a pair of Kings)
Dron21200: mucks hand
sim5sim5 collected $17.64 from pot
*** SUMMARY ***
Total pot $18 | Rake $0.36
Board [Qs Kh Kd 6s 7s]
Seat 3: Dron21200 (button) (small blind) mucked
Seat 4: sim5sim5 (big blind) showed [As Th] and won ($17.64) with a pair of Kings


PokerStars Hand #169534005868:  Hold'em Limit ($3/$6 USD) - 2017/04/25 8:38:18 ET
Table 'Hydrobius II' 6-max Seat #4 is the button
Seat 3: Dron21200 ($302.80 in chips)
Seat 4: sim5sim5 ($80.64 in chips)
sim5sim5: posts small blind $1
Dron21200: posts big blind $3
*** HOLE CARDS ***
sim5sim5: raises $3 to $6
Dron21200: calls $3
*** FLOP *** [3s 8d 4d]
Dron21200: checks
sim5sim5: bets $3
Dron21200: raises $3 to $6
sim5sim5: calls $3
*** TURN *** [3s 8d 4d] [Qs]
Dron21200: checks
sim5sim5: bets $6
Dron21200: calls $6
*** RIVER *** [3s 8d 4d Qs] [Ks]
Dron21200: checks
sim5sim5: bets $6
Dron21200: calls $6
*** SHOW DOWN ***
sim5sim5: shows [3c Kc] (two pair, Kings and Threes)
Dron21200: mucks hand
sim5sim5 collected $47.50 from pot
*** SUMMARY ***
Total pot $48 | Rake $0.50
Board [3s 8d 4d Qs Ks]
Seat 3: Dron21200 (big blind) mucked
Seat 4: sim5sim5 (button) (small blind) showed [3c Kc] and won ($47.50) with two pair, Kings and Threes


PokerStars Hand #169534037109:  Hold'em Limit ($3/$6 USD) - 2017/04/25 8:39:18 ET
Table 'Hydrobius II' 6-max Seat #4 is the button
Seat 3: Dron21200 ($284.56 in chips)
Seat 4: sim5sim5 ($98.14 in chips)
sim5sim5: posts small blind $1
Dron21200: posts big blind $3
*** HOLE CARDS ***
sim5sim5: raises $3 to $6
Dron21200: folds
Uncalled bet ($3) returned to sim5sim5
sim5sim5 collected $6 from pot
sim5sim5: doesn't show hand
*** SUMMARY ***
Total pot $6 | Rake $0
Seat 3: Dron21200 (big blind) folded before Flop
Seat 4: sim5sim5 (button) (small blind) collected ($6)


PokerStars Hand #169534021984:  Hold'em Limit ($3/$6 USD) - 2017/04/25 8:38:49 ET
Table 'Hydrobius II' 6-max Seat #3 is the button
Seat 3: Dron21200 ($278.80 in chips)
Seat 4: sim5sim5 ($104.14 in chips)
Dron21200: posts small blind $1
sim5sim5: posts big blind $3
*** HOLE CARDS ***
Dron21200: raises $3 to $6
sim5sim5: calls $3
*** FLOP *** [2h 4s 3h]
sim5sim5: checks
Dron21200: checks
*** TURN *** [2h 4s 3h] [Ad]
sim5sim5: checks
Dron21200: bets $6
sim5sim5: folds
Uncalled bet ($6) returned to Dron21200
Dron21200 collected $11.76 from pot
Dron21200: doesn't show hand
*** SUMMARY ***
Total pot $12 | Rake $0.24
Board [2h 4s 3h Ad]
Seat 3: Dron21200 (button) (small blind) collected ($11.76)
Seat 4: sim5sim5 (big blind) folded on the Turn


PokerStars Hand #169534043576:  Hold'em Limit ($3/$6 USD) - 2017/04/25 8:39:31 ET
Table 'Hydrobius II' 6-max Seat #3 is the button
Seat 3: Dron21200 ($281.56 in chips)
Seat 4: sim5sim5 ($101.14 in chips)
Dron21200: posts small blind $1
sim5sim5: posts big blind $3
*** HOLE CARDS ***
Dron21200: raises $3 to $6
sim5sim5: calls $3
*** FLOP *** [5d Td Ad]
sim5sim5: checks
Dron21200: checks
*** TURN *** [5d Td Ad] [As]
sim5sim5: checks
Dron21200: bets $6
sim5sim5: calls $6
*** RIVER *** [5d Td Ad As] [4d]
sim5sim5: bets $6
Dron21200: calls $6
*** SHOW DOWN ***
sim5sim5: shows [Kd 2c] (a flush, Ace high)
Dron21200: mucks hand
sim5sim5 collected $35.50 from pot
*** SUMMARY ***
Total pot $36 | Rake $0.50
Board [5d Td Ad As 4d]
Seat 3: Dron21200 (button) (small blind) mucked
Seat 4: sim5sim5 (big blind) showed [Kd 2c] and won ($35.50) with a flush, Ace high


PokerStars Hand #169534062761:  Hold'em Limit ($3/$6 USD) - 2017/04/25 8:40:08 ET
Table 'Hydrobius II' 6-max Seat #4 is the button
Seat 3: Dron21200 ($263.56 in chips)
Seat 4: sim5sim5 ($118.64 in chips)
sim5sim5: posts small blind $1
Dron21200: posts big blind $3
*** HOLE CARDS ***
sim5sim5: raises $3 to $6
Dron21200: calls $3
*** FLOP *** [6s 4s 5s]
Dron21200: checks
sim5sim5: bets $3
Dron21200: calls $3
*** TURN *** [6s 4s 5s] [8c]
Dron21200: bets $6
sim5sim5: folds
Uncalled bet ($6) returned to Dron21200
Dron21200 collected $17.64 from pot
Dron21200: doesn't show hand
*** SUMMARY ***
Total pot $18 | Rake $0.36
Board [6s 4s 5s 8c]
Seat 3: Dron21200 (big blind) collected ($17.64)
Seat 4: sim5sim5 (button) (small blind) folded on the Turn


