PokerStars Hand #147067066324:  Hold'em Limit ($3/$6 USD) - 2016/01/15 5:11:23 ET
Table 'Hydrobius' 6-max Seat #3 is the button
Seat 3: fire852181 ($65 in chips)
Seat 4: Actionni13 ($150 in chips)
fire852181: posts small blind $1
Actionni13: posts big blind $3
*** HOLE CARDS ***
fire852181: raises $3 to $6
Actionni13: calls $3
*** FLOP *** [6s 5c 9s]
Actionni13: bets $3
fire852181: raises $3 to $6
Actionni13: raises $3 to $9
fire852181: calls $3
*** TURN *** [6s 5c 9s] [Tc]
Actionni13: bets $6
fire852181: calls $6
*** RIVER *** [6s 5c 9s Tc] [8d]
Actionni13: checks
fire852181: bets $6
Actionni13: calls $6
*** SHOW DOWN ***
fire852181: shows [Ts Ks] (a pair of Tens)
Actionni13: mucks hand
fire852181 collected $53.50 from pot
*** SUMMARY ***
Total pot $54 | Rake $0.50
Board [6s 5c 9s Tc 8d]
Seat 3: fire852181 (button) (small blind) showed [Ts Ks] and won ($53.50) with a pair of Tens
Seat 4: Actionni13 (big blind) mucked


PokerStars Hand #147067086444:  Hold'em Limit ($3/$6 USD) - 2016/01/15 5:12:04 ET
Table 'Hydrobius' 6-max Seat #4 is the button
Seat 3: fire852181 ($91.50 in chips)
Seat 4: Actionni13 ($150 in chips)
Actionni13: posts small blind $1
fire852181: posts big blind $3
*** HOLE CARDS ***
Actionni13: raises $3 to $6
belik555 joins the table at seat #5
fire852181: calls $3
*** FLOP *** [4d 2d 5h]
fire852181: checks
Actionni13: checks
*** TURN *** [4d 2d 5h] [4h]
fire852181: checks
Actionni13: checks
*** RIVER *** [4d 2d 5h 4h] [Kh]
fire852181: checks
Actionni13: checks
*** SHOW DOWN ***
fire852181: shows [9s Kd] (two pair, Kings and Fours)
Actionni13: mucks hand
fire852181 collected $11.76 from pot
*** SUMMARY ***
Total pot $12 | Rake $0.24
Board [4d 2d 5h 4h Kh]
Seat 3: fire852181 (big blind) showed [9s Kd] and won ($11.76) with two pair, Kings and Fours
Seat 4: Actionni13 (button) (small blind) mucked


PokerStars Hand #147067100899:  Hold'em Limit ($3/$6 USD) - 2016/01/15 5:12:33 ET
Table 'Hydrobius' 6-max Seat #3 is the button
Seat 3: fire852181 ($97.26 in chips)
Seat 4: Actionni13 ($150 in chips)
fire852181: posts small blind $1
Actionni13: posts big blind $3
*** HOLE CARDS ***
fire852181: folds
Uncalled bet ($2) returned to Actionni13
Actionni13 collected $2 from pot
Actionni13: doesn't show hand
*** SUMMARY ***
Total pot $2 | Rake $0
Seat 3: fire852181 (button) (small blind) folded before Flop
Seat 4: Actionni13 (big blind) collected ($2)


PokerStars Hand #147067177868:  Hold'em Limit ($3/$6 USD) - 2016/01/15 5:15:10 ET
Table 'Hydrobius' 6-max Seat #5 is the button
Seat 4: Actionni13 ($150 in chips)
Seat 5: belik555 ($97.99 in chips)
belik555: posts small blind $1
lelala: is sitting out
Actionni13: posts big blind $3
*** HOLE CARDS ***
lelala leaves the table
belik555: raises $3 to $6
Actionni13: folds
Uncalled bet ($3) returned to belik555
belik555 collected $6 from pot
belik555: doesn't show hand
*** SUMMARY ***
Total pot $6 | Rake $0
Seat 4: Actionni13 (big blind) folded before Flop
Seat 5: belik555 (button) (small blind) collected ($6)


PokerStars Hand #147067196924:  Hold'em Limit ($3/$6 USD) - 2016/01/15 5:15:49 ET
Table 'Hydrobius' 6-max Seat #4 is the button
Seat 4: Actionni13 ($150 in chips)
Seat 5: degal76 ($84.80 in chips)
Actionni13: posts small blind $1
degal76: posts big blind $3
*** HOLE CARDS ***
belik555 joins the table at seat #6
Actionni13: raises $3 to $6
degal76: raises $3 to $9
Actionni13: calls $3
*** FLOP *** [5d 4s 6s]
degal76: bets $3
Actionni13: calls $3
*** TURN *** [5d 4s 6s] [6d]
degal76: bets $6
Actionni13: folds
Uncalled bet ($6) returned to degal76
degal76 collected $23.52 from pot
degal76: doesn't show hand
*** SUMMARY ***
Total pot $24 | Rake $0.48
Board [5d 4s 6s 6d]
Seat 4: Actionni13 (button) (small blind) folded on the Turn
Seat 5: degal76 (big blind) collected ($23.52)


PokerStars Hand #147067818774:  Hold'em Limit ($3/$6 USD) - 2016/01/15 5:36:48 ET
Table 'Hydrobius' 6-max Seat #5 is the button
Seat 4: Actionni13 ($150 in chips)
Seat 5: degal76 ($81.78 in chips)
degal76: posts small blind $1
Actionni13: posts big blind $3
*** HOLE CARDS ***
degal76: folds
Uncalled bet ($2) returned to Actionni13
Actionni13 collected $2 from pot
Actionni13: doesn't show hand
olavike joins the table at seat #6
*** SUMMARY ***
Total pot $2 | Rake $0
Seat 4: Actionni13 (big blind) collected ($2)
Seat 5: degal76 (button) (small blind) folded before Flop


PokerStars Hand #147067802374:  Hold'em Limit ($3/$6 USD) - 2016/01/15 5:36:15 ET
Table 'Hydrobius' 6-max Seat #4 is the button
Seat 4: Actionni13 ($158.46 in chips)
Seat 5: degal76 ($52.28 in chips)
Actionni13: posts small blind $1
degal76: posts big blind $3
*** HOLE CARDS ***
Actionni13: raises $3 to $6
degal76: calls $3
*** FLOP *** [Kh 6d 7h]
degal76: checks
Actionni13: bets $3
degal76: raises $3 to $6
Actionni13: raises $3 to $9
degal76: raises $3 to $12
Betting is capped
Actionni13: calls $3
*** TURN *** [Kh 6d 7h] [Qd]
degal76: bets $6
Actionni13: calls $6
*** RIVER *** [Kh 6d 7h Qd] [7d]
degal76: bets $6
Actionni13: calls $6
*** SHOW DOWN ***
degal76: shows [9h Qh] (two pair, Queens and Sevens)
Actionni13: mucks hand
degal76 collected $59.50 from pot
*** SUMMARY ***
Total pot $60 | Rake $0.50
Board [Kh 6d 7h Qd 7d]
Seat 4: Actionni13 (button) (small blind) mucked
Seat 5: degal76 (big blind) showed [9h Qh] and won ($59.50) with two pair, Queens and Sevens


PokerStars Hand #147067821414:  Hold'em Limit ($3/$6 USD) - 2016/01/15 5:36:53 ET
Table 'Hydrobius' 6-max Seat #4 is the button
Seat 4: Actionni13 ($151 in chips)
Seat 5: degal76 ($80.78 in chips)
Actionni13: posts small blind $1
degal76: posts big blind $3
*** HOLE CARDS ***
Actionni13: raises $3 to $6
degal76: folds
Uncalled bet ($3) returned to Actionni13
Actionni13 collected $6 from pot
Actionni13: doesn't show hand
*** SUMMARY ***
Total pot $6 | Rake $0
Seat 4: Actionni13 (button) (small blind) collected ($6)
Seat 5: degal76 (big blind) folded before Flop


PokerStars Hand #147076058285:  Hold'em Limit ($3/$6 USD) - 2016/01/15 9:24:04 ET
Table 'Hydrobius' 6-max Seat #6 is the button
Seat 4: DismasX ($74 in chips)
Seat 6: LolDnkaments ($81.16 in chips)
LolDnkaments: posts small blind $1
HAL9QQQ: is sitting out
DismasX: posts big blind $3
*** HOLE CARDS ***
LolDnkaments: raises $3 to $6
HAL9QQQ leaves the table
DismasX: folds
Uncalled bet ($3) returned to LolDnkaments
LolDnkaments collected $6 from pot
LolDnkaments: doesn't show hand
*** SUMMARY ***
Total pot $6 | Rake $0
Seat 4: DismasX (big blind) folded before Flop
Seat 6: LolDnkaments (button) (small blind) collected ($6)


