PokerStars Hand #166063368446:  Hold'em Limit ($3/$6 USD) - 2017/02/11 17:36:34 ET
Table 'Hydra' 6-max Seat #2 is the button
Seat 2: belik555 ($111.97 in chips)
Seat 6: manly70 ($448.13 in chips)
belik555: posts small blind $1
manly70: posts big blind $3
*** HOLE CARDS ***
belik555: raises $3 to $6
manly70: folds
Uncalled bet ($3) returned to belik555
belik555 collected $6 from pot
belik555: doesn't show hand
*** SUMMARY ***
Total pot $6 | Rake $0
Seat 2: belik555 (button) (small blind) collected ($6)
Seat 6: manly70 (big blind) folded before Flop


PokerStars Hand #166063355880:  Hold'em Limit ($3/$6 USD) - 2017/02/11 17:36:19 ET
Table 'Hydra' 6-max Seat #6 is the button
Seat 2: belik555 ($117.97 in chips)
Seat 6: manly70 ($442.37 in chips)
manly70: posts small blind $1
ChoiceNR1: is sitting out
belik555: posts big blind $3
*** HOLE CARDS ***
TinaTurner72 leaves the table
manly70: raises $3 to $6
belik555: calls $3
*** FLOP *** [Kc Qs Ad]
ChoiceNR1 leaves the table
belik555: checks
manly70: bets $3
belik555: folds
Uncalled bet ($3) returned to manly70
manly70 collected $11.76 from pot
*** SUMMARY ***
Total pot $12 | Rake $0.24
Board [Kc Qs Ad]
Seat 2: belik555 (big blind) folded on the Flop
Seat 6: manly70 (button) (small blind) collected ($11.76)


