PokerStars Hand #174882494016:  Hold'em Limit ($3/$6 USD) - 2017/08/27 20:45:52 ET
Table 'Hygiea' 6-max Seat #1 is the button
Seat 1: Velbor107 ($300 in chips)
Seat 4: dalton135 ($120 in chips)
Velbor107: posts small blind $1
dalton135: posts big blind $3
*** HOLE CARDS ***
Velbor107: raises $3 to $6
dalton135: calls $3
*** FLOP *** [6h 2d Tc]
dalton135: checks
Velbor107: bets $3
dalton135: calls $3
*** TURN *** [6h 2d Tc] [As]
dalton135: checks
Velbor107: bets $6
dalton135: folds
Uncalled bet ($6) returned to Velbor107
Velbor107 collected $17.64 from pot
*** SUMMARY ***
Total pot $18 | Rake $0.36
Board [6h 2d Tc As]
Seat 1: Velbor107 (button) (small blind) collected ($17.64)
Seat 4: dalton135 (big blind) folded on the Turn


PokerStars Hand #174882527548:  Hold'em Limit ($3/$6 USD) - 2017/08/27 20:47:12 ET
Table 'Hygiea' 6-max Seat #1 is the button
Seat 1: Velbor107 ($293.64 in chips)
Seat 4: dalton135 ($125.50 in chips)
Velbor107: posts small blind $1
dalton135: posts big blind $3
*** HOLE CARDS ***
Velbor107: raises $3 to $6
dalton135: raises $3 to $9
Velbor107: calls $3
*** FLOP *** [Ac 9h Ah]
dalton135: bets $3
Velbor107: folds
Uncalled bet ($3) returned to dalton135
dalton135 collected $17.64 from pot
dalton135: doesn't show hand
*** SUMMARY ***
Total pot $18 | Rake $0.36
Board [Ac 9h Ah]
Seat 1: Velbor107 (button) (small blind) folded on the Flop
Seat 4: dalton135 (big blind) collected ($17.64)


PokerStars Hand #174882508866:  Hold'em Limit ($3/$6 USD) - 2017/08/27 20:46:27 ET
Table 'Hygiea' 6-max Seat #4 is the button
Seat 1: Velbor107 ($308.64 in chips)
Seat 4: dalton135 ($111 in chips)
dalton135: posts small blind $1
Velbor107: posts big blind $3
*** HOLE CARDS ***
dalton135: calls $2
Velbor107: raises $3 to $6
dalton135: calls $3
*** FLOP *** [8h Jh As]
Velbor107: bets $3
dalton135: calls $3
*** TURN *** [8h Jh As] [Qh]
Velbor107: bets $6
dalton135: calls $6
*** RIVER *** [8h Jh As Qh] [Ah]
Velbor107: checks
dalton135: bets $6
Velbor107: folds
Uncalled bet ($6) returned to dalton135
dalton135 collected $29.50 from pot
dalton135: doesn't show hand
*** SUMMARY ***
Total pot $30 | Rake $0.50
Board [8h Jh As Qh Ah]
Seat 1: Velbor107 (big blind) folded on the River
Seat 4: dalton135 (button) (small blind) collected ($29.50)


PokerStars Hand #174882554192:  Hold'em Limit ($3/$6 USD) - 2017/08/27 20:48:15 ET
Table 'Hygiea' 6-max Seat #4 is the button
Seat 1: Velbor107 ($281.64 in chips)
Seat 4: dalton135 ($136.90 in chips)
dalton135: posts small blind $1
Velbor107: posts big blind $3
*** HOLE CARDS ***
dalton135: raises $3 to $6
Velbor107: raises $3 to $9
dalton135: calls $3
*** FLOP *** [Ac Qh 6s]
Velbor107: bets $3
dalton135: folds
Uncalled bet ($3) returned to Velbor107
Velbor107 collected $17.64 from pot
*** SUMMARY ***
Total pot $18 | Rake $0.36
Board [Ac Qh 6s]
Seat 1: Velbor107 (big blind) collected ($17.64)
Seat 4: dalton135 (button) (small blind) folded on the Flop


PokerStars Hand #174882543623:  Hold'em Limit ($3/$6 USD) - 2017/08/27 20:47:50 ET
Table 'Hygiea' 6-max Seat #4 is the button
Seat 1: Velbor107 ($284.64 in chips)
Seat 4: dalton135 ($134.14 in chips)
dalton135: posts small blind $1
Velbor107: posts big blind $3
*** HOLE CARDS ***
dalton135: raises $3 to $6
Velbor107: calls $3
*** FLOP *** [7h 4d Ad]
Velbor107: checks
dalton135: bets $3
Velbor107: folds
Uncalled bet ($3) returned to dalton135
dalton135 collected $11.76 from pot
dalton135: doesn't show hand
*** SUMMARY ***
Total pot $12 | Rake $0.24
Board [7h 4d Ad]
Seat 1: Velbor107 (big blind) folded on the Flop
Seat 4: dalton135 (button) (small blind) collected ($11.76)


PokerStars Hand #174882540140:  Hold'em Limit ($3/$6 USD) - 2017/08/27 20:47:42 ET
Table 'Hygiea' 6-max Seat #1 is the button
Seat 1: Velbor107 ($281.64 in chips)
Seat 4: dalton135 ($137.14 in chips)
Velbor107: posts small blind $1
dalton135: posts big blind $3
*** HOLE CARDS ***
Velbor107: raises $3 to $6
dalton135: folds
Uncalled bet ($3) returned to Velbor107
Velbor107 collected $6 from pot
*** SUMMARY ***
Total pot $6 | Rake $0
Seat 1: Velbor107 (button) (small blind) collected ($6)
Seat 4: dalton135 (big blind) folded before Flop


PokerStars Hand #174882537589:  Hold'em Limit ($3/$6 USD) - 2017/08/27 20:47:35 ET
Table 'Hygiea' 6-max Seat #4 is the button
Seat 1: Velbor107 ($280.64 in chips)
Seat 4: dalton135 ($138.14 in chips)
dalton135: posts small blind $1
Velbor107: posts big blind $3
*** HOLE CARDS ***
dalton135: folds
Uncalled bet ($2) returned to Velbor107
Velbor107 collected $2 from pot
*** SUMMARY ***
Total pot $2 | Rake $0
Seat 1: Velbor107 (big blind) collected ($2)
Seat 4: dalton135 (button) (small blind) folded before Flop


PokerStars Hand #174882550503:  Hold'em Limit ($3/$6 USD) - 2017/08/27 20:48:06 ET
Table 'Hygiea' 6-max Seat #1 is the button
Seat 1: Velbor107 ($278.64 in chips)
Seat 4: dalton135 ($139.90 in chips)
Velbor107: posts small blind $1
dalton135: posts big blind $3
*** HOLE CARDS ***
Velbor107: raises $3 to $6
dalton135: folds
Uncalled bet ($3) returned to Velbor107
Velbor107 collected $6 from pot
*** SUMMARY ***
Total pot $6 | Rake $0
Seat 1: Velbor107 (button) (small blind) collected ($6)
Seat 4: dalton135 (big blind) folded before Flop


PokerStars Hand #174882535684:  Hold'em Limit ($3/$6 USD) - 2017/08/27 20:47:31 ET
Table 'Hygiea' 6-max Seat #1 is the button
Seat 1: Velbor107 ($281.64 in chips)
Seat 4: dalton135 ($137.14 in chips)
Velbor107: posts small blind $1
dalton135: posts big blind $3
*** HOLE CARDS ***
Velbor107: folds
Uncalled bet ($2) returned to dalton135
dalton135 collected $2 from pot
dalton135: doesn't show hand
*** SUMMARY ***
Total pot $2 | Rake $0
Seat 1: Velbor107 (button) (small blind) folded before Flop
Seat 4: dalton135 (big blind) collected ($2)


PokerStars Hand #174882533111:  Hold'em Limit ($3/$6 USD) - 2017/08/27 20:47:25 ET
Table 'Hygiea' 6-max Seat #4 is the button
Seat 1: Velbor107 ($284.64 in chips)
Seat 4: dalton135 ($134.14 in chips)
dalton135: posts small blind $1
Velbor107: posts big blind $3
*** HOLE CARDS ***
dalton135: raises $3 to $6
Velbor107: folds
Uncalled bet ($3) returned to dalton135
dalton135 collected $6 from pot
dalton135: doesn't show hand
*** SUMMARY ***
Total pot $6 | Rake $0
Seat 1: Velbor107 (big blind) folded before Flop
Seat 4: dalton135 (button) (small blind) collected ($6)


PokerStars Hand #174882582334:  Hold'em Limit ($3/$6 USD) - 2017/08/27 20:49:22 ET
Table 'Hygiea' 6-max Seat #1 is the button
Seat 1: Velbor107 ($309.78 in chips)
Seat 4: dalton135 ($107.90 in chips)
Velbor107: posts small blind $1
dalton135: posts big blind $3
*** HOLE CARDS ***
Velbor107: raises $3 to $6
dalton135: folds
Uncalled bet ($3) returned to Velbor107
Velbor107 collected $6 from pot
*** SUMMARY ***
Total pot $6 | Rake $0
Seat 1: Velbor107 (button) (small blind) collected ($6)
Seat 4: dalton135 (big blind) folded before Flop


PokerStars Hand #174882580178:  Hold'em Limit ($3/$6 USD) - 2017/08/27 20:49:17 ET
Table 'Hygiea' 6-max Seat #4 is the button
Seat 1: Velbor107 ($308.78 in chips)
Seat 4: dalton135 ($108.90 in chips)
dalton135: posts small blind $1
Velbor107: posts big blind $3
*** HOLE CARDS ***
dalton135: folds
Uncalled bet ($2) returned to Velbor107
Velbor107 collected $2 from pot
*** SUMMARY ***
Total pot $2 | Rake $0
Seat 1: Velbor107 (big blind) collected ($2)
Seat 4: dalton135 (button) (small blind) folded before Flop


PokerStars Hand #174882565870:  Hold'em Limit ($3/$6 USD) - 2017/08/27 20:48:42 ET
Table 'Hygiea' 6-max Seat #1 is the button
Seat 1: Velbor107 ($294.28 in chips)
Seat 4: dalton135 ($123.90 in chips)
Velbor107: posts small blind $1
dalton135: posts big blind $3
*** HOLE CARDS ***
Velbor107: raises $3 to $6
dalton135: calls $3
*** FLOP *** [Jh 4d Th]
dalton135: checks
Velbor107: bets $3
dalton135: calls $3
*** TURN *** [Jh 4d Th] [As]
dalton135: checks
Velbor107: bets $6
dalton135: calls $6
*** RIVER *** [Jh 4d Th As] [Js]
dalton135: checks
Velbor107: bets $6
dalton135: folds
Uncalled bet ($6) returned to Velbor107
Velbor107 collected $29.50 from pot
*** SUMMARY ***
Total pot $30 | Rake $0.50
Board [Jh 4d Th As Js]
Seat 1: Velbor107 (button) (small blind) collected ($29.50)
Seat 4: dalton135 (big blind) folded on the River


PokerStars Hand #174882563744:  Hold'em Limit ($3/$6 USD) - 2017/08/27 20:48:37 ET
Table 'Hygiea' 6-max Seat #4 is the button
Seat 1: Velbor107 ($293.28 in chips)
Seat 4: dalton135 ($124.90 in chips)
dalton135: posts small blind $1
Velbor107: posts big blind $3
*** HOLE CARDS ***
dalton135: folds
Uncalled bet ($2) returned to Velbor107
Velbor107 collected $2 from pot
*** SUMMARY ***
Total pot $2 | Rake $0
Seat 1: Velbor107 (big blind) collected ($2)
Seat 4: dalton135 (button) (small blind) folded before Flop


PokerStars Hand #174882559451:  Hold'em Limit ($3/$6 USD) - 2017/08/27 20:48:27 ET
Table 'Hygiea' 6-max Seat #1 is the button
Seat 1: Velbor107 ($290.28 in chips)
Seat 4: dalton135 ($127.90 in chips)
Velbor107: posts small blind $1
dalton135: posts big blind $3
*** HOLE CARDS ***
Velbor107: raises $3 to $6
dalton135: folds
Uncalled bet ($3) returned to Velbor107
Velbor107 collected $6 from pot
*** SUMMARY ***
Total pot $6 | Rake $0
Seat 1: Velbor107 (button) (small blind) collected ($6)
Seat 4: dalton135 (big blind) folded before Flop


PokerStars Hand #174882599271:  Hold'em Limit ($3/$6 USD) - 2017/08/27 20:50:03 ET
Table 'Hygiea' 6-max Seat #4 is the button
Seat 1: Velbor107 ($302.78 in chips)
Seat 4: dalton135 ($114.54 in chips)
dalton135: posts small blind $1
Velbor107: posts big blind $3
*** HOLE CARDS ***
dalton135: raises $3 to $6
Velbor107: raises $3 to $9
dalton135: calls $3
*** FLOP *** [5s 5c 8d]
Velbor107: bets $3
dalton135: calls $3
*** TURN *** [5s 5c 8d] [5h]
Velbor107: bets $6
dalton135: calls $6
*** RIVER *** [5s 5c 8d 5h] [6c]
Velbor107: bets $6
dalton135: calls $6
*** SHOW DOWN ***
Velbor107: shows [6s 6h] (a full house, Sixes full of Fives)
dalton135: mucks hand
Velbor107 collected $47.50 from pot
*** SUMMARY ***
Total pot $48 | Rake $0.50
Board [5s 5c 8d 5h 6c]
Seat 1: Velbor107 (big blind) showed [6s 6h] and won ($47.50) with a full house, Sixes full of Fives
Seat 4: dalton135 (button) (small blind) mucked


PokerStars Hand #174882597374:  Hold'em Limit ($3/$6 USD) - 2017/08/27 20:49:58 ET
Table 'Hygiea' 6-max Seat #1 is the button
Seat 1: Velbor107 ($303.78 in chips)
Seat 4: dalton135 ($113.54 in chips)
Velbor107: posts small blind $1
dalton135: posts big blind $3
*** HOLE CARDS ***
Velbor107: folds
Uncalled bet ($2) returned to dalton135
dalton135 collected $2 from pot
dalton135: doesn't show hand
*** SUMMARY ***
Total pot $2 | Rake $0
Seat 1: Velbor107 (button) (small blind) folded before Flop
Seat 4: dalton135 (big blind) collected ($2)


PokerStars Hand #174882585233:  Hold'em Limit ($3/$6 USD) - 2017/08/27 20:49:29 ET
Table 'Hygiea' 6-max Seat #4 is the button
Seat 1: Velbor107 ($312.78 in chips)
Seat 4: dalton135 ($104.90 in chips)
dalton135: posts small blind $1
Velbor107: posts big blind $3
*** HOLE CARDS ***
dalton135: raises $3 to $6
Velbor107: calls $3
*** FLOP *** [5s 5h 7s]
Velbor107: checks
dalton135: bets $3
Velbor107: calls $3
*** TURN *** [5s 5h 7s] [3d]
Velbor107: checks
dalton135: checks
*** RIVER *** [5s 5h 7s 3d] [4d]
Velbor107: checks
dalton135: bets $6
Velbor107: folds
Uncalled bet ($6) returned to dalton135
dalton135 collected $17.64 from pot
dalton135: doesn't show hand
*** SUMMARY ***
Total pot $18 | Rake $0.36
Board [5s 5h 7s 3d 4d]
Seat 1: Velbor107 (big blind) folded on the River
Seat 4: dalton135 (button) (small blind) collected ($17.64)


PokerStars Hand #174882611515:  Hold'em Limit ($3/$6 USD) - 2017/08/27 20:50:32 ET
Table 'Hygiea' 6-max Seat #4 is the button
Seat 1: Velbor107 ($329.28 in chips)
Seat 4: dalton135 ($87.54 in chips)
dalton135: posts small blind $1
Velbor107: posts big blind $3
*** HOLE CARDS ***
dalton135: raises $3 to $6
Velbor107: calls $3
*** FLOP *** [2c 6c Ah]
Velbor107: checks
dalton135: checks
*** TURN *** [2c 6c Ah] [5c]
Velbor107: checks
dalton135: bets $6
Velbor107: folds
Uncalled bet ($6) returned to dalton135
dalton135 collected $11.76 from pot
dalton135: doesn't show hand
*** SUMMARY ***
Total pot $12 | Rake $0.24
Board [2c 6c Ah 5c]
Seat 1: Velbor107 (big blind) folded on the Turn
Seat 4: dalton135 (button) (small blind) collected ($11.76)


PokerStars Hand #174882608700:  Hold'em Limit ($3/$6 USD) - 2017/08/27 20:50:25 ET
Table 'Hygiea' 6-max Seat #1 is the button
Seat 1: Velbor107 ($326.28 in chips)
Seat 4: dalton135 ($90.54 in chips)
Velbor107: posts small blind $1
dalton135: posts big blind $3
*** HOLE CARDS ***
Velbor107: raises $3 to $6
dalton135: folds
Uncalled bet ($3) returned to Velbor107
Velbor107 collected $6 from pot
*** SUMMARY ***
Total pot $6 | Rake $0
Seat 1: Velbor107 (button) (small blind) collected ($6)
Seat 4: dalton135 (big blind) folded before Flop


PokerStars Hand #174882653679:  Hold'em Limit ($3/$6 USD) - 2017/08/27 20:52:13 ET
Table 'Hygiea' 6-max Seat #4 is the button
Seat 1: Velbor107 ($346.78 in chips)
Seat 4: dalton135 ($69.30 in chips)
dalton135: posts small blind $1
Velbor107: posts big blind $3
*** HOLE CARDS ***
dalton135: folds
Uncalled bet ($2) returned to Velbor107
Velbor107 collected $2 from pot
*** SUMMARY ***
Total pot $2 | Rake $0
Seat 1: Velbor107 (big blind) collected ($2)
Seat 4: dalton135 (button) (small blind) folded before Flop


PokerStars Hand #174882650639:  Hold'em Limit ($3/$6 USD) - 2017/08/27 20:52:05 ET
Table 'Hygiea' 6-max Seat #1 is the button
Seat 1: Velbor107 ($343.78 in chips)
Seat 4: dalton135 ($72.30 in chips)
Velbor107: posts small blind $1
dalton135: posts big blind $3
*** HOLE CARDS ***
Velbor107: raises $3 to $6
dalton135: folds
Uncalled bet ($3) returned to Velbor107
Velbor107 collected $6 from pot
*** SUMMARY ***
Total pot $6 | Rake $0
Seat 1: Velbor107 (button) (small blind) collected ($6)
Seat 4: dalton135 (big blind) folded before Flop


PokerStars Hand #174882648320:  Hold'em Limit ($3/$6 USD) - 2017/08/27 20:52:00 ET
Table 'Hygiea' 6-max Seat #4 is the button
Seat 1: Velbor107 ($346.78 in chips)
Seat 4: dalton135 ($69.30 in chips)
dalton135: posts small blind $1
Velbor107: posts big blind $3
*** HOLE CARDS ***
dalton135: raises $3 to $6
Velbor107: folds
Uncalled bet ($3) returned to dalton135
dalton135 collected $6 from pot
dalton135: doesn't show hand
*** SUMMARY ***
Total pot $6 | Rake $0
Seat 1: Velbor107 (big blind) folded before Flop
Seat 4: dalton135 (button) (small blind) collected ($6)


PokerStars Hand #174882644427:  Hold'em Limit ($3/$6 USD) - 2017/08/27 20:51:51 ET
Table 'Hygiea' 6-max Seat #1 is the button
Seat 1: Velbor107 ($347.78 in chips)
Seat 4: dalton135 ($68.30 in chips)
Velbor107: posts small blind $1
dalton135: posts big blind $3
*** HOLE CARDS ***
Velbor107: folds
Uncalled bet ($2) returned to dalton135
dalton135 collected $2 from pot
dalton135: doesn't show hand
*** SUMMARY ***
Total pot $2 | Rake $0
Seat 1: Velbor107 (button) (small blind) folded before Flop
Seat 4: dalton135 (big blind) collected ($2)


PokerStars Hand #174882641914:  Hold'em Limit ($3/$6 USD) - 2017/08/27 20:51:45 ET
Table 'Hygiea' 6-max Seat #4 is the button
Seat 1: Velbor107 ($346.78 in chips)
Seat 4: dalton135 ($69.30 in chips)
dalton135: posts small blind $1
Velbor107: posts big blind $3
*** HOLE CARDS ***
dalton135: folds
Uncalled bet ($2) returned to Velbor107
Velbor107 collected $2 from pot
*** SUMMARY ***
Total pot $2 | Rake $0
Seat 1: Velbor107 (big blind) collected ($2)
Seat 4: dalton135 (button) (small blind) folded before Flop


PokerStars Hand #174882638327:  Hold'em Limit ($3/$6 USD) - 2017/08/27 20:51:36 ET
Table 'Hygiea' 6-max Seat #1 is the button
Seat 1: Velbor107 ($347.78 in chips)
Seat 4: dalton135 ($68.30 in chips)
Velbor107: posts small blind $1
dalton135: posts big blind $3
*** HOLE CARDS ***
Velbor107: folds
Uncalled bet ($2) returned to dalton135
dalton135 collected $2 from pot
dalton135: doesn't show hand
*** SUMMARY ***
Total pot $2 | Rake $0
Seat 1: Velbor107 (button) (small blind) folded before Flop
Seat 4: dalton135 (big blind) collected ($2)


PokerStars Hand #174882636320:  Hold'em Limit ($3/$6 USD) - 2017/08/27 20:51:32 ET
Table 'Hygiea' 6-max Seat #4 is the button
Seat 1: Velbor107 ($346.78 in chips)
Seat 4: dalton135 ($69.30 in chips)
dalton135: posts small blind $1
Velbor107: posts big blind $3
*** HOLE CARDS ***
dalton135: folds
Uncalled bet ($2) returned to Velbor107
Velbor107 collected $2 from pot
*** SUMMARY ***
Total pot $2 | Rake $0
Seat 1: Velbor107 (big blind) collected ($2)
Seat 4: dalton135 (button) (small blind) folded before Flop


PokerStars Hand #174882620698:  Hold'em Limit ($3/$6 USD) - 2017/08/27 20:50:54 ET
Table 'Hygiea' 6-max Seat #1 is the button
Seat 1: Velbor107 ($323.28 in chips)
Seat 4: dalton135 ($93.30 in chips)
Velbor107: posts small blind $1
dalton135: posts big blind $3
*** HOLE CARDS ***
Velbor107: raises $3 to $6
dalton135: raises $3 to $9
Velbor107: calls $3
*** FLOP *** [6h 5d 6d]
dalton135: bets $3
Velbor107: calls $3
*** TURN *** [6h 5d 6d] [Jd]
dalton135: bets $6
Velbor107: calls $6
*** RIVER *** [6h 5d 6d Jd] [3h]
dalton135: bets $6
Velbor107: calls $6
*** SHOW DOWN ***
dalton135: shows [9d Ks] (a pair of Sixes)
Velbor107: shows [7d Js] (two pair, Jacks and Sixes)
Velbor107 collected $47.50 from pot
*** SUMMARY ***
Total pot $48 | Rake $0.50
Board [6h 5d 6d Jd 3h]
Seat 1: Velbor107 (button) (small blind) showed [7d Js] and won ($47.50) with two pair, Jacks and Sixes
Seat 4: dalton135 (big blind) showed [9d Ks] and lost with a pair of Sixes


PokerStars Hand #174882677591:  Hold'em Limit ($3/$6 USD) - 2017/08/27 20:53:10 ET
Table 'Hygiea' 6-max Seat #4 is the button
Seat 1: Velbor107 ($358.28 in chips)
Seat 4: dalton135 ($57.06 in chips)
dalton135: posts small blind $1
Velbor107: posts big blind $3
*** HOLE CARDS ***
dalton135: raises $3 to $6
Velbor107: folds
Uncalled bet ($3) returned to dalton135
dalton135 collected $6 from pot
dalton135: doesn't show hand
*** SUMMARY ***
Total pot $6 | Rake $0
Seat 1: Velbor107 (big blind) folded before Flop
Seat 4: dalton135 (button) (small blind) collected ($6)


PokerStars Hand #174882674479:  Hold'em Limit ($3/$6 USD) - 2017/08/27 20:53:02 ET
Table 'Hygiea' 6-max Seat #1 is the button
Seat 1: Velbor107 ($359.28 in chips)
Seat 4: dalton135 ($56.06 in chips)
Velbor107: posts small blind $1
dalton135: posts big blind $3
*** HOLE CARDS ***
Velbor107: folds
Uncalled bet ($2) returned to dalton135
dalton135 collected $2 from pot
dalton135: doesn't show hand
*** SUMMARY ***
Total pot $2 | Rake $0
Seat 1: Velbor107 (button) (small blind) folded before Flop
Seat 4: dalton135 (big blind) collected ($2)


PokerStars Hand #174882663181:  Hold'em Limit ($3/$6 USD) - 2017/08/27 20:52:35 ET
Table 'Hygiea' 6-max Seat #4 is the button
Seat 1: Velbor107 ($341.78 in chips)
Seat 4: dalton135 ($74.06 in chips)
dalton135: posts small blind $1
Velbor107: posts big blind $3
*** HOLE CARDS ***
dalton135: raises $3 to $6
Velbor107: calls $3
*** FLOP *** [3c Td 2c]
Velbor107: checks
dalton135: bets $3
Velbor107: raises $3 to $6
dalton135: calls $3
*** TURN *** [3c Td 2c] [6s]
Velbor107: bets $6
dalton135: calls $6
*** RIVER *** [3c Td 2c 6s] [Qs]
Velbor107: bets $6
dalton135: folds
Uncalled bet ($6) returned to Velbor107
Velbor107 collected $35.50 from pot
*** SUMMARY ***
Total pot $36 | Rake $0.50
Board [3c Td 2c 6s Qs]
Seat 1: Velbor107 (big blind) collected ($35.50)
Seat 4: dalton135 (button) (small blind) folded on the River


PokerStars Hand #174882655561:  Hold'em Limit ($3/$6 USD) - 2017/08/27 20:52:17 ET
Table 'Hygiea' 6-max Seat #1 is the button
Seat 1: Velbor107 ($347.78 in chips)
Seat 4: dalton135 ($68.30 in chips)
Velbor107: posts small blind $1
dalton135: posts big blind $3
*** HOLE CARDS ***
Velbor107: raises $3 to $6
dalton135: calls $3
*** FLOP *** [2d 5c Kh]
dalton135: checks
Velbor107: checks
*** TURN *** [2d 5c Kh] [8h]
dalton135: bets $6
Velbor107: folds
Uncalled bet ($6) returned to dalton135
dalton135 collected $11.76 from pot
dalton135: doesn't show hand
*** SUMMARY ***
Total pot $12 | Rake $0.24
Board [2d 5c Kh 8h]
Seat 1: Velbor107 (button) (small blind) folded on the Turn
Seat 4: dalton135 (big blind) collected ($11.76)


PokerStars Hand #174882696883:  Hold'em Limit ($3/$6 USD) - 2017/08/27 20:53:54 ET
Table 'Hygiea' 6-max Seat #4 is the button
Seat 1: Velbor107 ($381.78 in chips)
Seat 4: dalton135 ($33.06 in chips)
dalton135: posts small blind $1
Velbor107: posts big blind $3
*** HOLE CARDS ***
dalton135: raises $3 to $6
Velbor107: folds
Uncalled bet ($3) returned to dalton135
dalton135 collected $6 from pot
dalton135: doesn't show hand
*** SUMMARY ***
Total pot $6 | Rake $0
Seat 1: Velbor107 (big blind) folded before Flop
Seat 4: dalton135 (button) (small blind) collected ($6)


PokerStars Hand #174882682947:  Hold'em Limit ($3/$6 USD) - 2017/08/27 20:53:21 ET
Table 'Hygiea' 6-max Seat #1 is the button
Seat 1: Velbor107 ($355.28 in chips)
Seat 4: dalton135 ($60.06 in chips)
Velbor107: posts small blind $1
dalton135: posts big blind $3
*** HOLE CARDS ***
Velbor107: raises $3 to $6
dalton135: raises $3 to $9
Velbor107: calls $3
*** FLOP *** [8h 2s 4c]
dalton135: bets $3
Velbor107: raises $3 to $6
dalton135: calls $3
*** TURN *** [8h 2s 4c] [Jd]
dalton135: checks
Velbor107: checks
*** RIVER *** [8h 2s 4c Jd] [3d]
dalton135: bets $6
Velbor107: raises $6 to $12
dalton135: calls $6
*** SHOW DOWN ***
Velbor107: shows [5h 6c] (a straight, Deuce to Six)
dalton135: mucks hand
Velbor107 collected $53.50 from pot
*** SUMMARY ***
Total pot $54 | Rake $0.50
Board [8h 2s 4c Jd 3d]
Seat 1: Velbor107 (button) (small blind) showed [5h 6c] and won ($53.50) with a straight, Deuce to Six
Seat 4: dalton135 (big blind) mucked


