PokerStars Hand #174110739021:  Hold'em Limit ($3/$6 USD) - 2017/08/09 7:33:36 ET
Table 'Hygiea II' 6-max Seat #4 is the button
Seat 1: apx0surry9 ($108 in chips)
Seat 4: VolkovDmitri ($125.76 in chips)
VolkovDmitri: posts small blind $1
apx0surry9: posts big blind $3
*** HOLE CARDS ***
VolkovDmitri: raises $3 to $6
apx0surry9: raises $3 to $9
VolkovDmitri: calls $3
*** FLOP *** [9h 6h 2d]
apx0surry9: checks
VolkovDmitri: bets $3
apx0surry9: calls $3
*** TURN *** [9h 6h 2d] [4h]
apx0surry9: checks
VolkovDmitri: checks
*** RIVER *** [9h 6h 2d 4h] [7h]
t9pkin joins the table at seat #2
apx0surry9: bets $6
VolkovDmitri: folds
Uncalled bet ($6) returned to apx0surry9
apx0surry9 collected $23.52 from pot
apx0surry9: doesn't show hand
*** SUMMARY ***
Total pot $24 | Rake $0.48
Board [9h 6h 2d 4h 7h]
Seat 1: apx0surry9 (big blind) collected ($23.52)
Seat 4: VolkovDmitri (button) (small blind) folded on the River


PokerStars Hand #174110752538:  Hold'em Limit ($3/$6 USD) - 2017/08/09 7:34:09 ET
Table 'Hygiea II' 6-max Seat #1 is the button
Seat 1: apx0surry9 ($119.52 in chips)
Seat 2: t9pkin ($120 in chips)
apx0surry9: posts small blind $1
t9pkin: posts big blind $3
*** HOLE CARDS ***
apx0surry9: raises $3 to $6
t9pkin: folds
Uncalled bet ($3) returned to apx0surry9
apx0surry9 collected $6 from pot
*** SUMMARY ***
Total pot $6 | Rake $0
Seat 1: apx0surry9 (button) (small blind) collected ($6)
Seat 2: t9pkin (big blind) folded before Flop


