PokerStars Hand #171872755404:  Hold'em Limit ($3/$6 USD) - 2017/06/16 23:05:49 ET
Table 'Hygiea' 6-max Seat #1 is the button
Seat 1: Chessnok ($120 in chips)
Seat 3: guinness5860 ($120 in chips)
Chessnok: posts small blind $1
guinness5860: posts big blind $3
*** HOLE CARDS ***
Chessnok: raises $3 to $6
guinness5860: calls $3
*** FLOP *** [6d Js 3d]
guinness5860: checks
Chessnok: bets $3
guinness5860: folds
Uncalled bet ($3) returned to Chessnok
Chessnok collected $11.76 from pot
Chessnok: doesn't show hand
*** SUMMARY ***
Total pot $12 | Rake $0.24
Board [6d Js 3d]
Seat 1: Chessnok (button) (small blind) collected ($11.76)
Seat 3: guinness5860 (big blind) folded on the Flop


PokerStars Hand #171872760383:  Hold'em Limit ($3/$6 USD) - 2017/06/16 23:06:04 ET
Table 'Hygiea' 6-max Seat #3 is the button
Seat 1: Chessnok ($125.76 in chips)
Seat 3: guinness5860 ($114 in chips)
guinness5860: posts small blind $1
Chessnok: posts big blind $3
*** HOLE CARDS ***
guinness5860: calls $2
Chessnok: raises $3 to $6
guinness5860: calls $3
*** FLOP *** [9s 3s 8h]
Chessnok: bets $3
guinness5860: calls $3
*** TURN *** [9s 3s 8h] [Tc]
Chessnok: checks
guinness5860: checks
*** RIVER *** [9s 3s 8h Tc] [Jd]
Chessnok: checks
guinness5860: bets $6
Chessnok: calls $6
*** SHOW DOWN ***
guinness5860: shows [8c 6d] (a pair of Eights)
Chessnok: shows [Ad 8d] (a pair of Eights - Ace kicker)
Chessnok collected $29.50 from pot
*** SUMMARY ***
Total pot $30 | Rake $0.50
Board [9s 3s 8h Tc Jd]
Seat 1: Chessnok (big blind) showed [Ad 8d] and won ($29.50) with a pair of Eights
Seat 3: guinness5860 (button) (small blind) showed [8c 6d] and lost with a pair of Eights


PokerStars Hand #171872770182:  Hold'em Limit ($3/$6 USD) - 2017/06/16 23:06:35 ET
Table 'Hygiea' 6-max Seat #1 is the button
Seat 1: Chessnok ($140.26 in chips)
Seat 3: guinness5860 ($99 in chips)
Chessnok: posts small blind $1
guinness5860: posts big blind $3
*** HOLE CARDS ***
Chessnok: raises $3 to $6
guinness5860: calls $3
*** FLOP *** [Jc 4c 6s]
guinness5860: checks
Chessnok: bets $3
guinness5860: calls $3
*** TURN *** [Jc 4c 6s] [Qs]
guinness5860: checks
Chessnok: bets $6
guinness5860: folds
Uncalled bet ($6) returned to Chessnok
Chessnok collected $17.64 from pot
Chessnok: doesn't show hand
*** SUMMARY ***
Total pot $18 | Rake $0.36
Board [Jc 4c 6s Qs]
Seat 1: Chessnok (button) (small blind) collected ($17.64)
Seat 3: guinness5860 (big blind) folded on the Turn


PokerStars Hand #171872776217:  Hold'em Limit ($3/$6 USD) - 2017/06/16 23:06:54 ET
Table 'Hygiea' 6-max Seat #3 is the button
Seat 1: Chessnok ($148.90 in chips)
Seat 3: guinness5860 ($90 in chips)
guinness5860: posts small blind $1
Chessnok: posts big blind $3
*** HOLE CARDS ***
guinness5860: folds
Uncalled bet ($2) returned to Chessnok
Chessnok collected $2 from pot
Chessnok: doesn't show hand
*** SUMMARY ***
Total pot $2 | Rake $0
Seat 1: Chessnok (big blind) collected ($2)
Seat 3: guinness5860 (button) (small blind) folded before Flop


PokerStars Hand #171872778728:  Hold'em Limit ($3/$6 USD) - 2017/06/16 23:07:02 ET
Table 'Hygiea' 6-max Seat #1 is the button
Seat 1: Chessnok ($149.90 in chips)
Seat 3: guinness5860 ($89 in chips)
Chessnok: posts small blind $1
guinness5860: posts big blind $3
*** HOLE CARDS ***
Chessnok: raises $3 to $6
guinness5860: calls $3
*** FLOP *** [4h Tc 4c]
guinness5860: checks
Chessnok: bets $3
guinness5860: calls $3
*** TURN *** [4h Tc 4c] [6h]
guinness5860: checks
Chessnok: bets $6
guinness5860: calls $6
*** RIVER *** [4h Tc 4c 6h] [As]
guinness5860: bets $6
Chessnok: calls $6
*** SHOW DOWN ***
guinness5860: shows [8s 7d] (a pair of Fours)
Chessnok: shows [7c 7h] (two pair, Sevens and Fours)
Chessnok collected $41.50 from pot
*** SUMMARY ***
Total pot $42 | Rake $0.50
Board [4h Tc 4c 6h As]
Seat 1: Chessnok (button) (small blind) showed [7c 7h] and won ($41.50) with two pair, Sevens and Fours
Seat 3: guinness5860 (big blind) showed [8s 7d] and lost with a pair of Fours


PokerStars Hand #171872787090:  Hold'em Limit ($3/$6 USD) - 2017/06/16 23:07:28 ET
Table 'Hygiea' 6-max Seat #3 is the button
Seat 1: Chessnok ($170.40 in chips)
Seat 3: guinness5860 ($68 in chips)
guinness5860: posts small blind $1
Chessnok: posts big blind $3
*** HOLE CARDS ***
guinness5860: folds
Uncalled bet ($2) returned to Chessnok
Chessnok collected $2 from pot
Chessnok: doesn't show hand
*** SUMMARY ***
Total pot $2 | Rake $0
Seat 1: Chessnok (big blind) collected ($2)
Seat 3: guinness5860 (button) (small blind) folded before Flop


PokerStars Hand #171872795464:  Hold'em Limit ($3/$6 USD) - 2017/06/16 23:07:54 ET
Table 'Hygiea' 6-max Seat #3 is the button
Seat 1: Chessnok ($159.40 in chips)
Seat 3: guinness5860 ($78.52 in chips)
guinness5860: posts small blind $1
Chessnok: posts big blind $3
*** HOLE CARDS ***
guinness5860: calls $2
Chessnok: raises $3 to $6
guinness5860: calls $3
*** FLOP *** [7h 5d 7s]
Chessnok: bets $3
guinness5860: calls $3
*** TURN *** [7h 5d 7s] [6s]
Chessnok: bets $6
guinness5860: calls $6
*** RIVER *** [7h 5d 7s 6s] [Js]
Chessnok: checks
guinness5860: bets $6
Chessnok: calls $6
*** SHOW DOWN ***
guinness5860: shows [Ts 8s] (a flush, Jack high)
Chessnok: mucks hand
guinness5860 collected $41.50 from pot
*** SUMMARY ***
Total pot $42 | Rake $0.50
Board [7h 5d 7s 6s Js]
Seat 1: Chessnok (big blind) mucked
Seat 3: guinness5860 (button) (small blind) showed [Ts 8s] and won ($41.50) with a flush, Jack high


PokerStars Hand #171872801552:  Hold'em Limit ($3/$6 USD) - 2017/06/16 23:08:13 ET
Table 'Hygiea' 6-max Seat #1 is the button
Seat 1: Chessnok ($138.40 in chips)
Seat 3: guinness5860 ($99.02 in chips)
Chessnok: posts small blind $1
guinness5860: posts big blind $3
*** HOLE CARDS ***
Chessnok: raises $3 to $6
BABEL.111113 joins the table at seat #4
guinness5860: folds
Uncalled bet ($3) returned to Chessnok
Chessnok collected $6 from pot
Chessnok: doesn't show hand
*** SUMMARY ***
Total pot $6 | Rake $0
Seat 1: Chessnok (button) (small blind) collected ($6)
Seat 3: guinness5860 (big blind) folded before Flop


PokerStars Hand #171872788806:  Hold'em Limit ($3/$6 USD) - 2017/06/16 23:07:34 ET
Table 'Hygiea' 6-max Seat #1 is the button
Seat 1: Chessnok ($171.40 in chips)
Seat 3: guinness5860 ($67 in chips)
Chessnok: posts small blind $1
guinness5860: posts big blind $3
*** HOLE CARDS ***
Chessnok: raises $3 to $6
guinness5860: raises $3 to $9
Chessnok: calls $3
*** FLOP *** [Kd Ac Ks]
guinness5860: bets $3
Chessnok: calls $3
*** TURN *** [Kd Ac Ks] [3s]
guinness5860: bets $6
Chessnok: folds
Uncalled bet ($6) returned to guinness5860
guinness5860 collected $23.52 from pot
guinness5860: doesn't show hand
*** SUMMARY ***
Total pot $24 | Rake $0.48
Board [Kd Ac Ks 3s]
Seat 1: Chessnok (button) (small blind) folded on the Turn
Seat 3: guinness5860 (big blind) collected ($23.52)


PokerStars Hand #171873160093:  Hold'em Limit ($3/$6 USD) - 2017/06/16 23:27:00 ET
Table 'Hygiea' 6-max Seat #1 is the button
Seat 1: Chessnok ($107.44 in chips)
Seat 5: Azrarn ($139.98 in chips)
Chessnok: posts small blind $1
BABEL.111113: is sitting out
Azrarn: posts big blind $3
*** HOLE CARDS ***
Chessnok: raises $3 to $6
Azrarn: calls $3
*** FLOP *** [6d Js Tc]
Azrarn: checks
Chessnok: bets $3
Azrarn: calls $3
*** TURN *** [6d Js Tc] [7d]
Azrarn: checks
Chessnok: checks
*** RIVER *** [6d Js Tc 7d] [3c]
Azrarn: bets $6
Chessnok: calls $6
*** SHOW DOWN ***
Azrarn: shows [Ts Kd] (a pair of Tens)
Chessnok: mucks hand
Azrarn collected $29.50 from pot
*** SUMMARY ***
Total pot $30 | Rake $0.50
Board [6d Js Tc 7d 3c]
Seat 1: Chessnok (button) (small blind) mucked
Seat 5: Azrarn (big blind) showed [Ts Kd] and won ($29.50) with a pair of Tens


PokerStars Hand #171873208695:  Hold'em Limit ($3/$6 USD) - 2017/06/16 23:29:42 ET
Table 'Hygiea' 6-max Seat #3 is the button
Seat 1: Chessnok ($83.44 in chips)
Seat 3: guinness5860 ($72.20 in chips)
guinness5860: posts small blind $1
Chessnok: posts big blind $3
*** HOLE CARDS ***
guinness5860: calls $2
Chessnok: checks
*** FLOP *** [5s Qc 3h]
Chessnok: bets $3
guinness5860: calls $3
*** TURN *** [5s Qc 3h] [Qh]
Chessnok: bets $6
guinness5860: calls $6
*** RIVER *** [5s Qc 3h Qh] [Th]
Chessnok: bets $6
guinness5860: folds
Uncalled bet ($6) returned to Chessnok
Chessnok collected $23.52 from pot
Chessnok: doesn't show hand
*** SUMMARY ***
Total pot $24 | Rake $0.48
Board [5s Qc 3h Qh Th]
Seat 1: Chessnok (big blind) collected ($23.52)
Seat 3: guinness5860 (button) (small blind) folded on the River


PokerStars Hand #171873200785:  Hold'em Limit ($3/$6 USD) - 2017/06/16 23:29:15 ET
Table 'Hygiea' 6-max Seat #1 is the button
Seat 1: Chessnok ($92.44 in chips)
Seat 3: guinness5860 ($63.56 in chips)
Chessnok: posts small blind $1
guinness5860: posts big blind $3
*** HOLE CARDS ***
Chessnok: raises $3 to $6
guinness5860: calls $3
*** FLOP *** [4s 2s Ac]
guinness5860: checks
Chessnok: bets $3
guinness5860: calls $3
*** TURN *** [4s 2s Ac] [8c]
guinness5860: checks
Chessnok: checks
*** RIVER *** [4s 2s Ac 8c] [7s]
guinness5860: bets $6
Chessnok: folds
Uncalled bet ($6) returned to guinness5860
guinness5860 collected $17.64 from pot
guinness5860: doesn't show hand
*** SUMMARY ***
Total pot $18 | Rake $0.36
Board [4s 2s Ac 8c 7s]
Seat 1: Chessnok (button) (small blind) folded on the River
Seat 3: guinness5860 (big blind) collected ($17.64)


PokerStars Hand #171873213974:  Hold'em Limit ($3/$6 USD) - 2017/06/16 23:30:00 ET
Table 'Hygiea' 6-max Seat #1 is the button
Seat 1: Chessnok ($94.96 in chips)
Seat 3: guinness5860 ($60.20 in chips)
Chessnok: posts small blind $1
guinness5860: posts big blind $3
*** HOLE CARDS ***
Chessnok: raises $3 to $6
guinness5860: calls $3
*** FLOP *** [7s 7h 5d]
guinness5860: checks
Chessnok: bets $3
guinness5860: calls $3
*** TURN *** [7s 7h 5d] [Js]
guinness5860: checks
Chessnok: bets $6
guinness5860: raises $6 to $12
Chessnok: calls $6
*** RIVER *** [7s 7h 5d Js] [Qd]
guinness5860: bets $6
Chessnok: calls $6
*** SHOW DOWN ***
guinness5860: shows [Ad Kc] (a pair of Sevens)
Chessnok: shows [Jd 6h] (two pair, Jacks and Sevens)
Chessnok collected $53.50 from pot
*** SUMMARY ***
Total pot $54 | Rake $0.50
Board [7s 7h 5d Js Qd]
Seat 1: Chessnok (button) (small blind) showed [Jd 6h] and won ($53.50) with two pair, Jacks and Sevens
Seat 3: guinness5860 (big blind) showed [Ad Kc] and lost with a pair of Sevens


PokerStars Hand #171873220910:  Hold'em Limit ($3/$6 USD) - 2017/06/16 23:30:22 ET
Table 'Hygiea' 6-max Seat #3 is the button
Seat 1: Chessnok ($121.46 in chips)
Seat 3: guinness5860 ($33.20 in chips)
guinness5860: posts small blind $1
Chessnok: posts big blind $3
*** HOLE CARDS ***
guinness5860: calls $2
Chessnok: raises $3 to $6
guinness5860: calls $3
*** FLOP *** [5c 4c 9c]
Chessnok: bets $3
guinness5860: calls $3
*** TURN *** [5c 4c 9c] [3c]
Chessnok: bets $6
guinness5860: folds
Uncalled bet ($6) returned to Chessnok
Chessnok collected $17.64 from pot
Chessnok: doesn't show hand
*** SUMMARY ***
Total pot $18 | Rake $0.36
Board [5c 4c 9c 3c]
Seat 1: Chessnok (big blind) collected ($17.64)
Seat 3: guinness5860 (button) (small blind) folded on the Turn


PokerStars Hand #171873234247:  Hold'em Limit ($3/$6 USD) - 2017/06/16 23:31:07 ET
Table 'Hygiea' 6-max Seat #3 is the button
Seat 1: Chessnok ($121.10 in chips)
Seat 3: guinness5860 ($32.84 in chips)
guinness5860: posts small blind $1
Chessnok: posts big blind $3
ElverGalinda joins the table at seat #4
*** HOLE CARDS ***
guinness5860: calls $2
Chessnok: raises $3 to $6
guinness5860: calls $3
*** FLOP *** [Jh 9c 8c]
Chessnok: bets $3
guinness5860: calls $3
*** TURN *** [Jh 9c 8c] [6d]
Chessnok: bets $6
guinness5860: raises $6 to $12
Chessnok: raises $6 to $18
guinness5860: raises $5.84 to $23.84 and is all-in
Betting is capped
Chessnok: calls $5.84
*** RIVER *** [Jh 9c 8c 6d] [Jc]
*** SHOW DOWN ***
Chessnok: shows [Jd 8d] (a full house, Jacks full of Eights)
guinness5860: shows [9s 8h] (two pair, Jacks and Nines)
Chessnok collected $65.18 from pot
*** SUMMARY ***
Total pot $65.68 | Rake $0.50
Board [Jh 9c 8c 6d Jc]
Seat 1: Chessnok (big blind) showed [Jd 8d] and won ($65.18) with a full house, Jacks full of Eights
Seat 3: guinness5860 (button) (small blind) showed [9s 8h] and lost with two pair, Jacks and Nines


PokerStars Hand #171873230115:  Hold'em Limit ($3/$6 USD) - 2017/06/16 23:30:53 ET
Table 'Hygiea' 6-max Seat #1 is the button
Seat 1: Chessnok ($130.10 in chips)
Seat 3: guinness5860 ($24.20 in chips)
Chessnok: posts small blind $1
guinness5860: posts big blind $3
*** HOLE CARDS ***
Chessnok: raises $3 to $6
guinness5860: calls $3
*** FLOP *** [6d Ks 2h]
guinness5860: checks
Chessnok: bets $3
guinness5860: calls $3
*** TURN *** [6d Ks 2h] [Jh]
guinness5860: bets $6
Chessnok: folds
Uncalled bet ($6) returned to guinness5860
guinness5860 collected $17.64 from pot
guinness5860: doesn't show hand
*** SUMMARY ***
Total pot $18 | Rake $0.36
Board [6d Ks 2h Jh]
Seat 1: Chessnok (button) (small blind) folded on the Turn
Seat 3: guinness5860 (big blind) collected ($17.64)


PokerStars Hand #171873227934:  Hold'em Limit ($3/$6 USD) - 2017/06/16 23:30:46 ET
Table 'Hygiea' 6-max Seat #3 is the button
Seat 1: Chessnok ($129.10 in chips)
Seat 3: guinness5860 ($25.20 in chips)
guinness5860: posts small blind $1
Chessnok: posts big blind $3
*** HOLE CARDS ***
guinness5860: folds
Uncalled bet ($2) returned to Chessnok
Chessnok collected $2 from pot
Chessnok: doesn't show hand
*** SUMMARY ***
Total pot $2 | Rake $0
Seat 1: Chessnok (big blind) collected ($2)
Seat 3: guinness5860 (button) (small blind) folded before Flop


PokerStars Hand #171873225477:  Hold'em Limit ($3/$6 USD) - 2017/06/16 23:30:38 ET
Table 'Hygiea' 6-max Seat #1 is the button
Seat 1: Chessnok ($130.10 in chips)
Seat 3: guinness5860 ($24.20 in chips)
Chessnok: posts small blind $1
guinness5860: posts big blind $3
*** HOLE CARDS ***
Chessnok: folds
Uncalled bet ($2) returned to guinness5860
guinness5860 collected $2 from pot
guinness5860: doesn't show hand
*** SUMMARY ***
Total pot $2 | Rake $0
Seat 1: Chessnok (button) (small blind) folded before Flop
Seat 3: guinness5860 (big blind) collected ($2)


PokerStars Hand #171873247467:  Hold'em Limit ($3/$6 USD) - 2017/06/16 23:31:51 ET
Table 'Hygiea' 6-max Seat #4 is the button
Seat 1: Chessnok ($129.44 in chips)
Seat 4: ElverGalinda ($95.50 in chips)
ElverGalinda: posts small blind $1
Chessnok: posts big blind $3
*** HOLE CARDS ***
ElverGalinda: raises $3 to $6
Chessnok: folds
Uncalled bet ($3) returned to ElverGalinda
ElverGalinda collected $6 from pot
*** SUMMARY ***
Total pot $6 | Rake $0
Seat 1: Chessnok (big blind) folded before Flop
Seat 4: ElverGalinda (button) (small blind) collected ($6)


PokerStars Hand #171873240347:  Hold'em Limit ($3/$6 USD) - 2017/06/16 23:31:28 ET
Table 'Hygiea' 6-max Seat #1 is the button
Seat 1: Chessnok ($153.44 in chips)
Seat 4: ElverGalinda ($72 in chips)
Chessnok: posts small blind $1
ElverGalinda: posts big blind $3
*** HOLE CARDS ***
Chessnok: raises $3 to $6
ElverGalinda: calls $3
*** FLOP *** [8c 3c Td]
ElverGalinda: checks
Chessnok: bets $3
ElverGalinda: raises $3 to $6
Chessnok: calls $3
*** TURN *** [8c 3c Td] [4c]
ElverGalinda: bets $6
Chessnok: calls $6
*** RIVER *** [8c 3c Td 4c] [9c]
ElverGalinda: bets $6
Chessnok: calls $6
*** SHOW DOWN ***
ElverGalinda: shows [3s 4h] (two pair, Fours and Threes)
Chessnok: mucks hand
ElverGalinda collected $47.50 from pot
*** SUMMARY ***
Total pot $48 | Rake $0.50
Board [8c 3c Td 4c 9c]
Seat 1: Chessnok (button) (small blind) mucked
Seat 4: ElverGalinda (big blind) showed [3s 4h] and won ($47.50) with two pair, Fours and Threes


PokerStars Hand #171873536922:  Hold'em Limit ($3/$6 USD) - 2017/06/16 23:48:05 ET
Table 'Hygiea' 6-max Seat #1 is the button
Seat 1: Chessnok ($118.88 in chips)
Seat 4: ElverGalinda ($114.38 in chips)
Chessnok: posts small blind $1
ElverGalinda: posts big blind $3
*** HOLE CARDS ***
Chessnok: raises $3 to $6
ElverGalinda: folds
Uncalled bet ($3) returned to Chessnok
Chessnok collected $6 from pot
Chessnok: doesn't show hand
*** SUMMARY ***
Total pot $6 | Rake $0
Seat 1: Chessnok (button) (small blind) collected ($6)
Seat 4: ElverGalinda (big blind) folded before Flop


PokerStars Hand #171873535447:  Hold'em Limit ($3/$6 USD) - 2017/06/16 23:48:00 ET
Table 'Hygiea' 6-max Seat #4 is the button
Seat 1: Chessnok ($117.88 in chips)
Seat 4: ElverGalinda ($115.38 in chips)
MIBondiola leaves the table
ElverGalinda: posts small blind $1
Chessnok: posts big blind $3
*** HOLE CARDS ***
ElverGalinda: folds
Uncalled bet ($2) returned to Chessnok
Chessnok collected $2 from pot
Chessnok: doesn't show hand
*** SUMMARY ***
Total pot $2 | Rake $0
Seat 1: Chessnok (big blind) collected ($2)
Seat 4: ElverGalinda (button) (small blind) folded before Flop


PokerStars Hand #171873540597:  Hold'em Limit ($3/$6 USD) - 2017/06/16 23:48:17 ET
Table 'Hygiea' 6-max Seat #1 is the button
Seat 1: Chessnok ($118.88 in chips)
Seat 4: ElverGalinda ($114.38 in chips)
Chessnok: posts small blind $1
ElverGalinda: posts big blind $3
*** HOLE CARDS ***
Chessnok: folds
Uncalled bet ($2) returned to ElverGalinda
ElverGalinda collected $2 from pot
*** SUMMARY ***
Total pot $2 | Rake $0
Seat 1: Chessnok (button) (small blind) folded before Flop
Seat 4: ElverGalinda (big blind) collected ($2)


PokerStars Hand #171873560633:  Hold'em Limit ($3/$6 USD) - 2017/06/16 23:48:54 ET
Table 'Hygiea' 6-max Seat #1 is the button
Seat 1: Chessnok ($121.52 in chips)
Seat 4: ElverGalinda ($111.14 in chips)
Chessnok: posts small blind $1
ElverGalinda: posts big blind $3
*** HOLE CARDS ***
Chessnok: folds
Uncalled bet ($2) returned to ElverGalinda
ElverGalinda collected $2 from pot
*** SUMMARY ***
Total pot $2 | Rake $0
Seat 1: Chessnok (button) (small blind) folded before Flop
Seat 4: ElverGalinda (big blind) collected ($2)


PokerStars Hand #171873558908:  Hold'em Limit ($3/$6 USD) - 2017/06/16 23:48:48 ET
Table 'Hygiea' 6-max Seat #4 is the button
Seat 1: Chessnok ($120.52 in chips)
Seat 4: ElverGalinda ($112.14 in chips)
ElverGalinda: posts small blind $1
Chessnok: posts big blind $3
*** HOLE CARDS ***
ElverGalinda: folds
Uncalled bet ($2) returned to Chessnok
Chessnok collected $2 from pot
Chessnok: doesn't show hand
*** SUMMARY ***
Total pot $2 | Rake $0
Seat 1: Chessnok (big blind) collected ($2)
Seat 4: ElverGalinda (button) (small blind) folded before Flop


PokerStars Hand #171873554862:  Hold'em Limit ($3/$6 USD) - 2017/06/16 23:48:35 ET
Table 'Hygiea' 6-max Seat #1 is the button
Seat 1: Chessnok ($111.88 in chips)
Seat 4: ElverGalinda ($121.14 in chips)
Chessnok: posts small blind $1
ElverGalinda: posts big blind $3
*** HOLE CARDS ***
Chessnok: raises $3 to $6
ElverGalinda: calls $3
*** FLOP *** [Jc 2s 3c]
ElverGalinda: checks
Chessnok: bets $3
ElverGalinda: calls $3
*** TURN *** [Jc 2s 3c] [9d]
ElverGalinda: checks
Chessnok: bets $6
ElverGalinda: folds
Uncalled bet ($6) returned to Chessnok
Chessnok collected $17.64 from pot
Chessnok: doesn't show hand
*** SUMMARY ***
Total pot $18 | Rake $0.36
Board [Jc 2s 3c 9d]
Seat 1: Chessnok (button) (small blind) collected ($17.64)
Seat 4: ElverGalinda (big blind) folded on the Turn


PokerStars Hand #171873550996:  Hold'em Limit ($3/$6 USD) - 2017/06/16 23:48:22 ET
Table 'Hygiea' 6-max Seat #4 is the button
Seat 1: Chessnok ($117.88 in chips)
Seat 4: ElverGalinda ($115.38 in chips)
ElverGalinda: posts small blind $1
Chessnok: posts big blind $3
*** HOLE CARDS ***
ElverGalinda: raises $3 to $6
Chessnok: calls $3
*** FLOP *** [Ts Td 7c]
Chessnok: checks
ElverGalinda: bets $3
Chessnok: folds
Uncalled bet ($3) returned to ElverGalinda
ElverGalinda collected $11.76 from pot
*** SUMMARY ***
Total pot $12 | Rake $0.24
Board [Ts Td 7c]
Seat 1: Chessnok (big blind) folded on the Flop
Seat 4: ElverGalinda (button) (small blind) collected ($11.76)


PokerStars Hand #171873561972:  Hold'em Limit ($3/$6 USD) - 2017/06/16 23:48:59 ET
Table 'Hygiea' 6-max Seat #4 is the button
Seat 1: Chessnok ($120.52 in chips)
Seat 4: ElverGalinda ($112.14 in chips)
ElverGalinda: posts small blind $1
Chessnok: posts big blind $3
*** HOLE CARDS ***
ElverGalinda: raises $3 to $6
Chessnok: raises $3 to $9
ElverGalinda: calls $3
*** FLOP *** [Ah 8h Qs]
Chessnok: bets $3
ElverGalinda: calls $3
*** TURN *** [Ah 8h Qs] [7c]
Chessnok: bets $6
ElverGalinda: calls $6
*** RIVER *** [Ah 8h Qs 7c] [Jc]
Chessnok: bets $6
ElverGalinda: calls $6
*** SHOW DOWN ***
Chessnok: shows [Js Ks] (a pair of Jacks)
ElverGalinda: mucks hand
Chessnok collected $47.50 from pot
*** SUMMARY ***
Total pot $48 | Rake $0.50
Board [Ah 8h Qs 7c Jc]
Seat 1: Chessnok (big blind) showed [Js Ks] and won ($47.50) with a pair of Jacks
Seat 4: ElverGalinda (button) (small blind) mucked


PokerStars Hand #171873581583:  Hold'em Limit ($3/$6 USD) - 2017/06/16 23:50:06 ET
Table 'Hygiea' 6-max Seat #1 is the button
Seat 1: Chessnok ($108.02 in chips)
Seat 4: ElverGalinda ($123.14 in chips)
Chessnok: posts small blind $1
ElverGalinda: posts big blind $3
*** HOLE CARDS ***
Chessnok: raises $3 to $6
ElverGalinda: calls $3
*** FLOP *** [9c 4d 2h]
ElverGalinda: checks
Chessnok: bets $3
ElverGalinda: folds
Uncalled bet ($3) returned to Chessnok
Chessnok collected $11.76 from pot
Chessnok: doesn't show hand
*** SUMMARY ***
Total pot $12 | Rake $0.24
Board [9c 4d 2h]
Seat 1: Chessnok (button) (small blind) collected ($11.76)
Seat 4: ElverGalinda (big blind) folded on the Flop


PokerStars Hand #171873573059:  Hold'em Limit ($3/$6 USD) - 2017/06/16 23:49:36 ET
Table 'Hygiea' 6-max Seat #4 is the button
Seat 1: Chessnok ($129.02 in chips)
Seat 4: ElverGalinda ($102.64 in chips)
ElverGalinda: posts small blind $1
Chessnok: posts big blind $3
*** HOLE CARDS ***
ElverGalinda: raises $3 to $6
Chessnok: calls $3
*** FLOP *** [8s 5h Ac]
Chessnok: checks
ElverGalinda: bets $3
Chessnok: calls $3
*** TURN *** [8s 5h Ac] [7s]
Chessnok: checks
ElverGalinda: bets $6
Chessnok: calls $6
*** RIVER *** [8s 5h Ac 7s] [4h]
Chessnok: checks
ElverGalinda: bets $6
Chessnok: calls $6
*** SHOW DOWN ***
ElverGalinda: shows [9s Ah] (a pair of Aces)
Chessnok: mucks hand
ElverGalinda collected $41.50 from pot
*** SUMMARY ***
Total pot $42 | Rake $0.50
Board [8s 5h Ac 7s 4h]
Seat 1: Chessnok (big blind) mucked
Seat 4: ElverGalinda (button) (small blind) showed [9s Ah] and won ($41.50) with a pair of Aces


PokerStars Hand #171873567177:  Hold'em Limit ($3/$6 USD) - 2017/06/16 23:49:16 ET
Table 'Hygiea' 6-max Seat #1 is the button
Seat 1: Chessnok ($144.02 in chips)
Seat 4: ElverGalinda ($88.14 in chips)
Chessnok: posts small blind $1
ElverGalinda: posts big blind $3
*** HOLE CARDS ***
Chessnok: raises $3 to $6
ElverGalinda: calls $3
*** FLOP *** [7d 8h 8c]
ElverGalinda: checks
Chessnok: bets $3
ElverGalinda: calls $3
*** TURN *** [7d 8h 8c] [Td]
ElverGalinda: checks
Chessnok: checks
*** RIVER *** [7d 8h 8c Td] [Ah]
ElverGalinda: bets $6
Chessnok: calls $6
*** SHOW DOWN ***
ElverGalinda: shows [Ts 5c] (two pair, Tens and Eights)
Chessnok: mucks hand
ElverGalinda collected $29.50 from pot
*** SUMMARY ***
Total pot $30 | Rake $0.50
Board [7d 8h 8c Td Ah]
Seat 1: Chessnok (button) (small blind) mucked
Seat 4: ElverGalinda (big blind) showed [Ts 5c] and won ($29.50) with two pair, Tens and Eights


PokerStars Hand #171873587119:  Hold'em Limit ($3/$6 USD) - 2017/06/16 23:50:25 ET
Table 'Hygiea' 6-max Seat #1 is the button
Seat 1: Chessnok ($114.78 in chips)
Seat 4: ElverGalinda ($116.14 in chips)
Chessnok: posts small blind $1
ElverGalinda: posts big blind $3
*** HOLE CARDS ***
Chessnok: raises $3 to $6
ElverGalinda: folds
Uncalled bet ($3) returned to Chessnok
Chessnok collected $6 from pot
Chessnok: doesn't show hand
*** SUMMARY ***
Total pot $6 | Rake $0
Seat 1: Chessnok (button) (small blind) collected ($6)
Seat 4: ElverGalinda (big blind) folded before Flop


PokerStars Hand #171873585525:  Hold'em Limit ($3/$6 USD) - 2017/06/16 23:50:19 ET
Table 'Hygiea' 6-max Seat #4 is the button
Seat 1: Chessnok ($113.78 in chips)
Seat 4: ElverGalinda ($117.14 in chips)
ElverGalinda: posts small blind $1
Chessnok: posts big blind $3
*** HOLE CARDS ***
ElverGalinda: folds
Uncalled bet ($2) returned to Chessnok
Chessnok collected $2 from pot
Chessnok: doesn't show hand
*** SUMMARY ***
Total pot $2 | Rake $0
Seat 1: Chessnok (big blind) collected ($2)
Seat 4: ElverGalinda (button) (small blind) folded before Flop


PokerStars Hand #171873598399:  Hold'em Limit ($3/$6 USD) - 2017/06/16 23:51:04 ET
Table 'Hygiea' 6-max Seat #1 is the button
Seat 1: Chessnok ($96.78 in chips)
Seat 4: ElverGalinda ($133.64 in chips)
Chessnok: posts small blind $1
ElverGalinda: posts big blind $3
*** HOLE CARDS ***
Chessnok: raises $3 to $6
ElverGalinda: calls $3
*** FLOP *** [8d 2d 7s]
ElverGalinda: bets $3
Chessnok: calls $3
*** TURN *** [8d 2d 7s] [Ts]
ElverGalinda: bets $6
Chessnok: calls $6
*** RIVER *** [8d 2d 7s Ts] [As]
ElverGalinda: checks
Chessnok: bets $6
ElverGalinda: calls $6
*** SHOW DOWN ***
Chessnok: shows [5d 5s] (a pair of Fives)
ElverGalinda: shows [8c 9c] (a pair of Eights)
ElverGalinda collected $41.50 from pot
*** SUMMARY ***
Total pot $42 | Rake $0.50
Board [8d 2d 7s Ts As]
Seat 1: Chessnok (button) (small blind) showed [5d 5s] and lost with a pair of Fives
Seat 4: ElverGalinda (big blind) showed [8c 9c] and won ($41.50) with a pair of Eights


PokerStars Hand #171873592206:  Hold'em Limit ($3/$6 USD) - 2017/06/16 23:50:42 ET
Table 'Hygiea' 6-max Seat #4 is the button
Seat 1: Chessnok ($117.78 in chips)
Seat 4: ElverGalinda ($113.14 in chips)
ElverGalinda: posts small blind $1
Chessnok: posts big blind $3
*** HOLE CARDS ***
ElverGalinda: raises $3 to $6
Chessnok: calls $3
*** FLOP *** [8c Js 7h]
Chessnok: checks
ElverGalinda: bets $3
Chessnok: calls $3
*** TURN *** [8c Js 7h] [Jc]
Chessnok: checks
ElverGalinda: bets $6
Chessnok: calls $6
*** RIVER *** [8c Js 7h Jc] [6d]
Chessnok: checks
ElverGalinda: bets $6
Chessnok: calls $6
*** SHOW DOWN ***
ElverGalinda: shows [9h Td] (a straight, Seven to Jack)
Chessnok: mucks hand
ElverGalinda collected $41.50 from pot
*** SUMMARY ***
Total pot $42 | Rake $0.50
Board [8c Js 7h Jc 6d]
Seat 1: Chessnok (big blind) mucked
Seat 4: ElverGalinda (button) (small blind) showed [9h Td] and won ($41.50) with a straight, Seven to Jack


PokerStars Hand #171873590830:  Hold'em Limit ($3/$6 USD) - 2017/06/16 23:50:38 ET
Table 'Hygiea' 6-max Seat #1 is the button
Seat 1: Chessnok ($118.78 in chips)
Seat 4: ElverGalinda ($112.14 in chips)
Chessnok: posts small blind $1
ElverGalinda: posts big blind $3
*** HOLE CARDS ***
Chessnok: folds
Uncalled bet ($2) returned to ElverGalinda
ElverGalinda collected $2 from pot
*** SUMMARY ***
Total pot $2 | Rake $0
Seat 1: Chessnok (button) (small blind) folded before Flop
Seat 4: ElverGalinda (big blind) collected ($2)


PokerStars Hand #171873589036:  Hold'em Limit ($3/$6 USD) - 2017/06/16 23:50:31 ET
Table 'Hygiea' 6-max Seat #4 is the button
Seat 1: Chessnok ($117.78 in chips)
Seat 4: ElverGalinda ($113.14 in chips)
ElverGalinda: posts small blind $1
Chessnok: posts big blind $3
*** HOLE CARDS ***
ElverGalinda: folds
Uncalled bet ($2) returned to Chessnok
Chessnok collected $2 from pot
Chessnok: doesn't show hand
*** SUMMARY ***
Total pot $2 | Rake $0
Seat 1: Chessnok (big blind) collected ($2)
Seat 4: ElverGalinda (button) (small blind) folded before Flop


PokerStars Hand #171873615776:  Hold'em Limit ($3/$6 USD) - 2017/06/16 23:52:04 ET
Table 'Hygiea' 6-max Seat #4 is the button
Seat 1: Chessnok ($63 in chips)
Seat 4: ElverGalinda ($177.64 in chips)
ElverGalinda: posts small blind $1
Chessnok: posts big blind $3
*** HOLE CARDS ***
ElverGalinda: raises $3 to $6
Chessnok: calls $3
*** FLOP *** [9c 2h 7d]
Chessnok: checks
ElverGalinda: bets $3
Chessnok: calls $3
*** TURN *** [9c 2h 7d] [3s]
Chessnok: checks
ElverGalinda: bets $6
Chessnok: calls $6
*** RIVER *** [9c 2h 7d 3s] [4s]
Chessnok: checks
ElverGalinda: bets $6
Chessnok: calls $6
*** SHOW DOWN ***
ElverGalinda: shows [Qc Qh] (a pair of Queens)
Chessnok: mucks hand
ElverGalinda collected $41.50 from pot
*** SUMMARY ***
Total pot $42 | Rake $0.50
Board [9c 2h 7d 3s 4s]
Seat 1: Chessnok (big blind) mucked
Seat 4: ElverGalinda (button) (small blind) showed [Qc Qh] and won ($41.50) with a pair of Queens


PokerStars Hand #171873605391:  Hold'em Limit ($3/$6 USD) - 2017/06/16 23:51:28 ET
Table 'Hygiea' 6-max Seat #4 is the button
Seat 1: Chessnok ($75.78 in chips)
Seat 4: ElverGalinda ($154.14 in chips)
ElverGalinda: posts small blind $1
Chessnok: posts big blind $3
*** HOLE CARDS ***
ElverGalinda: raises $3 to $6
Chessnok: raises $3 to $9
ElverGalinda: calls $3
*** FLOP *** [Qh Kh 7s]
Chessnok: bets $3
ElverGalinda: raises $3 to $6
Chessnok: calls $3
*** TURN *** [Qh Kh 7s] [4h]
Chessnok: checks
ElverGalinda: bets $6
Chessnok: calls $6
*** RIVER *** [Qh Kh 7s 4h] [Qc]
Chessnok: checks
ElverGalinda: bets $6
Chessnok: calls $6
*** SHOW DOWN ***
ElverGalinda: shows [6h Kd] (two pair, Kings and Queens)
Chessnok: mucks hand
ElverGalinda collected $53.50 from pot
*** SUMMARY ***
Total pot $54 | Rake $0.50
Board [Qh Kh 7s 4h Qc]
Seat 1: Chessnok (big blind) mucked
Seat 4: ElverGalinda (button) (small blind) showed [6h Kd] and won ($53.50) with two pair, Kings and Queens


PokerStars Hand #171873623196:  Hold'em Limit ($3/$6 USD) - 2017/06/16 23:52:30 ET
Table 'Hygiea' 6-max Seat #1 is the button
Seat 1: Chessnok ($60 in chips)
Seat 4: ElverGalinda ($198.14 in chips)
Chessnok: posts small blind $1
ElverGalinda: posts big blind $3
*** HOLE CARDS ***
Chessnok: raises $3 to $6
ElverGalinda: calls $3
*** FLOP *** [9h Qc Qs]
ElverGalinda: checks
Chessnok: bets $3
ElverGalinda: raises $3 to $6
Chessnok: calls $3
*** TURN *** [9h Qc Qs] [Kh]
ElverGalinda: checks
Chessnok: checks
*** RIVER *** [9h Qc Qs Kh] [Jh]
ElverGalinda: bets $6
Chessnok: calls $6
*** SHOW DOWN ***
ElverGalinda: shows [3s Ts] (a straight, Nine to King)
Chessnok: mucks hand
ElverGalinda collected $35.50 from pot
*** SUMMARY ***
Total pot $36 | Rake $0.50
Board [9h Qc Qs Kh Jh]
Seat 1: Chessnok (button) (small blind) mucked
Seat 4: ElverGalinda (big blind) showed [3s Ts] and won ($35.50) with a straight, Nine to King


PokerStars Hand #171873630936:  Hold'em Limit ($3/$6 USD) - 2017/06/16 23:52:58 ET
Table 'Hygiea' 6-max Seat #4 is the button
Seat 1: Chessnok ($60 in chips)
Seat 4: ElverGalinda ($215.64 in chips)
ElverGalinda: posts small blind $1
Chessnok: posts big blind $3
*** HOLE CARDS ***
ElverGalinda: raises $3 to $6
Chessnok: calls $3
*** FLOP *** [Ad 5s Jc]
Chessnok: checks
ElverGalinda: bets $3
Chessnok: calls $3
*** TURN *** [Ad 5s Jc] [3h]
Chessnok: checks
ElverGalinda: bets $6
Chessnok: calls $6
*** RIVER *** [Ad 5s Jc 3h] [2s]
Chessnok: checks
ElverGalinda: bets $6
Chessnok: calls $6
*** SHOW DOWN ***
ElverGalinda: shows [Js Td] (a pair of Jacks)
Chessnok: mucks hand
ElverGalinda collected $41.50 from pot
*** SUMMARY ***
Total pot $42 | Rake $0.50
Board [Ad 5s Jc 3h 2s]
Seat 1: Chessnok (big blind) mucked
Seat 4: ElverGalinda (button) (small blind) showed [Js Td] and won ($41.50) with a pair of Jacks


PokerStars Hand #171873644483:  Hold'em Limit ($3/$6 USD) - 2017/06/16 23:53:45 ET
Table 'Hygiea' 6-max Seat #4 is the button
Seat 1: Chessnok ($60 in chips)
Seat 4: ElverGalinda ($259.64 in chips)
ElverGalinda: posts small blind $1
Chessnok: posts big blind $3
*** HOLE CARDS ***
ElverGalinda: raises $3 to $6
Chessnok: raises $3 to $9
ElverGalinda: calls $3
*** FLOP *** [9s 5c 5s]
Chessnok: bets $3
ElverGalinda: folds
Uncalled bet ($3) returned to Chessnok
Chessnok collected $17.64 from pot
Chessnok: doesn't show hand
*** SUMMARY ***
Total pot $18 | Rake $0.36
Board [9s 5c 5s]
Seat 1: Chessnok (big blind) collected ($17.64)
Seat 4: ElverGalinda (button) (small blind) folded on the Flop


PokerStars Hand #171873636170:  Hold'em Limit ($3/$6 USD) - 2017/06/16 23:53:16 ET
Table 'Hygiea' 6-max Seat #1 is the button
Seat 1: Chessnok ($60 in chips)
Seat 4: ElverGalinda ($236.14 in chips)
Chessnok: posts small blind $1
ElverGalinda: posts big blind $3
*** HOLE CARDS ***
Chessnok: raises $3 to $6
ElverGalinda: calls $3
*** FLOP *** [4c Qc 3h]
ElverGalinda: checks
Chessnok: bets $3
ElverGalinda: raises $3 to $6
Chessnok: calls $3
*** TURN *** [4c Qc 3h] [Qd]
ElverGalinda: bets $6
Chessnok: calls $6
*** RIVER *** [4c Qc 3h Qd] [Ah]
ElverGalinda: checks
Chessnok: bets $6
ElverGalinda: calls $6
*** SHOW DOWN ***
Chessnok: shows [4s Ts] (two pair, Queens and Fours)
ElverGalinda: shows [5h 5c] (two pair, Queens and Fives)
ElverGalinda collected $47.50 from pot
*** SUMMARY ***
Total pot $48 | Rake $0.50
Board [4c Qc 3h Qd Ah]
Seat 1: Chessnok (button) (small blind) showed [4s Ts] and lost with two pair, Queens and Fours
Seat 4: ElverGalinda (big blind) showed [5h 5c] and won ($47.50) with two pair, Queens and Fives


PokerStars Hand #171873671275:  Hold'em Limit ($3/$6 USD) - 2017/06/16 23:55:19 ET
Table 'Hygiea' 6-max Seat #1 is the button
Seat 1: Chessnok ($74.14 in chips)
Seat 4: ElverGalinda ($243.90 in chips)
Chessnok: posts small blind $1
ElverGalinda: posts big blind $3
*** HOLE CARDS ***
Chessnok: raises $3 to $6
ElverGalinda: folds
Uncalled bet ($3) returned to Chessnok
Chessnok collected $6 from pot
Chessnok: doesn't show hand
*** SUMMARY ***
Total pot $6 | Rake $0
Seat 1: Chessnok (button) (small blind) collected ($6)
Seat 4: ElverGalinda (big blind) folded before Flop


PokerStars Hand #171873667765:  Hold'em Limit ($3/$6 USD) - 2017/06/16 23:55:05 ET
Table 'Hygiea' 6-max Seat #4 is the button
Seat 1: Chessnok ($80.14 in chips)
Seat 4: ElverGalinda ($238.14 in chips)
ElverGalinda: posts small blind $1
Chessnok: posts big blind $3
*** HOLE CARDS ***
ElverGalinda: raises $3 to $6
Chessnok: calls $3
*** FLOP *** [Th 4d Ad]
Chessnok: checks
ElverGalinda: bets $3
Chessnok: folds
Uncalled bet ($3) returned to ElverGalinda
ElverGalinda collected $11.76 from pot
*** SUMMARY ***
Total pot $12 | Rake $0.24
Board [Th 4d Ad]
Seat 1: Chessnok (big blind) folded on the Flop
Seat 4: ElverGalinda (button) (small blind) collected ($11.76)


PokerStars Hand #171873665206:  Hold'em Limit ($3/$6 USD) - 2017/06/16 23:54:57 ET
Table 'Hygiea' 6-max Seat #1 is the button
Seat 1: Chessnok ($77.14 in chips)
Seat 4: ElverGalinda ($241.14 in chips)
Chessnok: posts small blind $1
ElverGalinda: posts big blind $3
*** HOLE CARDS ***
Chessnok: raises $3 to $6
ElverGalinda: folds
Uncalled bet ($3) returned to Chessnok
Chessnok collected $6 from pot
Chessnok: doesn't show hand
*** SUMMARY ***
Total pot $6 | Rake $0
Seat 1: Chessnok (button) (small blind) collected ($6)
Seat 4: ElverGalinda (big blind) folded before Flop


PokerStars Hand #171873663721:  Hold'em Limit ($3/$6 USD) - 2017/06/16 23:54:52 ET
Table 'Hygiea' 6-max Seat #4 is the button
Seat 1: Chessnok ($76.14 in chips)
Seat 4: ElverGalinda ($242.14 in chips)
ElverGalinda: posts small blind $1
Chessnok: posts big blind $3
*** HOLE CARDS ***
ElverGalinda: folds
Uncalled bet ($2) returned to Chessnok
Chessnok collected $2 from pot
Chessnok: doesn't show hand
*** SUMMARY ***
Total pot $2 | Rake $0
Seat 1: Chessnok (big blind) collected ($2)
Seat 4: ElverGalinda (button) (small blind) folded before Flop


PokerStars Hand #171873662350:  Hold'em Limit ($3/$6 USD) - 2017/06/16 23:54:47 ET
Table 'Hygiea' 6-max Seat #1 is the button
Seat 1: Chessnok ($77.14 in chips)
Seat 4: ElverGalinda ($241.14 in chips)
Chessnok: posts small blind $1
ElverGalinda: posts big blind $3
*** HOLE CARDS ***
Chessnok: folds
Uncalled bet ($2) returned to ElverGalinda
ElverGalinda collected $2 from pot
*** SUMMARY ***
Total pot $2 | Rake $0
Seat 1: Chessnok (button) (small blind) folded before Flop
Seat 4: ElverGalinda (big blind) collected ($2)


PokerStars Hand #171873656173:  Hold'em Limit ($3/$6 USD) - 2017/06/16 23:54:25 ET
Table 'Hygiea' 6-max Seat #4 is the button
Seat 1: Chessnok ($92.14 in chips)
Seat 4: ElverGalinda ($226.64 in chips)
ElverGalinda: posts small blind $1
Chessnok: posts big blind $3
*** HOLE CARDS ***
ElverGalinda: raises $3 to $6
Chessnok: raises $3 to $9
ElverGalinda: raises $3 to $12
Betting is capped
Chessnok: calls $3
*** FLOP *** [4h Kc Kd]
Chessnok: checks
ElverGalinda: bets $3
Chessnok: calls $3
*** TURN *** [4h Kc Kd] [8s]
Chessnok: checks
ElverGalinda: bets $6
Chessnok: folds
Uncalled bet ($6) returned to ElverGalinda
ElverGalinda collected $29.50 from pot
*** SUMMARY ***
Total pot $30 | Rake $0.50
Board [4h Kc Kd 8s]
Seat 1: Chessnok (big blind) folded on the Turn
Seat 4: ElverGalinda (button) (small blind) collected ($29.50)


PokerStars Hand #171873648177:  Hold'em Limit ($3/$6 USD) - 2017/06/16 23:53:58 ET
Table 'Hygiea' 6-max Seat #1 is the button
Seat 1: Chessnok ($68.64 in chips)
Seat 4: ElverGalinda ($250.64 in chips)
Chessnok: posts small blind $1
ElverGalinda: posts big blind $3
*** HOLE CARDS ***
Chessnok: raises $3 to $6
ElverGalinda: calls $3
*** FLOP *** [Jc 8s 9d]
ElverGalinda: bets $3
Chessnok: raises $3 to $6
ElverGalinda: calls $3
*** TURN *** [Jc 8s 9d] [3d]
ElverGalinda: checks
Chessnok: bets $6
ElverGalinda: calls $6
*** RIVER *** [Jc 8s 9d 3d] [Ac]
ElverGalinda: checks
Chessnok: bets $6
ElverGalinda: calls $6
*** SHOW DOWN ***
Chessnok: shows [Ad Th] (a pair of Aces)
ElverGalinda: mucks hand
Chessnok collected $47.50 from pot
*** SUMMARY ***
Total pot $48 | Rake $0.50
Board [Jc 8s 9d 3d Ac]
Seat 1: Chessnok (button) (small blind) showed [Ad Th] and won ($47.50) with a pair of Aces
Seat 4: ElverGalinda (big blind) mucked


PokerStars Hand #171873685796:  Hold'em Limit ($3/$6 USD) - 2017/06/16 23:56:15 ET
Table 'Hygiea' 6-max Seat #4 is the button
Seat 1: Chessnok ($60 in chips)
Seat 4: ElverGalinda ($278.90 in chips)
ElverGalinda: posts small blind $1
Chessnok: posts big blind $3
*** HOLE CARDS ***
ElverGalinda: folds
Uncalled bet ($2) returned to Chessnok
Chessnok collected $2 from pot
Chessnok: doesn't show hand
*** SUMMARY ***
Total pot $2 | Rake $0
Seat 1: Chessnok (big blind) collected ($2)
Seat 4: ElverGalinda (button) (small blind) folded before Flop


PokerStars Hand #171873683224:  Hold'em Limit ($3/$6 USD) - 2017/06/16 23:56:05 ET
Table 'Hygiea' 6-max Seat #1 is the button
Seat 1: Chessnok ($61 in chips)
Seat 4: ElverGalinda ($277.90 in chips)
Chessnok: posts small blind $1
ElverGalinda: posts big blind $3
*** HOLE CARDS ***
Chessnok: folds
Uncalled bet ($2) returned to ElverGalinda
ElverGalinda collected $2 from pot
*** SUMMARY ***
Total pot $2 | Rake $0
Seat 1: Chessnok (button) (small blind) folded before Flop
Seat 4: ElverGalinda (big blind) collected ($2)


PokerStars Hand #171873681896:  Hold'em Limit ($3/$6 USD) - 2017/06/16 23:56:00 ET
Table 'Hygiea' 6-max Seat #4 is the button
Seat 1: Chessnok ($60 in chips)
Seat 4: ElverGalinda ($278.90 in chips)
ElverGalinda: posts small blind $1
Chessnok: posts big blind $3
*** HOLE CARDS ***
ElverGalinda: folds
Uncalled bet ($2) returned to Chessnok
Chessnok collected $2 from pot
Chessnok: doesn't show hand
*** SUMMARY ***
Total pot $2 | Rake $0
Seat 1: Chessnok (big blind) collected ($2)
Seat 4: ElverGalinda (button) (small blind) folded before Flop


PokerStars Hand #171873676291:  Hold'em Limit ($3/$6 USD) - 2017/06/16 23:55:38 ET
Table 'Hygiea' 6-max Seat #1 is the button
Seat 1: Chessnok ($60 in chips)
Seat 4: ElverGalinda ($258.40 in chips)
Chessnok: posts small blind $1
ElverGalinda: posts big blind $3
*** HOLE CARDS ***
Chessnok: raises $3 to $6
ElverGalinda: raises $3 to $9
Chessnok: calls $3
*** FLOP *** [Tc Jh 7d]
ElverGalinda: checks
Chessnok: bets $3
ElverGalinda: raises $3 to $6
Chessnok: calls $3
*** TURN *** [Tc Jh 7d] [7h]
ElverGalinda: bets $6
Chessnok: calls $6
*** RIVER *** [Tc Jh 7d 7h] [Qh]
ElverGalinda: bets $6
Chessnok: folds
Uncalled bet ($6) returned to ElverGalinda
ElverGalinda collected $41.50 from pot
*** SUMMARY ***
Total pot $42 | Rake $0.50
Board [Tc Jh 7d 7h Qh]
Seat 1: Chessnok (button) (small blind) folded on the River
Seat 4: ElverGalinda (big blind) collected ($41.50)


PokerStars Hand #171873672735:  Hold'em Limit ($3/$6 USD) - 2017/06/16 23:55:24 ET
Table 'Hygiea' 6-max Seat #4 is the button
Seat 1: Chessnok ($77.14 in chips)
Seat 4: ElverGalinda ($240.90 in chips)
ElverGalinda: posts small blind $1
Chessnok: posts big blind $3
*** HOLE CARDS ***
ElverGalinda: raises $3 to $6
Chessnok: raises $3 to $9
ElverGalinda: calls $3
*** FLOP *** [Ks As 6c]
Chessnok: bets $3
ElverGalinda: calls $3
*** TURN *** [Ks As 6c] [4h]
Chessnok: bets $6
ElverGalinda: raises $6 to $12
Chessnok: folds
Uncalled bet ($6) returned to ElverGalinda
ElverGalinda collected $35.50 from pot
*** SUMMARY ***
Total pot $36 | Rake $0.50
Board [Ks As 6c 4h]
Seat 1: Chessnok (big blind) folded on the Turn
Seat 4: ElverGalinda (button) (small blind) collected ($35.50)


PokerStars Hand #171873693308:  Hold'em Limit ($3/$6 USD) - 2017/06/16 23:56:44 ET
Table 'Hygiea' 6-max Seat #4 is the button
Seat 1: Chessnok ($84.50 in chips)
Seat 4: ElverGalinda ($253.90 in chips)
ElverGalinda: posts small blind $1
Chessnok: posts big blind $3
*** HOLE CARDS ***
ElverGalinda: calls $2
Chessnok: raises $3 to $6
ElverGalinda: calls $3
*** FLOP *** [Ad 7d Jh]
Chessnok: bets $3
ElverGalinda: folds
Uncalled bet ($3) returned to Chessnok
Chessnok collected $11.76 from pot
Chessnok: doesn't show hand
*** SUMMARY ***
Total pot $12 | Rake $0.24
Board [Ad 7d Jh]
Seat 1: Chessnok (big blind) collected ($11.76)
Seat 4: ElverGalinda (button) (small blind) folded on the Flop


PokerStars Hand #171873687002:  Hold'em Limit ($3/$6 USD) - 2017/06/16 23:56:20 ET
Table 'Hygiea' 6-max Seat #1 is the button
Seat 1: Chessnok ($61 in chips)
Seat 4: ElverGalinda ($277.90 in chips)
Chessnok: posts small blind $1
ElverGalinda: posts big blind $3
*** HOLE CARDS ***
Chessnok: raises $3 to $6
ElverGalinda: calls $3
*** FLOP *** [Ah Jd 4d]
ElverGalinda: checks
Chessnok: bets $3
ElverGalinda: raises $3 to $6
Chessnok: calls $3
*** TURN *** [Ah Jd 4d] [7s]
ElverGalinda: bets $6
Chessnok: calls $6
*** RIVER *** [Ah Jd 4d 7s] [Qs]
ElverGalinda: checks
Chessnok: bets $6
ElverGalinda: calls $6
*** SHOW DOWN ***
Chessnok: shows [Ks Kh] (a pair of Kings)
ElverGalinda: mucks hand
Chessnok collected $47.50 from pot
*** SUMMARY ***
Total pot $48 | Rake $0.50
Board [Ah Jd 4d 7s Qs]
Seat 1: Chessnok (button) (small blind) showed [Ks Kh] and won ($47.50) with a pair of Kings
Seat 4: ElverGalinda (big blind) mucked


PokerStars Hand #171873699239:  Hold'em Limit ($3/$6 USD) - 2017/06/16 23:57:07 ET
Table 'Hygiea' 6-max Seat #1 is the button
Seat 1: Chessnok ($94.26 in chips)
Seat 4: ElverGalinda ($243.90 in chips)
Chessnok: posts small blind $1
ElverGalinda: posts big blind $3
*** HOLE CARDS ***
Chessnok: raises $3 to $6
ElverGalinda: calls $3
*** FLOP *** [3c Kh Ad]
ElverGalinda: checks
Chessnok: bets $3
ElverGalinda: raises $3 to $6
Chessnok: calls $3
*** TURN *** [3c Kh Ad] [4h]
ElverGalinda: checks
Chessnok: bets $6
ElverGalinda: folds
Uncalled bet ($6) returned to Chessnok
Chessnok collected $23.52 from pot
Chessnok: doesn't show hand
*** SUMMARY ***
Total pot $24 | Rake $0.48
Board [3c Kh Ad 4h]
Seat 1: Chessnok (button) (small blind) collected ($23.52)
Seat 4: ElverGalinda (big blind) folded on the Turn


PokerStars Hand #171873697879:  Hold'em Limit ($3/$6 USD) - 2017/06/16 23:57:02 ET
Table 'Hygiea' 6-max Seat #4 is the button
Seat 1: Chessnok ($93.26 in chips)
Seat 4: ElverGalinda ($244.90 in chips)
ElverGalinda: posts small blind $1
Chessnok: posts big blind $3
*** HOLE CARDS ***
ElverGalinda: folds
Uncalled bet ($2) returned to Chessnok
Chessnok collected $2 from pot
Chessnok: doesn't show hand
*** SUMMARY ***
Total pot $2 | Rake $0
Seat 1: Chessnok (big blind) collected ($2)
Seat 4: ElverGalinda (button) (small blind) folded before Flop


PokerStars Hand #171873711639:  Hold'em Limit ($3/$6 USD) - 2017/06/16 23:57:55 ET
Table 'Hygiea' 6-max Seat #4 is the button
Seat 1: Chessnok ($97.78 in chips)
Seat 4: ElverGalinda ($239.54 in chips)
ElverGalinda: posts small blind $1
Chessnok: posts big blind $3
*** HOLE CARDS ***
ElverGalinda: raises $3 to $6
Chessnok: calls $3
*** FLOP *** [5h 7s Jh]
Chessnok: checks
ElverGalinda: bets $3
Chessnok: raises $3 to $6
ElverGalinda: raises $3 to $9
Chessnok: raises $3 to $12
Betting is capped
ElverGalinda: calls $3
*** TURN *** [5h 7s Jh] [Th]
Chessnok: bets $6
ElverGalinda: calls $6
*** RIVER *** [5h 7s Jh Th] [3c]
Chessnok: bets $6
ElverGalinda: calls $6
*** SHOW DOWN ***
Chessnok: shows [7h Jc] (two pair, Jacks and Sevens)
ElverGalinda: mucks hand
Chessnok collected $59.50 from pot
*** SUMMARY ***
Total pot $60 | Rake $0.50
Board [5h 7s Jh Th 3c]
Seat 1: Chessnok (big blind) showed [7h Jc] and won ($59.50) with two pair, Jacks and Sevens
Seat 4: ElverGalinda (button) (small blind) mucked


PokerStars Hand #171873705479:  Hold'em Limit ($3/$6 USD) - 2017/06/16 23:57:31 ET
Table 'Hygiea' 6-max Seat #1 is the button
Seat 1: Chessnok ($106.78 in chips)
Seat 4: ElverGalinda ($230.90 in chips)
Chessnok: posts small blind $1
ElverGalinda: posts big blind $3
*** HOLE CARDS ***
Chessnok: raises $3 to $6
ElverGalinda: calls $3
*** FLOP *** [Ks 8s Ad]
ElverGalinda: checks
Chessnok: bets $3
ElverGalinda: calls $3
*** TURN *** [Ks 8s Ad] [3s]
ElverGalinda: checks
Chessnok: checks
*** RIVER *** [Ks 8s Ad 3s] [Tc]
ElverGalinda: checks
Chessnok: checks
*** SHOW DOWN ***
ElverGalinda: shows [Jd 2d] (high card Ace)
Chessnok: mucks hand
ElverGalinda collected $17.64 from pot
*** SUMMARY ***
Total pot $18 | Rake $0.36
Board [Ks 8s Ad 3s Tc]
Seat 1: Chessnok (button) (small blind) mucked
Seat 4: ElverGalinda (big blind) showed [Jd 2d] and won ($17.64) with high card Ace


PokerStars Hand #171873703749:  Hold'em Limit ($3/$6 USD) - 2017/06/16 23:57:24 ET
Table 'Hygiea' 6-max Seat #4 is the button
Seat 1: Chessnok ($105.78 in chips)
Seat 4: ElverGalinda ($231.90 in chips)
ElverGalinda: posts small blind $1
Chessnok: posts big blind $3
*** HOLE CARDS ***
ElverGalinda: folds
Uncalled bet ($2) returned to Chessnok
Chessnok collected $2 from pot
Chessnok: doesn't show hand
*** SUMMARY ***
Total pot $2 | Rake $0
Seat 1: Chessnok (big blind) collected ($2)
Seat 4: ElverGalinda (button) (small blind) folded before Flop


