PokerStars Hand #153009377540:  Hold'em Limit ($3/$6 USD) - 2016/05/08 4:14:54 ET
Table 'Hygiea II' 6-max Seat #2 is the button
Seat 1: Ag3r0n ($72 in chips)
Seat 2: old_col ($128.64 in chips)
old_col: posts small blind $1
Ag3r0n: posts big blind $3
*** HOLE CARDS ***
old_col: calls $2
Ag3r0n: checks
*** FLOP *** [Ks 8h Js]
Ag3r0n: checks
old_col: bets $3
Ag3r0n: folds
Uncalled bet ($3) returned to old_col
old_col collected $5.88 from pot
*** SUMMARY ***
Total pot $6 | Rake $0.12
Board [Ks 8h Js]
Seat 1: Ag3r0n (big blind) folded on the Flop
Seat 2: old_col (button) (small blind) collected ($5.88)


PokerStars Hand #153009371482:  Hold'em Limit ($3/$6 USD) - 2016/05/08 4:14:35 ET
Table 'Hygiea II' 6-max Seat #1 is the button
Seat 1: Ag3r0n ($72 in chips)
Seat 2: old_col ($120 in chips)
Ag3r0n: posts small blind $1
old_col: posts big blind $3
*** HOLE CARDS ***
Ag3r0n: raises $3 to $6
old_col: raises $3 to $9
Ag3r0n: calls $3
*** FLOP *** [Ac 2d 6c]
old_col: bets $3
Ag3r0n: folds
Uncalled bet ($3) returned to old_col
old_col collected $17.64 from pot
*** SUMMARY ***
Total pot $18 | Rake $0.36
Board [Ac 2d 6c]
Seat 1: Ag3r0n (button) (small blind) folded on the Flop
Seat 2: old_col (big blind) collected ($17.64)


PokerStars Hand #153009390583:  Hold'em Limit ($3/$6 USD) - 2016/05/08 4:15:33 ET
Table 'Hygiea II' 6-max Seat #2 is the button
Seat 1: Ag3r0n ($89.50 in chips)
Seat 2: old_col ($113.52 in chips)
old_col: posts small blind $1
Ag3r0n: posts big blind $3
*** HOLE CARDS ***
old_col: raises $3 to $6
Ag3r0n: calls $3
*** FLOP *** [7h Qd 2c]
Ag3r0n: checks
old_col: bets $3
Ag3r0n: folds
Uncalled bet ($3) returned to old_col
old_col collected $11.76 from pot
*** SUMMARY ***
Total pot $12 | Rake $0.24
Board [7h Qd 2c]
Seat 1: Ag3r0n (big blind) folded on the Flop
Seat 2: old_col (button) (small blind) collected ($11.76)


PokerStars Hand #153009381262:  Hold'em Limit ($3/$6 USD) - 2016/05/08 4:15:05 ET
Table 'Hygiea II' 6-max Seat #1 is the button
Seat 1: Ag3r0n ($72 in chips)
Seat 2: old_col ($131.52 in chips)
Ag3r0n: posts small blind $1
old_col: posts big blind $3
*** HOLE CARDS ***
Ag3r0n: raises $3 to $6
old_col: calls $3
*** FLOP *** [7s 2s 9h]
old_col: checks
Ag3r0n: checks
*** TURN *** [7s 2s 9h] [Jd]
old_col: checks
Ag3r0n: bets $6
old_col: calls $6
*** RIVER *** [7s 2s 9h Jd] [4d]
old_col: checks
Ag3r0n: bets $6
old_col: calls $6
*** SHOW DOWN ***
Ag3r0n: shows [Jc 5d] (a pair of Jacks)
old_col: mucks hand
Ag3r0n collected $35.50 from pot
*** SUMMARY ***
Total pot $36 | Rake $0.50
Board [7s 2s 9h Jd 4d]
Seat 1: Ag3r0n (button) (small blind) showed [Jc 5d] and won ($35.50) with a pair of Jacks
Seat 2: old_col (big blind) mucked


PokerStars Hand #153009394677:  Hold'em Limit ($3/$6 USD) - 2016/05/08 4:15:45 ET
Table 'Hygiea II' 6-max Seat #1 is the button
Seat 1: Ag3r0n ($83.50 in chips)
Seat 2: old_col ($119.28 in chips)
Ag3r0n: posts small blind $1
old_col: posts big blind $3
*** HOLE CARDS ***
Ag3r0n: raises $3 to $6
old_col: calls $3
*** FLOP *** [Qd 8d Jc]
old_col: checks
Ag3r0n: bets $3
old_col: calls $3
*** TURN *** [Qd 8d Jc] [Kh]
old_col: checks
Ag3r0n: checks
*** RIVER *** [Qd 8d Jc Kh] [7s]
boony444 joins the table at seat #3
old_col: checks
Ag3r0n: bets $6
old_col: folds
Uncalled bet ($6) returned to Ag3r0n
Ag3r0n collected $17.64 from pot
*** SUMMARY ***
Total pot $18 | Rake $0.36
Board [Qd 8d Jc Kh 7s]
Seat 1: Ag3r0n (button) (small blind) collected ($17.64)
Seat 2: old_col (big blind) folded on the River


PokerStars Hand #153011563497:  Hold'em Limit ($3/$6 USD) - 2016/05/08 5:52:11 ET
Table 'Hygiea II' 6-max Seat #2 is the button
Seat 2: old_col ($117.68 in chips)
Seat 5: awelli ($135.52 in chips)
old_col: posts small blind $1
TbIP-TbIP 88: is sitting out
awelli: posts big blind $3
*** HOLE CARDS ***
old_col: raises $3 to $6
awelli: folds
Uncalled bet ($3) returned to old_col
old_col collected $6 from pot
*** SUMMARY ***
Total pot $6 | Rake $0
Seat 2: old_col (button) (small blind) collected ($6)
Seat 5: awelli (big blind) folded before Flop


PokerStars Hand #153011566110:  Hold'em Limit ($3/$6 USD) - 2016/05/08 5:52:18 ET
Table 'Hygiea II' 6-max Seat #5 is the button
Seat 2: old_col ($120.68 in chips)
Seat 5: awelli ($132.52 in chips)
awelli: posts small blind $1
old_col: posts big blind $3
*** HOLE CARDS ***
awelli: calls $2
old_col: checks
*** FLOP *** [4d 6s Kh]
old_col: bets $3
awelli: raises $3 to $6
old_col: calls $3
*** TURN *** [4d 6s Kh] [3s]
old_col: checks
awelli: checks
*** RIVER *** [4d 6s Kh 3s] [Qd]
old_col: bets $6
awelli: calls $6
*** SHOW DOWN ***
old_col: shows [3c 6h] (two pair, Sixes and Threes)
awelli: mucks hand
old_col collected $29.50 from pot
*** SUMMARY ***
Total pot $30 | Rake $0.50
Board [4d 6s Kh 3s Qd]
Seat 2: old_col (big blind) showed [3c 6h] and won ($29.50) with two pair, Sixes and Threes
Seat 5: awelli (button) (small blind) mucked


