PokerStars Hand #172855780461:  Hold'em Limit ($3/$6 USD) - 2017/07/10 13:34:25 ET
Table 'Hygiea' 6-max Seat #3 is the button
Seat 3: robertass84 ($120 in chips)
Seat 4: MTails ($138.50 in chips)
robertass84: posts small blind $1
B_loJkl joins the table at seat #5
MTails: posts big blind $3
*** HOLE CARDS ***
robertass84: folds
Uncalled bet ($2) returned to MTails
MTails collected $2 from pot
MTails: doesn't show hand
*** SUMMARY ***
Total pot $2 | Rake $0
Seat 3: robertass84 (button) (small blind) folded before Flop
Seat 4: MTails (big blind) collected ($2)


PokerStars Hand #172855768429:  Hold'em Limit ($3/$6 USD) - 2017/07/10 13:34:09 ET
Table 'Hygiea' 6-max Seat #4 is the button
Seat 3: robertass84 ($120 in chips)
Seat 4: MTails ($121 in chips)
MTails: posts small blind $1
robertass84: posts big blind $3
*** HOLE CARDS ***
MTails: raises $3 to $6
robertass84: raises $3 to $9
MTails: calls $3
*** FLOP *** [6c 7d 6s]
robertass84: bets $3
MTails: calls $3
*** TURN *** [6c 7d 6s] [Kh]
robertass84: bets $6
MTails: raises $6 to $12
robertass84: folds
Uncalled bet ($6) returned to MTails
MTails collected $35.50 from pot
*** SUMMARY ***
Total pot $36 | Rake $0.50
Board [6c 7d 6s Kh]
Seat 3: robertass84 (big blind) folded on the Turn
Seat 4: MTails (button) (small blind) collected ($35.50)


PokerStars Hand #172855763100:  Hold'em Limit ($3/$6 USD) - 2017/07/10 13:34:02 ET
Table 'Hygiea' 6-max Seat #3 is the button
Seat 3: robertass84 ($120 in chips)
Seat 4: MTails ($120 in chips)
robertass84: posts small blind $1
MTails: posts big blind $3
*** HOLE CARDS ***
robertass84: folds
Uncalled bet ($2) returned to MTails
MTails collected $2 from pot
*** SUMMARY ***
Total pot $2 | Rake $0
Seat 3: robertass84 (button) (small blind) folded before Flop
Seat 4: MTails (big blind) collected ($2)


PokerStars Hand #172858295749:  Hold'em Limit ($3/$6 USD) - 2017/07/10 14:31:09 ET
Table 'Hygiea' 6-max Seat #1 is the button
Seat 1: vlaprok ($147.42 in chips)
Seat 2: B_loJkl ($150 in chips)
vlaprok: posts small blind $1
B_loJkl: posts big blind $3
*** HOLE CARDS ***
vlaprok: folds
Uncalled bet ($2) returned to B_loJkl
B_loJkl collected $2 from pot
B_loJkl: doesn't show hand
*** SUMMARY ***
Total pot $2 | Rake $0
Seat 1: vlaprok (button) (small blind) folded before Flop
Seat 2: B_loJkl (big blind) collected ($2)


PokerStars Hand #172859770132:  Hold'em Limit ($3/$6 USD) - 2017/07/10 15:03:24 ET
Table 'Hygiea' 6-max Seat #3 is the button
Seat 2: B_loJkl ($193.17 in chips)
Seat 3: SLK500 ($86.29 in chips)
SLK500: posts small blind $1
Harry River: is sitting out
Apanage: is sitting out
B_loJkl: posts big blind $3
*** HOLE CARDS ***
SLK500: raises $3 to $6
Harry River leaves the table
B_loJkl: folds
Uncalled bet ($3) returned to SLK500
SLK500 collected $6 from pot
SLK500: doesn't show hand
*** SUMMARY ***
Total pot $6 | Rake $0
Seat 2: B_loJkl (big blind) folded before Flop
Seat 3: SLK500 (button) (small blind) collected ($6)


PokerStars Hand #172859808141:  Hold'em Limit ($3/$6 USD) - 2017/07/10 15:04:11 ET
Table 'Hygiea' 6-max Seat #3 is the button
Seat 2: B_loJkl ($213.67 in chips)
Seat 3: SLK500 ($65.29 in chips)
SLK500: posts small blind $1
B_loJkl: posts big blind $3
*** HOLE CARDS ***
SLK500: raises $3 to $6
B_loJkl: calls $3
*** FLOP *** [Kh Jh 6s]
B_loJkl: checks
loukis0902 joins the table at seat #5
SLK500: bets $3
B_loJkl: folds
Uncalled bet ($3) returned to SLK500
SLK500 collected $11.76 from pot
SLK500: doesn't show hand
*** SUMMARY ***
Total pot $12 | Rake $0.24
Board [Kh Jh 6s]
Seat 2: B_loJkl (big blind) folded on the Flop
Seat 3: SLK500 (button) (small blind) collected ($11.76)


PokerStars Hand #172859818536:  Hold'em Limit ($3/$6 USD) - 2017/07/10 15:04:25 ET
Table 'Hygiea' 6-max Seat #2 is the button
Seat 2: B_loJkl ($207.67 in chips)
Seat 3: SLK500 ($71.05 in chips)
B_loJkl: posts small blind $1
SLK500: posts big blind $3
*** HOLE CARDS ***
B_loJkl: folds
Uncalled bet ($2) returned to SLK500
SLK500 collected $2 from pot
SLK500: doesn't show hand
*** SUMMARY ***
Total pot $2 | Rake $0
Seat 2: B_loJkl (button) (small blind) folded before Flop
Seat 3: SLK500 (big blind) collected ($2)


PokerStars Hand #172859781211:  Hold'em Limit ($3/$6 USD) - 2017/07/10 15:03:38 ET
Table 'Hygiea' 6-max Seat #2 is the button
Seat 2: B_loJkl ($190.17 in chips)
Seat 3: SLK500 ($89.29 in chips)
B_loJkl: posts small blind $1
SLK500: posts big blind $3
*** HOLE CARDS ***
B_loJkl: raises $3 to $6
SLK500: raises $3 to $9
Apanage leaves the table
B_loJkl: calls $3
*** FLOP *** [2s 9h 3c]
SLK500: bets $3
B_loJkl: calls $3
*** TURN *** [2s 9h 3c] [Jc]
SLK500: bets $6
B_loJkl: raises $6 to $12
SLK500: calls $6
*** RIVER *** [2s 9h 3c Jc] [Qh]
SLK500: checks
B_loJkl: bets $6
SLK500: folds
Uncalled bet ($6) returned to B_loJkl
B_loJkl collected $47.50 from pot
B_loJkl: doesn't show hand
*** SUMMARY ***
Total pot $48 | Rake $0.50
Board [2s 9h 3c Jc Qh]
Seat 2: B_loJkl (button) (small blind) collected ($47.50)
Seat 3: SLK500 (big blind) folded on the River


PokerStars Hand #172862679057:  Hold'em Limit ($3/$6 USD) - 2017/07/10 16:01:41 ET
Table 'Hygiea' 6-max Seat #1 is the button
Seat 1: AzureCaper ($72 in chips)
Seat 4: Jamdamn ($77.52 in chips)
AzureCaper: posts small blind $1
B_loJkl: is sitting out
SLK500: is sitting out
Jamdamn: posts big blind $3
*** HOLE CARDS ***
AzureCaper: raises $3 to $6
B_loJkl leaves the table
SLK500 leaves the table
Jamdamn: calls $3
*** FLOP *** [3c 9h 5c]
Jamdamn: bets $3
B_loJkl joins the table at seat #5
AzureCaper: calls $3
*** TURN *** [3c 9h 5c] [Qc]
Jamdamn: bets $6
AzureCaper: folds
Uncalled bet ($6) returned to Jamdamn
Jamdamn collected $17.64 from pot
Jamdamn: doesn't show hand
*** SUMMARY ***
Total pot $18 | Rake $0.36
Board [3c 9h 5c Qc]
Seat 1: AzureCaper (button) (small blind) folded on the Turn
Seat 4: Jamdamn (big blind) collected ($17.64)


