PokerStars Hand #167740863293:  Hold'em Limit ($3/$6 USD) - 2017/03/18 1:00:21 ET
Table 'Hygiea' 6-max Seat #6 is the button
Seat 5: ineedbullets ($197.26 in chips)
Seat 6: Agrotait ($63.86 in chips)
Agrotait: posts small blind $1
ineedbullets: posts big blind $3
*** HOLE CARDS ***
Agrotait: folds
Uncalled bet ($2) returned to ineedbullets
ineedbullets collected $2 from pot
ineedbullets: doesn't show hand
*** SUMMARY ***
Total pot $2 | Rake $0
Seat 5: ineedbullets (big blind) collected ($2)
Seat 6: Agrotait (button) (small blind) folded before Flop


PokerStars Hand #167740860737:  Hold'em Limit ($3/$6 USD) - 2017/03/18 1:00:11 ET
Table 'Hygiea' 6-max Seat #5 is the button
Seat 5: ineedbullets ($198.26 in chips)
Seat 6: Agrotait ($62.86 in chips)
ineedbullets: posts small blind $1
Agrotait: posts big blind $3
*** HOLE CARDS ***
ineedbullets: folds
Uncalled bet ($2) returned to Agrotait
Agrotait collected $2 from pot
Agrotait: doesn't show hand
*** SUMMARY ***
Total pot $2 | Rake $0
Seat 5: ineedbullets (button) (small blind) folded before Flop
Seat 6: Agrotait (big blind) collected ($2)


PokerStars Hand #167740852304:  Hold'em Limit ($3/$6 USD) - 2017/03/18 0:59:38 ET
Table 'Hygiea' 6-max Seat #6 is the button
Seat 5: ineedbullets ($168.76 in chips)
Seat 6: Agrotait ($92.86 in chips)
Agrotait: posts small blind $1
ineedbullets: posts big blind $3
*** HOLE CARDS ***
Agrotait: raises $3 to $6
ineedbullets: raises $3 to $9
Agrotait: calls $3
*** FLOP *** [Kh 2h 7d]
ineedbullets: bets $3
Agrotait: calls $3
*** TURN *** [Kh 2h 7d] [5h]
ineedbullets: checks
Agrotait: bets $6
ineedbullets: raises $6 to $12
Agrotait: calls $6
*** RIVER *** [Kh 2h 7d 5h] [9h]
ineedbullets: bets $6
Agrotait: calls $6
*** SHOW DOWN ***
ineedbullets: shows [Kc Ah] (a flush, Ace high)
Agrotait: mucks hand
ineedbullets collected $59.50 from pot
*** SUMMARY ***
Total pot $60 | Rake $0.50
Board [Kh 2h 7d 5h 9h]
Seat 5: ineedbullets (big blind) showed [Kc Ah] and won ($59.50) with a flush, Ace high
Seat 6: Agrotait (button) (small blind) mucked


PokerStars Hand #167740882789:  Hold'em Limit ($3/$6 USD) - 2017/03/18 1:01:33 ET
Table 'Hygiea' 6-max Seat #5 is the button
Seat 5: ineedbullets ($208.76 in chips)
Seat 6: Agrotait ($81.76 in chips)
ineedbullets: posts small blind $1
Agrotait: posts big blind $3
*** HOLE CARDS ***
ineedbullets: folds
Uncalled bet ($2) returned to Agrotait
Agrotait collected $2 from pot
Agrotait: doesn't show hand
*** SUMMARY ***
Total pot $2 | Rake $0
Seat 5: ineedbullets (button) (small blind) folded before Flop
Seat 6: Agrotait (big blind) collected ($2)


PokerStars Hand #167740878516:  Hold'em Limit ($3/$6 USD) - 2017/03/18 1:01:17 ET
Table 'Hygiea' 6-max Seat #6 is the button
Seat 5: ineedbullets ($214.76 in chips)
Seat 6: Agrotait ($76 in chips)
Agrotait: posts small blind $1
ineedbullets: posts big blind $3
*** HOLE CARDS ***
Agrotait: raises $3 to $6
Scheubi88 joins the table at seat #4
ineedbullets: calls $3
*** FLOP *** [Td Tc As]
ineedbullets: checks
Agrotait: bets $3
ineedbullets: folds
Uncalled bet ($3) returned to Agrotait
Agrotait collected $11.76 from pot
Agrotait: doesn't show hand
*** SUMMARY ***
Total pot $12 | Rake $0.24
Board [Td Tc As]
Seat 5: ineedbullets (big blind) folded on the Flop
Seat 6: Agrotait (button) (small blind) collected ($11.76)


PokerStars Hand #167740877173:  Hold'em Limit ($3/$6 USD) - 2017/03/18 1:01:12 ET
Table 'Hygiea' 6-max Seat #5 is the button
Seat 5: ineedbullets ($215.76 in chips)
Seat 6: Agrotait ($75 in chips)
ineedbullets: posts small blind $1
Agrotait: posts big blind $3
*** HOLE CARDS ***
ineedbullets: folds
Uncalled bet ($2) returned to Agrotait
Agrotait collected $2 from pot
Agrotait: doesn't show hand
*** SUMMARY ***
Total pot $2 | Rake $0
Seat 5: ineedbullets (button) (small blind) folded before Flop
Seat 6: Agrotait (big blind) collected ($2)


PokerStars Hand #167740873883:  Hold'em Limit ($3/$6 USD) - 2017/03/18 1:01:01 ET
Table 'Hygiea' 6-max Seat #6 is the button
Seat 5: ineedbullets ($218.76 in chips)
Seat 6: Agrotait ($72 in chips)
Agrotait: posts small blind $1
ineedbullets: posts big blind $3
*** HOLE CARDS ***
Agrotait: raises $3 to $6
ineedbullets: folds
Uncalled bet ($3) returned to Agrotait
Agrotait collected $6 from pot
Agrotait: doesn't show hand
*** SUMMARY ***
Total pot $6 | Rake $0
Seat 5: ineedbullets (big blind) folded before Flop
Seat 6: Agrotait (button) (small blind) collected ($6)


PokerStars Hand #167740865880:  Hold'em Limit ($3/$6 USD) - 2017/03/18 1:00:31 ET
Table 'Hygiea' 6-max Seat #5 is the button
Seat 5: ineedbullets ($198.26 in chips)
Seat 6: Agrotait ($62.86 in chips)
ineedbullets: posts small blind $1
Agrotait: posts big blind $3
*** HOLE CARDS ***
ineedbullets: raises $3 to $6
Agrotait: raises $3 to $9
ineedbullets: calls $3
*** FLOP *** [4c 5h 7d]
Agrotait: bets $3
ineedbullets: raises $3 to $6
Agrotait: calls $3
*** TURN *** [4c 5h 7d] [3s]
Agrotait: checks
ineedbullets: bets $6
Agrotait: calls $6
*** RIVER *** [4c 5h 7d 3s] [3c]
Agrotait: checks
ineedbullets: bets $6
Agrotait: folds
Uncalled bet ($6) returned to ineedbullets
ineedbullets collected $41.50 from pot
*** SUMMARY ***
Total pot $42 | Rake $0.50
Board [4c 5h 7d 3s 3c]
Seat 5: ineedbullets (button) (small blind) collected ($41.50)
Seat 6: Agrotait (big blind) folded on the River


PokerStars Hand #167741045047:  Hold'em Limit ($3/$6 USD) - 2017/03/18 1:11:08 ET
Table 'Hygiea' 6-max Seat #4 is the button
Seat 4: Scheubi88 ($101.58 in chips)
Seat 6: Agrotait ($209.67 in chips)
Scheubi88: posts small blind $1
Agrotait: posts big blind $3
*** HOLE CARDS ***
Scheubi88: raises $3 to $6
Agrotait: calls $3
*** FLOP *** [6d 6h 6s]
Agrotait: checks
Scheubi88: bets $3
Agrotait: raises $3 to $6
Scheubi88: calls $3
*** TURN *** [6d 6h 6s] [Ac]
Agrotait: checks
Scheubi88: checks
*** RIVER *** [6d 6h 6s Ac] [9h]
Agrotait: bets $6
Scheubi88: folds
Uncalled bet ($6) returned to Agrotait
Agrotait collected $23.52 from pot
Agrotait: doesn't show hand
*** SUMMARY ***
Total pot $24 | Rake $0.48
Board [6d 6h 6s Ac 9h]
Seat 4: Scheubi88 (button) (small blind) folded on the River
Seat 6: Agrotait (big blind) collected ($23.52)


PokerStars Hand #167741057775:  Hold'em Limit ($3/$6 USD) - 2017/03/18 1:11:53 ET
Table 'Hygiea' 6-max Seat #6 is the button
Seat 4: Scheubi88 ($89.58 in chips)
Seat 6: Agrotait ($221.19 in chips)
Agrotait: posts small blind $1
Scheubi88: posts big blind $3
*** HOLE CARDS ***
Agrotait: raises $3 to $6
Scheubi88: raises $3 to $9
Agrotait: calls $3
*** FLOP *** [6s Qc 3h]
Scheubi88: bets $3
Agrotait: calls $3
*** TURN *** [6s Qc 3h] [Js]
Scheubi88: checks
Agrotait: checks
*** RIVER *** [6s Qc 3h Js] [2c]
Scheubi88: checks
Agrotait: bets $6
Scheubi88: calls $6
*** SHOW DOWN ***
Agrotait: shows [4s 2s] (a pair of Deuces)
Scheubi88: mucks hand
Agrotait collected $35.50 from pot
*** SUMMARY ***
Total pot $36 | Rake $0.50
Board [6s Qc 3h Js 2c]
Seat 4: Scheubi88 (big blind) mucked
Seat 6: Agrotait (button) (small blind) showed [4s 2s] and won ($35.50) with a pair of Deuces


