PokerStars Hand #144361137501:  Hold'em Limit ($3/$6 USD) - 2015/11/25 9:57:07 ET
Table 'Hynek' 6-max Seat #6 is the button
Seat 1: TbIP-TbIP 88 ($72 in chips)
Seat 6: GintarasNyd ($31.98 in chips)
GintarasNyd: posts small blind $1
TbIP-TbIP 88: posts big blind $3
*** HOLE CARDS ***
GintarasNyd: folds
Uncalled bet ($2) returned to TbIP-TbIP 88
TbIP-TbIP 88 collected $2 from pot
TbIP-TbIP 88: doesn't show hand
*** SUMMARY ***
Total pot $2 | Rake $0
Seat 1: TbIP-TbIP 88 (big blind) collected ($2)
Seat 6: GintarasNyd (button) (small blind) folded before Flop


PokerStars Hand #144361122853:  Hold'em Limit ($3/$6 USD) - 2015/11/25 9:56:40 ET
Table 'Hynek' 6-max Seat #1 is the button
Seat 1: TbIP-TbIP 88 ($72 in chips)
Seat 6: GintarasNyd ($30.98 in chips)
MTails has timed out
MTails: is sitting out
TbIP-TbIP 88: posts small blind $1
GintarasNyd: posts big blind $3
*** HOLE CARDS ***
TbIP-TbIP 88: folds
Uncalled bet ($2) returned to GintarasNyd
GintarasNyd collected $2 from pot
GintarasNyd: doesn't show hand
*** SUMMARY ***
Total pot $2 | Rake $0
Seat 1: TbIP-TbIP 88 (button) (small blind) folded before Flop
Seat 6: GintarasNyd (big blind) collected ($2)


PokerStars Hand #144361148912:  Hold'em Limit ($3/$6 USD) - 2015/11/25 9:57:27 ET
Table 'Hynek' 6-max Seat #6 is the button
Seat 1: TbIP-TbIP 88 ($72 in chips)
Seat 6: GintarasNyd ($39.62 in chips)
GintarasNyd: posts small blind $1
TbIP-TbIP 88: posts big blind $3
*** HOLE CARDS ***
GintarasNyd: folds
Uncalled bet ($2) returned to TbIP-TbIP 88
TbIP-TbIP 88 collected $2 from pot
TbIP-TbIP 88: doesn't show hand
*** SUMMARY ***
Total pot $2 | Rake $0
Seat 1: TbIP-TbIP 88 (big blind) collected ($2)
Seat 6: GintarasNyd (button) (small blind) folded before Flop


PokerStars Hand #144361140279:  Hold'em Limit ($3/$6 USD) - 2015/11/25 9:57:12 ET
Table 'Hynek' 6-max Seat #1 is the button
Seat 1: TbIP-TbIP 88 ($73 in chips)
Seat 6: GintarasNyd ($30.98 in chips)
TbIP-TbIP 88: posts small blind $1
GintarasNyd: posts big blind $3
*** HOLE CARDS ***
TbIP-TbIP 88: raises $3 to $6
GintarasNyd: raises $3 to $9
TbIP-TbIP 88: calls $3
*** FLOP *** [5h Qs 3c]
GintarasNyd: bets $3
TbIP-TbIP 88: folds
Uncalled bet ($3) returned to GintarasNyd
Wonderdino joins the table at seat #2
GintarasNyd collected $17.64 from pot
GintarasNyd: doesn't show hand
*** SUMMARY ***
Total pot $18 | Rake $0.36
Board [5h Qs 3c]
Seat 1: TbIP-TbIP 88 (button) (small blind) folded on the Flop
Seat 6: GintarasNyd (big blind) collected ($17.64)


PokerStars Hand #144364231530:  Hold'em Limit ($3/$6 USD) - 2015/11/25 11:12:06 ET
Table 'Hynek' 6-max Seat #2 is the button
Seat 1: SirRomanov ($73.63 in chips)
Seat 2: lennie1987 ($117.80 in chips)
lennie1987: posts small blind $1
Agrotait: is sitting out
Zubasa07: is sitting out
SirRomanov: posts big blind $3
*** HOLE CARDS ***
lennie1987: raises $3 to $6
SirRomanov: folds
Uncalled bet ($3) returned to lennie1987
lennie1987 collected $6 from pot
*** SUMMARY ***
Total pot $6 | Rake $0
Seat 1: SirRomanov (big blind) folded before Flop
Seat 2: lennie1987 (button) (small blind) collected ($6)


PokerStars Hand #144368446042:  Hold'em Limit ($3/$6 USD) - 2015/11/25 12:44:02 ET
Table 'Hynek' 6-max Seat #3 is the button
Seat 3: zizonmusang ($100.82 in chips)
Seat 5: LukaSteel ($171.32 in chips)
zizonmusang: posts small blind $1
7superpoker: is sitting out
LukaSteel: posts big blind $3
*** HOLE CARDS ***
7superpoker leaves the table
zizonmusang: raises $3 to $6
LukaSteel: calls $3
*** FLOP *** [8d Kc 4d]
LukaSteel: checks
zizonmusang: bets $3
LukaSteel: calls $3
*** TURN *** [8d Kc 4d] [As]
LukaSteel: checks
Great_Kang leaves the table
zizonmusang: checks
*** RIVER *** [8d Kc 4d As] [Qs]
LukaSteel: bets $6
zizonmusang: calls $6
*** SHOW DOWN ***
LukaSteel: shows [7h Td] (high card Ace)
zizonmusang: shows [Kh 2c] (a pair of Kings)
zizonmusang collected $29.50 from pot
*** SUMMARY ***
Total pot $30 | Rake $0.50
Board [8d Kc 4d As Qs]
Seat 3: zizonmusang (button) (small blind) showed [Kh 2c] and won ($29.50) with a pair of Kings
Seat 5: LukaSteel (big blind) showed [7h Td] and lost with high card Ace


PokerStars Hand #144368497551:  Hold'em Limit ($3/$6 USD) - 2015/11/25 12:45:04 ET
Table 'Hynek' 6-max Seat #6 is the button
Seat 3: zizonmusang ($115.32 in chips)
Seat 6: GintarasNyd ($36 in chips)
GintarasNyd: posts small blind $1
zizonmusang: posts big blind $3
*** HOLE CARDS ***
GintarasNyd: raises $3 to $6
zizonmusang: calls $3
*** FLOP *** [6s 5c Kc]
zizonmusang: checks
GintarasNyd: bets $3
zizonmusang: raises $3 to $6
GintarasNyd: raises $3 to $9
zizonmusang: folds
Uncalled bet ($3) returned to GintarasNyd
GintarasNyd collected $23.52 from pot
GintarasNyd: doesn't show hand
*** SUMMARY ***
Total pot $24 | Rake $0.48
Board [6s 5c Kc]
Seat 3: zizonmusang (big blind) folded on the Flop
Seat 6: GintarasNyd (button) (small blind) collected ($23.52)


PokerStars Hand #144368520232:  Hold'em Limit ($3/$6 USD) - 2015/11/25 12:45:31 ET
Table 'Hynek' 6-max Seat #3 is the button
Seat 3: zizonmusang ($103.32 in chips)
Seat 6: GintarasNyd ($47.52 in chips)
zizonmusang: posts small blind $1
GintarasNyd: posts big blind $3
*** HOLE CARDS ***
zizonmusang: raises $3 to $6
GintarasNyd: folds
Uncalled bet ($3) returned to zizonmusang
zizonmusang collected $6 from pot
zizonmusang: doesn't show hand
*** SUMMARY ***
Total pot $6 | Rake $0
Seat 3: zizonmusang (button) (small blind) collected ($6)
Seat 6: GintarasNyd (big blind) folded before Flop


PokerStars Hand #144369141201:  Hold'em Limit ($3/$6 USD) - 2015/11/25 12:58:33 ET
Table 'Hynek' 6-max Seat #1 is the button
Seat 1: PelonCabelao ($110.02 in chips)
Seat 5: hooverr ($16.81 in chips)
PelonCabelao: posts small blind $1
beng_51: is sitting out
hooverr: posts big blind $3
*** HOLE CARDS ***
PelonCabelao: folds
Uncalled bet ($2) returned to hooverr
beng_51 leaves the table
hooverr collected $2 from pot
hooverr: doesn't show hand
*** SUMMARY ***
Total pot $2 | Rake $0
Seat 1: PelonCabelao (button) (small blind) folded before Flop
Seat 5: hooverr (big blind) collected ($2)


PokerStars Hand #144369153157:  Hold'em Limit ($3/$6 USD) - 2015/11/25 12:58:51 ET
Table 'Hynek' 6-max Seat #5 is the button
Seat 1: PelonCabelao ($109.02 in chips)
Seat 5: hooverr ($17.81 in chips)
hooverr: posts small blind $1
PelonCabelao: posts big blind $3
*** HOLE CARDS ***
hooverr: raises $3 to $6
PelonCabelao: calls $3
*** FLOP *** [9h 4d Qc]
PelonCabelao: checks
hooverr: bets $3
PelonCabelao: calls $3
*** TURN *** [9h 4d Qc] [Ah]
PelonCabelao: checks
hooverr: checks
*** RIVER *** [9h 4d Qc Ah] [Jc]
PelonCabelao: checks
hooverr: bets $6
PelonCabelao: calls $6
*** SHOW DOWN ***
hooverr: shows [Qs Kd] (a pair of Queens)
PelonCabelao: mucks hand
hooverr collected $29.50 from pot
*** SUMMARY ***
Total pot $30 | Rake $0.50
Board [9h 4d Qc Ah Jc]
Seat 1: PelonCabelao (big blind) mucked
Seat 5: hooverr (button) (small blind) showed [Qs Kd] and won ($29.50) with a pair of Queens


PokerStars Hand #144369198395:  Hold'em Limit ($3/$6 USD) - 2015/11/25 12:59:58 ET
Table 'Hynek' 6-max Seat #1 is the button
Seat 1: PelonCabelao ($94.02 in chips)
Seat 5: hooverr ($32.31 in chips)
PelonCabelao: posts small blind $1
hooverr: posts big blind $3
*** HOLE CARDS ***
PelonCabelao: raises $3 to $6
Puzanchik 11 joins the table at seat #3
hooverr: calls $3
*** FLOP *** [8c 8s 6h]
hooverr: checks
PelonCabelao: bets $3
beng_51 joins the table at seat #4
hooverr: calls $3
*** TURN *** [8c 8s 6h] [Qc]
hooverr: checks
PelonCabelao: bets $6
hooverr: raises $6 to $12
PelonCabelao: calls $6
*** RIVER *** [8c 8s 6h Qc] [7d]
hooverr: bets $6
PelonCabelao: calls $6
*** SHOW DOWN ***
hooverr: shows [Ks Kh] (two pair, Kings and Eights)
PelonCabelao: mucks hand
hooverr collected $53.50 from pot
*** SUMMARY ***
Total pot $54 | Rake $0.50
Board [8c 8s 6h Qc 7d]
Seat 1: PelonCabelao (button) (small blind) mucked
Seat 5: hooverr (big blind) showed [Ks Kh] and won ($53.50) with two pair, Kings and Eights


PokerStars Hand #144369246522:  Hold'em Limit ($3/$6 USD) - 2015/11/25 13:01:00 ET
Table 'Hynek' 6-max Seat #5 is the button
Seat 1: PelonCabelao ($72 in chips)
Seat 5: hooverr ($58.81 in chips)
hooverr: posts small blind $1
PelonCabelao: posts big blind $3
*** HOLE CARDS ***
hooverr: folds
Uncalled bet ($2) returned to PelonCabelao
PelonCabelao collected $2 from pot
PelonCabelao: doesn't show hand
*** SUMMARY ***
Total pot $2 | Rake $0
Seat 1: PelonCabelao (big blind) collected ($2)
Seat 5: hooverr (button) (small blind) folded before Flop


