PokerStars Hand #168305393638:  Hold'em Limit ($3/$6 USD) - 2017/03/29 20:38:14 ET
Table 'Hypatia' 6-max Seat #2 is the button
Seat 1: Don_Alling ($29.34 in chips)
Seat 2: The Boldy ($35.90 in chips)
The Boldy: posts small blind $1
Don_Alling: posts big blind $3
*** HOLE CARDS ***
Jack_Wu1985 joins the table at seat #4
The Boldy: raises $3 to $6
Don_Alling: raises $3 to $9
The Boldy: raises $3 to $12
Betting is capped
Don_Alling: calls $3
*** FLOP *** [7c 8h Jh]
Don_Alling: bets $3
The Boldy: calls $3
*** TURN *** [7c 8h Jh] [3c]
Don_Alling: bets $6
GRAILKO joins the table at seat #5
The Boldy: calls $6
*** RIVER *** [7c 8h Jh 3c] [7s]
Don_Alling: bets $6
The Boldy: calls $6
Ramosh1974 joins the table at seat #3
*** SHOW DOWN ***
Don_Alling: shows [Kh 9d] (a pair of Sevens)
The Boldy: shows [5s Ac] (a pair of Sevens - Ace kicker)
The Boldy collected $53.50 from pot
*** SUMMARY ***
Total pot $54 | Rake $0.50
Board [7c 8h Jh 3c 7s]
Seat 1: Don_Alling (big blind) showed [Kh 9d] and lost with a pair of Sevens
Seat 2: The Boldy (button) (small blind) showed [5s Ac] and won ($53.50) with a pair of Sevens


PokerStars Hand #168305390339:  Hold'em Limit ($3/$6 USD) - 2017/03/29 20:38:07 ET
Table 'Hypatia' 6-max Seat #1 is the button
Seat 1: Don_Alling ($30.34 in chips)
Seat 2: The Boldy ($34.90 in chips)
Don_Alling: posts small blind $1
The Boldy: posts big blind $3
*** HOLE CARDS ***
Don_Alling: folds
Uncalled bet ($2) returned to The Boldy
The Boldy collected $2 from pot
*** SUMMARY ***
Total pot $2 | Rake $0
Seat 1: Don_Alling (button) (small blind) folded before Flop
Seat 2: The Boldy (big blind) collected ($2)


PokerStars Hand #168310102824:  Hold'em Limit ($3/$6 USD) - 2017/03/30 0:11:08 ET
Table 'Hypatia' 6-max Seat #3 is the button
Seat 3: happyshine88 ($300.47 in chips)
Seat 4: fugu82 ($138.49 in chips)
happyshine88: posts small blind $1
fugu82: posts big blind $3
*** HOLE CARDS ***
happyshine88: raises $3 to $6
fugu82: calls $3
*** FLOP *** [5d 2c Th]
fugu82: checks
happyshine88: checks
*** TURN *** [5d 2c Th] [Qd]
fugu82: checks
happyshine88: checks
*** RIVER *** [5d 2c Th Qd] [6h]
fugu82: checks
happyshine88: checks
*** SHOW DOWN ***
fugu82: shows [8d 9c] (high card Queen)
happyshine88: shows [Ad 8s] (high card Ace)
happyshine88 collected $11.76 from pot
*** SUMMARY ***
Total pot $12 | Rake $0.24
Board [5d 2c Th Qd 6h]
Seat 3: happyshine88 (button) (small blind) showed [Ad 8s] and won ($11.76) with high card Ace
Seat 4: fugu82 (big blind) showed [8d 9c] and lost with high card Queen


PokerStars Hand #168310108606:  Hold'em Limit ($3/$6 USD) - 2017/03/30 0:11:28 ET
Table 'Hypatia' 6-max Seat #4 is the button
Seat 3: happyshine88 ($306.23 in chips)
Seat 4: fugu82 ($132.49 in chips)
fugu82: posts small blind $1
happyshine88: posts big blind $3
*** HOLE CARDS ***
fugu82: raises $3 to $6
happyshine88: calls $3
*** FLOP *** [3s 3h Ah]
happyshine88: checks
fugu82: bets $3
happyshine88: folds
Uncalled bet ($3) returned to fugu82
fugu82 collected $11.76 from pot
*** SUMMARY ***
Total pot $12 | Rake $0.24
Board [3s 3h Ah]
Seat 3: happyshine88 (big blind) folded on the Flop
Seat 4: fugu82 (button) (small blind) collected ($11.76)


PokerStars Hand #168310093817:  Hold'em Limit ($3/$6 USD) - 2017/03/30 0:10:36 ET
Table 'Hypatia' 6-max Seat #4 is the button
Seat 3: happyshine88 ($279.97 in chips)
Seat 4: fugu82 ($159.49 in chips)
fugu82: posts small blind $1
happyshine88: posts big blind $3
*** HOLE CARDS ***
fugu82: raises $3 to $6
happyshine88: calls $3
*** FLOP *** [Ac Ah Qc]
happyshine88: checks
fugu82: bets $3
happyshine88: calls $3
*** TURN *** [Ac Ah Qc] [8c]
happyshine88: checks
shawnm20 leaves the table
fugu82: bets $6
happyshine88: calls $6
*** RIVER *** [Ac Ah Qc 8c] [6s]
happyshine88: bets $6
fugu82: calls $6
*** SHOW DOWN ***
happyshine88: shows [Kc Qd] (two pair, Aces and Queens)
fugu82: shows [Qh 6h] (two pair, Aces and Queens - lower kicker)
happyshine88 collected $41.50 from pot
*** SUMMARY ***
Total pot $42 | Rake $0.50
Board [Ac Ah Qc 8c 6s]
Seat 3: happyshine88 (big blind) showed [Kc Qd] and won ($41.50) with two pair, Aces and Queens
Seat 4: fugu82 (button) (small blind) showed [Qh 6h] and lost with two pair, Aces and Queens


PokerStars Hand #168310132141:  Hold'em Limit ($3/$6 USD) - 2017/03/30 0:12:51 ET
Table 'Hypatia' 6-max Seat #3 is the button
Seat 3: happyshine88 ($330.73 in chips)
Seat 4: fugu82 ($107.25 in chips)
happyshine88: posts small blind $1
fugu82: posts big blind $3
*** HOLE CARDS ***
happyshine88: raises $3 to $6
fugu82: folds
Uncalled bet ($3) returned to happyshine88
happyshine88 collected $6 from pot
happyshine88: doesn't show hand
*** SUMMARY ***
Total pot $6 | Rake $0
Seat 3: happyshine88 (button) (small blind) collected ($6)
Seat 4: fugu82 (big blind) folded before Flop


PokerStars Hand #168310113039:  Hold'em Limit ($3/$6 USD) - 2017/03/30 0:11:44 ET
Table 'Hypatia' 6-max Seat #3 is the button
Seat 3: happyshine88 ($300.23 in chips)
Seat 4: fugu82 ($138.25 in chips)
happyshine88: posts small blind $1
fugu82: posts big blind $3
*** HOLE CARDS ***
happyshine88: raises $3 to $6
fugu82: calls $3
*** FLOP *** [9d 8s 5d]
fugu82: checks
happyshine88: bets $3
fugu82: raises $3 to $6
happyshine88: calls $3
*** TURN *** [9d 8s 5d] [4c]
fugu82: bets $6
happyshine88: calls $6
*** RIVER *** [9d 8s 5d 4c] [4h]
fugu82: bets $6
happyshine88: raises $6 to $12
fugu82: calls $6
*** SHOW DOWN ***
happyshine88: shows [6d 7c] (a straight, Five to Nine)
fugu82: mucks hand
happyshine88 collected $59.50 from pot
*** SUMMARY ***
Total pot $60 | Rake $0.50
Board [9d 8s 5d 4c 4h]
Seat 3: happyshine88 (button) (small blind) showed [6d 7c] and won ($59.50) with a straight, Five to Nine
Seat 4: fugu82 (big blind) mucked


PokerStars Hand #168310126321:  Hold'em Limit ($3/$6 USD) - 2017/03/30 0:12:31 ET
Table 'Hypatia' 6-max Seat #4 is the button
Seat 3: happyshine88 ($329.73 in chips)
Seat 4: fugu82 ($108.25 in chips)
fugu82: posts small blind $1
happyshine88: posts big blind $3
*** HOLE CARDS ***
fugu82: folds
Uncalled bet ($2) returned to happyshine88
happyshine88 collected $2 from pot
happyshine88: doesn't show hand
*** SUMMARY ***
Total pot $2 | Rake $0
Seat 3: happyshine88 (big blind) collected ($2)
Seat 4: fugu82 (button) (small blind) folded before Flop


PokerStars Hand #168310130448:  Hold'em Limit ($3/$6 USD) - 2017/03/30 0:12:45 ET
Table 'Hypatia' 6-max Seat #4 is the button
Seat 3: happyshine88 ($329.73 in chips)
Seat 4: fugu82 ($108.25 in chips)
fugu82: posts small blind $1
happyshine88: posts big blind $3
*** HOLE CARDS ***
fugu82: folds
Uncalled bet ($2) returned to happyshine88
happyshine88 collected $2 from pot
happyshine88: doesn't show hand
*** SUMMARY ***
Total pot $2 | Rake $0
Seat 3: happyshine88 (big blind) collected ($2)
Seat 4: fugu82 (button) (small blind) folded before Flop


PokerStars Hand #168310128401:  Hold'em Limit ($3/$6 USD) - 2017/03/30 0:12:38 ET
Table 'Hypatia' 6-max Seat #3 is the button
Seat 3: happyshine88 ($330.73 in chips)
Seat 4: fugu82 ($107.25 in chips)
happyshine88: posts small blind $1
fugu82: posts big blind $3
*** HOLE CARDS ***
happyshine88: folds
Uncalled bet ($2) returned to fugu82
fugu82 collected $2 from pot
*** SUMMARY ***
Total pot $2 | Rake $0
Seat 3: happyshine88 (button) (small blind) folded before Flop
Seat 4: fugu82 (big blind) collected ($2)


PokerStars Hand #168310144094:  Hold'em Limit ($3/$6 USD) - 2017/03/30 0:13:33 ET
Table 'Hypatia' 6-max Seat #4 is the button
Seat 3: happyshine88 ($331.73 in chips)
Seat 4: fugu82 ($106.13 in chips)
fugu82: posts small blind $1
happyshine88: posts big blind $3
*** HOLE CARDS ***
fugu82: folds
Uncalled bet ($2) returned to happyshine88
happyshine88 collected $2 from pot
happyshine88: doesn't show hand
*** SUMMARY ***
Total pot $2 | Rake $0
Seat 3: happyshine88 (big blind) collected ($2)
Seat 4: fugu82 (button) (small blind) folded before Flop


PokerStars Hand #168310136274:  Hold'em Limit ($3/$6 USD) - 2017/03/30 0:13:06 ET
Table 'Hypatia' 6-max Seat #3 is the button
Seat 3: happyshine88 ($334.73 in chips)
Seat 4: fugu82 ($103.25 in chips)
happyshine88: posts small blind $1
fugu82: posts big blind $3
*** HOLE CARDS ***
happyshine88: calls $2
fugu82: checks
*** FLOP *** [Th Ad 9c]
fugu82: bets $3
happyshine88: folds
Uncalled bet ($3) returned to fugu82
fugu82 collected $5.88 from pot
*** SUMMARY ***
Total pot $6 | Rake $0.12
Board [Th Ad 9c]
Seat 3: happyshine88 (button) (small blind) folded on the Flop
Seat 4: fugu82 (big blind) collected ($5.88)


PokerStars Hand #168310134365:  Hold'em Limit ($3/$6 USD) - 2017/03/30 0:12:59 ET
Table 'Hypatia' 6-max Seat #4 is the button
Seat 3: happyshine88 ($333.73 in chips)
Seat 4: fugu82 ($104.25 in chips)
fugu82: posts small blind $1
happyshine88: posts big blind $3
*** HOLE CARDS ***
fugu82: folds
Uncalled bet ($2) returned to happyshine88
happyshine88 collected $2 from pot
happyshine88: doesn't show hand
*** SUMMARY ***
Total pot $2 | Rake $0
Seat 3: happyshine88 (big blind) collected ($2)
Seat 4: fugu82 (button) (small blind) folded before Flop


PokerStars Hand #168310155481:  Hold'em Limit ($3/$6 USD) - 2017/03/30 0:14:14 ET
Table 'Hypatia' 6-max Seat #4 is the button
Seat 3: happyshine88 ($356.23 in chips)
Seat 4: fugu82 ($81.13 in chips)
fugu82: posts small blind $1
happyshine88: posts big blind $3
*** HOLE CARDS ***
fugu82: folds
Uncalled bet ($2) returned to happyshine88
fugu82 leaves the table
huracan mdp joins the table at seat #5
happyshine88 collected $2 from pot
happyshine88: doesn't show hand
*** SUMMARY ***
Total pot $2 | Rake $0
Seat 3: happyshine88 (big blind) collected ($2)
Seat 4: fugu82 (button) (small blind) folded before Flop


PokerStars Hand #168310159073:  Hold'em Limit ($3/$6 USD) - 2017/03/30 0:14:26 ET
Table 'Hypatia' 6-max Seat #3 is the button
Seat 3: happyshine88 ($357.23 in chips)
Seat 5: huracan mdp ($120 in chips)
happyshine88: posts small blind $1
huracan mdp: posts big blind $3
*** HOLE CARDS ***
happyshine88: raises $3 to $6
huracan mdp: calls $3
*** FLOP *** [8s Kc Kd]
huracan mdp: bets $3
happyshine88: folds
Uncalled bet ($3) returned to huracan mdp
huracan mdp collected $11.76 from pot
*** SUMMARY ***
Total pot $12 | Rake $0.24
Board [8s Kc Kd]
Seat 3: happyshine88 (button) (small blind) folded on the Flop
Seat 5: huracan mdp (big blind) collected ($11.76)


PokerStars Hand #168310146058:  Hold'em Limit ($3/$6 USD) - 2017/03/30 0:13:40 ET
Table 'Hypatia' 6-max Seat #3 is the button
Seat 3: happyshine88 ($332.73 in chips)
Seat 4: fugu82 ($105.13 in chips)
happyshine88: posts small blind $1
fugu82: posts big blind $3
*** HOLE CARDS ***
happyshine88: raises $3 to $6
fugu82: raises $3 to $9
happyshine88: calls $3
*** FLOP *** [3d 9d 5d]
fugu82: bets $3
happyshine88: calls $3
*** TURN *** [3d 9d 5d] [7s]
fugu82: bets $6
happyshine88: calls $6
*** RIVER *** [3d 9d 5d 7s] [8s]
fugu82: bets $6
happyshine88: calls $6
*** SHOW DOWN ***
fugu82: shows [4h Ad] (high card Ace)
happyshine88: shows [5h Ah] (a pair of Fives)
happyshine88 collected $47.50 from pot
*** SUMMARY ***
Total pot $48 | Rake $0.50
Board [3d 9d 5d 7s 8s]
Seat 3: happyshine88 (button) (small blind) showed [5h Ah] and won ($47.50) with a pair of Fives
Seat 4: fugu82 (big blind) showed [4h Ad] and lost with high card Ace


PokerStars Hand #168310165399:  Hold'em Limit ($3/$6 USD) - 2017/03/30 0:14:49 ET
Table 'Hypatia' 6-max Seat #3 is the button
Seat 3: happyshine88 ($352.23 in chips)
Seat 5: huracan mdp ($124.76 in chips)
happyshine88: posts small blind $1
huracan mdp: posts big blind $3
*** HOLE CARDS ***
happyshine88: raises $3 to $6
huracan mdp: calls $3
*** FLOP *** [Ac 9d 5d]
huracan mdp: checks
happyshine88: checks
*** TURN *** [Ac 9d 5d] [8c]
huracan mdp: bets $6
happyshine88: calls $6
*** RIVER *** [Ac 9d 5d 8c] [6c]
huracan mdp: bets $6
happyshine88: raises $6 to $12
huracan mdp: calls $6
*** SHOW DOWN ***
happyshine88: shows [7c Jd] (a straight, Five to Nine)
huracan mdp: mucks hand
happyshine88 collected $47.50 from pot
*** SUMMARY ***
Total pot $48 | Rake $0.50
Board [Ac 9d 5d 8c 6c]
Seat 3: happyshine88 (button) (small blind) showed [7c Jd] and won ($47.50) with a straight, Five to Nine
Seat 5: huracan mdp (big blind) mucked


PokerStars Hand #168310175275:  Hold'em Limit ($3/$6 USD) - 2017/03/30 0:15:24 ET
Table 'Hypatia' 6-max Seat #5 is the button
Seat 3: happyshine88 ($375.73 in chips)
Seat 5: huracan mdp ($100.76 in chips)
huracan mdp: posts small blind $1
happyshine88: posts big blind $3
*** HOLE CARDS ***
huracan mdp: raises $3 to $6
happyshine88: calls $3
*** FLOP *** [4h 3d 2h]
happyshine88: checks
huracan mdp: checks
*** TURN *** [4h 3d 2h] [Ts]
happyshine88: bets $6
huracan mdp: calls $6
*** RIVER *** [4h 3d 2h Ts] [8s]
happyshine88: bets $6
huracan mdp: calls $6
*** SHOW DOWN ***
happyshine88: shows [Ac 9d] (high card Ace)
huracan mdp: shows [8d Js] (a pair of Eights)
huracan mdp collected $35.50 from pot
*** SUMMARY ***
Total pot $36 | Rake $0.50
Board [4h 3d 2h Ts 8s]
Seat 3: happyshine88 (big blind) showed [Ac 9d] and lost with high card Ace
Seat 5: huracan mdp (button) (small blind) showed [8d Js] and won ($35.50) with a pair of Eights


PokerStars Hand #168310187535:  Hold'em Limit ($3/$6 USD) - 2017/03/30 0:15:54 ET
Table 'Hypatia' 6-max Seat #5 is the button
Seat 3: happyshine88 ($356.73 in chips)
Seat 5: huracan mdp ($119.26 in chips)
huracan mdp: posts small blind $1
happyshine88: posts big blind $3
*** HOLE CARDS ***
huracan mdp: folds
Uncalled bet ($2) returned to happyshine88
happyshine88 collected $2 from pot
happyshine88: doesn't show hand
*** SUMMARY ***
Total pot $2 | Rake $0
Seat 3: happyshine88 (big blind) collected ($2)
Seat 5: huracan mdp (button) (small blind) folded before Flop


PokerStars Hand #168310185807:  Hold'em Limit ($3/$6 USD) - 2017/03/30 0:15:48 ET
Table 'Hypatia' 6-max Seat #3 is the button
Seat 3: happyshine88 ($357.73 in chips)
Seat 5: huracan mdp ($118.26 in chips)
happyshine88: posts small blind $1
huracan mdp: posts big blind $3
*** HOLE CARDS ***
happyshine88: folds
Uncalled bet ($2) returned to huracan mdp
huracan mdp collected $2 from pot
*** SUMMARY ***
Total pot $2 | Rake $0
Seat 3: happyshine88 (button) (small blind) folded before Flop
Seat 5: huracan mdp (big blind) collected ($2)


PokerStars Hand #168310195463:  Hold'em Limit ($3/$6 USD) - 2017/03/30 0:16:22 ET
Table 'Hypatia' 6-max Seat #5 is the button
Seat 3: happyshine88 ($375.23 in chips)
Seat 5: huracan mdp ($100.26 in chips)
huracan mdp: posts small blind $1
happyshine88: posts big blind $3
*** HOLE CARDS ***
huracan mdp: folds
Uncalled bet ($2) returned to happyshine88
happyshine88 collected $2 from pot
happyshine88: doesn't show hand
*** SUMMARY ***
Total pot $2 | Rake $0
Seat 3: happyshine88 (big blind) collected ($2)
Seat 5: huracan mdp (button) (small blind) folded before Flop


PokerStars Hand #168310189160:  Hold'em Limit ($3/$6 USD) - 2017/03/30 0:16:00 ET
Table 'Hypatia' 6-max Seat #3 is the button
Seat 3: happyshine88 ($357.73 in chips)
Seat 5: huracan mdp ($118.26 in chips)
happyshine88: posts small blind $1
huracan mdp: posts big blind $3
*** HOLE CARDS ***
happyshine88: raises $3 to $6
huracan mdp: raises $3 to $9
happyshine88: calls $3
*** FLOP *** [6d Ts 2s]
huracan mdp: bets $3
happyshine88: calls $3
*** TURN *** [6d Ts 2s] [3c]
huracan mdp: bets $6
happyshine88: calls $6
*** RIVER *** [6d Ts 2s 3c] [8h]
huracan mdp: checks
happyshine88: checks
*** SHOW DOWN ***
huracan mdp: shows [9h Qh] (high card Queen)
happyshine88: shows [5d Ac] (high card Ace)
happyshine88 collected $35.50 from pot
*** SUMMARY ***
Total pot $36 | Rake $0.50
Board [6d Ts 2s 3c 8h]
Seat 3: happyshine88 (button) (small blind) showed [5d Ac] and won ($35.50) with high card Ace
Seat 5: huracan mdp (big blind) showed [9h Qh] and lost with high card Queen


PokerStars Hand #168310208644:  Hold'em Limit ($3/$6 USD) - 2017/03/30 0:17:10 ET
Table 'Hypatia' 6-max Seat #3 is the button
Seat 3: happyshine88 ($406.73 in chips)
Seat 5: huracan mdp ($68.26 in chips)
happyshine88: posts small blind $1
huracan mdp: posts big blind $3
*** HOLE CARDS ***
happyshine88: raises $3 to $6
huracan mdp: raises $3 to $9
happyshine88: calls $3
*** FLOP *** [Js Td Th]
huracan mdp: bets $3
happyshine88: folds
Uncalled bet ($3) returned to huracan mdp
huracan mdp collected $17.64 from pot
*** SUMMARY ***
Total pot $18 | Rake $0.36
Board [Js Td Th]
Seat 3: happyshine88 (button) (small blind) folded on the Flop
Seat 5: huracan mdp (big blind) collected ($17.64)


PokerStars Hand #168310214213:  Hold'em Limit ($3/$6 USD) - 2017/03/30 0:17:29 ET
Table 'Hypatia' 6-max Seat #5 is the button
Seat 3: happyshine88 ($397.73 in chips)
Seat 5: huracan mdp ($76.90 in chips)
huracan mdp: posts small blind $1
happyshine88: posts big blind $3
*** HOLE CARDS ***
huracan mdp: raises $3 to $6
happyshine88: calls $3
*** FLOP *** [4c Jc 2h]
happyshine88: checks
huracan mdp: bets $3
happyshine88: folds
Uncalled bet ($3) returned to huracan mdp
huracan mdp collected $11.76 from pot
*** SUMMARY ***
Total pot $12 | Rake $0.24
Board [4c Jc 2h]
Seat 3: happyshine88 (big blind) folded on the Flop
Seat 5: huracan mdp (button) (small blind) collected ($11.76)


PokerStars Hand #168310217780:  Hold'em Limit ($3/$6 USD) - 2017/03/30 0:17:42 ET
Table 'Hypatia' 6-max Seat #3 is the button
Seat 3: happyshine88 ($391.73 in chips)
Seat 5: huracan mdp ($82.66 in chips)
happyshine88: posts small blind $1
huracan mdp: posts big blind $3
*** HOLE CARDS ***
happyshine88: raises $3 to $6
huracan mdp: calls $3
*** FLOP *** [Jh Ac 4c]
huracan mdp: checks
happyshine88: bets $3
huracan mdp: folds
Uncalled bet ($3) returned to happyshine88
happyshine88 collected $11.76 from pot
happyshine88: doesn't show hand
*** SUMMARY ***
Total pot $12 | Rake $0.24
Board [Jh Ac 4c]
Seat 3: happyshine88 (button) (small blind) collected ($11.76)
Seat 5: huracan mdp (big blind) folded on the Flop


PokerStars Hand #168310207139:  Hold'em Limit ($3/$6 USD) - 2017/03/30 0:17:04 ET
Table 'Hypatia' 6-max Seat #5 is the button
Seat 3: happyshine88 ($405.73 in chips)
Seat 5: huracan mdp ($69.26 in chips)
huracan mdp: posts small blind $1
happyshine88: posts big blind $3
*** HOLE CARDS ***
huracan mdp: folds
Uncalled bet ($2) returned to happyshine88
happyshine88 collected $2 from pot
happyshine88: doesn't show hand
*** SUMMARY ***
Total pot $2 | Rake $0
Seat 3: happyshine88 (big blind) collected ($2)
Seat 5: huracan mdp (button) (small blind) folded before Flop


PokerStars Hand #168310196928:  Hold'em Limit ($3/$6 USD) - 2017/03/30 0:16:28 ET
Table 'Hypatia' 6-max Seat #3 is the button
Seat 3: happyshine88 ($376.23 in chips)
Seat 5: huracan mdp ($99.26 in chips)
happyshine88: posts small blind $1
huracan mdp: posts big blind $3
*** HOLE CARDS ***
happyshine88: raises $3 to $6
huracan mdp: calls $3
*** FLOP *** [6c 8h 9c]
huracan mdp: checks
happyshine88: bets $3
huracan mdp: raises $3 to $6
happyshine88: calls $3
*** TURN *** [6c 8h 9c] [Th]
huracan mdp: bets $6
happyshine88: calls $6
*** RIVER *** [6c 8h 9c Th] [5h]
huracan mdp: bets $6
happyshine88: raises $6 to $12
huracan mdp: calls $6
*** SHOW DOWN ***
happyshine88: shows [7c 7h] (a straight, Six to Ten)
huracan mdp: mucks hand
happyshine88 collected $59.50 from pot
*** SUMMARY ***
Total pot $60 | Rake $0.50
Board [6c 8h 9c Th 5h]
Seat 3: happyshine88 (button) (small blind) showed [7c 7h] and won ($59.50) with a straight, Six to Ten
Seat 5: huracan mdp (big blind) mucked


PokerStars Hand #168310233801:  Hold'em Limit ($3/$6 USD) - 2017/03/30 0:18:39 ET
Table 'Hypatia' 6-max Seat #5 is the button
Seat 3: happyshine88 ($382.49 in chips)
Seat 5: huracan mdp ($91.06 in chips)
huracan mdp: posts small blind $1
happyshine88: posts big blind $3
*** HOLE CARDS ***
huracan mdp: raises $3 to $6
happyshine88: calls $3
*** FLOP *** [6c 3d 3c]
happyshine88: checks
huracan mdp: checks
*** TURN *** [6c 3d 3c] [2c]
happyshine88: bets $6
huracan mdp: calls $6
*** RIVER *** [6c 3d 3c 2c] [Ah]
happyshine88: bets $6
huracan mdp: calls $6
*** SHOW DOWN ***
happyshine88: shows [Qd 6s] (two pair, Sixes and Threes)
huracan mdp: mucks hand
happyshine88 collected $35.50 from pot
*** SUMMARY ***
Total pot $36 | Rake $0.50
Board [6c 3d 3c 2c Ah]
Seat 3: happyshine88 (big blind) showed [Qd 6s] and won ($35.50) with two pair, Sixes and Threes
Seat 5: huracan mdp (button) (small blind) mucked


PokerStars Hand #168310221468:  Hold'em Limit ($3/$6 USD) - 2017/03/30 0:17:55 ET
Table 'Hypatia' 6-max Seat #5 is the button
Seat 3: happyshine88 ($397.49 in chips)
Seat 5: huracan mdp ($76.66 in chips)
huracan mdp: posts small blind $1
happyshine88: posts big blind $3
*** HOLE CARDS ***
huracan mdp: raises $3 to $6
happyshine88: calls $3
*** FLOP *** [2d 3s Th]
happyshine88: checks
huracan mdp: bets $3
happyshine88: folds
Uncalled bet ($3) returned to huracan mdp
huracan mdp collected $11.76 from pot
*** SUMMARY ***
Total pot $12 | Rake $0.24
Board [2d 3s Th]
Seat 3: happyshine88 (big blind) folded on the Flop
Seat 5: huracan mdp (button) (small blind) collected ($11.76)


PokerStars Hand #168310228195:  Hold'em Limit ($3/$6 USD) - 2017/03/30 0:18:19 ET
Table 'Hypatia' 6-max Seat #3 is the button
Seat 3: happyshine88 ($391.49 in chips)
Seat 5: huracan mdp ($82.42 in chips)
happyshine88: posts small blind $1
huracan mdp: posts big blind $3
*** HOLE CARDS ***
happyshine88: raises $3 to $6
huracan mdp: raises $3 to $9
happyshine88: calls $3
*** FLOP *** [Jc 3c 9h]
huracan mdp: bets $3
happyshine88: folds
Uncalled bet ($3) returned to huracan mdp
huracan mdp collected $17.64 from pot
*** SUMMARY ***
Total pot $18 | Rake $0.36
Board [Jc 3c 9h]
Seat 3: happyshine88 (button) (small blind) folded on the Flop
Seat 5: huracan mdp (big blind) collected ($17.64)


PokerStars Hand #168310239447:  Hold'em Limit ($3/$6 USD) - 2017/03/30 0:18:59 ET
Table 'Hypatia' 6-max Seat #3 is the button
Seat 3: happyshine88 ($399.99 in chips)
Seat 5: huracan mdp ($73.06 in chips)
happyshine88: posts small blind $1
huracan mdp: posts big blind $3
*** HOLE CARDS ***
happyshine88: folds
Uncalled bet ($2) returned to huracan mdp
huracan mdp collected $2 from pot
*** SUMMARY ***
Total pot $2 | Rake $0
Seat 3: happyshine88 (button) (small blind) folded before Flop
Seat 5: huracan mdp (big blind) collected ($2)


PokerStars Hand #168310241150:  Hold'em Limit ($3/$6 USD) - 2017/03/30 0:19:05 ET
Table 'Hypatia' 6-max Seat #5 is the button
Seat 3: happyshine88 ($398.99 in chips)
Seat 5: huracan mdp ($74.06 in chips)
huracan mdp: posts small blind $1
happyshine88: posts big blind $3
*** HOLE CARDS ***
huracan mdp: raises $3 to $6
happyshine88: calls $3
*** FLOP *** [Js 5h Ac]
happyshine88: checks
huracan mdp: bets $3
TheEdged joins the table at seat #6
happyshine88: calls $3
*** TURN *** [Js 5h Ac] [6c]
happyshine88: checks
huracan mdp: bets $6
happyshine88: folds
Uncalled bet ($6) returned to huracan mdp
huracan mdp collected $17.64 from pot
*** SUMMARY ***
Total pot $18 | Rake $0.36
Board [Js 5h Ac 6c]
Seat 3: happyshine88 (big blind) folded on the Turn
Seat 5: huracan mdp (button) (small blind) collected ($17.64)


PokerStars Hand #168310248223:  Hold'em Limit ($3/$6 USD) - 2017/03/30 0:19:30 ET
Table 'Hypatia' 6-max Seat #3 is the button
Seat 3: happyshine88 ($389.99 in chips)
Seat 5: huracan mdp ($82.70 in chips)
happyshine88: posts small blind $1
huracan mdp: posts big blind $3
*** HOLE CARDS ***
happyshine88: folds
Uncalled bet ($2) returned to huracan mdp
huracan mdp collected $2 from pot
*** SUMMARY ***
Total pot $2 | Rake $0
Seat 3: happyshine88 (button) (small blind) folded before Flop
Seat 5: huracan mdp (big blind) collected ($2)


PokerStars Hand #168310781624:  Hold'em Limit ($3/$6 USD) - 2017/03/30 0:52:07 ET
Table 'Hypatia' 6-max Seat #3 is the button
Seat 3: happyshine88 ($433.92 in chips)
Seat 6: TheEdged ($480.75 in chips)
happyshine88: posts small blind $1
TheEdged: posts big blind $3
*** HOLE CARDS ***
happyshine88: raises $3 to $6
TheEdged: folds
Uncalled bet ($3) returned to happyshine88
happyshine88 collected $6 from pot
happyshine88: doesn't show hand
*** SUMMARY ***
Total pot $6 | Rake $0
Seat 3: happyshine88 (button) (small blind) collected ($6)
Seat 6: TheEdged (big blind) folded before Flop


PokerStars Hand #168310784421:  Hold'em Limit ($3/$6 USD) - 2017/03/30 0:52:18 ET
Table 'Hypatia' 6-max Seat #6 is the button
Seat 3: happyshine88 ($436.92 in chips)
Seat 6: TheEdged ($477.75 in chips)
TheEdged: posts small blind $1
happyshine88: posts big blind $3
*** HOLE CARDS ***
huracan mdp leaves the table
TheEdged: raises $3 to $6
happyshine88: calls $3
*** FLOP *** [6c 3s Qc]
happyshine88: bets $3
huracan mdp joins the table at seat #1
TheEdged: folds
Uncalled bet ($3) returned to happyshine88
happyshine88 collected $11.76 from pot
happyshine88: doesn't show hand
*** SUMMARY ***
Total pot $12 | Rake $0.24
Board [6c 3s Qc]
Seat 3: happyshine88 (big blind) collected ($11.76)
Seat 6: TheEdged (button) (small blind) folded on the Flop


PokerStars Hand #168310790836:  Hold'em Limit ($3/$6 USD) - 2017/03/30 0:52:43 ET
Table 'Hypatia' 6-max Seat #3 is the button
Seat 3: happyshine88 ($442.68 in chips)
Seat 6: TheEdged ($471.75 in chips)
happyshine88: posts small blind $1
TheEdged: posts big blind $3
*** HOLE CARDS ***
happyshine88: raises $3 to $6
TheEdged: calls $3
*** FLOP *** [3c 8h Tc]
TheEdged: checks
happyshine88: checks
*** TURN *** [3c 8h Tc] [5d]
TheEdged: bets $6
happyshine88: calls $6
*** RIVER *** [3c 8h Tc 5d] [2c]
TheEdged: checks
happyshine88: checks
*** SHOW DOWN ***
TheEdged: shows [As 7h] (high card Ace)
happyshine88: mucks hand
TheEdged collected $23.52 from pot
*** SUMMARY ***
Total pot $24 | Rake $0.48
Board [3c 8h Tc 5d 2c]
Seat 3: happyshine88 (button) (small blind) mucked
Seat 6: TheEdged (big blind) showed [As 7h] and won ($23.52) with high card Ace


PokerStars Hand #168310878380:  Hold'em Limit ($3/$6 USD) - 2017/03/30 0:58:18 ET
Table 'Hypatia' 6-max Seat #1 is the button
Seat 1: huracan mdp ($112.82 in chips)
Seat 6: TheEdged ($497.59 in chips)
huracan mdp: posts small blind $1
happyshine88: is sitting out
TheEdged: posts big blind $3
*** HOLE CARDS ***
huracan mdp: raises $3 to $6
TheEdged: calls $3
*** FLOP *** [5d 4s Kd]
TheEdged: checks
huracan mdp: bets $3
TheEdged: folds
Uncalled bet ($3) returned to huracan mdp
huracan mdp collected $11.76 from pot
*** SUMMARY ***
Total pot $12 | Rake $0.24
Board [5d 4s Kd]
Seat 1: huracan mdp (button) (small blind) collected ($11.76)
Seat 6: TheEdged (big blind) folded on the Flop


PokerStars Hand #168310886995:  Hold'em Limit ($3/$6 USD) - 2017/03/30 0:58:55 ET
Table 'Hypatia' 6-max Seat #1 is the button
Seat 1: huracan mdp ($88.58 in chips)
Seat 6: TheEdged ($521.09 in chips)
huracan mdp: posts small blind $1
TheEdged: posts big blind $3
*** HOLE CARDS ***
huracan mdp: raises $3 to $6
TheEdged: folds
Uncalled bet ($3) returned to huracan mdp
huracan mdp collected $6 from pot
*** SUMMARY ***
Total pot $6 | Rake $0
Seat 1: huracan mdp (button) (small blind) collected ($6)
Seat 6: TheEdged (big blind) folded before Flop


PokerStars Hand #168310882263:  Hold'em Limit ($3/$6 USD) - 2017/03/30 0:58:35 ET
Table 'Hypatia' 6-max Seat #6 is the button
Seat 1: huracan mdp ($118.58 in chips)
Seat 6: TheEdged ($491.59 in chips)
TheEdged: posts small blind $1
huracan mdp: posts big blind $3
*** HOLE CARDS ***
TheEdged: raises $3 to $6
huracan mdp: raises $3 to $9
TheEdged: calls $3
*** FLOP *** [As Qh Td]
huracan mdp: bets $3
TheEdged: calls $3
*** TURN *** [As Qh Td] [3h]
huracan mdp: bets $6
TheEdged: calls $6
*** RIVER *** [As Qh Td 3h] [5d]
huracan mdp: bets $6
TheEdged: raises $6 to $12
huracan mdp: calls $6
*** SHOW DOWN ***
TheEdged: shows [5s Ah] (two pair, Aces and Fives)
huracan mdp: mucks hand
TheEdged collected $59.50 from pot
*** SUMMARY ***
Total pot $60 | Rake $0.50
Board [As Qh Td 3h 5d]
Seat 1: huracan mdp (big blind) mucked
Seat 6: TheEdged (button) (small blind) showed [5s Ah] and won ($59.50) with two pair, Aces and Fives


PokerStars Hand #168310896292:  Hold'em Limit ($3/$6 USD) - 2017/03/30 0:59:34 ET
Table 'Hypatia' 6-max Seat #6 is the button
Seat 1: huracan mdp ($64.58 in chips)
Seat 6: TheEdged ($544.23 in chips)
TheEdged: posts small blind $1
huracan mdp: posts big blind $3
*** HOLE CARDS ***
TheEdged: raises $3 to $6
huracan mdp: raises $3 to $9
TheEdged: calls $3
*** FLOP *** [Kh 2s 3d]
huracan mdp: checks
TheEdged: checks
*** TURN *** [Kh 2s 3d] [3s]
huracan mdp: checks
TheEdged: bets $6
huracan mdp: folds
Uncalled bet ($6) returned to TheEdged
TheEdged collected $17.64 from pot
TheEdged: doesn't show hand
*** SUMMARY ***
Total pot $18 | Rake $0.36
Board [Kh 2s 3d 3s]
Seat 1: huracan mdp (big blind) folded on the Turn
Seat 6: TheEdged (button) (small blind) collected ($17.64)


PokerStars Hand #168310891519:  Hold'em Limit ($3/$6 USD) - 2017/03/30 0:59:14 ET
Table 'Hypatia' 6-max Seat #1 is the button
Seat 1: huracan mdp ($82.58 in chips)
Seat 6: TheEdged ($526.73 in chips)
huracan mdp: posts small blind $1
TheEdged: posts big blind $3
*** HOLE CARDS ***
huracan mdp: raises $3 to $6
TheEdged: calls $3
*** FLOP *** [Th 8c 4d]
TheEdged: checks
zimin10 joins the table at seat #2
huracan mdp: checks
*** TURN *** [Th 8c 4d] [Qh]
TheEdged: checks
huracan mdp: bets $6
TheEdged: calls $6
*** RIVER *** [Th 8c 4d Qh] [Jc]
TheEdged: checks
huracan mdp: bets $6
TheEdged: calls $6
*** SHOW DOWN ***
huracan mdp: shows [3d 7d] (high card Queen)
TheEdged: shows [4s Ac] (a pair of Fours)
TheEdged collected $35.50 from pot
*** SUMMARY ***
Total pot $36 | Rake $0.50
Board [Th 8c 4d Qh Jc]
Seat 1: huracan mdp (button) (small blind) showed [3d 7d] and lost with high card Queen
Seat 6: TheEdged (big blind) showed [4s Ac] and won ($35.50) with a pair of Fours


PokerStars Hand #168310994835:  Hold'em Limit ($3/$6 USD) - 2017/03/30 1:06:02 ET
Table 'Hypatia' 6-max Seat #1 is the button
Seat 1: huracan mdp ($54.30 in chips)
Seat 6: TheEdged ($555.72 in chips)
huracan mdp: posts small blind $1
TheEdged: posts big blind $3
*** HOLE CARDS ***
huracan mdp: folds
Uncalled bet ($2) returned to TheEdged
TheEdged collected $2 from pot
TheEdged: doesn't show hand
*** SUMMARY ***
Total pot $2 | Rake $0
Seat 1: huracan mdp (button) (small blind) folded before Flop
Seat 6: TheEdged (big blind) collected ($2)


PokerStars Hand #168310991006:  Hold'em Limit ($3/$6 USD) - 2017/03/30 1:05:47 ET
Table 'Hypatia' 6-max Seat #6 is the button
Seat 1: huracan mdp ($42.78 in chips)
Seat 6: TheEdged ($567.72 in chips)
TheEdged: posts small blind $1
huracan mdp: posts big blind $3
*** HOLE CARDS ***
TheEdged: raises $3 to $6
huracan mdp: calls $3
*** FLOP *** [Js 2s Tc]
huracan mdp: checks
TheEdged: bets $3
huracan mdp: raises $3 to $6
TheEdged: calls $3
*** TURN *** [Js 2s Tc] [4c]
huracan mdp: bets $6
TheEdged: folds
Uncalled bet ($6) returned to huracan mdp
huracan mdp collected $23.52 from pot
*** SUMMARY ***
Total pot $24 | Rake $0.48
Board [Js 2s Tc 4c]
Seat 1: huracan mdp (big blind) collected ($23.52)
Seat 6: TheEdged (button) (small blind) folded on the Turn


PokerStars Hand #168310986328:  Hold'em Limit ($3/$6 USD) - 2017/03/30 1:05:29 ET
Table 'Hypatia' 6-max Seat #1 is the button
Seat 1: huracan mdp ($43.03 in chips)
Seat 6: TheEdged ($567.97 in chips)
huracan mdp: posts small blind $1
TheEdged: posts big blind $3
*** HOLE CARDS ***
huracan mdp: raises $3 to $6
TheEdged: calls $3
*** FLOP *** [Th Td Jc]
TheEdged: checks
huracan mdp: bets $3
TheEdged: raises $3 to $6
huracan mdp: raises $3 to $9
TheEdged: calls $3
*** TURN *** [Th Td Jc] [Kh]
TheEdged: checks
huracan mdp: bets $6
TheEdged: calls $6
*** RIVER *** [Th Td Jc Kh] [5d]
TheEdged: checks
huracan mdp: bets $6
TheEdged: calls $6
*** SHOW DOWN ***
huracan mdp: shows [Jd 9d] (two pair, Jacks and Tens)
TheEdged: shows [Jh 5c] (two pair, Jacks and Tens)
zimin10 leaves the table
TheEdged collected $26.75 from pot
huracan mdp collected $26.75 from pot
*** SUMMARY ***
Total pot $54 | Rake $0.50
Board [Th Td Jc Kh 5d]
Seat 1: huracan mdp (button) (small blind) showed [Jd 9d] and won ($26.75) with two pair, Jacks and Tens
Seat 6: TheEdged (big blind) showed [Jh 5c] and won ($26.75) with two pair, Jacks and Tens


PokerStars Hand #168310985082:  Hold'em Limit ($3/$6 USD) - 2017/03/30 1:05:24 ET
Table 'Hypatia' 6-max Seat #6 is the button
Seat 1: huracan mdp ($42.03 in chips)
Seat 6: TheEdged ($568.97 in chips)
TheEdged: posts small blind $1
huracan mdp: posts big blind $3
*** HOLE CARDS ***
TheEdged: folds
Uncalled bet ($2) returned to huracan mdp
huracan mdp collected $2 from pot
*** SUMMARY ***
Total pot $2 | Rake $0
Seat 1: huracan mdp (big blind) collected ($2)
Seat 6: TheEdged (button) (small blind) folded before Flop


PokerStars Hand #168310983585:  Hold'em Limit ($3/$6 USD) - 2017/03/30 1:05:19 ET
Table 'Hypatia' 6-max Seat #1 is the button
Seat 1: huracan mdp ($43.03 in chips)
Seat 6: TheEdged ($567.97 in chips)
huracan mdp: posts small blind $1
zimin10: is sitting out
TheEdged: posts big blind $3
*** HOLE CARDS ***
huracan mdp: folds
Uncalled bet ($2) returned to TheEdged
TheEdged collected $2 from pot
TheEdged: doesn't show hand
*** SUMMARY ***
Total pot $2 | Rake $0
Seat 1: huracan mdp (button) (small blind) folded before Flop
Seat 6: TheEdged (big blind) collected ($2)


PokerStars Hand #168311000468:  Hold'em Limit ($3/$6 USD) - 2017/03/30 1:06:24 ET
Table 'Hypatia' 6-max Seat #1 is the button
Seat 1: huracan mdp ($41.30 in chips)
Seat 6: TheEdged ($568.24 in chips)
huracan mdp: posts small blind $1
TheEdged: posts big blind $3
*** HOLE CARDS ***
huracan mdp: raises $3 to $6
TheEdged: folds
Uncalled bet ($3) returned to huracan mdp
huracan mdp collected $6 from pot
*** SUMMARY ***
Total pot $6 | Rake $0
Seat 1: huracan mdp (button) (small blind) collected ($6)
Seat 6: TheEdged (big blind) folded before Flop


PokerStars Hand #168310996163:  Hold'em Limit ($3/$6 USD) - 2017/03/30 1:06:07 ET
Table 'Hypatia' 6-max Seat #6 is the button
Seat 1: huracan mdp ($53.30 in chips)
Seat 6: TheEdged ($556.72 in chips)
TheEdged: posts small blind $1
huracan mdp: posts big blind $3
*** HOLE CARDS ***
TheEdged: raises $3 to $6
huracan mdp: calls $3
*** FLOP *** [Ts 5s 4d]
huracan mdp: checks
TheEdged: checks
*** TURN *** [Ts 5s 4d] [5d]
huracan mdp: bets $6
TheEdged: calls $6
*** RIVER *** [Ts 5s 4d 5d] [9d]
huracan mdp: checks
TheEdged: bets $6
huracan mdp: folds
Uncalled bet ($6) returned to TheEdged
TheEdged collected $23.52 from pot
TheEdged: doesn't show hand
*** SUMMARY ***
Total pot $24 | Rake $0.48
Board [Ts 5s 4d 5d 9d]
Seat 1: huracan mdp (big blind) folded on the River
Seat 6: TheEdged (button) (small blind) collected ($23.52)


PokerStars Hand #168311002348:  Hold'em Limit ($3/$6 USD) - 2017/03/30 1:06:31 ET
Table 'Hypatia' 6-max Seat #6 is the button
Seat 1: huracan mdp ($44.30 in chips)
Seat 6: TheEdged ($565.24 in chips)
TheEdged: posts small blind $1
huracan mdp: posts big blind $3
*** HOLE CARDS ***
TheEdged: raises $3 to $6
huracan mdp: calls $3
*** FLOP *** [Jh Tc 5c]
huracan mdp: checks
TheEdged: bets $3
huracan mdp: raises $3 to $6
TheEdged: folds
Uncalled bet ($3) returned to huracan mdp
huracan mdp collected $17.64 from pot
*** SUMMARY ***
Total pot $18 | Rake $0.36
Board [Jh Tc 5c]
Seat 1: huracan mdp (big blind) collected ($17.64)
Seat 6: TheEdged (button) (small blind) folded on the Flop


PokerStars Hand #168311005182:  Hold'em Limit ($3/$6 USD) - 2017/03/30 1:06:41 ET
Table 'Hypatia' 6-max Seat #1 is the button
Seat 1: huracan mdp ($52.94 in chips)
Seat 6: TheEdged ($556.24 in chips)
huracan mdp: posts small blind $1
TheEdged: posts big blind $3
*** HOLE CARDS ***
huracan mdp: raises $3 to $6
TheEdged: calls $3
*** FLOP *** [5s 3c 6c]
TheEdged: checks
huracan mdp: checks
*** TURN *** [5s 3c 6c] [8c]
TheEdged: bets $6
huracan mdp: raises $6 to $12
TheEdged: raises $6 to $18
huracan mdp: raises $6 to $24
Betting is capped
TheEdged: calls $6
*** RIVER *** [5s 3c 6c 8c] [3h]
TheEdged: bets $6
huracan mdp: calls $6
*** SHOW DOWN ***
TheEdged: shows [Ac 7c] (a flush, Ace high)
huracan mdp: mucks hand
TheEdged collected $71.50 from pot
*** SUMMARY ***
Total pot $72 | Rake $0.50
Board [5s 3c 6c 8c 3h]
Seat 1: huracan mdp (button) (small blind) mucked
Seat 6: TheEdged (big blind) showed [Ac 7c] and won ($71.50) with a flush, Ace high


PokerStars Hand #168311010930:  Hold'em Limit ($3/$6 USD) - 2017/03/30 1:07:03 ET
Table 'Hypatia' 6-max Seat #6 is the button
Seat 1: huracan mdp ($16.94 in chips)
Seat 6: TheEdged ($591.74 in chips)
TheEdged: posts small blind $1
huracan mdp: posts big blind $3
*** HOLE CARDS ***
TheEdged: raises $3 to $6
huracan mdp: raises $3 to $9
TheEdged: calls $3
*** FLOP *** [3c Ts Tc]
huracan mdp: bets $3
TheEdged: calls $3
*** TURN *** [3c Ts Tc] [2s]
huracan mdp: bets $4.94 and is all-in
TheEdged: calls $4.94
*** RIVER *** [3c Ts Tc 2s] [8c]
*** SHOW DOWN ***
huracan mdp: shows [2c As] (two pair, Tens and Deuces)
TheEdged: shows [8s Jd] (two pair, Tens and Eights)
TheEdged collected $33.38 from pot
*** SUMMARY ***
Total pot $33.88 | Rake $0.50
Board [3c Ts Tc 2s 8c]
Seat 1: huracan mdp (big blind) showed [2c As] and lost with two pair, Tens and Deuces
Seat 6: TheEdged (button) (small blind) showed [8s Jd] and won ($33.38) with two pair, Tens and Eights


