PokerStars Hand #160122996488:  Hold'em Limit ($3/$6 USD) - 2016/10/18 17:59:47 ET
Table 'Hypatia II' 6-max Seat #3 is the button
Seat 3: garry67677 ($80 in chips)
Seat 4: assitoni ($72 in chips)
garry67677: posts small blind $1
assitoni: posts big blind $3
*** HOLE CARDS ***
garry67677: raises $3 to $6
assitoni: raises $3 to $9
garry67677: raises $3 to $12
Betting is capped
assitoni: calls $3
*** FLOP *** [Qc 5d 3c]
AzureCaper joins the table at seat #5
assitoni: checks
garry67677: bets $3
assitoni: raises $3 to $6
garry67677: calls $3
*** TURN *** [Qc 5d 3c] [8c]
assitoni: bets $6
garry67677: calls $6
*** RIVER *** [Qc 5d 3c 8c] [4d]
assitoni: bets $6
garry67677: folds
Uncalled bet ($6) returned to assitoni
assitoni collected $47.50 from pot
assitoni: doesn't show hand
*** SUMMARY ***
Total pot $48 | Rake $0.50
Board [Qc 5d 3c 8c 4d]
Seat 3: garry67677 (button) (small blind) folded on the River
Seat 4: assitoni (big blind) collected ($47.50)


PokerStars Hand #160123064143:  Hold'em Limit ($3/$6 USD) - 2016/10/18 18:01:26 ET
Table 'Hypatia II' 6-max Seat #5 is the button
Seat 3: garry67677 ($49.75 in chips)
Seat 5: AzureCaper ($72 in chips)
AzureCaper: posts small blind $1
garry67677: posts big blind $3
*** HOLE CARDS ***
AzureCaper: folds
Uncalled bet ($2) returned to garry67677
garry67677 collected $2 from pot
garry67677: doesn't show hand
ToDaFelt joins the table at seat #4
*** SUMMARY ***
Total pot $2 | Rake $0
Seat 3: garry67677 (big blind) collected ($2)
Seat 5: AzureCaper (button) (small blind) folded before Flop


PokerStars Hand #160123040192:  Hold'em Limit ($3/$6 USD) - 2016/10/18 18:00:53 ET
Table 'Hypatia II' 6-max Seat #3 is the button
Seat 3: garry67677 ($50 in chips)
Seat 5: AzureCaper ($72 in chips)
garry67677: posts small blind $1
assitoni: is sitting out
AzureCaper: posts big blind $3
*** HOLE CARDS ***
garry67677: calls $2
AzureCaper: raises $3 to $6
garry67677: calls $3
*** FLOP *** [Tc 9s 3d]
AzureCaper: bets $3
garry67677: raises $3 to $6
assitoni leaves the table
AzureCaper: raises $3 to $9
garry67677: raises $3 to $12
Betting is capped
AzureCaper: calls $3
*** TURN *** [Tc 9s 3d] [4s]
AzureCaper: checks
garry67677: bets $6
AzureCaper: calls $6
*** RIVER *** [Tc 9s 3d 4s] [4c]
AzureCaper: checks
garry67677: bets $6
AzureCaper: calls $6
*** SHOW DOWN ***
garry67677: shows [Ts 8h] (two pair, Tens and Fours)
AzureCaper: shows [Td 8d] (two pair, Tens and Fours)
AzureCaper collected $29.75 from pot
garry67677 collected $29.75 from pot
*** SUMMARY ***
Total pot $60 | Rake $0.50
Board [Tc 9s 3d 4s 4c]
Seat 3: garry67677 (button) (small blind) showed [Ts 8h] and won ($29.75) with two pair, Tens and Fours
Seat 5: AzureCaper (big blind) showed [Td 8d] and won ($29.75) with two pair, Tens and Fours


PokerStars Hand #160125017959:  Hold'em Limit ($3/$6 USD) - 2016/10/18 18:46:46 ET
Table 'Hypatia II' 6-max Seat #4 is the button
Seat 4: ToDaFelt ($283.87 in chips)
Seat 6: ajo8821 ($326.97 in chips)
RaisemyNut$ will be allowed to play after the button
ToDaFelt: posts small blind $1
ajo8821: posts big blind $3
*** HOLE CARDS ***
ToDaFelt: raises $3 to $6
ajo8821: folds
Uncalled bet ($3) returned to ToDaFelt
ToDaFelt collected $6 from pot
ToDaFelt: doesn't show hand
*** SUMMARY ***
Total pot $6 | Rake $0
Seat 4: ToDaFelt (button) (small blind) collected ($6)
Seat 6: ajo8821 (big blind) folded before Flop


PokerStars Hand #160125038412:  Hold'em Limit ($3/$6 USD) - 2016/10/18 18:47:17 ET
Table 'Hypatia II' 6-max Seat #2 is the button
Seat 2: RaisemyNut$ ($132.25 in chips)
Seat 4: ToDaFelt ($274.87 in chips)
RaisemyNut$: posts small blind $1
ToDaFelt: posts big blind $3
*** HOLE CARDS ***
RaisemyNut$: raises $3 to $6
ToDaFelt: calls $3
*** FLOP *** [Ad Jc Ts]
ToDaFelt: checks
RaisemyNut$: bets $3
ToDaFelt: calls $3
*** TURN *** [Ad Jc Ts] [Ah]
ToDaFelt: checks
RaisemyNut$: checks
*** RIVER *** [Ad Jc Ts Ah] [Tc]
ToDaFelt: checks
RaisemyNut$: checks
*** SHOW DOWN ***
ToDaFelt: shows [Qc 6s] (two pair, Aces and Tens)
RaisemyNut$: shows [Kc 4s] (two pair, Aces and Tens - King kicker)
RaisemyNut$ collected $17.64 from pot
*** SUMMARY ***
Total pot $18 | Rake $0.36
Board [Ad Jc Ts Ah Tc]
Seat 2: RaisemyNut$ (button) (small blind) showed [Kc 4s] and won ($17.64) with two pair, Aces and Tens
Seat 4: ToDaFelt (big blind) showed [Qc 6s] and lost with two pair, Aces and Tens


