PokerStars Hand #154754473080:  Hold'em Limit ($3/$6 USD) - 2016/06/15 2:22:26 ET
Table 'Hypatia' 6-max Seat #3 is the button
Seat 3: D Juice11 ($360.65 in chips)
Seat 4: VolkovDmitri ($120 in chips)
D Juice11: posts small blind $1
VolkovDmitri: posts big blind $3
*** HOLE CARDS ***
D Juice11: calls $2
VolkovDmitri: raises $3 to $6
D Juice11: calls $3
*** FLOP *** [6s Ac 3c]
VolkovDmitri: bets $3
D Juice11: calls $3
*** TURN *** [6s Ac 3c] [Qh]
VolkovDmitri: checks
D Juice11: bets $6
VolkovDmitri: calls $6
*** RIVER *** [6s Ac 3c Qh] [Ah]
VolkovDmitri: checks
D Juice11: checks
*** SHOW DOWN ***
VolkovDmitri: shows [9c Tc] (a pair of Aces)
D Juice11: shows [5s 6c] (two pair, Aces and Sixes)
D Juice11 collected $29.50 from pot
*** SUMMARY ***
Total pot $30 | Rake $0.50
Board [6s Ac 3c Qh Ah]
Seat 3: D Juice11 (button) (small blind) showed [5s 6c] and won ($29.50) with two pair, Aces and Sixes
Seat 4: VolkovDmitri (big blind) showed [9c Tc] and lost with a pair of Aces


PokerStars Hand #154754486971:  Hold'em Limit ($3/$6 USD) - 2016/06/15 2:23:25 ET
Table 'Hypatia' 6-max Seat #4 is the button
Seat 3: D Juice11 ($368.15 in chips)
Seat 4: VolkovDmitri ($126.76 in chips)
VolkovDmitri: posts small blind $1
D Juice11: posts big blind $3
*** HOLE CARDS ***
VolkovDmitri: raises $3 to $6
D Juice11: raises $3 to $9
VolkovDmitri: calls $3
*** FLOP *** [2s 5d 4h]
D Juice11: bets $3
VolkovDmitri: calls $3
*** TURN *** [2s 5d 4h] [Ks]
D Juice11: checks
VolkovDmitri: checks
*** RIVER *** [2s 5d 4h Ks] [4s]
D Juice11: bets $6
VolkovDmitri: folds
Uncalled bet ($6) returned to D Juice11
D Juice11 collected $23.52 from pot
D Juice11: doesn't show hand
*** SUMMARY ***
Total pot $24 | Rake $0.48
Board [2s 5d 4h Ks 4s]
Seat 3: D Juice11 (big blind) collected ($23.52)
Seat 4: VolkovDmitri (button) (small blind) folded on the River


PokerStars Hand #154754485571:  Hold'em Limit ($3/$6 USD) - 2016/06/15 2:23:20 ET
Table 'Hypatia' 6-max Seat #3 is the button
Seat 3: D Juice11 ($369.15 in chips)
Seat 4: VolkovDmitri ($125.76 in chips)
D Juice11: posts small blind $1
VolkovDmitri: posts big blind $3
*** HOLE CARDS ***
D Juice11: folds
Uncalled bet ($2) returned to VolkovDmitri
VolkovDmitri collected $2 from pot
VolkovDmitri: doesn't show hand
*** SUMMARY ***
Total pot $2 | Rake $0
Seat 3: D Juice11 (button) (small blind) folded before Flop
Seat 4: VolkovDmitri (big blind) collected ($2)


PokerStars Hand #154754481092:  Hold'em Limit ($3/$6 USD) - 2016/06/15 2:23:01 ET
Table 'Hypatia' 6-max Seat #4 is the button
Seat 3: D Juice11 ($375.15 in chips)
Seat 4: VolkovDmitri ($120 in chips)
VolkovDmitri: posts small blind $1
D Juice11: posts big blind $3
*** HOLE CARDS ***
VolkovDmitri: raises $3 to $6
D Juice11: calls $3
*** FLOP *** [4h Kc 5s]
D Juice11: checks
VolkovDmitri: bets $3
D Juice11: folds
Uncalled bet ($3) returned to VolkovDmitri
VolkovDmitri collected $11.76 from pot
VolkovDmitri: doesn't show hand
*** SUMMARY ***
Total pot $12 | Rake $0.24
Board [4h Kc 5s]
Seat 3: D Juice11 (big blind) folded on the Flop
Seat 4: VolkovDmitri (button) (small blind) collected ($11.76)


PokerStars Hand #154754494526:  Hold'em Limit ($3/$6 USD) - 2016/06/15 2:23:58 ET
Table 'Hypatia' 6-max Seat #3 is the button
Seat 3: D Juice11 ($379.67 in chips)
Seat 4: VolkovDmitri ($120 in chips)
D Juice11: posts small blind $1
VolkovDmitri: posts big blind $3
*** HOLE CARDS ***
D Juice11: raises $3 to $6
VolkovDmitri: raises $3 to $9
D Juice11: calls $3
*** FLOP *** [Qs 5s Ks]
fire852181 joins the table at seat #5
VolkovDmitri: bets $3
D Juice11: raises $3 to $6
VolkovDmitri: calls $3
*** TURN *** [Qs 5s Ks] [3h]
VolkovDmitri: checks
D Juice11: bets $6
VolkovDmitri: calls $6
*** RIVER *** [Qs 5s Ks 3h] [3s]
VolkovDmitri: checks
D Juice11: bets $6
VolkovDmitri: folds
Uncalled bet ($6) returned to D Juice11
D Juice11 collected $41.50 from pot
D Juice11: doesn't show hand
*** SUMMARY ***
Total pot $42 | Rake $0.50
Board [Qs 5s Ks 3h 3s]
Seat 3: D Juice11 (button) (small blind) collected ($41.50)
Seat 4: VolkovDmitri (big blind) folded on the River


PokerStars Hand #154755620618:  Hold'em Limit ($3/$6 USD) - 2016/06/15 3:37:53 ET
Table 'Hypatia' 6-max Seat #1 is the button
Seat 1: fire852181 ($53.43 in chips)
Seat 6: Ag3r0n ($149.22 in chips)
fire852181: posts small blind $1
Ag3r0n: posts big blind $3
*** HOLE CARDS ***
fire852181: raises $3 to $6
Ag3r0n: folds
Uncalled bet ($3) returned to fire852181
fire852181 collected $6 from pot
fire852181: doesn't show hand
*** SUMMARY ***
Total pot $6 | Rake $0
Seat 1: fire852181 (button) (small blind) collected ($6)
Seat 6: Ag3r0n (big blind) folded before Flop


PokerStars Hand #154755619280:  Hold'em Limit ($3/$6 USD) - 2016/06/15 3:37:48 ET
Table 'Hypatia' 6-max Seat #6 is the button
Seat 1: fire852181 ($52.43 in chips)
Seat 6: Ag3r0n ($150.22 in chips)
Ag3r0n: posts small blind $1
fire852181: posts big blind $3
*** HOLE CARDS ***
Ag3r0n: folds
Uncalled bet ($2) returned to fire852181
fire852181 collected $2 from pot
fire852181: doesn't show hand
*** SUMMARY ***
Total pot $2 | Rake $0
Seat 1: fire852181 (big blind) collected ($2)
Seat 6: Ag3r0n (button) (small blind) folded before Flop


PokerStars Hand #154755617218:  Hold'em Limit ($3/$6 USD) - 2016/06/15 3:37:40 ET
Table 'Hypatia' 6-max Seat #1 is the button
Seat 1: fire852181 ($53.43 in chips)
Seat 6: Ag3r0n ($149.22 in chips)
fire852181: posts small blind $1
belik555: is sitting out
Ag3r0n: posts big blind $3
*** HOLE CARDS ***
fire852181: folds
Uncalled bet ($2) returned to Ag3r0n
belik555 leaves the table
Ag3r0n collected $2 from pot
*** SUMMARY ***
Total pot $2 | Rake $0
Seat 1: fire852181 (button) (small blind) folded before Flop
Seat 6: Ag3r0n (big blind) collected ($2)


PokerStars Hand #154755630701:  Hold'em Limit ($3/$6 USD) - 2016/06/15 3:38:30 ET
Table 'Hypatia' 6-max Seat #6 is the button
Seat 1: fire852181 ($56.19 in chips)
Seat 6: Ag3r0n ($145.98 in chips)
Ag3r0n: posts small blind $1
fire852181: posts big blind $3
*** HOLE CARDS ***
Ag3r0n: folds
Uncalled bet ($2) returned to fire852181
fire852181 collected $2 from pot
fire852181: doesn't show hand
*** SUMMARY ***
Total pot $2 | Rake $0
Seat 1: fire852181 (big blind) collected ($2)
Seat 6: Ag3r0n (button) (small blind) folded before Flop


PokerStars Hand #154755627063:  Hold'em Limit ($3/$6 USD) - 2016/06/15 3:38:17 ET
Table 'Hypatia' 6-max Seat #1 is the button
Seat 1: fire852181 ($50.43 in chips)
Seat 6: Ag3r0n ($151.98 in chips)
fire852181: posts small blind $1
Ag3r0n: posts big blind $3
*** HOLE CARDS ***
fire852181: raises $3 to $6
Ag3r0n: calls $3
*** FLOP *** [6s Kd Ks]
Ag3r0n: checks
fire852181: bets $3
Ag3r0n: folds
Uncalled bet ($3) returned to fire852181
fire852181 collected $11.76 from pot
fire852181: doesn't show hand
*** SUMMARY ***
Total pot $12 | Rake $0.24
Board [6s Kd Ks]
Seat 1: fire852181 (button) (small blind) collected ($11.76)
Seat 6: Ag3r0n (big blind) folded on the Flop


PokerStars Hand #154755632017:  Hold'em Limit ($3/$6 USD) - 2016/06/15 3:38:35 ET
Table 'Hypatia' 6-max Seat #1 is the button
Seat 1: fire852181 ($57.19 in chips)
Seat 6: Ag3r0n ($144.98 in chips)
fire852181: posts small blind $1
Ag3r0n: posts big blind $3
*** HOLE CARDS ***
fire852181: raises $3 to $6
Ag3r0n: calls $3
*** FLOP *** [Ac As 7d]
Ag3r0n: checks
fire852181: bets $3
Ag3r0n: calls $3
*** TURN *** [Ac As 7d] [Kc]
Ag3r0n: checks
fire852181: checks
*** RIVER *** [Ac As 7d Kc] [8h]
Ag3r0n: bets $6
fire852181: folds
Uncalled bet ($6) returned to Ag3r0n
Ag3r0n collected $17.64 from pot
*** SUMMARY ***
Total pot $18 | Rake $0.36
Board [Ac As 7d Kc 8h]
Seat 1: fire852181 (button) (small blind) folded on the River
Seat 6: Ag3r0n (big blind) collected ($17.64)


PokerStars Hand #154755647085:  Hold'em Limit ($3/$6 USD) - 2016/06/15 3:39:30 ET
Table 'Hypatia' 6-max Seat #1 is the button
Seat 1: fire852181 ($56.83 in chips)
Seat 6: Ag3r0n ($144.62 in chips)
fire852181: posts small blind $1
Ag3r0n: posts big blind $3
*** HOLE CARDS ***
fire852181: raises $3 to $6
Ag3r0n: folds
Uncalled bet ($3) returned to fire852181
fire852181 collected $6 from pot
fire852181: doesn't show hand
*** SUMMARY ***
Total pot $6 | Rake $0
Seat 1: fire852181 (button) (small blind) collected ($6)
Seat 6: Ag3r0n (big blind) folded before Flop


PokerStars Hand #154755642831:  Hold'em Limit ($3/$6 USD) - 2016/06/15 3:39:15 ET
Table 'Hypatia' 6-max Seat #6 is the button
Seat 1: fire852181 ($48.19 in chips)
Seat 6: Ag3r0n ($153.62 in chips)
Ag3r0n: posts small blind $1
fire852181: posts big blind $3
*** HOLE CARDS ***
Ag3r0n: raises $3 to $6
fire852181: raises $3 to $9
Ag3r0n: calls $3
*** FLOP *** [Qd As 9h]
fire852181: bets $3
Ag3r0n: folds
Uncalled bet ($3) returned to fire852181
fire852181 collected $17.64 from pot
fire852181: doesn't show hand
*** SUMMARY ***
Total pot $18 | Rake $0.36
Board [Qd As 9h]
Seat 1: fire852181 (big blind) collected ($17.64)
Seat 6: Ag3r0n (button) (small blind) folded on the Flop


PokerStars Hand #154755648848:  Hold'em Limit ($3/$6 USD) - 2016/06/15 3:39:37 ET
Table 'Hypatia' 6-max Seat #6 is the button
Seat 1: fire852181 ($59.83 in chips)
Seat 6: Ag3r0n ($141.62 in chips)
Ag3r0n: posts small blind $1
fire852181: posts big blind $3
*** HOLE CARDS ***
Ag3r0n: raises $3 to $6
fire852181: raises $3 to $9
Ag3r0n: calls $3
*** FLOP *** [6c 9h 3c]
fire852181: bets $3
Ag3r0n: raises $3 to $6
fire852181: raises $3 to $9
Ag3r0n: raises $3 to $12
Betting is capped
fire852181: calls $3
*** TURN *** [6c 9h 3c] [2c]
fire852181: bets $6
Ag3r0n: calls $6
*** RIVER *** [6c 9h 3c 2c] [3s]
fire852181: bets $6
Ag3r0n: calls $6
*** SHOW DOWN ***
fire852181: shows [Ac 5c] (a flush, Ace high)
Ag3r0n: mucks hand
fire852181 collected $65.50 from pot
*** SUMMARY ***
Total pot $66 | Rake $0.50
Board [6c 9h 3c 2c 3s]
Seat 1: fire852181 (big blind) showed [Ac 5c] and won ($65.50) with a flush, Ace high
Seat 6: Ag3r0n (button) (small blind) mucked


PokerStars Hand #154755663810:  Hold'em Limit ($3/$6 USD) - 2016/06/15 3:40:31 ET
Table 'Hypatia' 6-max Seat #6 is the button
Seat 1: fire852181 ($68.33 in chips)
Seat 6: Ag3r0n ($132.12 in chips)
Ag3r0n: posts small blind $1
fire852181: posts big blind $3
*** HOLE CARDS ***
Ag3r0n: raises $3 to $6
fire852181: raises $3 to $9
Ag3r0n: calls $3
*** FLOP *** [Kc 8h 2d]
fire852181: bets $3
Ag3r0n: raises $3 to $6
fire852181: calls $3
*** TURN *** [Kc 8h 2d] [3d]
fire852181: checks
Ag3r0n: bets $6
fire852181: folds
Uncalled bet ($6) returned to Ag3r0n
Ag3r0n collected $29.50 from pot
*** SUMMARY ***
Total pot $30 | Rake $0.50
Board [Kc 8h 2d 3d]
Seat 1: fire852181 (big blind) folded on the Turn
Seat 6: Ag3r0n (button) (small blind) collected ($29.50)


PokerStars Hand #154755657889:  Hold'em Limit ($3/$6 USD) - 2016/06/15 3:40:10 ET
Table 'Hypatia' 6-max Seat #1 is the button
Seat 1: fire852181 ($92.33 in chips)
Seat 6: Ag3r0n ($108.62 in chips)
fire852181: posts small blind $1
Ag3r0n: posts big blind $3
*** HOLE CARDS ***
fire852181: raises $3 to $6
Ag3r0n: calls $3
*** FLOP *** [3s 3h 7s]
Ag3r0n: bets $3
fire852181: raises $3 to $6
Ag3r0n: calls $3
*** TURN *** [3s 3h 7s] [Kc]
Ag3r0n: bets $6
fire852181: calls $6
*** RIVER *** [3s 3h 7s Kc] [Js]
Ag3r0n: bets $6
fire852181: calls $6
*** SHOW DOWN ***
Ag3r0n: shows [4s 9s] (a flush, Jack high)
fire852181: mucks hand
Ag3r0n collected $47.50 from pot
*** SUMMARY ***
Total pot $48 | Rake $0.50
Board [3s 3h 7s Kc Js]
Seat 1: fire852181 (button) (small blind) mucked
Seat 6: Ag3r0n (big blind) showed [4s 9s] and won ($47.50) with a flush, Jack high


PokerStars Hand #154755683962:  Hold'em Limit ($3/$6 USD) - 2016/06/15 3:41:44 ET
Table 'Hypatia' 6-max Seat #1 is the button
Seat 1: fire852181 ($47.84 in chips)
Seat 6: Ag3r0n ($150.89 in chips)
fire852181: posts small blind $1
Ag3r0n: posts big blind $3
*** HOLE CARDS ***
fire852181: raises $3 to $6
Ag3r0n: calls $3
*** FLOP *** [7d 9d 2c]
Ag3r0n: checks
fire852181: bets $3
Ag3r0n: calls $3
*** TURN *** [7d 9d 2c] [3h]
Ag3r0n: checks
fire852181: bets $6
Ag3r0n: raises $6 to $12
fire852181: folds
Uncalled bet ($6) returned to Ag3r0n
Ag3r0n collected $29.50 from pot
*** SUMMARY ***
Total pot $30 | Rake $0.50
Board [7d 9d 2c 3h]
Seat 1: fire852181 (button) (small blind) folded on the Turn
Seat 6: Ag3r0n (big blind) collected ($29.50)


PokerStars Hand #154755682504:  Hold'em Limit ($3/$6 USD) - 2016/06/15 3:41:39 ET
Table 'Hypatia' 6-max Seat #6 is the button
Seat 1: fire852181 ($46.84 in chips)
Seat 6: Ag3r0n ($151.89 in chips)
Ag3r0n: posts small blind $1
fire852181: posts big blind $3
*** HOLE CARDS ***
Ag3r0n: folds
Uncalled bet ($2) returned to fire852181
fire852181 collected $2 from pot
fire852181: doesn't show hand
*** SUMMARY ***
Total pot $2 | Rake $0
Seat 1: fire852181 (big blind) collected ($2)
Seat 6: Ag3r0n (button) (small blind) folded before Flop


PokerStars Hand #154755679058:  Hold'em Limit ($3/$6 USD) - 2016/06/15 3:41:27 ET
Table 'Hypatia' 6-max Seat #1 is the button
Seat 1: fire852181 ($41.08 in chips)
Seat 6: Ag3r0n ($157.89 in chips)
fire852181: posts small blind $1
Ag3r0n: posts big blind $3
*** HOLE CARDS ***
fire852181: raises $3 to $6
Ag3r0n: calls $3
*** FLOP *** [2d Jc 9c]
Ag3r0n: checks
fire852181: bets $3
Ag3r0n: folds
Uncalled bet ($3) returned to fire852181
fire852181 collected $11.76 from pot
fire852181: doesn't show hand
*** SUMMARY ***
Total pot $12 | Rake $0.24
Board [2d Jc 9c]
Seat 1: fire852181 (button) (small blind) collected ($11.76)
Seat 6: Ag3r0n (big blind) folded on the Flop


PokerStars Hand #154755674805:  Hold'em Limit ($3/$6 USD) - 2016/06/15 3:41:11 ET
Table 'Hypatia' 6-max Seat #6 is the button
Seat 1: fire852181 ($53.08 in chips)
Seat 6: Ag3r0n ($146.37 in chips)
Ag3r0n: posts small blind $1
fire852181: posts big blind $3
*** HOLE CARDS ***
Ag3r0n: raises $3 to $6
fire852181: raises $3 to $9
Ag3r0n: raises $3 to $12
Betting is capped
fire852181: calls $3
*** FLOP *** [5h Kc 4s]
fire852181: checks
Ag3r0n: bets $3
fire852181: folds
Uncalled bet ($3) returned to Ag3r0n
Ag3r0n collected $23.52 from pot
*** SUMMARY ***
Total pot $24 | Rake $0.48
Board [5h Kc 4s]
Seat 1: fire852181 (big blind) folded on the Flop
Seat 6: Ag3r0n (button) (small blind) collected ($23.52)


PokerStars Hand #154755704921:  Hold'em Limit ($3/$6 USD) - 2016/06/15 3:43:01 ET
Table 'Hypatia' 6-max Seat #6 is the button
Seat 1: fire852181 ($236.36 in chips)
Seat 6: Ag3r0n ($160.91 in chips)
Ag3r0n: posts small blind $1
fire852181: posts big blind $3
*** HOLE CARDS ***
Ag3r0n: folds
Uncalled bet ($2) returned to fire852181
fire852181 collected $2 from pot
fire852181: doesn't show hand
*** SUMMARY ***
Total pot $2 | Rake $0
Seat 1: fire852181 (big blind) collected ($2)
Seat 6: Ag3r0n (button) (small blind) folded before Flop


PokerStars Hand #154755702976:  Hold'em Limit ($3/$6 USD) - 2016/06/15 3:42:54 ET
Table 'Hypatia' 6-max Seat #1 is the button
Seat 1: fire852181 ($233.36 in chips)
Seat 6: Ag3r0n ($163.91 in chips)
fire852181: posts small blind $1
Ag3r0n: posts big blind $3
*** HOLE CARDS ***
fire852181: raises $3 to $6
Ag3r0n: folds
Uncalled bet ($3) returned to fire852181
fire852181 collected $6 from pot
fire852181: doesn't show hand
*** SUMMARY ***
Total pot $6 | Rake $0
Seat 1: fire852181 (button) (small blind) collected ($6)
Seat 6: Ag3r0n (big blind) folded before Flop


PokerStars Hand #154755701416:  Hold'em Limit ($3/$6 USD) - 2016/06/15 3:42:48 ET
Table 'Hypatia' 6-max Seat #6 is the button
Seat 1: fire852181 ($232.36 in chips)
Seat 6: Ag3r0n ($164.91 in chips)
Ag3r0n: posts small blind $1
fire852181: posts big blind $3
*** HOLE CARDS ***
Ag3r0n: folds
Uncalled bet ($2) returned to fire852181
fire852181 collected $2 from pot
fire852181: doesn't show hand
*** SUMMARY ***
Total pot $2 | Rake $0
Seat 1: fire852181 (big blind) collected ($2)
Seat 6: Ag3r0n (button) (small blind) folded before Flop


PokerStars Hand #154755696553:  Hold'em Limit ($3/$6 USD) - 2016/06/15 3:42:30 ET
Table 'Hypatia' 6-max Seat #1 is the button
Seat 1: fire852181 ($244.36 in chips)
Seat 6: Ag3r0n ($153.39 in chips)
fire852181: posts small blind $1
Ag3r0n: posts big blind $3
*** HOLE CARDS ***
fire852181: raises $3 to $6
Ag3r0n: calls $3
*** FLOP *** [9c 5d Tc]
Ag3r0n: checks
fire852181: checks
*** TURN *** [9c 5d Tc] [Qd]
Ag3r0n: bets $6
fire852181: calls $6
*** RIVER *** [9c 5d Tc Qd] [4d]
Ag3r0n: bets $6
fire852181: folds
Uncalled bet ($6) returned to Ag3r0n
Ag3r0n collected $23.52 from pot
*** SUMMARY ***
Total pot $24 | Rake $0.48
Board [9c 5d Tc Qd 4d]
Seat 1: fire852181 (button) (small blind) folded on the River
Seat 6: Ag3r0n (big blind) collected ($23.52)


PokerStars Hand #154755690387:  Hold'em Limit ($3/$6 USD) - 2016/06/15 3:42:08 ET
Table 'Hypatia' 6-max Seat #6 is the button
Seat 1: fire852181 ($32.84 in chips)
Seat 6: Ag3r0n ($165.39 in chips)
Ag3r0n: posts small blind $1
fire852181: posts big blind $3
*** HOLE CARDS ***
Ag3r0n: raises $3 to $6
fire852181: raises $3 to $9
Ag3r0n: calls $3
*** FLOP *** [2s 9h Ts]
fire852181: bets $3
Ag3r0n: calls $3
*** TURN *** [2s 9h Ts] [4h]
fire852181: bets $6
Ag3r0n: folds
Uncalled bet ($6) returned to fire852181
fire852181 collected $23.52 from pot
fire852181: doesn't show hand
*** SUMMARY ***
Total pot $24 | Rake $0.48
Board [2s 9h Ts 4h]
Seat 1: fire852181 (big blind) collected ($23.52)
Seat 6: Ag3r0n (button) (small blind) folded on the Turn


PokerStars Hand #154755711887:  Hold'em Limit ($3/$6 USD) - 2016/06/15 3:43:26 ET
Table 'Hypatia' 6-max Seat #6 is the button
Seat 1: fire852181 ($251.86 in chips)
Seat 6: Ag3r0n ($144.91 in chips)
Ag3r0n: posts small blind $1
fire852181: posts big blind $3
*** HOLE CARDS ***
Ag3r0n: raises $3 to $6
fire852181: raises $3 to $9
Ag3r0n: calls $3
*** FLOP *** [8h Js 9s]
fire852181: bets $3
Ag3r0n: folds
Uncalled bet ($3) returned to fire852181
fire852181 collected $17.64 from pot
fire852181: doesn't show hand
*** SUMMARY ***
Total pot $18 | Rake $0.36
Board [8h Js 9s]
Seat 1: fire852181 (big blind) collected ($17.64)
Seat 6: Ag3r0n (button) (small blind) folded on the Flop


PokerStars Hand #154755714714:  Hold'em Limit ($3/$6 USD) - 2016/06/15 3:43:36 ET
Table 'Hypatia' 6-max Seat #1 is the button
Seat 1: fire852181 ($260.50 in chips)
Seat 6: Ag3r0n ($135.91 in chips)
fire852181: posts small blind $1
Ag3r0n: posts big blind $3
*** HOLE CARDS ***
fire852181: raises $3 to $6
Ag3r0n: calls $3
*** FLOP *** [7h Jd 2s]
Ag3r0n: checks
fire852181: checks
*** TURN *** [7h Jd 2s] [2d]
Ag3r0n: bets $6
fire852181: calls $6
*** RIVER *** [7h Jd 2s 2d] [7s]
Ag3r0n: bets $6
fire852181: folds
Uncalled bet ($6) returned to Ag3r0n
Ag3r0n collected $23.52 from pot
*** SUMMARY ***
Total pot $24 | Rake $0.48
Board [7h Jd 2s 2d 7s]
Seat 1: fire852181 (button) (small blind) folded on the River
Seat 6: Ag3r0n (big blind) collected ($23.52)


PokerStars Hand #154755719009:  Hold'em Limit ($3/$6 USD) - 2016/06/15 3:43:52 ET
Table 'Hypatia' 6-max Seat #6 is the button
Seat 1: fire852181 ($248.50 in chips)
Seat 6: Ag3r0n ($147.43 in chips)
Ag3r0n: posts small blind $1
fire852181: posts big blind $3
*** HOLE CARDS ***
Ag3r0n: raises $3 to $6
fire852181: raises $3 to $9
Ag3r0n: calls $3
*** FLOP *** [9d 3s Qc]
fire852181: bets $3
Ag3r0n: folds
Uncalled bet ($3) returned to fire852181
fire852181 collected $17.64 from pot
fire852181: doesn't show hand
*** SUMMARY ***
Total pot $18 | Rake $0.36
Board [9d 3s Qc]
Seat 1: fire852181 (big blind) collected ($17.64)
Seat 6: Ag3r0n (button) (small blind) folded on the Flop


PokerStars Hand #154755706211:  Hold'em Limit ($3/$6 USD) - 2016/06/15 3:43:05 ET
Table 'Hypatia' 6-max Seat #1 is the button
Seat 1: fire852181 ($237.36 in chips)
Seat 6: Ag3r0n ($159.91 in chips)
fire852181: posts small blind $1
Ag3r0n: posts big blind $3
*** HOLE CARDS ***
fire852181: raises $3 to $6
Ag3r0n: raises $3 to $9
fire852181: calls $3
*** FLOP *** [6s Qc Th]
Ag3r0n: bets $3
fire852181: raises $3 to $6
Ag3r0n: calls $3
*** TURN *** [6s Qc Th] [Ac]
Ag3r0n: checks
fire852181: checks
*** RIVER *** [6s Qc Th Ac] [7d]
Ag3r0n: checks
fire852181: checks
*** SHOW DOWN ***
Ag3r0n: shows [6c 8c] (a pair of Sixes)
fire852181: shows [Qd 2h] (a pair of Queens)
fire852181 collected $29.50 from pot
*** SUMMARY ***
Total pot $30 | Rake $0.50
Board [6s Qc Th Ac 7d]
Seat 1: fire852181 (button) (small blind) showed [Qd 2h] and won ($29.50) with a pair of Queens
Seat 6: Ag3r0n (big blind) showed [6c 8c] and lost with a pair of Sixes


PokerStars Hand #154755738336:  Hold'em Limit ($3/$6 USD) - 2016/06/15 3:45:02 ET
Table 'Hypatia' 6-max Seat #6 is the button
Seat 1: fire852181 ($277.14 in chips)
Seat 6: Ag3r0n ($116.93 in chips)
Ag3r0n: posts small blind $1
fire852181: posts big blind $3
*** HOLE CARDS ***
Ag3r0n: raises $3 to $6
fire852181: raises $3 to $9
Ag3r0n: calls $3
*** FLOP *** [5d Js 8h]
fire852181: bets $3
Ag3r0n: folds
Uncalled bet ($3) returned to fire852181
fire852181 collected $17.64 from pot
fire852181: doesn't show hand
*** SUMMARY ***
Total pot $18 | Rake $0.36
Board [5d Js 8h]
Seat 1: fire852181 (big blind) collected ($17.64)
Seat 6: Ag3r0n (button) (small blind) folded on the Flop


PokerStars Hand #154755722193:  Hold'em Limit ($3/$6 USD) - 2016/06/15 3:44:03 ET
Table 'Hypatia' 6-max Seat #1 is the button
Seat 1: fire852181 ($257.14 in chips)
Seat 6: Ag3r0n ($138.43 in chips)
fire852181: posts small blind $1
Ag3r0n: posts big blind $3
*** HOLE CARDS ***
fire852181: raises $3 to $6
Ag3r0n: raises $3 to $9
fire852181: calls $3
*** FLOP *** [4h 7c Qh]
Ag3r0n: bets $3
fire852181: raises $3 to $6
Ag3r0n: calls $3
*** TURN *** [4h 7c Qh] [Ks]
Ag3r0n: bets $6
fire852181: calls $6
*** RIVER *** [4h 7c Qh Ks] [Ts]
Ag3r0n: bets $6
fire852181: folds
Uncalled bet ($6) returned to Ag3r0n
Ag3r0n collected $41.50 from pot
*** SUMMARY ***
Total pot $42 | Rake $0.50
Board [4h 7c Qh Ks Ts]
Seat 1: fire852181 (button) (small blind) folded on the River
Seat 6: Ag3r0n (big blind) collected ($41.50)


PokerStars Hand #154755727991:  Hold'em Limit ($3/$6 USD) - 2016/06/15 3:44:24 ET
Table 'Hypatia' 6-max Seat #6 is the button
Seat 1: fire852181 ($236.14 in chips)
Seat 6: Ag3r0n ($158.93 in chips)
Ag3r0n: posts small blind $1
fire852181: posts big blind $3
*** HOLE CARDS ***
Ag3r0n: raises $3 to $6
fire852181: raises $3 to $9
Ag3r0n: calls $3
*** FLOP *** [6d As 9d]
fire852181: bets $3
Ag3r0n: calls $3
*** TURN *** [6d As 9d] [3h]
fire852181: checks
Ag3r0n: checks
*** RIVER *** [6d As 9d 3h] [9s]
fire852181: bets $6
Ag3r0n: calls $6
*** SHOW DOWN ***
fire852181: shows [6h Qc] (two pair, Nines and Sixes)
Ag3r0n: mucks hand
fire852181 collected $35.50 from pot
*** SUMMARY ***
Total pot $36 | Rake $0.50
Board [6d As 9d 3h 9s]
Seat 1: fire852181 (big blind) showed [6h Qc] and won ($35.50) with two pair, Nines and Sixes
Seat 6: Ag3r0n (button) (small blind) mucked


PokerStars Hand #154755733290:  Hold'em Limit ($3/$6 USD) - 2016/06/15 3:44:44 ET
Table 'Hypatia' 6-max Seat #1 is the button
Seat 1: fire852181 ($253.64 in chips)
Seat 6: Ag3r0n ($140.93 in chips)
fire852181: posts small blind $1
Ag3r0n: posts big blind $3
*** HOLE CARDS ***
fire852181: raises $3 to $6
Ag3r0n: raises $3 to $9
fire852181: calls $3
*** FLOP *** [Th 8c 6h]
Ag3r0n: bets $3
fire852181: calls $3
*** TURN *** [Th 8c 6h] [Ts]
Ag3r0n: bets $6
fire852181: calls $6
*** RIVER *** [Th 8c 6h Ts] [As]
Ag3r0n: bets $6
fire852181: calls $6
*** SHOW DOWN ***
Ag3r0n: shows [5s 7s] (a pair of Tens)
fire852181: shows [9h 6d] (two pair, Tens and Sixes)
fire852181 collected $47.50 from pot
*** SUMMARY ***
Total pot $48 | Rake $0.50
Board [Th 8c 6h Ts As]
Seat 1: fire852181 (button) (small blind) showed [9h 6d] and won ($47.50) with two pair, Tens and Sixes
Seat 6: Ag3r0n (big blind) showed [5s 7s] and lost with a pair of Tens


PokerStars Hand #154755749513:  Hold'em Limit ($3/$6 USD) - 2016/06/15 3:45:42 ET
Table 'Hypatia' 6-max Seat #1 is the button
Seat 1: fire852181 ($310.28 in chips)
Seat 6: Ag3r0n ($82.93 in chips)
fire852181: posts small blind $1
Ag3r0n: posts big blind $3
*** HOLE CARDS ***
fire852181: raises $3 to $6
Ag3r0n: raises $3 to $9
fire852181: calls $3
*** FLOP *** [9s 9d 6h]
Ag3r0n: bets $3
fire852181: calls $3
*** TURN *** [9s 9d 6h] [Qd]
Ag3r0n: bets $6
fire852181: calls $6
*** RIVER *** [9s 9d 6h Qd] [Td]
Ag3r0n: bets $6
fire852181: folds
Uncalled bet ($6) returned to Ag3r0n
Ag3r0n collected $35.50 from pot
*** SUMMARY ***
Total pot $36 | Rake $0.50
Board [9s 9d 6h Qd Td]
Seat 1: fire852181 (button) (small blind) folded on the River
Seat 6: Ag3r0n (big blind) collected ($35.50)


PokerStars Hand #154755747895:  Hold'em Limit ($3/$6 USD) - 2016/06/15 3:45:36 ET
Table 'Hypatia' 6-max Seat #6 is the button
Seat 1: fire852181 ($309.28 in chips)
Seat 6: Ag3r0n ($83.93 in chips)
Ag3r0n: posts small blind $1
fire852181: posts big blind $3
*** HOLE CARDS ***
Ag3r0n: folds
Uncalled bet ($2) returned to fire852181
fire852181 collected $2 from pot
fire852181: doesn't show hand
*** SUMMARY ***
Total pot $2 | Rake $0
Seat 1: fire852181 (big blind) collected ($2)
Seat 6: Ag3r0n (button) (small blind) folded before Flop


PokerStars Hand #154755742000:  Hold'em Limit ($3/$6 USD) - 2016/06/15 3:45:15 ET
Table 'Hypatia' 6-max Seat #1 is the button
Seat 1: fire852181 ($285.78 in chips)
Seat 6: Ag3r0n ($107.93 in chips)
fire852181: posts small blind $1
Ag3r0n: posts big blind $3
*** HOLE CARDS ***
fire852181: raises $3 to $6
Ag3r0n: raises $3 to $9
fire852181: calls $3
*** FLOP *** [6d 4s Ts]
Ag3r0n: bets $3
fire852181: calls $3
*** TURN *** [6d 4s Ts] [Kd]
Ag3r0n: checks
fire852181: bets $6
Ag3r0n: calls $6
*** RIVER *** [6d 4s Ts Kd] [Ks]
Ag3r0n: checks
fire852181: bets $6
Ag3r0n: calls $6
*** SHOW DOWN ***
fire852181: shows [8h Kh] (three of a kind, Kings)
Ag3r0n: mucks hand
fire852181 collected $47.50 from pot
*** SUMMARY ***
Total pot $48 | Rake $0.50
Board [6d 4s Ts Kd Ks]
Seat 1: fire852181 (button) (small blind) showed [8h Kh] and won ($47.50) with three of a kind, Kings
Seat 6: Ag3r0n (big blind) mucked


PokerStars Hand #154755759762:  Hold'em Limit ($3/$6 USD) - 2016/06/15 3:46:19 ET
Table 'Hypatia' 6-max Seat #1 is the button
Seat 1: fire852181 ($300.92 in chips)
Seat 6: Ag3r0n ($91.43 in chips)
fire852181: posts small blind $1
Ag3r0n: posts big blind $3
*** HOLE CARDS ***
fire852181: raises $3 to $6
Ag3r0n: calls $3
*** FLOP *** [Ts 8h 6d]
Ag3r0n: checks
fire852181: bets $3
Ag3r0n: calls $3
*** TURN *** [Ts 8h 6d] [2s]
Ag3r0n: checks
fire852181: checks
*** RIVER *** [Ts 8h 6d 2s] [3c]
Ag3r0n: checks
fire852181: checks
*** SHOW DOWN ***
Ag3r0n: shows [Kd 7c] (high card King)
fire852181: mucks hand
Ag3r0n collected $17.64 from pot
*** SUMMARY ***
Total pot $18 | Rake $0.36
Board [Ts 8h 6d 2s 3c]
Seat 1: fire852181 (button) (small blind) mucked
Seat 6: Ag3r0n (big blind) showed [Kd 7c] and won ($17.64) with high card King


PokerStars Hand #154755755127:  Hold'em Limit ($3/$6 USD) - 2016/06/15 3:46:02 ET
Table 'Hypatia' 6-max Seat #6 is the button
Seat 1: fire852181 ($292.28 in chips)
Seat 6: Ag3r0n ($100.43 in chips)
Ag3r0n: posts small blind $1
fire852181: posts big blind $3
*** HOLE CARDS ***
Ag3r0n: raises $3 to $6
fire852181: raises $3 to $9
Ag3r0n: calls $3
*** FLOP *** [Ad Ts 4s]
fire852181: bets $3
Ag3r0n: folds
Uncalled bet ($3) returned to fire852181
fire852181 collected $17.64 from pot
fire852181: doesn't show hand
*** SUMMARY ***
Total pot $18 | Rake $0.36
Board [Ad Ts 4s]
Seat 1: fire852181 (big blind) collected ($17.64)
Seat 6: Ag3r0n (button) (small blind) folded on the Flop


PokerStars Hand #154755766392:  Hold'em Limit ($3/$6 USD) - 2016/06/15 3:46:43 ET
Table 'Hypatia' 6-max Seat #1 is the button
Seat 1: fire852181 ($288.92 in chips)
Seat 6: Ag3r0n ($103.07 in chips)
fire852181: posts small blind $1
Ag3r0n: posts big blind $3
*** HOLE CARDS ***
fire852181: folds
Uncalled bet ($2) returned to Ag3r0n
Ag3r0n collected $2 from pot
*** SUMMARY ***
Total pot $2 | Rake $0
Seat 1: fire852181 (button) (small blind) folded before Flop
Seat 6: Ag3r0n (big blind) collected ($2)


PokerStars Hand #154755764597:  Hold'em Limit ($3/$6 USD) - 2016/06/15 3:46:36 ET
Table 'Hypatia' 6-max Seat #6 is the button
Seat 1: fire852181 ($291.92 in chips)
Seat 6: Ag3r0n ($100.07 in chips)
Ag3r0n: posts small blind $1
fire852181: posts big blind $3
*** HOLE CARDS ***
Ag3r0n: raises $3 to $6
fire852181: folds
Uncalled bet ($3) returned to Ag3r0n
Ag3r0n collected $6 from pot
*** SUMMARY ***
Total pot $6 | Rake $0
Seat 1: fire852181 (big blind) folded before Flop
Seat 6: Ag3r0n (button) (small blind) collected ($6)


PokerStars Hand #154755767989:  Hold'em Limit ($3/$6 USD) - 2016/06/15 3:46:48 ET
Table 'Hypatia' 6-max Seat #6 is the button
Seat 1: fire852181 ($287.92 in chips)
Seat 6: Ag3r0n ($104.07 in chips)
Ag3r0n: posts small blind $1
fire852181: posts big blind $3
*** HOLE CARDS ***
Ag3r0n: raises $3 to $6
fire852181: raises $3 to $9
Ag3r0n: calls $3
*** FLOP *** [4d 9d 7c]
fire852181: bets $3
Ag3r0n: calls $3
*** TURN *** [4d 9d 7c] [Kd]
fire852181: checks
Ag3r0n: checks
*** RIVER *** [4d 9d 7c Kd] [Qd]
fire852181: checks
Ag3r0n: checks
*** SHOW DOWN ***
fire852181: shows [7h Ts] (a pair of Sevens)
Ag3r0n: mucks hand
fire852181 collected $23.52 from pot
*** SUMMARY ***
Total pot $24 | Rake $0.48
Board [4d 9d 7c Kd Qd]
Seat 1: fire852181 (big blind) showed [7h Ts] and won ($23.52) with a pair of Sevens
Seat 6: Ag3r0n (button) (small blind) mucked


PokerStars Hand #154755785932:  Hold'em Limit ($3/$6 USD) - 2016/06/15 3:47:53 ET
Table 'Hypatia' 6-max Seat #1 is the button
Seat 1: fire852181 ($298.94 in chips)
Seat 6: Ag3r0n ($95.50 in chips)
fire852181: posts small blind $1
Ag3r0n: posts big blind $3
*** HOLE CARDS ***
fire852181: raises $3 to $6
Ag3r0n: calls $3
*** FLOP *** [Ad Jh 6h]
Ag3r0n: checks
fire852181: checks
*** TURN *** [Ad Jh 6h] [Ks]
Ag3r0n: bets $6
fire852181: raises $6 to $12
Ag3r0n: calls $6
*** RIVER *** [Ad Jh 6h Ks] [2d]
Ag3r0n: checks
fire852181: bets $6
Ag3r0n: calls $6
*** SHOW DOWN ***
fire852181: shows [Ac Kd] (two pair, Aces and Kings)
Ag3r0n: mucks hand
fire852181 collected $47.50 from pot
*** SUMMARY ***
Total pot $48 | Rake $0.50
Board [Ad Jh 6h Ks 2d]
Seat 1: fire852181 (button) (small blind) showed [Ac Kd] and won ($47.50) with two pair, Aces and Kings
Seat 6: Ag3r0n (big blind) mucked


PokerStars Hand #154755780431:  Hold'em Limit ($3/$6 USD) - 2016/06/15 3:47:33 ET
Table 'Hypatia' 6-max Seat #6 is the button
Seat 1: fire852181 ($322.94 in chips)
Seat 6: Ag3r0n ($72 in chips)
Ag3r0n: posts small blind $1
fire852181: posts big blind $3
*** HOLE CARDS ***
Ag3r0n: raises $3 to $6
fire852181: raises $3 to $9
Ag3r0n: calls $3
*** FLOP *** [3c Tc 4d]
fire852181: bets $3
Ag3r0n: calls $3
*** TURN *** [3c Tc 4d] [5h]
fire852181: checks
Ag3r0n: bets $6
fire852181: calls $6
*** RIVER *** [3c Tc 4d 5h] [Jh]
fire852181: bets $6
Ag3r0n: calls $6
*** SHOW DOWN ***
fire852181: shows [Qs Ks] (high card King)
Ag3r0n: shows [Th Kd] (a pair of Tens)
Ag3r0n collected $47.50 from pot
*** SUMMARY ***
Total pot $48 | Rake $0.50
Board [3c Tc 4d 5h Jh]
Seat 1: fire852181 (big blind) showed [Qs Ks] and lost with high card King
Seat 6: Ag3r0n (button) (small blind) showed [Th Kd] and won ($47.50) with a pair of Tens


PokerStars Hand #154755798693:  Hold'em Limit ($3/$6 USD) - 2016/06/15 3:48:39 ET
Table 'Hypatia' 6-max Seat #6 is the button
Seat 1: fire852181 ($327.20 in chips)
Seat 6: Ag3r0n ($73 in chips)
Ag3r0n: posts small blind $1
fire852181: posts big blind $3
*** HOLE CARDS ***
Ag3r0n: raises $3 to $6
fire852181: calls $3
*** FLOP *** [Ts Qc Th]
fire852181: checks
Ag3r0n: bets $3
fire852181: calls $3
*** TURN *** [Ts Qc Th] [Ac]
fire852181: checks
Ag3r0n: checks
*** RIVER *** [Ts Qc Th Ac] [5s]
fire852181: checks
Ag3r0n: checks
*** SHOW DOWN ***
fire852181: shows [8c Jd] (a pair of Tens)
Ag3r0n: shows [Qd 8d] (two pair, Queens and Tens)
Ag3r0n collected $17.64 from pot
*** SUMMARY ***
Total pot $18 | Rake $0.36
Board [Ts Qc Th Ac 5s]
Seat 1: fire852181 (big blind) showed [8c Jd] and lost with a pair of Tens
Seat 6: Ag3r0n (button) (small blind) showed [Qd 8d] and won ($17.64) with two pair, Queens and Tens


PokerStars Hand #154755796867:  Hold'em Limit ($3/$6 USD) - 2016/06/15 3:48:32 ET
Table 'Hypatia' 6-max Seat #1 is the button
Seat 1: fire852181 ($328.20 in chips)
Seat 6: Ag3r0n ($72 in chips)
fire852181: posts small blind $1
Ag3r0n: posts big blind $3
*** HOLE CARDS ***
fire852181: folds
Uncalled bet ($2) returned to Ag3r0n
Ag3r0n collected $2 from pot
*** SUMMARY ***
Total pot $2 | Rake $0
Seat 1: fire852181 (button) (small blind) folded before Flop
Seat 6: Ag3r0n (big blind) collected ($2)


PokerStars Hand #154755791066:  Hold'em Limit ($3/$6 USD) - 2016/06/15 3:48:12 ET
Table 'Hypatia' 6-max Seat #6 is the button
Seat 1: fire852181 ($322.44 in chips)
Seat 6: Ag3r0n ($72 in chips)
Ag3r0n: posts small blind $1
fire852181: posts big blind $3
*** HOLE CARDS ***
Ag3r0n: raises $3 to $6
fire852181: calls $3
*** FLOP *** [Kh Kc 3d]
fire852181: checks
Ag3r0n: checks
*** TURN *** [Kh Kc 3d] [Td]
fire852181: checks
Ag3r0n: checks
*** RIVER *** [Kh Kc 3d Td] [Qd]
fire852181: checks
Ag3r0n: checks
*** SHOW DOWN ***
fire852181: shows [Js 3s] (two pair, Kings and Threes)
Ag3r0n: mucks hand
fire852181 collected $11.76 from pot
*** SUMMARY ***
Total pot $12 | Rake $0.24
Board [Kh Kc 3d Td Qd]
Seat 1: fire852181 (big blind) showed [Js 3s] and won ($11.76) with two pair, Kings and Threes
Seat 6: Ag3r0n (button) (small blind) mucked


PokerStars Hand #154755807488:  Hold'em Limit ($3/$6 USD) - 2016/06/15 3:49:10 ET
Table 'Hypatia' 6-max Seat #6 is the button
Seat 1: fire852181 ($323.96 in chips)
Seat 6: Ag3r0n ($75.64 in chips)
Ag3r0n: posts small blind $1
fire852181: posts big blind $3
*** HOLE CARDS ***
Ag3r0n: raises $3 to $6
fire852181: folds
Uncalled bet ($3) returned to Ag3r0n
Ag3r0n collected $6 from pot
*** SUMMARY ***
Total pot $6 | Rake $0
Seat 1: fire852181 (big blind) folded before Flop
Seat 6: Ag3r0n (button) (small blind) collected ($6)


PokerStars Hand #154755804304:  Hold'em Limit ($3/$6 USD) - 2016/06/15 3:48:59 ET
Table 'Hypatia' 6-max Seat #1 is the button
Seat 1: fire852181 ($318.20 in chips)
Seat 6: Ag3r0n ($81.64 in chips)
fire852181: posts small blind $1
Ag3r0n: posts big blind $3
*** HOLE CARDS ***
fire852181: raises $3 to $6
Ag3r0n: calls $3
*** FLOP *** [4d Jc 9c]
Ag3r0n: checks
fire852181: bets $3
Ag3r0n: folds
Uncalled bet ($3) returned to fire852181
fire852181 collected $11.76 from pot
fire852181: doesn't show hand
*** SUMMARY ***
Total pot $12 | Rake $0.24
Board [4d Jc 9c]
Seat 1: fire852181 (button) (small blind) collected ($11.76)
Seat 6: Ag3r0n (big blind) folded on the Flop


PokerStars Hand #154755817246:  Hold'em Limit ($3/$6 USD) - 2016/06/15 3:49:46 ET
Table 'Hypatia' 6-max Seat #1 is the button
Seat 1: fire852181 ($279.96 in chips)
Seat 6: Ag3r0n ($119.14 in chips)
fire852181: posts small blind $1
Ag3r0n: posts big blind $3
*** HOLE CARDS ***
fire852181: raises $3 to $6
Ag3r0n: folds
Uncalled bet ($3) returned to fire852181
fire852181 collected $6 from pot
fire852181: doesn't show hand
*** SUMMARY ***
Total pot $6 | Rake $0
Seat 1: fire852181 (button) (small blind) collected ($6)
Seat 6: Ag3r0n (big blind) folded before Flop


PokerStars Hand #154755815783:  Hold'em Limit ($3/$6 USD) - 2016/06/15 3:49:40 ET
Table 'Hypatia' 6-max Seat #6 is the button
Seat 1: fire852181 ($278.96 in chips)
Seat 6: Ag3r0n ($120.14 in chips)
Ag3r0n: posts small blind $1
fire852181: posts big blind $3
*** HOLE CARDS ***
Ag3r0n: folds
Uncalled bet ($2) returned to fire852181
fire852181 collected $2 from pot
fire852181: doesn't show hand
*** SUMMARY ***
Total pot $2 | Rake $0
Seat 1: fire852181 (big blind) collected ($2)
Seat 6: Ag3r0n (button) (small blind) folded before Flop


PokerStars Hand #154755809298:  Hold'em Limit ($3/$6 USD) - 2016/06/15 3:49:17 ET
Table 'Hypatia' 6-max Seat #1 is the button
Seat 1: fire852181 ($320.96 in chips)
Seat 6: Ag3r0n ($78.64 in chips)
fire852181: posts small blind $1
Ag3r0n: posts big blind $3
*** HOLE CARDS ***
fire852181: raises $3 to $6
Ag3r0n: calls $3
*** FLOP *** [6d Qs 9c]
Ag3r0n: bets $3
fire852181: raises $3 to $6
Ag3r0n: calls $3
*** TURN *** [6d Qs 9c] [6s]
Ag3r0n: bets $6
fire852181: raises $6 to $12
Ag3r0n: raises $6 to $18
fire852181: raises $6 to $24
Betting is capped
Ag3r0n: calls $6
*** RIVER *** [6d Qs 9c 6s] [Jc]
Ag3r0n: checks
fire852181: bets $6
Ag3r0n: calls $6
*** SHOW DOWN ***
fire852181: shows [Ah Ac] (two pair, Aces and Sixes)
Ag3r0n: shows [5s 6c] (three of a kind, Sixes)
Ag3r0n collected $83.50 from pot
*** SUMMARY ***
Total pot $84 | Rake $0.50
Board [6d Qs 9c 6s Jc]
Seat 1: fire852181 (button) (small blind) showed [Ah Ac] and lost with two pair, Aces and Sixes
Seat 6: Ag3r0n (big blind) showed [5s 6c] and won ($83.50) with three of a kind, Sixes


PokerStars Hand #154755827218:  Hold'em Limit ($3/$6 USD) - 2016/06/15 3:50:22 ET
Table 'Hypatia' 6-max Seat #1 is the button
Seat 1: fire852181 ($288.72 in chips)
Seat 6: Ag3r0n ($110.14 in chips)
fire852181: posts small blind $1
Ag3r0n: posts big blind $3
*** HOLE CARDS ***
fire852181: raises $3 to $6
Ag3r0n: calls $3
*** FLOP *** [Kc Ks 8c]
Ag3r0n: bets $3
fire852181: folds
Uncalled bet ($3) returned to Ag3r0n
Ag3r0n collected $11.76 from pot
*** SUMMARY ***
Total pot $12 | Rake $0.24
Board [Kc Ks 8c]
Seat 1: fire852181 (button) (small blind) folded on the Flop
Seat 6: Ag3r0n (big blind) collected ($11.76)


PokerStars Hand #154755818927:  Hold'em Limit ($3/$6 USD) - 2016/06/15 3:49:52 ET
Table 'Hypatia' 6-max Seat #6 is the button
Seat 1: fire852181 ($282.96 in chips)
Seat 6: Ag3r0n ($116.14 in chips)
Ag3r0n: posts small blind $1
fire852181: posts big blind $3
*** HOLE CARDS ***
Ag3r0n: raises $3 to $6
fire852181: calls $3
*** FLOP *** [Td Qc 7c]
fire852181: checks
Ag3r0n: checks
*** TURN *** [Td Qc 7c] [9s]
fire852181: checks
Ag3r0n: checks
*** RIVER *** [Td Qc 7c 9s] [2h]
fire852181: bets $6
Ag3r0n: folds
Uncalled bet ($6) returned to fire852181
fire852181 collected $11.76 from pot
fire852181: doesn't show hand
*** SUMMARY ***
Total pot $12 | Rake $0.24
Board [Td Qc 7c 9s 2h]
Seat 1: fire852181 (big blind) collected ($11.76)
Seat 6: Ag3r0n (button) (small blind) folded on the River


PokerStars Hand #154755833343:  Hold'em Limit ($3/$6 USD) - 2016/06/15 3:50:44 ET
Table 'Hypatia' 6-max Seat #1 is the button
Seat 1: fire852181 ($283.72 in chips)
Seat 6: Ag3r0n ($114.90 in chips)
fire852181: posts small blind $1
Ag3r0n: posts big blind $3
*** HOLE CARDS ***
fire852181: folds
Uncalled bet ($2) returned to Ag3r0n
Ag3r0n collected $2 from pot
*** SUMMARY ***
Total pot $2 | Rake $0
Seat 1: fire852181 (button) (small blind) folded before Flop
Seat 6: Ag3r0n (big blind) collected ($2)


PokerStars Hand #154755831765:  Hold'em Limit ($3/$6 USD) - 2016/06/15 3:50:38 ET
Table 'Hypatia' 6-max Seat #6 is the button
Seat 1: fire852181 ($282.72 in chips)
Seat 6: Ag3r0n ($115.90 in chips)
Ag3r0n: posts small blind $1
fire852181: posts big blind $3
*** HOLE CARDS ***
Ag3r0n: folds
Uncalled bet ($2) returned to fire852181
fire852181 collected $2 from pot
fire852181: doesn't show hand
*** SUMMARY ***
Total pot $2 | Rake $0
Seat 1: fire852181 (big blind) collected ($2)
Seat 6: Ag3r0n (button) (small blind) folded before Flop


PokerStars Hand #154755854483:  Hold'em Limit ($3/$6 USD) - 2016/06/15 3:51:59 ET
Table 'Hypatia' 6-max Seat #1 is the button
Seat 1: fire852181 ($298.88 in chips)
Seat 6: Ag3r0n ($98.66 in chips)
fire852181: posts small blind $1
Ag3r0n: posts big blind $3
*** HOLE CARDS ***
fire852181: folds
Uncalled bet ($2) returned to Ag3r0n
Ag3r0n collected $2 from pot
*** SUMMARY ***
Total pot $2 | Rake $0
Seat 1: fire852181 (button) (small blind) folded before Flop
Seat 6: Ag3r0n (big blind) collected ($2)


PokerStars Hand #154755844221:  Hold'em Limit ($3/$6 USD) - 2016/06/15 3:51:22 ET
Table 'Hypatia' 6-max Seat #6 is the button
Seat 1: fire852181 ($275.72 in chips)
Seat 6: Ag3r0n ($122.66 in chips)
Ag3r0n: posts small blind $1
fire852181: posts big blind $3
*** HOLE CARDS ***
Ag3r0n: raises $3 to $6
fire852181: raises $3 to $9
Ag3r0n: calls $3
*** FLOP *** [9h 4h Ac]
fire852181: bets $3
Ag3r0n: folds
Uncalled bet ($3) returned to fire852181
fire852181 collected $17.64 from pot
fire852181: doesn't show hand
*** SUMMARY ***
Total pot $18 | Rake $0.36
Board [9h 4h Ac]
Seat 1: fire852181 (big blind) collected ($17.64)
Seat 6: Ag3r0n (button) (small blind) folded on the Flop


PokerStars Hand #154755848363:  Hold'em Limit ($3/$6 USD) - 2016/06/15 3:51:37 ET
Table 'Hypatia' 6-max Seat #1 is the button
Seat 1: fire852181 ($284.36 in chips)
Seat 6: Ag3r0n ($113.66 in chips)
fire852181: posts small blind $1
Ag3r0n: posts big blind $3
*** HOLE CARDS ***
fire852181: raises $3 to $6
Ag3r0n: folds
Uncalled bet ($3) returned to fire852181
fire852181 collected $6 from pot
fire852181: doesn't show hand
*** SUMMARY ***
Total pot $6 | Rake $0
Seat 1: fire852181 (button) (small blind) collected ($6)
Seat 6: Ag3r0n (big blind) folded before Flop


PokerStars Hand #154755840637:  Hold'em Limit ($3/$6 USD) - 2016/06/15 3:51:10 ET
Table 'Hypatia' 6-max Seat #1 is the button
Seat 1: fire852181 ($276.72 in chips)
Seat 6: Ag3r0n ($121.66 in chips)
fire852181: posts small blind $1
Ag3r0n: posts big blind $3
*** HOLE CARDS ***
fire852181: folds
Uncalled bet ($2) returned to Ag3r0n
Ag3r0n collected $2 from pot
*** SUMMARY ***
Total pot $2 | Rake $0
Seat 1: fire852181 (button) (small blind) folded before Flop
Seat 6: Ag3r0n (big blind) collected ($2)


PokerStars Hand #154755883501:  Hold'em Limit ($3/$6 USD) - 2016/06/15 3:53:13 ET
Table 'Hypatia' 6-max Seat #1 is the button
Seat 1: fire852181 ($304.03 in chips)
Seat 6: Ag3r0n ($92.41 in chips)
fire852181: posts small blind $1
Ag3r0n: posts big blind $3
*** HOLE CARDS ***
fire852181: folds
Uncalled bet ($2) returned to Ag3r0n
Ag3r0n collected $2 from pot
*** SUMMARY ***
Total pot $2 | Rake $0
Seat 1: fire852181 (button) (small blind) folded before Flop
Seat 6: Ag3r0n (big blind) collected ($2)


PokerStars Hand #154755892193:  Hold'em Limit ($3/$6 USD) - 2016/06/15 3:53:44 ET
Table 'Hypatia' 6-max Seat #6 is the button
Seat 1: fire852181 ($294.03 in chips)
Seat 6: Ag3r0n ($101.93 in chips)
Ag3r0n: posts small blind $1
fire852181: posts big blind $3
*** HOLE CARDS ***
Ag3r0n: folds
Uncalled bet ($2) returned to fire852181
fire852181 collected $2 from pot
fire852181: doesn't show hand
*** SUMMARY ***
Total pot $2 | Rake $0
Seat 1: fire852181 (big blind) collected ($2)
Seat 6: Ag3r0n (button) (small blind) folded before Flop


PokerStars Hand #154755890564:  Hold'em Limit ($3/$6 USD) - 2016/06/15 3:53:38 ET
Table 'Hypatia' 6-max Seat #1 is the button
Seat 1: fire852181 ($291.03 in chips)
Seat 6: Ag3r0n ($104.93 in chips)
fire852181: posts small blind $1
Ag3r0n: posts big blind $3
*** HOLE CARDS ***
fire852181: raises $3 to $6
Ag3r0n: folds
Uncalled bet ($3) returned to fire852181
fire852181 collected $6 from pot
fire852181: doesn't show hand
*** SUMMARY ***
Total pot $6 | Rake $0
Seat 1: fire852181 (button) (small blind) collected ($6)
Seat 6: Ag3r0n (big blind) folded before Flop


PokerStars Hand #154755885178:  Hold'em Limit ($3/$6 USD) - 2016/06/15 3:53:19 ET
Table 'Hypatia' 6-max Seat #6 is the button
Seat 1: fire852181 ($303.03 in chips)
Seat 6: Ag3r0n ($93.41 in chips)
Ag3r0n: posts small blind $1
fire852181: posts big blind $3
*** HOLE CARDS ***
Ag3r0n: raises $3 to $6
fire852181: calls $3
*** FLOP *** [4d Th 9h]
fire852181: checks
Ag3r0n: checks
*** TURN *** [4d Th 9h] [3h]
fire852181: bets $6
Ag3r0n: calls $6
*** RIVER *** [4d Th 9h 3h] [5h]
fire852181: checks
Ag3r0n: bets $6
fire852181: folds
Uncalled bet ($6) returned to Ag3r0n
Ag3r0n collected $23.52 from pot
*** SUMMARY ***
Total pot $24 | Rake $0.48
Board [4d Th 9h 3h 5h]
Seat 1: fire852181 (big blind) folded on the River
Seat 6: Ag3r0n (button) (small blind) collected ($23.52)


PokerStars Hand #154755856014:  Hold'em Limit ($3/$6 USD) - 2016/06/15 3:52:04 ET
Table 'Hypatia' 6-max Seat #6 is the button
Seat 1: fire852181 ($297.88 in chips)
Seat 6: Ag3r0n ($99.66 in chips)
Ag3r0n: posts small blind $1
fire852181: posts big blind $3
*** HOLE CARDS ***
Ag3r0n: raises $3 to $6
fire852181: raises $3 to $9
Ag3r0n: calls $3
*** FLOP *** [Tc Qd 4h]
fire852181: bets $3
Ag3r0n: folds
Uncalled bet ($3) returned to fire852181
fire852181 collected $17.64 from pot
fire852181: doesn't show hand
*** SUMMARY ***
Total pot $18 | Rake $0.36
Board [Tc Qd 4h]
Seat 1: fire852181 (big blind) collected ($17.64)
Seat 6: Ag3r0n (button) (small blind) folded on the Flop


PokerStars Hand #154755860837:  Hold'em Limit ($3/$6 USD) - 2016/06/15 3:52:21 ET
Table 'Hypatia' 6-max Seat #6 is the button
Seat 1: fire852181 ($305.52 in chips)
Seat 6: Ag3r0n ($91.66 in chips)
Ag3r0n: posts small blind $1
fire852181: posts big blind $3
*** HOLE CARDS ***
Ag3r0n: raises $3 to $6
fire852181: folds
Uncalled bet ($3) returned to Ag3r0n
Ag3r0n collected $6 from pot
*** SUMMARY ***
Total pot $6 | Rake $0
Seat 1: fire852181 (big blind) folded before Flop
Seat 6: Ag3r0n (button) (small blind) collected ($6)


PokerStars Hand #154755859355:  Hold'em Limit ($3/$6 USD) - 2016/06/15 3:52:16 ET
Table 'Hypatia' 6-max Seat #1 is the button
Seat 1: fire852181 ($306.52 in chips)
Seat 6: Ag3r0n ($90.66 in chips)
fire852181: posts small blind $1
Ag3r0n: posts big blind $3
*** HOLE CARDS ***
fire852181: folds
Uncalled bet ($2) returned to Ag3r0n
Ag3r0n collected $2 from pot
*** SUMMARY ***
Total pot $2 | Rake $0
Seat 1: fire852181 (button) (small blind) folded before Flop
Seat 6: Ag3r0n (big blind) collected ($2)


PokerStars Hand #154755870479:  Hold'em Limit ($3/$6 USD) - 2016/06/15 3:52:27 ET
Table 'Hypatia' 6-max Seat #1 is the button
Seat 1: fire852181 ($302.52 in chips)
Seat 6: Ag3r0n ($94.66 in chips)
fire852181: posts small blind $1
Ag3r0n: posts big blind $3
*** HOLE CARDS ***
fire852181: raises $3 to $6
Ag3r0n: calls $3
*** FLOP *** [Jh Js As]
Ag3r0n: checks
fire852181: bets $3
Ag3r0n: folds
Uncalled bet ($3) returned to fire852181
fire852181 collected $11.76 from pot
fire852181: doesn't show hand
*** SUMMARY ***
Total pot $12 | Rake $0.24
Board [Jh Js As]
Seat 1: fire852181 (button) (small blind) collected ($11.76)
Seat 6: Ag3r0n (big blind) folded on the Flop


PokerStars Hand #154755874960:  Hold'em Limit ($3/$6 USD) - 2016/06/15 3:52:43 ET
Table 'Hypatia' 6-max Seat #1 is the button
Seat 1: fire852181 ($305.28 in chips)
Seat 6: Ag3r0n ($91.66 in chips)
fire852181: posts small blind $1
Ag3r0n: posts big blind $3
*** HOLE CARDS ***
fire852181: folds
Uncalled bet ($2) returned to Ag3r0n
Ag3r0n collected $2 from pot
*** SUMMARY ***
Total pot $2 | Rake $0
Seat 1: fire852181 (button) (small blind) folded before Flop
Seat 6: Ag3r0n (big blind) collected ($2)


PokerStars Hand #154755873491:  Hold'em Limit ($3/$6 USD) - 2016/06/15 3:52:38 ET
Table 'Hypatia' 6-max Seat #6 is the button
Seat 1: fire852181 ($308.28 in chips)
Seat 6: Ag3r0n ($88.66 in chips)
Ag3r0n: posts small blind $1
fire852181: posts big blind $3
*** HOLE CARDS ***
Ag3r0n: raises $3 to $6
fire852181: folds
Uncalled bet ($3) returned to Ag3r0n
Ag3r0n collected $6 from pot
*** SUMMARY ***
Total pot $6 | Rake $0
Seat 1: fire852181 (big blind) folded before Flop
Seat 6: Ag3r0n (button) (small blind) collected ($6)


PokerStars Hand #154755904795:  Hold'em Limit ($3/$6 USD) - 2016/06/15 3:54:29 ET
Table 'Hypatia' 6-max Seat #1 is the button
Seat 1: fire852181 ($262.03 in chips)
Seat 6: Ag3r0n ($133.07 in chips)
fire852181: posts small blind $1
Ag3r0n: posts big blind $3
*** HOLE CARDS ***
fire852181: raises $3 to $6
Ag3r0n: raises $3 to $9
fire852181: calls $3
*** FLOP *** [2s Qd Ts]
Ag3r0n: bets $3
fire852181: folds
Uncalled bet ($3) returned to Ag3r0n
Ag3r0n collected $17.64 from pot
*** SUMMARY ***
Total pot $18 | Rake $0.36
Board [2s Qd Ts]
Seat 1: fire852181 (button) (small blind) folded on the Flop
Seat 6: Ag3r0n (big blind) collected ($17.64)


PokerStars Hand #154755899154:  Hold'em Limit ($3/$6 USD) - 2016/06/15 3:54:09 ET
Table 'Hypatia' 6-max Seat #6 is the button
Seat 1: fire852181 ($286.03 in chips)
Seat 6: Ag3r0n ($109.57 in chips)
Ag3r0n: posts small blind $1
fire852181: posts big blind $3
*** HOLE CARDS ***
Ag3r0n: raises $3 to $6
fire852181: raises $3 to $9
Ag3r0n: calls $3
*** FLOP *** [5h Kd 9h]
fire852181: bets $3
Ag3r0n: calls $3
*** TURN *** [5h Kd 9h] [4h]
fire852181: bets $6
Ag3r0n: calls $6
*** RIVER *** [5h Kd 9h 4h] [3h]
fire852181: checks
Ag3r0n: bets $6
fire852181: calls $6
*** SHOW DOWN ***
Ag3r0n: shows [Td 7h] (a flush, Nine high)
fire852181: mucks hand
Ag3r0n collected $47.50 from pot
*** SUMMARY ***
Total pot $48 | Rake $0.50
Board [5h Kd 9h 4h 3h]
Seat 1: fire852181 (big blind) mucked
Seat 6: Ag3r0n (button) (small blind) showed [Td 7h] and won ($47.50) with a flush, Nine high


PokerStars Hand #154755893680:  Hold'em Limit ($3/$6 USD) - 2016/06/15 3:53:49 ET
Table 'Hypatia' 6-max Seat #1 is the button
Seat 1: fire852181 ($295.03 in chips)
Seat 6: Ag3r0n ($100.93 in chips)
fire852181: posts small blind $1
Ag3r0n: posts big blind $3
*** HOLE CARDS ***
fire852181: raises $3 to $6
Ag3r0n: calls $3
*** FLOP *** [7d Ad 8d]
Ag3r0n: checks
fire852181: bets $3
Ag3r0n: calls $3
*** TURN *** [7d Ad 8d] [6h]
Ag3r0n: checks
fire852181: checks
*** RIVER *** [7d Ad 8d 6h] [9s]
Ag3r0n: bets $6
fire852181: folds
Uncalled bet ($6) returned to Ag3r0n
Ag3r0n collected $17.64 from pot
*** SUMMARY ***
Total pot $18 | Rake $0.36
Board [7d Ad 8d 6h 9s]
Seat 1: fire852181 (button) (small blind) folded on the River
Seat 6: Ag3r0n (big blind) collected ($17.64)


PokerStars Hand #154755908356:  Hold'em Limit ($3/$6 USD) - 2016/06/15 3:54:41 ET
Table 'Hypatia' 6-max Seat #6 is the button
Seat 1: fire852181 ($253.03 in chips)
Seat 6: Ag3r0n ($141.71 in chips)
Ag3r0n: posts small blind $1
fire852181: posts big blind $3
*** HOLE CARDS ***
Ag3r0n: folds
Uncalled bet ($2) returned to fire852181
fire852181 collected $2 from pot
fire852181: doesn't show hand
*** SUMMARY ***
Total pot $2 | Rake $0
Seat 1: fire852181 (big blind) collected ($2)
Seat 6: Ag3r0n (button) (small blind) folded before Flop


PokerStars Hand #154755916164:  Hold'em Limit ($3/$6 USD) - 2016/06/15 3:55:09 ET
Table 'Hypatia' 6-max Seat #1 is the button
Seat 1: fire852181 ($249.03 in chips)
Seat 6: Ag3r0n ($145.47 in chips)
fire852181: posts small blind $1
Ag3r0n: posts big blind $3
*** HOLE CARDS ***
fire852181: raises $3 to $6
Ag3r0n: raises $3 to $9
fire852181: calls $3
*** FLOP *** [3s 9s 4c]
Ag3r0n: bets $3
fire852181: raises $3 to $6
Ag3r0n: calls $3
*** TURN *** [3s 9s 4c] [Th]
Ag3r0n: checks
fire852181: checks
*** RIVER *** [3s 9s 4c Th] [4s]
Ag3r0n: checks
fire852181: checks
*** SHOW DOWN ***
Ag3r0n: shows [5c Ac] (a pair of Fours)
fire852181: mucks hand
Ag3r0n collected $29.50 from pot
*** SUMMARY ***
Total pot $30 | Rake $0.50
Board [3s 9s 4c Th 4s]
Seat 1: fire852181 (button) (small blind) mucked
Seat 6: Ag3r0n (big blind) showed [5c Ac] and won ($29.50) with a pair of Fours


PokerStars Hand #154755914624:  Hold'em Limit ($3/$6 USD) - 2016/06/15 3:55:04 ET
Table 'Hypatia' 6-max Seat #6 is the button
Seat 1: fire852181 ($248.03 in chips)
Seat 6: Ag3r0n ($146.47 in chips)
Ag3r0n: posts small blind $1
fire852181: posts big blind $3
*** HOLE CARDS ***
Ag3r0n: folds
Uncalled bet ($2) returned to fire852181
fire852181 collected $2 from pot
fire852181: doesn't show hand
*** SUMMARY ***
Total pot $2 | Rake $0
Seat 1: fire852181 (big blind) collected ($2)
Seat 6: Ag3r0n (button) (small blind) folded before Flop


PokerStars Hand #154755909590:  Hold'em Limit ($3/$6 USD) - 2016/06/15 3:54:46 ET
Table 'Hypatia' 6-max Seat #1 is the button
Seat 1: fire852181 ($254.03 in chips)
Seat 6: Ag3r0n ($140.71 in chips)
fire852181: posts small blind $1
Ag3r0n: posts big blind $3
*** HOLE CARDS ***
fire852181: raises $3 to $6
Ag3r0n: calls $3
*** FLOP *** [Th 2d Td]
Ag3r0n: checks
fire852181: checks
*** TURN *** [Th 2d Td] [Jc]
Ag3r0n: checks
fire852181: checks
*** RIVER *** [Th 2d Td Jc] [Qc]
Ag3r0n: bets $6
fire852181: folds
Uncalled bet ($6) returned to Ag3r0n
Ag3r0n collected $11.76 from pot
*** SUMMARY ***
Total pot $12 | Rake $0.24
Board [Th 2d Td Jc Qc]
Seat 1: fire852181 (button) (small blind) folded on the River
Seat 6: Ag3r0n (big blind) collected ($11.76)


PokerStars Hand #154755937588:  Hold'em Limit ($3/$6 USD) - 2016/06/15 3:56:35 ET
Table 'Hypatia' 6-max Seat #1 is the button
Seat 1: fire852181 ($221.53 in chips)
Seat 6: Ag3r0n ($170.99 in chips)
fire852181: posts small blind $1
Ag3r0n: posts big blind $3
*** HOLE CARDS ***
fire852181: raises $3 to $6
Ag3r0n: calls $3
*** FLOP *** [Td Kd 9c]
Ag3r0n: checks
fire852181: bets $3
Ag3r0n: folds
Uncalled bet ($3) returned to fire852181
fire852181 collected $11.76 from pot
fire852181: doesn't show hand
*** SUMMARY ***
Total pot $12 | Rake $0.24
Board [Td Kd 9c]
Seat 1: fire852181 (button) (small blind) collected ($11.76)
Seat 6: Ag3r0n (big blind) folded on the Flop


PokerStars Hand #154755940242:  Hold'em Limit ($3/$6 USD) - 2016/06/15 3:56:45 ET
Table 'Hypatia' 6-max Seat #6 is the button
Seat 1: fire852181 ($227.29 in chips)
Seat 6: Ag3r0n ($164.99 in chips)
Ag3r0n: posts small blind $1
fire852181: posts big blind $3
*** HOLE CARDS ***
Ag3r0n: raises $3 to $6
fire852181: raises $3 to $9
Ag3r0n: calls $3
*** FLOP *** [9c 3d Qc]
fire852181: bets $3
Ag3r0n: folds
Uncalled bet ($3) returned to fire852181
fire852181 collected $17.64 from pot
fire852181: doesn't show hand
*** SUMMARY ***
Total pot $18 | Rake $0.36
Board [9c 3d Qc]
Seat 1: fire852181 (big blind) collected ($17.64)
Seat 6: Ag3r0n (button) (small blind) folded on the Flop


PokerStars Hand #154755933586:  Hold'em Limit ($3/$6 USD) - 2016/06/15 3:56:19 ET
Table 'Hypatia' 6-max Seat #6 is the button
Seat 1: fire852181 ($233.53 in chips)
Seat 6: Ag3r0n ($159.47 in chips)
Ag3r0n: posts small blind $1
fire852181: posts big blind $3
*** HOLE CARDS ***
Ag3r0n: raises $3 to $6
fire852181: raises $3 to $9
Ag3r0n: calls $3
*** FLOP *** [7s 2d 6c]
fire852181: bets $3
Ag3r0n: raises $3 to $6
fire852181: folds
Uncalled bet ($3) returned to Ag3r0n
Ag3r0n collected $23.52 from pot
*** SUMMARY ***
Total pot $24 | Rake $0.48
Board [7s 2d 6c]
Seat 1: fire852181 (big blind) folded on the Flop
Seat 6: Ag3r0n (button) (small blind) collected ($23.52)


PokerStars Hand #154755928795:  Hold'em Limit ($3/$6 USD) - 2016/06/15 3:56:00 ET
Table 'Hypatia' 6-max Seat #1 is the button
Seat 1: fire852181 ($207.03 in chips)
Seat 6: Ag3r0n ($186.47 in chips)
fire852181: posts small blind $1
Ag3r0n: posts big blind $3
*** HOLE CARDS ***
fire852181: raises $3 to $6
Ag3r0n: calls $3
*** FLOP *** [5s 6c Js]
Ag3r0n: bets $3
fire852181: calls $3
*** TURN *** [5s 6c Js] [7h]
Ag3r0n: bets $6
fire852181: raises $6 to $12
Ag3r0n: calls $6
*** RIVER *** [5s 6c Js 7h] [Ts]
Ag3r0n: checks
fire852181: bets $6
Ag3r0n: calls $6
*** SHOW DOWN ***
fire852181: shows [8d 4h] (a straight, Four to Eight)
Ag3r0n: mucks hand
fire852181 collected $53.50 from pot
*** SUMMARY ***
Total pot $54 | Rake $0.50
Board [5s 6c Js 7h Ts]
Seat 1: fire852181 (button) (small blind) showed [8d 4h] and won ($53.50) with a straight, Four to Eight
Seat 6: Ag3r0n (big blind) mucked


PokerStars Hand #154755921594:  Hold'em Limit ($3/$6 USD) - 2016/06/15 3:55:31 ET
Table 'Hypatia' 6-max Seat #6 is the button
Seat 1: fire852181 ($234.03 in chips)
Seat 6: Ag3r0n ($159.97 in chips)
Ag3r0n: posts small blind $1
fire852181: posts big blind $3
*** HOLE CARDS ***
Ag3r0n: raises $3 to $6
fire852181: raises $3 to $9
Ag3r0n: raises $3 to $12
Betting is capped
fire852181: calls $3
*** FLOP *** [2d 6c Kd]
fire852181: checks
Ag3r0n: bets $3
fire852181: calls $3
*** TURN *** [2d 6c Kd] [Td]
fire852181: checks
Ag3r0n: bets $6
fire852181: calls $6
*** RIVER *** [2d 6c Kd Td] [9s]
fire852181: checks
Ag3r0n: bets $6
fire852181: calls $6
*** SHOW DOWN ***
Ag3r0n: shows [Qs Js] (a straight, Nine to King)
fire852181: mucks hand
Ag3r0n collected $53.50 from pot
*** SUMMARY ***
Total pot $54 | Rake $0.50
Board [2d 6c Kd Td 9s]
Seat 1: fire852181 (big blind) mucked
Seat 6: Ag3r0n (button) (small blind) showed [Qs Js] and won ($53.50) with a straight, Nine to King


PokerStars Hand #154755956207:  Hold'em Limit ($3/$6 USD) - 2016/06/15 3:57:48 ET
Table 'Hypatia' 6-max Seat #6 is the button
Seat 1: fire852181 ($236.57 in chips)
Seat 6: Ag3r0n ($154.63 in chips)
Ag3r0n: posts small blind $1
fire852181: posts big blind $3
*** HOLE CARDS ***
Ag3r0n: raises $3 to $6
fire852181: folds
Uncalled bet ($3) returned to Ag3r0n
Ag3r0n collected $6 from pot
*** SUMMARY ***
Total pot $6 | Rake $0
Seat 1: fire852181 (big blind) folded before Flop
Seat 6: Ag3r0n (button) (small blind) collected ($6)


PokerStars Hand #154755951941:  Hold'em Limit ($3/$6 USD) - 2016/06/15 3:57:31 ET
Table 'Hypatia' 6-max Seat #1 is the button
Seat 1: fire852181 ($227.93 in chips)
Seat 6: Ag3r0n ($163.63 in chips)
fire852181: posts small blind $1
Ag3r0n: posts big blind $3
*** HOLE CARDS ***
fire852181: raises $3 to $6
Ag3r0n: calls $3
*** FLOP *** [Qs 4c Ks]
Ag3r0n: bets $3
fire852181: calls $3
*** TURN *** [Qs 4c Ks] [Ad]
Ag3r0n: checks
fire852181: bets $6
Ag3r0n: folds
Uncalled bet ($6) returned to fire852181
fire852181 collected $17.64 from pot
*** SUMMARY ***
Total pot $18 | Rake $0.36
Board [Qs 4c Ks Ad]
Seat 1: fire852181 (button) (small blind) collected ($17.64)
Seat 6: Ag3r0n (big blind) folded on the Turn


PokerStars Hand #154755945871:  Hold'em Limit ($3/$6 USD) - 2016/06/15 3:57:07 ET
Table 'Hypatia' 6-max Seat #1 is the button
Seat 1: fire852181 ($235.93 in chips)
Seat 6: Ag3r0n ($155.99 in chips)
fire852181: posts small blind $1
Ag3r0n: posts big blind $3
*** HOLE CARDS ***
fire852181: raises $3 to $6
Ag3r0n: calls $3
*** FLOP *** [6s Kc 3d]
Ag3r0n: checks
fire852181: bets $3
Ag3r0n: raises $3 to $6
fire852181: folds
Uncalled bet ($3) returned to Ag3r0n
Ag3r0n collected $17.64 from pot
*** SUMMARY ***
Total pot $18 | Rake $0.36
Board [6s Kc 3d]
Seat 1: fire852181 (button) (small blind) folded on the Flop
Seat 6: Ag3r0n (big blind) collected ($17.64)


PokerStars Hand #154755942945:  Hold'em Limit ($3/$6 USD) - 2016/06/15 3:56:56 ET
Table 'Hypatia' 6-max Seat #1 is the button
Seat 1: fire852181 ($235.93 in chips)
Seat 6: Ag3r0n ($155.99 in chips)
fire852181: posts small blind $1
Ag3r0n: posts big blind $3
*** HOLE CARDS ***
fire852181: raises $3 to $6
Ag3r0n: folds
Uncalled bet ($3) returned to fire852181
fire852181 collected $6 from pot
fire852181: doesn't show hand
*** SUMMARY ***
Total pot $6 | Rake $0
Seat 1: fire852181 (button) (small blind) collected ($6)
Seat 6: Ag3r0n (big blind) folded before Flop


PokerStars Hand #154755944377:  Hold'em Limit ($3/$6 USD) - 2016/06/15 3:57:01 ET
Table 'Hypatia' 6-max Seat #6 is the button
Seat 1: fire852181 ($238.93 in chips)
Seat 6: Ag3r0n ($152.99 in chips)
Ag3r0n: posts small blind $1
fire852181: posts big blind $3
*** HOLE CARDS ***
Ag3r0n: raises $3 to $6
fire852181: folds
Uncalled bet ($3) returned to Ag3r0n
Ag3r0n collected $6 from pot
*** SUMMARY ***
Total pot $6 | Rake $0
Seat 1: fire852181 (big blind) folded before Flop
Seat 6: Ag3r0n (button) (small blind) collected ($6)


PokerStars Hand #154755950266:  Hold'em Limit ($3/$6 USD) - 2016/06/15 3:57:25 ET
Table 'Hypatia' 6-max Seat #6 is the button
Seat 1: fire852181 ($226.93 in chips)
Seat 6: Ag3r0n ($164.63 in chips)
Ag3r0n: posts small blind $1
fire852181: posts big blind $3
*** HOLE CARDS ***
Ag3r0n: folds
Uncalled bet ($2) returned to fire852181
fire852181 collected $2 from pot
*** SUMMARY ***
Total pot $2 | Rake $0
Seat 1: fire852181 (big blind) collected ($2)
Seat 6: Ag3r0n (button) (small blind) folded before Flop


PokerStars Hand #154755957665:  Hold'em Limit ($3/$6 USD) - 2016/06/15 3:57:53 ET
Table 'Hypatia' 6-max Seat #1 is the button
Seat 1: fire852181 ($233.57 in chips)
Seat 6: Ag3r0n ($157.63 in chips)
fire852181: posts small blind $1
Ag3r0n: posts big blind $3
*** HOLE CARDS ***
fire852181: raises $3 to $6
Ag3r0n: calls $3
*** FLOP *** [4c 9c 5d]
Ag3r0n: checks
fire852181: bets $3
Ag3r0n: folds
Uncalled bet ($3) returned to fire852181
fire852181 collected $11.76 from pot
fire852181: doesn't show hand
*** SUMMARY ***
Total pot $12 | Rake $0.24
Board [4c 9c 5d]
Seat 1: fire852181 (button) (small blind) collected ($11.76)
Seat 6: Ag3r0n (big blind) folded on the Flop


PokerStars Hand #154755960251:  Hold'em Limit ($3/$6 USD) - 2016/06/15 3:58:04 ET
Table 'Hypatia' 6-max Seat #6 is the button
Seat 1: fire852181 ($239.33 in chips)
Seat 6: Ag3r0n ($151.63 in chips)
Ag3r0n: posts small blind $1
fire852181: posts big blind $3
*** HOLE CARDS ***
Ag3r0n: folds
Uncalled bet ($2) returned to fire852181
LordGilmo joins the table at seat #5
fire852181 collected $2 from pot
fire852181: doesn't show hand
*** SUMMARY ***
Total pot $2 | Rake $0
Seat 1: fire852181 (big blind) collected ($2)
Seat 6: Ag3r0n (button) (small blind) folded before Flop


PokerStars Hand #154756390132:  Hold'em Limit ($3/$6 USD) - 2016/06/15 4:22:46 ET
Table 'Hypatia' 6-max Seat #3 is the button
Seat 3: viviangle ($147.66 in chips)
Seat 6: Ag3r0n ($72 in chips)
viviangle: posts small blind $1
belik555: is sitting out
Ag3r0n: posts big blind $3
*** HOLE CARDS ***
viviangle: raises $3 to $6
Ag3r0n: raises $3 to $9
belik555 leaves the table
viviangle: calls $3
*** FLOP *** [6c 3s As]
Ag3r0n: bets $3
viviangle: folds
Uncalled bet ($3) returned to Ag3r0n
Ag3r0n collected $17.64 from pot
*** SUMMARY ***
Total pot $18 | Rake $0.36
Board [6c 3s As]
Seat 3: viviangle (button) (small blind) folded on the Flop
Seat 6: Ag3r0n (big blind) collected ($17.64)


