PokerStars Hand #159095463619:  Hold'em Limit ($3/$6 USD) - 2016/09/25 18:19:31 ET
Table 'Hypatia' 6-max Seat #1 is the button
Seat 1: hairy1961 ($50 in chips)
Seat 4: Actionni13 ($150 in chips)
hairy1961: posts small blind $1
Actionni13: posts big blind $3
*** HOLE CARDS ***
hairy1961: folds
Uncalled bet ($2) returned to Actionni13
Actionni13 collected $2 from pot
Actionni13: doesn't show hand
*** SUMMARY ***
Total pot $2 | Rake $0
Seat 1: hairy1961 (button) (small blind) folded before Flop
Seat 4: Actionni13 (big blind) collected ($2)


PokerStars Hand #159095468226:  Hold'em Limit ($3/$6 USD) - 2016/09/25 18:19:38 ET
Table 'Hypatia' 6-max Seat #4 is the button
Seat 1: hairy1961 ($49 in chips)
Seat 4: Actionni13 ($151 in chips)
Actionni13: posts small blind $1
hairy1961: posts big blind $3
*** HOLE CARDS ***
Actionni13: raises $3 to $6
hairy1961: calls $3
*** FLOP *** [7d Jd Qh]
hairy1961: checks
Actionni13: bets $3
hairy1961: calls $3
*** TURN *** [7d Jd Qh] [5s]
hairy1961: checks
Actionni13: checks
*** RIVER *** [7d Jd Qh 5s] [8d]
hairy1961: bets $6
Actionni13: folds
Uncalled bet ($6) returned to hairy1961
hairy1961 collected $17.64 from pot
*** SUMMARY ***
Total pot $18 | Rake $0.36
Board [7d Jd Qh 5s 8d]
Seat 1: hairy1961 (big blind) collected ($17.64)
Seat 4: Actionni13 (button) (small blind) folded on the River


PokerStars Hand #159095487858:  Hold'em Limit ($3/$6 USD) - 2016/09/25 18:20:04 ET
Table 'Hypatia' 6-max Seat #4 is the button
Seat 1: hairy1961 ($56.64 in chips)
Seat 4: Actionni13 ($151 in chips)
Actionni13: posts small blind $1
hairy1961: posts big blind $3
*** HOLE CARDS ***
Actionni13: folds
Uncalled bet ($2) returned to hairy1961
hairy1961 collected $2 from pot
*** SUMMARY ***
Total pot $2 | Rake $0
Seat 1: hairy1961 (big blind) collected ($2)
Seat 4: Actionni13 (button) (small blind) folded before Flop


PokerStars Hand #159095483397:  Hold'em Limit ($3/$6 USD) - 2016/09/25 18:19:58 ET
Table 'Hypatia' 6-max Seat #1 is the button
Seat 1: hairy1961 ($57.64 in chips)
Seat 4: Actionni13 ($150 in chips)
hairy1961: posts small blind $1
Actionni13: posts big blind $3
*** HOLE CARDS ***
hairy1961: folds
Uncalled bet ($2) returned to Actionni13
Actionni13 collected $2 from pot
Actionni13: doesn't show hand
*** SUMMARY ***
Total pot $2 | Rake $0
Seat 1: hairy1961 (button) (small blind) folded before Flop
Seat 4: Actionni13 (big blind) collected ($2)


PokerStars Hand #159095512781:  Hold'em Limit ($3/$6 USD) - 2016/09/25 18:20:38 ET
Table 'Hypatia' 6-max Seat #1 is the button
Seat 1: hairy1961 ($61.28 in chips)
Seat 4: Actionni13 ($150 in chips)
hairy1961: posts small blind $1
Actionni13: posts big blind $3
*** HOLE CARDS ***
hairy1961: folds
Uncalled bet ($2) returned to Actionni13
Actionni13 collected $2 from pot
Actionni13: doesn't show hand
*** SUMMARY ***
Total pot $2 | Rake $0
Seat 1: hairy1961 (button) (small blind) folded before Flop
Seat 4: Actionni13 (big blind) collected ($2)


PokerStars Hand #159095495293:  Hold'em Limit ($3/$6 USD) - 2016/09/25 18:20:14 ET
Table 'Hypatia' 6-max Seat #4 is the button
Seat 1: hairy1961 ($56.64 in chips)
Seat 4: Actionni13 ($151 in chips)
Actionni13: posts small blind $1
hairy1961: posts big blind $3
*** HOLE CARDS ***
Actionni13: raises $3 to $6
hairy1961: folds
Uncalled bet ($3) returned to Actionni13
Actionni13 collected $6 from pot
Actionni13: doesn't show hand
*** SUMMARY ***
Total pot $6 | Rake $0
Seat 1: hairy1961 (big blind) folded before Flop
Seat 4: Actionni13 (button) (small blind) collected ($6)


PokerStars Hand #159095491116:  Hold'em Limit ($3/$6 USD) - 2016/09/25 18:20:08 ET
Table 'Hypatia' 6-max Seat #1 is the button
Seat 1: hairy1961 ($57.64 in chips)
Seat 4: Actionni13 ($150 in chips)
hairy1961: posts small blind $1
Actionni13: posts big blind $3
*** HOLE CARDS ***
hairy1961: folds
Uncalled bet ($2) returned to Actionni13
Actionni13 collected $2 from pot
Actionni13: doesn't show hand
*** SUMMARY ***
Total pot $2 | Rake $0
Seat 1: hairy1961 (button) (small blind) folded before Flop
Seat 4: Actionni13 (big blind) collected ($2)


PokerStars Hand #159095499984:  Hold'em Limit ($3/$6 USD) - 2016/09/25 18:20:21 ET
Table 'Hypatia' 6-max Seat #1 is the button
Seat 1: hairy1961 ($53.64 in chips)
Seat 4: Actionni13 ($154 in chips)
hairy1961: posts small blind $1
Actionni13: posts big blind $3
*** HOLE CARDS ***
hairy1961: folds
Uncalled bet ($2) returned to Actionni13
Actionni13 collected $2 from pot
Actionni13: doesn't show hand
*** SUMMARY ***
Total pot $2 | Rake $0
Seat 1: hairy1961 (button) (small blind) folded before Flop
Seat 4: Actionni13 (big blind) collected ($2)


PokerStars Hand #159095532320:  Hold'em Limit ($3/$6 USD) - 2016/09/25 18:21:04 ET
Table 'Hypatia' 6-max Seat #1 is the button
Seat 1: hairy1961 ($68.92 in chips)
Seat 4: Actionni13 ($150 in chips)
hairy1961: posts small blind $1
Actionni13: posts big blind $3
*** HOLE CARDS ***
hairy1961: folds
Uncalled bet ($2) returned to Actionni13
Actionni13 collected $2 from pot
Actionni13: doesn't show hand
*** SUMMARY ***
Total pot $2 | Rake $0
Seat 1: hairy1961 (button) (small blind) folded before Flop
Seat 4: Actionni13 (big blind) collected ($2)


PokerStars Hand #159095516919:  Hold'em Limit ($3/$6 USD) - 2016/09/25 18:20:44 ET
Table 'Hypatia' 6-max Seat #4 is the button
Seat 1: hairy1961 ($60.28 in chips)
Seat 4: Actionni13 ($151 in chips)
Actionni13: posts small blind $1
hairy1961: posts big blind $3
*** HOLE CARDS ***
Actionni13: raises $3 to $6
hairy1961: calls $3
*** FLOP *** [7s Ah 8s]
hairy1961: checks
Actionni13: bets $3
hairy1961: calls $3
*** TURN *** [7s Ah 8s] [7d]
hairy1961: checks
Actionni13: checks
*** RIVER *** [7s Ah 8s 7d] [9c]
hairy1961: bets $6
Actionni13: folds
Uncalled bet ($6) returned to hairy1961
hairy1961 collected $17.64 from pot
*** SUMMARY ***
Total pot $18 | Rake $0.36
Board [7s Ah 8s 7d 9c]
Seat 1: hairy1961 (big blind) collected ($17.64)
Seat 4: Actionni13 (button) (small blind) folded on the River


PokerStars Hand #159095548747:  Hold'em Limit ($3/$6 USD) - 2016/09/25 18:21:26 ET
Table 'Hypatia' 6-max Seat #1 is the button
Seat 1: hairy1961 ($64.92 in chips)
Seat 4: Actionni13 ($154 in chips)
hairy1961: posts small blind $1
Actionni13: posts big blind $3
*** HOLE CARDS ***
hairy1961: raises $3 to $6
Actionni13: calls $3
*** FLOP *** [Td 5s 3d]
Actionni13: checks
hairy1961: bets $3
Actionni13: calls $3
*** TURN *** [Td 5s 3d] [2d]
Actionni13: bets $6
hairy1961: calls $6
*** RIVER *** [Td 5s 3d 2d] [4c]
Actionni13: checks
hairy1961: bets $6
Actionni13: calls $6
*** SHOW DOWN ***
hairy1961: shows [5c 6h] (a straight, Deuce to Six)
Actionni13: mucks hand
hairy1961 collected $41.50 from pot
*** SUMMARY ***
Total pot $42 | Rake $0.50
Board [Td 5s 3d 2d 4c]
Seat 1: hairy1961 (button) (small blind) showed [5c 6h] and won ($41.50) with a straight, Deuce to Six
Seat 4: Actionni13 (big blind) mucked


PokerStars Hand #159095570453:  Hold'em Limit ($3/$6 USD) - 2016/09/25 18:21:56 ET
Table 'Hypatia' 6-max Seat #1 is the button
Seat 1: hairy1961 ($82.42 in chips)
Seat 4: Actionni13 ($153 in chips)
hairy1961: posts small blind $1
Actionni13: posts big blind $3
*** HOLE CARDS ***
hairy1961: folds
Uncalled bet ($2) returned to Actionni13
Actionni13 collected $2 from pot
Actionni13: doesn't show hand
*** SUMMARY ***
Total pot $2 | Rake $0
Seat 1: hairy1961 (button) (small blind) folded before Flop
Seat 4: Actionni13 (big blind) collected ($2)


PokerStars Hand #159095566453:  Hold'em Limit ($3/$6 USD) - 2016/09/25 18:21:50 ET
Table 'Hypatia' 6-max Seat #4 is the button
Seat 1: hairy1961 ($85.42 in chips)
Seat 4: Actionni13 ($150 in chips)
Actionni13: posts small blind $1
hairy1961: posts big blind $3
*** HOLE CARDS ***
Actionni13: raises $3 to $6
hairy1961: folds
Uncalled bet ($3) returned to Actionni13
Actionni13 collected $6 from pot
Actionni13: doesn't show hand
*** SUMMARY ***
Total pot $6 | Rake $0
Seat 1: hairy1961 (big blind) folded before Flop
Seat 4: Actionni13 (button) (small blind) collected ($6)


PokerStars Hand #159095540193:  Hold'em Limit ($3/$6 USD) - 2016/09/25 18:21:15 ET
Table 'Hypatia' 6-max Seat #1 is the button
Seat 1: hairy1961 ($68.92 in chips)
Seat 4: Actionni13 ($150 in chips)
hairy1961: posts small blind $1
Actionni13: posts big blind $3
*** HOLE CARDS ***
hairy1961: folds
Uncalled bet ($2) returned to Actionni13
Actionni13 collected $2 from pot
Actionni13: doesn't show hand
*** SUMMARY ***
Total pot $2 | Rake $0
Seat 1: hairy1961 (button) (small blind) folded before Flop
Seat 4: Actionni13 (big blind) collected ($2)


PokerStars Hand #159095536565:  Hold'em Limit ($3/$6 USD) - 2016/09/25 18:21:10 ET
Table 'Hypatia' 6-max Seat #4 is the button
Seat 1: hairy1961 ($67.92 in chips)
Seat 4: Actionni13 ($151 in chips)
Actionni13: posts small blind $1
hairy1961: posts big blind $3
*** HOLE CARDS ***
Actionni13: folds
Uncalled bet ($2) returned to hairy1961
hairy1961 collected $2 from pot
*** SUMMARY ***
Total pot $2 | Rake $0
Seat 1: hairy1961 (big blind) collected ($2)
Seat 4: Actionni13 (button) (small blind) folded before Flop


PokerStars Hand #159095544533:  Hold'em Limit ($3/$6 USD) - 2016/09/25 18:21:21 ET
Table 'Hypatia' 6-max Seat #4 is the button
Seat 1: hairy1961 ($67.92 in chips)
Seat 4: Actionni13 ($151 in chips)
Actionni13: posts small blind $1
hairy1961: posts big blind $3
*** HOLE CARDS ***
Actionni13: raises $3 to $6
hairy1961: folds
Uncalled bet ($3) returned to Actionni13
Actionni13 collected $6 from pot
Actionni13: doesn't show hand
*** SUMMARY ***
Total pot $6 | Rake $0
Seat 1: hairy1961 (big blind) folded before Flop
Seat 4: Actionni13 (button) (small blind) collected ($6)


PokerStars Hand #159095574636:  Hold'em Limit ($3/$6 USD) - 2016/09/25 18:22:01 ET
Table 'Hypatia' 6-max Seat #4 is the button
Seat 1: hairy1961 ($81.42 in chips)
Seat 4: Actionni13 ($154 in chips)
Actionni13: posts small blind $1
hairy1961: posts big blind $3
*** HOLE CARDS ***
Actionni13: raises $3 to $6
hairy1961: calls $3
*** FLOP *** [Ah 2c 5c]
hairy1961: bets $3
Actionni13: calls $3
*** TURN *** [Ah 2c 5c] [8d]
hairy1961: checks
Actionni13: checks
*** RIVER *** [Ah 2c 5c 8d] [Jd]
hairy1961: bets $6
Actionni13: raises $6 to $12
hairy1961: folds
Uncalled bet ($6) returned to Actionni13
Actionni13 collected $29.50 from pot
Actionni13: doesn't show hand
*** SUMMARY ***
Total pot $30 | Rake $0.50
Board [Ah 2c 5c 8d Jd]
Seat 1: hairy1961 (big blind) folded on the River
Seat 4: Actionni13 (button) (small blind) collected ($29.50)


PokerStars Hand #159095589903:  Hold'em Limit ($3/$6 USD) - 2016/09/25 18:22:22 ET
Table 'Hypatia' 6-max Seat #1 is the button
Seat 1: hairy1961 ($66.42 in chips)
Seat 4: Actionni13 ($168.50 in chips)
hairy1961: posts small blind $1
Actionni13: posts big blind $3
*** HOLE CARDS ***
hairy1961: raises $3 to $6
Actionni13: folds
Uncalled bet ($3) returned to hairy1961
hairy1961 collected $6 from pot
*** SUMMARY ***
Total pot $6 | Rake $0
Seat 1: hairy1961 (button) (small blind) collected ($6)
Seat 4: Actionni13 (big blind) folded before Flop


PokerStars Hand #159095601311:  Hold'em Limit ($3/$6 USD) - 2016/09/25 18:22:38 ET
Table 'Hypatia' 6-max Seat #1 is the button
Seat 1: hairy1961 ($66.42 in chips)
Seat 4: Actionni13 ($168.50 in chips)
hairy1961: posts small blind $1
Actionni13: posts big blind $3
*** HOLE CARDS ***
charlys65 joins the table at seat #3
hairy1961: raises $3 to $6
Actionni13: calls $3
*** FLOP *** [Kh Jd 5c]
Actionni13: checks
hairy1961: bets $3
Actionni13: raises $3 to $6
hairy1961: raises $3 to $9
Actionni13: raises $3 to $12
Betting is capped
hairy1961: calls $3
*** TURN *** [Kh Jd 5c] [3c]
Actionni13: bets $6
hairy1961: calls $6
*** RIVER *** [Kh Jd 5c 3c] [Jc]
Actionni13: bets $6
hairy1961: calls $6
*** SHOW DOWN ***
Actionni13: shows [Ah Ad] (two pair, Aces and Jacks)
hairy1961: mucks hand
Actionni13 collected $59.50 from pot
*** SUMMARY ***
Total pot $60 | Rake $0.50
Board [Kh Jd 5c 3c Jc]
Seat 1: hairy1961 (button) (small blind) mucked
Seat 4: Actionni13 (big blind) showed [Ah Ad] and won ($59.50) with two pair, Aces and Jacks


PokerStars Hand #159095596577:  Hold'em Limit ($3/$6 USD) - 2016/09/25 18:22:31 ET
Table 'Hypatia' 6-max Seat #4 is the button
Seat 1: hairy1961 ($69.42 in chips)
Seat 4: Actionni13 ($165.50 in chips)
Actionni13: posts small blind $1
hairy1961: posts big blind $3
*** HOLE CARDS ***
Actionni13: raises $3 to $6
hairy1961: folds
Uncalled bet ($3) returned to Actionni13
Actionni13 collected $6 from pot
Actionni13: doesn't show hand
*** SUMMARY ***
Total pot $6 | Rake $0
Seat 1: hairy1961 (big blind) folded before Flop
Seat 4: Actionni13 (button) (small blind) collected ($6)


PokerStars Hand #159095621308:  Hold'em Limit ($3/$6 USD) - 2016/09/25 18:23:05 ET
Table 'Hypatia' 6-max Seat #4 is the button
Seat 1: hairy1961 ($36.42 in chips)
Seat 4: Actionni13 ($198 in chips)
Actionni13: posts small blind $1
hairy1961: posts big blind $3
*** HOLE CARDS ***
Actionni13: raises $3 to $6
hairy1961: calls $3
*** FLOP *** [4d 5c 4c]
hairy1961: checks
Actionni13: checks
*** TURN *** [4d 5c 4c] [Ah]
hairy1961: checks
Actionni13: bets $6
hairy1961: calls $6
*** RIVER *** [4d 5c 4c Ah] [8h]
hairy1961: checks
Actionni13: checks
*** SHOW DOWN ***
hairy1961: shows [5d Kd] (two pair, Fives and Fours)
Actionni13: mucks hand
hairy1961 collected $23.52 from pot
*** SUMMARY ***
Total pot $24 | Rake $0.48
Board [4d 5c 4c Ah 8h]
Seat 1: hairy1961 (big blind) showed [5d Kd] and won ($23.52) with two pair, Fives and Fours
Seat 4: Actionni13 (button) (small blind) mucked


