PokerStars Hand #157470547899:  Hold'em Limit ($3/$6 USD) - 2016/08/19 10:03:08 ET
Table 'Hyperion' 6-max Seat #3 is the button
Seat 3: fugu82 ($33.11 in chips)
Seat 5: Krazy90 ($120 in chips)
Chessnok joins the table at seat #6
Agrotait: is sitting out
fugu82: posts small blind $1
Krazy90: posts big blind $3
*** HOLE CARDS ***
Agrotait leaves the table
fugu82: folds
Uncalled bet ($2) returned to Krazy90
Krazy90 collected $2 from pot
Krazy90: doesn't show hand
*** SUMMARY ***
Total pot $2 | Rake $0
Seat 3: fugu82 (button) (small blind) folded before Flop
Seat 5: Krazy90 (big blind) collected ($2)


PokerStars Hand #157473796045:  Hold'em Limit ($3/$6 USD) - 2016/08/19 11:40:12 ET
Table 'Hyperion' 6-max Seat #4 is the button
Seat 3: fugu82 ($38.91 in chips)
Seat 4: B_loJkl ($105.35 in chips)
B_loJkl: posts small blind $1
fugu82: posts big blind $3
*** HOLE CARDS ***
B_loJkl: folds
Uncalled bet ($2) returned to fugu82
fugu82 collected $2 from pot
*** SUMMARY ***
Total pot $2 | Rake $0
Seat 3: fugu82 (big blind) collected ($2)
Seat 4: B_loJkl (button) (small blind) folded before Flop


PokerStars Hand #157473788847:  Hold'em Limit ($3/$6 USD) - 2016/08/19 11:40:00 ET
Table 'Hyperion' 6-max Seat #3 is the button
Seat 3: fugu82 ($33.15 in chips)
Seat 4: B_loJkl ($111.35 in chips)
fugu82: posts small blind $1
B_loJkl: posts big blind $3
*** HOLE CARDS ***
fugu82: raises $3 to $6
B_loJkl: calls $3
*** FLOP *** [Td 4s Qd]
B_loJkl: checks
fugu82: bets $3
B_loJkl: folds
Uncalled bet ($3) returned to fugu82
fugu82 collected $11.76 from pot
*** SUMMARY ***
Total pot $12 | Rake $0.24
Board [Td 4s Qd]
Seat 3: fugu82 (button) (small blind) collected ($11.76)
Seat 4: B_loJkl (big blind) folded on the Flop


PokerStars Hand #157473785319:  Hold'em Limit ($3/$6 USD) - 2016/08/19 11:39:53 ET
Table 'Hyperion' 6-max Seat #4 is the button
Seat 3: fugu82 ($36.15 in chips)
Seat 4: B_loJkl ($108.35 in chips)
B_loJkl: posts small blind $1
fugu82: posts big blind $3
*** HOLE CARDS ***
B_loJkl: raises $3 to $6
fugu82: folds
Uncalled bet ($3) returned to B_loJkl
B_loJkl collected $6 from pot
B_loJkl: doesn't show hand
*** SUMMARY ***
Total pot $6 | Rake $0
Seat 3: fugu82 (big blind) folded before Flop
Seat 4: B_loJkl (button) (small blind) collected ($6)


PokerStars Hand #157473782890:  Hold'em Limit ($3/$6 USD) - 2016/08/19 11:39:49 ET
Table 'Hyperion' 6-max Seat #3 is the button
Seat 3: fugu82 ($37.15 in chips)
Seat 4: B_loJkl ($107.35 in chips)
fugu82: posts small blind $1
B_loJkl: posts big blind $3
*** HOLE CARDS ***
fugu82: folds
Uncalled bet ($2) returned to B_loJkl
B_loJkl collected $2 from pot
B_loJkl: doesn't show hand
*** SUMMARY ***
Total pot $2 | Rake $0
Seat 3: fugu82 (button) (small blind) folded before Flop
Seat 4: B_loJkl (big blind) collected ($2)


PokerStars Hand #157473779725:  Hold'em Limit ($3/$6 USD) - 2016/08/19 11:39:44 ET
Table 'Hyperion' 6-max Seat #4 is the button
Seat 3: fugu82 ($36.15 in chips)
Seat 4: B_loJkl ($108.35 in chips)
B_loJkl: posts small blind $1
LWNS: is sitting out
fugu82: posts big blind $3
*** HOLE CARDS ***
B_loJkl: folds
Uncalled bet ($2) returned to fugu82
frmaroni leaves the table
fugu82 collected $2 from pot
LWNS leaves the table
*** SUMMARY ***
Total pot $2 | Rake $0
Seat 3: fugu82 (big blind) collected ($2)
Seat 4: B_loJkl (button) (small blind) folded before Flop


PokerStars Hand #157473798707:  Hold'em Limit ($3/$6 USD) - 2016/08/19 11:40:17 ET
Table 'Hyperion' 6-max Seat #3 is the button
Seat 3: fugu82 ($39.91 in chips)
Seat 4: B_loJkl ($104.35 in chips)
fugu82: posts small blind $1
B_loJkl: posts big blind $3
*** HOLE CARDS ***
fugu82: raises $3 to $6
B_loJkl: calls $3
*** FLOP *** [7c Qs 8d]
B_loJkl: checks
fugu82: bets $3
B_loJkl: calls $3
*** TURN *** [7c Qs 8d] [9c]
B_loJkl: checks
fugu82: checks
*** RIVER *** [7c Qs 8d 9c] [Qc]
B_loJkl: checks
fugu82: checks
*** SHOW DOWN ***
B_loJkl: shows [As Ks] (a pair of Queens)
parnishka11 joins the table at seat #2
fugu82: shows [Ts Ah] (a pair of Queens - lower kicker)
B_loJkl collected $17.64 from pot
*** SUMMARY ***
Total pot $18 | Rake $0.36
Board [7c Qs 8d 9c Qc]
Seat 3: fugu82 (button) (small blind) showed [Ts Ah] and lost with a pair of Queens
Seat 4: B_loJkl (big blind) showed [As Ks] and won ($17.64) with a pair of Queens


PokerStars Hand #157473868157:  Hold'em Limit ($3/$6 USD) - 2016/08/19 11:42:18 ET
Table 'Hyperion' 6-max Seat #4 is the button
Seat 3: fugu82 ($150.67 in chips)
Seat 4: B_loJkl ($34.99 in chips)
B_loJkl: posts small blind $1
fugu82: posts big blind $3
*** HOLE CARDS ***
B_loJkl: folds
Uncalled bet ($2) returned to fugu82
fugu82 collected $2 from pot
*** SUMMARY ***
Total pot $2 | Rake $0
Seat 3: fugu82 (big blind) collected ($2)
Seat 4: B_loJkl (button) (small blind) folded before Flop


PokerStars Hand #157473855959:  Hold'em Limit ($3/$6 USD) - 2016/08/19 11:41:57 ET
Table 'Hyperion' 6-max Seat #3 is the button
Seat 3: fugu82 ($144.91 in chips)
Seat 4: B_loJkl ($40.99 in chips)
fugu82: posts small blind $1
B_loJkl: posts big blind $3
*** HOLE CARDS ***
parnishka11 leaves the table
fugu82: raises $3 to $6
B_loJkl: calls $3
*** FLOP *** [8d Ac 7h]
B_loJkl: checks
fugu82: bets $3
B_loJkl: folds
Uncalled bet ($3) returned to fugu82
fugu82 collected $11.76 from pot
*** SUMMARY ***
Total pot $12 | Rake $0.24
Board [8d Ac 7h]
Seat 3: fugu82 (button) (small blind) collected ($11.76)
Seat 4: B_loJkl (big blind) folded on the Flop


PokerStars Hand #157473888214:  Hold'em Limit ($3/$6 USD) - 2016/08/19 11:42:52 ET
Table 'Hyperion' 6-max Seat #4 is the button
Seat 3: fugu82 ($173.81 in chips)
Seat 4: B_loJkl ($70.99 in chips)
B_loJkl: posts small blind $1
fugu82: posts big blind $3
*** HOLE CARDS ***
B_loJkl: raises $3 to $6
fugu82: raises $3 to $9
B_loJkl: calls $3
*** FLOP *** [6d 3h 9c]
fugu82: bets $3
B_loJkl: calls $3
*** TURN *** [6d 3h 9c] [9d]
fugu82: bets $6
B_loJkl: calls $6
*** RIVER *** [6d 3h 9c 9d] [Jh]
fugu82: bets $6
B_loJkl: calls $6
*** SHOW DOWN ***
fugu82: shows [Kd Td] (a pair of Nines)
B_loJkl: shows [As Qs] (a pair of Nines - Ace kicker)
B_loJkl collected $47.50 from pot
*** SUMMARY ***
Total pot $48 | Rake $0.50
Board [6d 3h 9c 9d Jh]
Seat 3: fugu82 (big blind) showed [Kd Td] and lost with a pair of Nines
Seat 4: B_loJkl (button) (small blind) showed [As Qs] and won ($47.50) with a pair of Nines


PokerStars Hand #157473885658:  Hold'em Limit ($3/$6 USD) - 2016/08/19 11:42:48 ET
Table 'Hyperion' 6-max Seat #3 is the button
Seat 3: fugu82 ($174.81 in chips)
Seat 4: B_loJkl ($69.99 in chips)
fugu82: posts small blind $1
B_loJkl: posts big blind $3
*** HOLE CARDS ***
fugu82: folds
Uncalled bet ($2) returned to B_loJkl
B_loJkl collected $2 from pot
B_loJkl: doesn't show hand
*** SUMMARY ***
Total pot $2 | Rake $0
Seat 3: fugu82 (button) (small blind) folded before Flop
Seat 4: B_loJkl (big blind) collected ($2)


PokerStars Hand #157473879158:  Hold'em Limit ($3/$6 USD) - 2016/08/19 11:42:36 ET
Table 'Hyperion' 6-max Seat #4 is the button
Seat 3: fugu82 ($166.17 in chips)
Seat 4: B_loJkl ($78.99 in chips)
B_loJkl: posts small blind $1
fugu82: posts big blind $3
*** HOLE CARDS ***
B_loJkl: raises $3 to $6
fugu82: raises $3 to $9
B_loJkl: calls $3
*** FLOP *** [6d 2h Kh]
fugu82: bets $3
B_loJkl: folds
Uncalled bet ($3) returned to fugu82
fugu82 collected $17.64 from pot
*** SUMMARY ***
Total pot $18 | Rake $0.36
Board [6d 2h Kh]
Seat 3: fugu82 (big blind) collected ($17.64)
Seat 4: B_loJkl (button) (small blind) folded on the Flop


PokerStars Hand #157473870833:  Hold'em Limit ($3/$6 USD) - 2016/08/19 11:42:22 ET
Table 'Hyperion' 6-max Seat #3 is the button
Seat 3: fugu82 ($151.67 in chips)
Seat 4: B_loJkl ($93.99 in chips)
fugu82: posts small blind $1
B_loJkl: posts big blind $3
*** HOLE CARDS ***
fugu82: raises $3 to $6
B_loJkl: calls $3
*** FLOP *** [5d 9d Ts]
B_loJkl: checks
fugu82: bets $3
B_loJkl: calls $3
*** TURN *** [5d 9d Ts] [5h]
B_loJkl: checks
fugu82: bets $6
B_loJkl: calls $6
*** RIVER *** [5d 9d Ts 5h] [8c]
B_loJkl: checks
fugu82: checks
*** SHOW DOWN ***
B_loJkl: shows [Ks 3s] (a pair of Fives)
fugu82: shows [9s Jc] (two pair, Nines and Fives)
fugu82 collected $29.50 from pot
*** SUMMARY ***
Total pot $30 | Rake $0.50
Board [5d 9d Ts 5h 8c]
Seat 3: fugu82 (button) (small blind) showed [9s Jc] and won ($29.50) with two pair, Nines and Fives
Seat 4: B_loJkl (big blind) showed [Ks 3s] and lost with a pair of Fives


PokerStars Hand #157473926365:  Hold'em Limit ($3/$6 USD) - 2016/08/19 11:43:58 ET
Table 'Hyperion' 6-max Seat #4 is the button
Seat 3: fugu82 ($170.07 in chips)
Seat 4: B_loJkl ($73.25 in chips)
B_loJkl: posts small blind $1
fugu82: posts big blind $3
*** HOLE CARDS ***
B_loJkl: raises $3 to $6
fugu82: calls $3
*** FLOP *** [5s Ks 8s]
fugu82: checks
B_loJkl: bets $3
fugu82: calls $3
*** TURN *** [5s Ks 8s] [Jd]
fugu82: checks
B_loJkl: bets $6
fugu82: calls $6
*** RIVER *** [5s Ks 8s Jd] [As]
fugu82: bets $6
B_loJkl: calls $6
*** SHOW DOWN ***
fugu82: shows [7c 5c] (a pair of Fives)
B_loJkl: shows [9s 4s] (a flush, Ace high)
B_loJkl collected $41.50 from pot
*** SUMMARY ***
Total pot $42 | Rake $0.50
Board [5s Ks 8s Jd As]
Seat 3: fugu82 (big blind) showed [7c 5c] and lost with a pair of Fives
Seat 4: B_loJkl (button) (small blind) showed [9s 4s] and won ($41.50) with a flush, Ace high


PokerStars Hand #157473920613:  Hold'em Limit ($3/$6 USD) - 2016/08/19 11:43:48 ET
Table 'Hyperion' 6-max Seat #3 is the button
Seat 3: fugu82 ($164.31 in chips)
Seat 4: B_loJkl ($79.25 in chips)
fugu82: posts small blind $1
B_loJkl: posts big blind $3
*** HOLE CARDS ***
fugu82: raises $3 to $6
B_loJkl: calls $3
*** FLOP *** [Th 2c 8h]
B_loJkl: checks
fugu82: bets $3
B_loJkl: folds
Uncalled bet ($3) returned to fugu82
fugu82 collected $11.76 from pot
*** SUMMARY ***
Total pot $12 | Rake $0.24
Board [Th 2c 8h]
Seat 3: fugu82 (button) (small blind) collected ($11.76)
Seat 4: B_loJkl (big blind) folded on the Flop


PokerStars Hand #157473914947:  Hold'em Limit ($3/$6 USD) - 2016/08/19 11:43:38 ET
Table 'Hyperion' 6-max Seat #4 is the button
Seat 3: fugu82 ($170.31 in chips)
Seat 4: B_loJkl ($73.49 in chips)
B_loJkl: posts small blind $1
fugu82: posts big blind $3
*** HOLE CARDS ***
B_loJkl: raises $3 to $6
fugu82: calls $3
*** FLOP *** [Ks Ad 5c]
fugu82: checks
B_loJkl: bets $3
fugu82: folds
Uncalled bet ($3) returned to B_loJkl
B_loJkl collected $11.76 from pot
B_loJkl: doesn't show hand
*** SUMMARY ***
Total pot $12 | Rake $0.24
Board [Ks Ad 5c]
Seat 3: fugu82 (big blind) folded on the Flop
Seat 4: B_loJkl (button) (small blind) collected ($11.76)


PokerStars Hand #157473898612:  Hold'em Limit ($3/$6 USD) - 2016/08/19 11:43:10 ET
Table 'Hyperion' 6-max Seat #3 is the button
Seat 3: fugu82 ($149.81 in chips)
Seat 4: B_loJkl ($94.49 in chips)
fugu82: posts small blind $1
B_loJkl: posts big blind $3
*** HOLE CARDS ***
fugu82: raises $3 to $6
B_loJkl: calls $3
*** FLOP *** [Qc Td 9h]
B_loJkl: checks
fugu82: bets $3
B_loJkl: calls $3
*** TURN *** [Qc Td 9h] [9d]
B_loJkl: checks
fugu82: bets $6
B_loJkl: calls $6
*** RIVER *** [Qc Td 9h 9d] [Kd]
B_loJkl: checks
fugu82: bets $6
B_loJkl: calls $6
*** SHOW DOWN ***
fugu82: shows [9c Ah] (three of a kind, Nines)
B_loJkl: mucks hand
fugu82 collected $41.50 from pot
*** SUMMARY ***
Total pot $42 | Rake $0.50
Board [Qc Td 9h 9d Kd]
Seat 3: fugu82 (button) (small blind) showed [9c Ah] and won ($41.50) with three of a kind, Nines
Seat 4: B_loJkl (big blind) mucked


PokerStars Hand #157473935883:  Hold'em Limit ($3/$6 USD) - 2016/08/19 11:44:15 ET
Table 'Hyperion' 6-max Seat #3 is the button
Seat 3: fugu82 ($149.07 in chips)
Seat 4: B_loJkl ($93.75 in chips)
fugu82: posts small blind $1
B_loJkl: posts big blind $3
*** HOLE CARDS ***
fugu82: folds
Uncalled bet ($2) returned to B_loJkl
B_loJkl collected $2 from pot
B_loJkl: doesn't show hand
*** SUMMARY ***
Total pot $2 | Rake $0
Seat 3: fugu82 (button) (small blind) folded before Flop
Seat 4: B_loJkl (big blind) collected ($2)


PokerStars Hand #157473967627:  Hold'em Limit ($3/$6 USD) - 2016/08/19 11:45:10 ET
Table 'Hyperion' 6-max Seat #3 is the button
Seat 3: fugu82 ($129.83 in chips)
Seat 4: B_loJkl ($112.01 in chips)
fugu82: posts small blind $1
B_loJkl: posts big blind $3
*** HOLE CARDS ***
fugu82: folds
Uncalled bet ($2) returned to B_loJkl
B_loJkl collected $2 from pot
B_loJkl: doesn't show hand
*** SUMMARY ***
Total pot $2 | Rake $0
Seat 3: fugu82 (button) (small blind) folded before Flop
Seat 4: B_loJkl (big blind) collected ($2)


PokerStars Hand #157473964853:  Hold'em Limit ($3/$6 USD) - 2016/08/19 11:45:05 ET
Table 'Hyperion' 6-max Seat #4 is the button
Seat 3: fugu82 ($132.83 in chips)
Seat 4: B_loJkl ($109.01 in chips)
B_loJkl: posts small blind $1
fugu82: posts big blind $3
*** HOLE CARDS ***
B_loJkl: raises $3 to $6
fugu82: folds
Uncalled bet ($3) returned to B_loJkl
B_loJkl collected $6 from pot
B_loJkl: doesn't show hand
*** SUMMARY ***
Total pot $6 | Rake $0
Seat 3: fugu82 (big blind) folded before Flop
Seat 4: B_loJkl (button) (small blind) collected ($6)


PokerStars Hand #157473957978:  Hold'em Limit ($3/$6 USD) - 2016/08/19 11:44:53 ET
Table 'Hyperion' 6-max Seat #3 is the button
Seat 3: fugu82 ($127.07 in chips)
Seat 4: B_loJkl ($115.01 in chips)
fugu82: posts small blind $1
B_loJkl: posts big blind $3
*** HOLE CARDS ***
fugu82: raises $3 to $6
B_loJkl: calls $3
*** FLOP *** [2s Td Ks]
B_loJkl: checks
fugu82: bets $3
B_loJkl: folds
Uncalled bet ($3) returned to fugu82
fugu82 collected $11.76 from pot
*** SUMMARY ***
Total pot $12 | Rake $0.24
Board [2s Td Ks]
Seat 3: fugu82 (button) (small blind) collected ($11.76)
Seat 4: B_loJkl (big blind) folded on the Flop


PokerStars Hand #157473947039:  Hold'em Limit ($3/$6 USD) - 2016/08/19 11:44:34 ET
Table 'Hyperion' 6-max Seat #4 is the button
Seat 3: fugu82 ($145.07 in chips)
Seat 4: B_loJkl ($97.51 in chips)
B_loJkl: posts small blind $1
fugu82: posts big blind $3
*** HOLE CARDS ***
B_loJkl: raises $3 to $6
fugu82: raises $3 to $9
B_loJkl: calls $3
*** FLOP *** [8c Th 4c]
fugu82: bets $3
B_loJkl: calls $3
*** TURN *** [8c Th 4c] [9d]
fugu82: bets $6
B_loJkl: calls $6
*** RIVER *** [8c Th 4c 9d] [9s]
fugu82: checks
B_loJkl: checks
*** SHOW DOWN ***
fugu82: shows [As 5h] (a pair of Nines)
B_loJkl: shows [2d 4d] (two pair, Nines and Fours)
B_loJkl collected $35.50 from pot
*** SUMMARY ***
Total pot $36 | Rake $0.50
Board [8c Th 4c 9d 9s]
Seat 3: fugu82 (big blind) showed [As 5h] and lost with a pair of Nines
Seat 4: B_loJkl (button) (small blind) showed [2d 4d] and won ($35.50) with two pair, Nines and Fours


PokerStars Hand #157473943164:  Hold'em Limit ($3/$6 USD) - 2016/08/19 11:44:27 ET
Table 'Hyperion' 6-max Seat #3 is the button
Seat 3: fugu82 ($142.07 in chips)
Seat 4: B_loJkl ($100.51 in chips)
fugu82: posts small blind $1
B_loJkl: posts big blind $3
*** HOLE CARDS ***
fugu82: raises $3 to $6
B_loJkl: folds
Uncalled bet ($3) returned to fugu82
fugu82 collected $6 from pot
*** SUMMARY ***
Total pot $6 | Rake $0
Seat 3: fugu82 (button) (small blind) collected ($6)
Seat 4: B_loJkl (big blind) folded before Flop


PokerStars Hand #157473938341:  Hold'em Limit ($3/$6 USD) - 2016/08/19 11:44:19 ET
Table 'Hyperion' 6-max Seat #4 is the button
Seat 3: fugu82 ($148.07 in chips)
Seat 4: B_loJkl ($94.75 in chips)
B_loJkl: posts small blind $1
fugu82: posts big blind $3
*** HOLE CARDS ***
B_loJkl: raises $3 to $6
fugu82: calls $3
*** FLOP *** [8d Ts 8c]
fugu82: checks
B_loJkl: bets $3
fugu82: folds
Uncalled bet ($3) returned to B_loJkl
B_loJkl collected $11.76 from pot
B_loJkl: doesn't show hand
*** SUMMARY ***
Total pot $12 | Rake $0.24
Board [8d Ts 8c]
Seat 3: fugu82 (big blind) folded on the Flop
Seat 4: B_loJkl (button) (small blind) collected ($11.76)


PokerStars Hand #157473977052:  Hold'em Limit ($3/$6 USD) - 2016/08/19 11:45:26 ET
Table 'Hyperion' 6-max Seat #3 is the button
Seat 3: fugu82 ($122.83 in chips)
Seat 4: B_loJkl ($118.77 in chips)
fugu82: posts small blind $1
B_loJkl: posts big blind $3
*** HOLE CARDS ***
fugu82: folds
Uncalled bet ($2) returned to B_loJkl
B_loJkl collected $2 from pot
B_loJkl: doesn't show hand
*** SUMMARY ***
Total pot $2 | Rake $0
Seat 3: fugu82 (button) (small blind) folded before Flop
Seat 4: B_loJkl (big blind) collected ($2)


PokerStars Hand #157473970048:  Hold'em Limit ($3/$6 USD) - 2016/08/19 11:45:14 ET
Table 'Hyperion' 6-max Seat #4 is the button
Seat 3: fugu82 ($128.83 in chips)
Seat 4: B_loJkl ($113.01 in chips)
B_loJkl: posts small blind $1
fugu82: posts big blind $3
*** HOLE CARDS ***
Mite1981 joins the table at seat #1
B_loJkl: raises $3 to $6
fugu82: calls $3
*** FLOP *** [Qd Qs 5h]
fugu82: checks
B_loJkl: checks
*** TURN *** [Qd Qs 5h] [Ts]
fugu82: checks
B_loJkl: bets $6
fugu82: folds
Uncalled bet ($6) returned to B_loJkl
B_loJkl collected $11.76 from pot
B_loJkl: doesn't show hand
*** SUMMARY ***
Total pot $12 | Rake $0.24
Board [Qd Qs 5h Ts]
Seat 3: fugu82 (big blind) folded on the Turn
Seat 4: B_loJkl (button) (small blind) collected ($11.76)


PokerStars Hand #157474445656:  Hold'em Limit ($3/$6 USD) - 2016/08/19 11:59:26 ET
Table 'Hyperion' 6-max Seat #4 is the button
Seat 3: fugu82 ($317.47 in chips)
Seat 4: B_loJkl ($108.06 in chips)
B_loJkl: posts small blind $1
fugu82: posts big blind $3
*** HOLE CARDS ***
B_loJkl: raises $3 to $6
fugu82: calls $3
*** FLOP *** [Kd 8h Kh]
fugu82: bets $3
B_loJkl: calls $3
*** TURN *** [Kd 8h Kh] [4c]
fugu82: bets $6
B_loJkl: calls $6
*** RIVER *** [Kd 8h Kh 4c] [9s]
fugu82: bets $6
B_loJkl: raises $6 to $12
fugu82: raises $6 to $18
B_loJkl: calls $6
*** SHOW DOWN ***
fugu82: shows [Kc 2h] (three of a kind, Kings)
B_loJkl: mucks hand
fugu82 collected $65.50 from pot
*** SUMMARY ***
Total pot $66 | Rake $0.50
Board [Kd 8h Kh 4c 9s]
Seat 3: fugu82 (big blind) showed [Kc 2h] and won ($65.50) with three of a kind, Kings
Seat 4: B_loJkl (button) (small blind) mucked


PokerStars Hand #157474461489:  Hold'em Limit ($3/$6 USD) - 2016/08/19 11:59:57 ET
Table 'Hyperion' 6-max Seat #3 is the button
Seat 3: fugu82 ($349.97 in chips)
Seat 4: B_loJkl ($75.06 in chips)
fugu82: posts small blind $1
B_loJkl: posts big blind $3
*** HOLE CARDS ***
fugu82: raises $3 to $6
B_loJkl: folds
Uncalled bet ($3) returned to fugu82
fugu82 collected $6 from pot
*** SUMMARY ***
Total pot $6 | Rake $0
Seat 3: fugu82 (button) (small blind) collected ($6)
Seat 4: B_loJkl (big blind) folded before Flop


PokerStars Hand #157474466397:  Hold'em Limit ($3/$6 USD) - 2016/08/19 12:00:06 ET
Table 'Hyperion' 6-max Seat #4 is the button
Seat 3: fugu82 ($352.97 in chips)
Seat 4: B_loJkl ($72.06 in chips)
B_loJkl: posts small blind $1
fugu82: posts big blind $3
*** HOLE CARDS ***
B_loJkl: raises $3 to $6
fugu82: calls $3
*** FLOP *** [7h 2d 6d]
fugu82: checks
B_loJkl: bets $3
fugu82: raises $3 to $6
B_loJkl: calls $3
*** TURN *** [7h 2d 6d] [Qc]
fugu82: bets $6
B_loJkl: raises $6 to $12
fugu82: calls $6
*** RIVER *** [7h 2d 6d Qc] [3c]
fugu82: checks
B_loJkl: checks
*** SHOW DOWN ***
fugu82: shows [9d 8s] (high card Queen)
B_loJkl: shows [4c 4s] (a pair of Fours)
B_loJkl collected $47.50 from pot
*** SUMMARY ***
Total pot $48 | Rake $0.50
Board [7h 2d 6d Qc 3c]
Seat 3: fugu82 (big blind) showed [9d 8s] and lost with high card Queen
Seat 4: B_loJkl (button) (small blind) showed [4c 4s] and won ($47.50) with a pair of Fours


PokerStars Hand #157474518404:  Hold'em Limit ($3/$6 USD) - 2016/08/19 12:01:40 ET
Table 'Hyperion' 6-max Seat #4 is the button
Seat 3: fugu82 ($343.47 in chips)
Seat 4: B_loJkl ($80.56 in chips)
B_loJkl: posts small blind $1
fugu82: posts big blind $3
*** HOLE CARDS ***
B_loJkl: folds
Uncalled bet ($2) returned to fugu82
fugu82 collected $2 from pot
*** SUMMARY ***
Total pot $2 | Rake $0
Seat 3: fugu82 (big blind) collected ($2)
Seat 4: B_loJkl (button) (small blind) folded before Flop


PokerStars Hand #157474479839:  Hold'em Limit ($3/$6 USD) - 2016/08/19 12:00:31 ET
Table 'Hyperion' 6-max Seat #3 is the button
Seat 3: fugu82 ($328.97 in chips)
Seat 4: B_loJkl ($95.56 in chips)
fugu82: posts small blind $1
B_loJkl: posts big blind $3
*** HOLE CARDS ***
fugu82: raises $3 to $6
B_loJkl: calls $3
*** FLOP *** [Qs 5h Ah]
B_loJkl: checks
fugu82: bets $3
B_loJkl: calls $3
*** TURN *** [Qs 5h Ah] [8c]
B_loJkl: checks
fugu82: bets $6
B_loJkl: calls $6
*** RIVER *** [Qs 5h Ah 8c] [Jc]
B_loJkl: checks
fugu82: bets $6
B_loJkl: folds
Uncalled bet ($6) returned to fugu82
fugu82 collected $29.50 from pot
*** SUMMARY ***
Total pot $30 | Rake $0.50
Board [Qs 5h Ah 8c Jc]
Seat 3: fugu82 (button) (small blind) collected ($29.50)
Seat 4: B_loJkl (big blind) folded on the River


PokerStars Hand #157474522907:  Hold'em Limit ($3/$6 USD) - 2016/08/19 12:01:48 ET
Table 'Hyperion' 6-max Seat #3 is the button
Seat 3: fugu82 ($344.47 in chips)
Seat 4: B_loJkl ($79.56 in chips)
fugu82: posts small blind $1
B_loJkl: posts big blind $3
*** HOLE CARDS ***
fugu82: folds
Uncalled bet ($2) returned to B_loJkl
B_loJkl collected $2 from pot
B_loJkl: doesn't show hand
*** SUMMARY ***
Total pot $2 | Rake $0
Seat 3: fugu82 (button) (small blind) folded before Flop
Seat 4: B_loJkl (big blind) collected ($2)


PokerStars Hand #157475384285:  Hold'em Limit ($3/$6 USD) - 2016/08/19 12:25:33 ET
Table 'Hyperion' 6-max Seat #3 is the button
Seat 3: fugu82 ($354.74 in chips)
Seat 4: B_loJkl ($172.61 in chips)
fugu82: posts small blind $1
B_loJkl: posts big blind $3
*** HOLE CARDS ***
fugu82: raises $3 to $6
B_loJkl: calls $3
*** FLOP *** [6c 2c 2s]
B_loJkl: checks
fugu82: bets $3
B_loJkl: raises $3 to $6
fugu82: folds
Uncalled bet ($3) returned to B_loJkl
B_loJkl collected $17.64 from pot
B_loJkl: doesn't show hand
*** SUMMARY ***
Total pot $18 | Rake $0.36
Board [6c 2c 2s]
Seat 3: fugu82 (button) (small blind) folded on the Flop
Seat 4: B_loJkl (big blind) collected ($17.64)


PokerStars Hand #157475392230:  Hold'em Limit ($3/$6 USD) - 2016/08/19 12:25:46 ET
Table 'Hyperion' 6-max Seat #3 is the button
Seat 3: fugu82 ($342.74 in chips)
Seat 4: B_loJkl ($184.25 in chips)
fugu82: posts small blind $1
B_loJkl: posts big blind $3
*** HOLE CARDS ***
fugu82: folds
Uncalled bet ($2) returned to B_loJkl
B_loJkl collected $2 from pot
B_loJkl: doesn't show hand
*** SUMMARY ***
Total pot $2 | Rake $0
Seat 3: fugu82 (button) (small blind) folded before Flop
Seat 4: B_loJkl (big blind) collected ($2)


PokerStars Hand #157475389293:  Hold'em Limit ($3/$6 USD) - 2016/08/19 12:25:41 ET
Table 'Hyperion' 6-max Seat #4 is the button
Seat 3: fugu82 ($345.74 in chips)
Seat 4: B_loJkl ($181.25 in chips)
B_loJkl: posts small blind $1
fugu82: posts big blind $3
*** HOLE CARDS ***
B_loJkl: raises $3 to $6
fugu82: folds
Uncalled bet ($3) returned to B_loJkl
B_loJkl collected $6 from pot
B_loJkl: doesn't show hand
*** SUMMARY ***
Total pot $6 | Rake $0
Seat 3: fugu82 (big blind) folded before Flop
Seat 4: B_loJkl (button) (small blind) collected ($6)


PokerStars Hand #157475394751:  Hold'em Limit ($3/$6 USD) - 2016/08/19 12:25:50 ET
Table 'Hyperion' 6-max Seat #4 is the button
Seat 3: fugu82 ($341.74 in chips)
Seat 4: B_loJkl ($185.25 in chips)
B_loJkl: posts small blind $1
fugu82: posts big blind $3
*** HOLE CARDS ***
B_loJkl: raises $3 to $6
fugu82: folds
Uncalled bet ($3) returned to B_loJkl
B_loJkl collected $6 from pot
B_loJkl: doesn't show hand
*** SUMMARY ***
Total pot $6 | Rake $0
Seat 3: fugu82 (big blind) folded before Flop
Seat 4: B_loJkl (button) (small blind) collected ($6)


PokerStars Hand #157475397760:  Hold'em Limit ($3/$6 USD) - 2016/08/19 12:25:55 ET
Table 'Hyperion' 6-max Seat #3 is the button
Seat 3: fugu82 ($338.74 in chips)
Seat 4: B_loJkl ($188.25 in chips)
fugu82: posts small blind $1
B_loJkl: posts big blind $3
*** HOLE CARDS ***
fugu82: raises $3 to $6
B_loJkl: calls $3
*** FLOP *** [4d Kh 7h]
B_loJkl: checks
fugu82: bets $3
B_loJkl: calls $3
*** TURN *** [4d Kh 7h] [Ah]
B_loJkl: checks
fugu82: bets $6
B_loJkl: calls $6
*** RIVER *** [4d Kh 7h Ah] [2d]
B_loJkl: checks
fugu82: bets $6
B_loJkl: raises $6 to $12
fugu82: folds
Uncalled bet ($6) returned to B_loJkl
B_loJkl collected $41.50 from pot
B_loJkl: doesn't show hand
*** SUMMARY ***
Total pot $42 | Rake $0.50
Board [4d Kh 7h Ah 2d]
Seat 3: fugu82 (button) (small blind) folded on the River
Seat 4: B_loJkl (big blind) collected ($41.50)


PokerStars Hand #157475412389:  Hold'em Limit ($3/$6 USD) - 2016/08/19 12:26:20 ET
Table 'Hyperion' 6-max Seat #4 is the button
Seat 3: fugu82 ($317.74 in chips)
Seat 4: B_loJkl ($208.75 in chips)
B_loJkl: posts small blind $1
fugu82: posts big blind $3
*** HOLE CARDS ***
B_loJkl: raises $3 to $6
fugu82: calls $3
*** FLOP *** [Qs 3c 7h]
fugu82: checks
B_loJkl: bets $3
fugu82: calls $3
*** TURN *** [Qs 3c 7h] [9d]
fugu82: checks
B_loJkl: bets $6
fugu82: raises $6 to $12
B_loJkl: calls $6
*** RIVER *** [Qs 3c 7h 9d] [6h]
fugu82: bets $6
B_loJkl: calls $6
*** SHOW DOWN ***
fugu82: shows [Js Tc] (high card Queen)
B_loJkl: shows [8c Qc] (a pair of Queens)
B_loJkl collected $53.50 from pot
*** SUMMARY ***
Total pot $54 | Rake $0.50
Board [Qs 3c 7h 9d 6h]
Seat 3: fugu82 (big blind) showed [Js Tc] and lost with high card Queen
Seat 4: B_loJkl (button) (small blind) showed [8c Qc] and won ($53.50) with a pair of Queens


PokerStars Hand #157475423255:  Hold'em Limit ($3/$6 USD) - 2016/08/19 12:26:38 ET
Table 'Hyperion' 6-max Seat #3 is the button
Seat 3: fugu82 ($290.74 in chips)
Seat 4: B_loJkl ($235.25 in chips)
fugu82: posts small blind $1
B_loJkl: posts big blind $3
*** HOLE CARDS ***
fugu82: raises $3 to $6
B_loJkl: calls $3
*** FLOP *** [Qd 4c Ah]
B_loJkl: checks
fugu82: bets $3
B_loJkl: calls $3
*** TURN *** [Qd 4c Ah] [9h]
B_loJkl: checks
fugu82: checks
*** RIVER *** [Qd 4c Ah 9h] [6h]
B_loJkl: checks
fugu82: checks
*** SHOW DOWN ***
B_loJkl: shows [4s Kc] (a pair of Fours)
fugu82: mucks hand
B_loJkl collected $17.64 from pot
*** SUMMARY ***
Total pot $18 | Rake $0.36
Board [Qd 4c Ah 9h 6h]
Seat 3: fugu82 (button) (small blind) mucked
Seat 4: B_loJkl (big blind) showed [4s Kc] and won ($17.64) with a pair of Fours


PokerStars Hand #157475435013:  Hold'em Limit ($3/$6 USD) - 2016/08/19 12:26:58 ET
Table 'Hyperion' 6-max Seat #3 is the button
Seat 3: fugu82 ($282.74 in chips)
Seat 4: B_loJkl ($242.89 in chips)
fugu82: posts small blind $1
B_loJkl: posts big blind $3
*** HOLE CARDS ***
fugu82: folds
Uncalled bet ($2) returned to B_loJkl
B_loJkl collected $2 from pot
B_loJkl: doesn't show hand
*** SUMMARY ***
Total pot $2 | Rake $0
Seat 3: fugu82 (button) (small blind) folded before Flop
Seat 4: B_loJkl (big blind) collected ($2)


PokerStars Hand #157475432067:  Hold'em Limit ($3/$6 USD) - 2016/08/19 12:26:53 ET
Table 'Hyperion' 6-max Seat #4 is the button
Seat 3: fugu82 ($281.74 in chips)
Seat 4: B_loJkl ($243.89 in chips)
B_loJkl: posts small blind $1
fugu82: posts big blind $3
*** HOLE CARDS ***
B_loJkl: folds
Uncalled bet ($2) returned to fugu82
fugu82 collected $2 from pot
*** SUMMARY ***
Total pot $2 | Rake $0
Seat 3: fugu82 (big blind) collected ($2)
Seat 4: B_loJkl (button) (small blind) folded before Flop


PokerStars Hand #157475437489:  Hold'em Limit ($3/$6 USD) - 2016/08/19 12:27:02 ET
Table 'Hyperion' 6-max Seat #4 is the button
Seat 3: fugu82 ($281.74 in chips)
Seat 4: B_loJkl ($243.89 in chips)
B_loJkl: posts small blind $1
fugu82: posts big blind $3
*** HOLE CARDS ***
B_loJkl: raises $3 to $6
fugu82: calls $3
*** FLOP *** [7d 3s Ad]
fugu82: checks
B_loJkl: bets $3
fugu82: calls $3
*** TURN *** [7d 3s Ad] [6h]
fugu82: checks
B_loJkl: bets $6
fugu82: folds
Uncalled bet ($6) returned to B_loJkl
B_loJkl collected $17.64 from pot
B_loJkl: doesn't show hand
*** SUMMARY ***
Total pot $18 | Rake $0.36
Board [7d 3s Ad 6h]
Seat 3: fugu82 (big blind) folded on the Turn
Seat 4: B_loJkl (button) (small blind) collected ($17.64)


PokerStars Hand #157475444779:  Hold'em Limit ($3/$6 USD) - 2016/08/19 12:27:14 ET
Table 'Hyperion' 6-max Seat #3 is the button
Seat 3: fugu82 ($272.74 in chips)
Seat 4: B_loJkl ($252.53 in chips)
fugu82: posts small blind $1
B_loJkl: posts big blind $3
*** HOLE CARDS ***
fugu82: raises $3 to $6
B_loJkl: calls $3
*** FLOP *** [Td Qd Ac]
B_loJkl: checks
fugu82: bets $3
B_loJkl: calls $3
*** TURN *** [Td Qd Ac] [6d]
B_loJkl: checks
fugu82: bets $6
B_loJkl: calls $6
*** RIVER *** [Td Qd Ac 6d] [6s]
B_loJkl: checks
fugu82: bets $6
B_loJkl: calls $6
*** SHOW DOWN ***
fugu82: shows [3c 5s] (a pair of Sixes)
B_loJkl: shows [Kh 8c] (a pair of Sixes - Ace+King kicker)
B_loJkl collected $41.50 from pot
*** SUMMARY ***
Total pot $42 | Rake $0.50
Board [Td Qd Ac 6d 6s]
Seat 3: fugu82 (button) (small blind) showed [3c 5s] and lost with a pair of Sixes
Seat 4: B_loJkl (big blind) showed [Kh 8c] and won ($41.50) with a pair of Sixes


PokerStars Hand #157475462838:  Hold'em Limit ($3/$6 USD) - 2016/08/19 12:27:45 ET
Table 'Hyperion' 6-max Seat #3 is the button
Seat 3: fugu82 ($227.74 in chips)
Seat 4: B_loJkl ($296.53 in chips)
fugu82: posts small blind $1
B_loJkl: posts big blind $3
*** HOLE CARDS ***
fugu82: raises $3 to $6
B_loJkl: folds
Uncalled bet ($3) returned to fugu82
fugu82 collected $6 from pot
*** SUMMARY ***
Total pot $6 | Rake $0
Seat 3: fugu82 (button) (small blind) collected ($6)
Seat 4: B_loJkl (big blind) folded before Flop


PokerStars Hand #157475454217:  Hold'em Limit ($3/$6 USD) - 2016/08/19 12:27:30 ET
Table 'Hyperion' 6-max Seat #4 is the button
Seat 3: fugu82 ($251.74 in chips)
Seat 4: B_loJkl ($273.03 in chips)
B_loJkl: posts small blind $1
fugu82: posts big blind $3
*** HOLE CARDS ***
B_loJkl: raises $3 to $6
fugu82: raises $3 to $9
B_loJkl: calls $3
*** FLOP *** [Qc 5h Td]
fugu82: bets $3
B_loJkl: calls $3
*** TURN *** [Qc 5h Td] [5s]
fugu82: bets $6
B_loJkl: calls $6
*** RIVER *** [Qc 5h Td 5s] [4s]
fugu82: bets $6
B_loJkl: calls $6
*** SHOW DOWN ***
fugu82: shows [Ah 4h] (two pair, Fives and Fours)
B_loJkl: shows [6h 6s] (two pair, Sixes and Fives)
B_loJkl collected $47.50 from pot
*** SUMMARY ***
Total pot $48 | Rake $0.50
Board [Qc 5h Td 5s 4s]
Seat 3: fugu82 (big blind) showed [Ah 4h] and lost with two pair, Fives and Fours
Seat 4: B_loJkl (button) (small blind) showed [6h 6s] and won ($47.50) with two pair, Sixes and Fives


PokerStars Hand #157475466264:  Hold'em Limit ($3/$6 USD) - 2016/08/19 12:27:50 ET
Table 'Hyperion' 6-max Seat #4 is the button
Seat 3: fugu82 ($230.74 in chips)
Seat 4: B_loJkl ($293.53 in chips)
B_loJkl: posts small blind $1
fugu82: posts big blind $3
*** HOLE CARDS ***
B_loJkl: raises $3 to $6
fugu82: calls $3
*** FLOP *** [4h 7d Ks]
fugu82: checks
B_loJkl: bets $3
fugu82: folds
Uncalled bet ($3) returned to B_loJkl
B_loJkl collected $11.76 from pot
*** SUMMARY ***
Total pot $12 | Rake $0.24
Board [4h 7d Ks]
Seat 3: fugu82 (big blind) folded on the Flop
Seat 4: B_loJkl (button) (small blind) collected ($11.76)


PokerStars Hand #157475474135:  Hold'em Limit ($3/$6 USD) - 2016/08/19 12:28:03 ET
Table 'Hyperion' 6-max Seat #3 is the button
Seat 3: fugu82 ($224.74 in chips)
Seat 4: B_loJkl ($299.29 in chips)
fugu82: posts small blind $1
B_loJkl: posts big blind $3
*** HOLE CARDS ***
fugu82: raises $3 to $6
B_loJkl: calls $3
*** FLOP *** [9s 2h Qc]
B_loJkl: checks
fugu82: bets $3
B_loJkl: folds
Uncalled bet ($3) returned to fugu82
fugu82 collected $11.76 from pot
*** SUMMARY ***
Total pot $12 | Rake $0.24
Board [9s 2h Qc]
Seat 3: fugu82 (button) (small blind) collected ($11.76)
Seat 4: B_loJkl (big blind) folded on the Flop


PokerStars Hand #157475482098:  Hold'em Limit ($3/$6 USD) - 2016/08/19 12:28:17 ET
Table 'Hyperion' 6-max Seat #4 is the button
Seat 3: fugu82 ($230.50 in chips)
Seat 4: B_loJkl ($293.29 in chips)
B_loJkl: posts small blind $1
fugu82: posts big blind $3
*** HOLE CARDS ***
B_loJkl: raises $3 to $6
fugu82: calls $3
*** FLOP *** [3h 6c Td]
fugu82: checks
B_loJkl: checks
*** TURN *** [3h 6c Td] [Th]
fugu82: checks
B_loJkl: bets $6
fugu82: folds
Uncalled bet ($6) returned to B_loJkl
B_loJkl collected $11.76 from pot
B_loJkl: doesn't show hand
*** SUMMARY ***
Total pot $12 | Rake $0.24
Board [3h 6c Td Th]
Seat 3: fugu82 (big blind) folded on the Turn
Seat 4: B_loJkl (button) (small blind) collected ($11.76)


PokerStars Hand #157475488991:  Hold'em Limit ($3/$6 USD) - 2016/08/19 12:28:28 ET
Table 'Hyperion' 6-max Seat #3 is the button
Seat 3: fugu82 ($224.50 in chips)
Seat 4: B_loJkl ($299.05 in chips)
fugu82: posts small blind $1
B_loJkl: posts big blind $3
*** HOLE CARDS ***
fugu82: raises $3 to $6
B_loJkl: calls $3
*** FLOP *** [2d 3c Kc]
B_loJkl: checks
fugu82: bets $3
B_loJkl: calls $3
*** TURN *** [2d 3c Kc] [Ts]
B_loJkl: checks
fugu82: bets $6
B_loJkl: folds
Uncalled bet ($6) returned to fugu82
fugu82 collected $17.64 from pot
*** SUMMARY ***
Total pot $18 | Rake $0.36
Board [2d 3c Kc Ts]
Seat 3: fugu82 (button) (small blind) collected ($17.64)
Seat 4: B_loJkl (big blind) folded on the Turn


PokerStars Hand #157475545535:  Hold'em Limit ($3/$6 USD) - 2016/08/19 12:30:02 ET
Table 'Hyperion' 6-max Seat #3 is the button
Seat 3: fugu82 ($268.92 in chips)
Seat 4: B_loJkl ($297.48 in chips)
fugu82: posts small blind $1
B_loJkl: posts big blind $3
*** HOLE CARDS ***
fugu82: raises $3 to $6
B_loJkl: folds
Uncalled bet ($3) returned to fugu82
fugu82 collected $6 from pot
*** SUMMARY ***
Total pot $6 | Rake $0
Seat 3: fugu82 (button) (small blind) collected ($6)
Seat 4: B_loJkl (big blind) folded before Flop


PokerStars Hand #157475587474:  Hold'em Limit ($3/$6 USD) - 2016/08/19 12:31:11 ET
Table 'Hyperion' 6-max Seat #3 is the button
Seat 3: fugu82 ($256.42 in chips)
Seat 4: B_loJkl ($308.50 in chips)
fugu82: posts small blind $1
B_loJkl: posts big blind $3
*** HOLE CARDS ***
fugu82: folds
Uncalled bet ($2) returned to B_loJkl
B_loJkl collected $2 from pot
B_loJkl: doesn't show hand
*** SUMMARY ***
Total pot $2 | Rake $0
Seat 3: fugu82 (button) (small blind) folded before Flop
Seat 4: B_loJkl (big blind) collected ($2)


PokerStars Hand #157475550685:  Hold'em Limit ($3/$6 USD) - 2016/08/19 12:30:10 ET
Table 'Hyperion' 6-max Seat #4 is the button
Seat 3: fugu82 ($271.92 in chips)
Seat 4: B_loJkl ($294.48 in chips)
B_loJkl: posts small blind $1
fugu82: posts big blind $3
*** HOLE CARDS ***
B_loJkl: raises $3 to $6
fugu82: calls $3
*** FLOP *** [6s 8h 8s]
fugu82: checks
B_loJkl: bets $3
fugu82: raises $3 to $6
B_loJkl: calls $3
*** TURN *** [6s 8h 8s] [2c]
fugu82: bets $6
B_loJkl: calls $6
*** RIVER *** [6s 8h 8s 2c] [Ac]
fugu82: bets $6
B_loJkl: calls $6
*** SHOW DOWN ***
fugu82: shows [9c Ts] (a pair of Eights)
B_loJkl: shows [6h 3h] (two pair, Eights and Sixes)
B_loJkl collected $47.50 from pot
*** SUMMARY ***
Total pot $48 | Rake $0.50
Board [6s 8h 8s 2c Ac]
Seat 3: fugu82 (big blind) showed [9c Ts] and lost with a pair of Eights
Seat 4: B_loJkl (button) (small blind) showed [6h 3h] and won ($47.50) with two pair, Eights and Sixes


PokerStars Hand #157475567754:  Hold'em Limit ($3/$6 USD) - 2016/08/19 12:30:38 ET
Table 'Hyperion' 6-max Seat #3 is the button
Seat 3: fugu82 ($247.92 in chips)
Seat 4: B_loJkl ($317.98 in chips)
fugu82: posts small blind $1
B_loJkl: posts big blind $3
*** HOLE CARDS ***
fugu82: raises $3 to $6
B_loJkl: calls $3
*** FLOP *** [4h 5s 7d]
B_loJkl: checks
fugu82: bets $3
B_loJkl: raises $3 to $6
fugu82: calls $3
*** TURN *** [4h 5s 7d] [8s]
B_loJkl: bets $6
fugu82: folds
Uncalled bet ($6) returned to B_loJkl
B_loJkl collected $23.52 from pot
B_loJkl: doesn't show hand
*** SUMMARY ***
Total pot $24 | Rake $0.48
Board [4h 5s 7d 8s]
Seat 3: fugu82 (button) (small blind) folded on the Turn
Seat 4: B_loJkl (big blind) collected ($23.52)


PokerStars Hand #157475578579:  Hold'em Limit ($3/$6 USD) - 2016/08/19 12:30:56 ET
Table 'Hyperion' 6-max Seat #4 is the button
Seat 3: fugu82 ($235.92 in chips)
Seat 4: B_loJkl ($329.50 in chips)
B_loJkl: posts small blind $1
fugu82: posts big blind $3
*** HOLE CARDS ***
B_loJkl: raises $3 to $6
fugu82: calls $3
*** FLOP *** [4d As Qs]
fugu82: checks
B_loJkl: bets $3
fugu82: calls $3
*** TURN *** [4d As Qs] [2s]
fugu82: checks
B_loJkl: bets $6
fugu82: calls $6
*** RIVER *** [4d As Qs 2s] [Qh]
fugu82: bets $6
B_loJkl: calls $6
*** SHOW DOWN ***
fugu82: shows [Qc Td] (three of a kind, Queens)
B_loJkl: mucks hand
fugu82 collected $41.50 from pot
*** SUMMARY ***
Total pot $42 | Rake $0.50
Board [4d As Qs 2s Qh]
Seat 3: fugu82 (big blind) showed [Qc Td] and won ($41.50) with three of a kind, Queens
Seat 4: B_loJkl (button) (small blind) mucked


PokerStars Hand #157475591239:  Hold'em Limit ($3/$6 USD) - 2016/08/19 12:31:17 ET
Table 'Hyperion' 6-max Seat #4 is the button
Seat 3: fugu82 ($255.42 in chips)
Seat 4: B_loJkl ($309.50 in chips)
B_loJkl: posts small blind $1
fugu82: posts big blind $3
*** HOLE CARDS ***
B_loJkl: raises $3 to $6
fugu82: calls $3
*** FLOP *** [3h Kc 3c]
fugu82: checks
B_loJkl: bets $3
fugu82: folds
Uncalled bet ($3) returned to B_loJkl
B_loJkl collected $11.76 from pot
B_loJkl: doesn't show hand
*** SUMMARY ***
Total pot $12 | Rake $0.24
Board [3h Kc 3c]
Seat 3: fugu82 (big blind) folded on the Flop
Seat 4: B_loJkl (button) (small blind) collected ($11.76)


PokerStars Hand #157475597530:  Hold'em Limit ($3/$6 USD) - 2016/08/19 12:31:28 ET
Table 'Hyperion' 6-max Seat #3 is the button
Seat 3: fugu82 ($249.42 in chips)
Seat 4: B_loJkl ($315.26 in chips)
fugu82: posts small blind $1
B_loJkl: posts big blind $3
*** HOLE CARDS ***
fugu82: raises $3 to $6
B_loJkl: calls $3
*** FLOP *** [Jc 7h 2c]
B_loJkl: checks
fugu82: bets $3
B_loJkl: raises $3 to $6
fugu82: calls $3
*** TURN *** [Jc 7h 2c] [8s]
B_loJkl: bets $6
fugu82: calls $6
*** RIVER *** [Jc 7h 2c 8s] [8c]
B_loJkl: bets $6
fugu82: calls $6
*** SHOW DOWN ***
B_loJkl: shows [9c Jh] (two pair, Jacks and Eights)
fugu82: mucks hand
B_loJkl collected $47.50 from pot
*** SUMMARY ***
Total pot $48 | Rake $0.50
Board [Jc 7h 2c 8s 8c]
Seat 3: fugu82 (button) (small blind) mucked
Seat 4: B_loJkl (big blind) showed [9c Jh] and won ($47.50) with two pair, Jacks and Eights


PokerStars Hand #157475607429:  Hold'em Limit ($3/$6 USD) - 2016/08/19 12:31:44 ET
Table 'Hyperion' 6-max Seat #4 is the button
Seat 3: fugu82 ($225.42 in chips)
Seat 4: B_loJkl ($338.76 in chips)
B_loJkl: posts small blind $1
fugu82: posts big blind $3
*** HOLE CARDS ***
B_loJkl: raises $3 to $6
fugu82: calls $3
*** FLOP *** [Kd 2c Th]
fugu82: checks
B_loJkl: bets $3
fugu82: raises $3 to $6
B_loJkl: folds
Uncalled bet ($3) returned to fugu82
fugu82 collected $17.64 from pot
*** SUMMARY ***
Total pot $18 | Rake $0.36
Board [Kd 2c Th]
Seat 3: fugu82 (big blind) collected ($17.64)
Seat 4: B_loJkl (button) (small blind) folded on the Flop


PokerStars Hand #157475613375:  Hold'em Limit ($3/$6 USD) - 2016/08/19 12:31:54 ET
Table 'Hyperion' 6-max Seat #3 is the button
Seat 3: fugu82 ($234.06 in chips)
Seat 4: B_loJkl ($329.76 in chips)
fugu82: posts small blind $1
B_loJkl: posts big blind $3
*** HOLE CARDS ***
fugu82: folds
Uncalled bet ($2) returned to B_loJkl
B_loJkl collected $2 from pot
B_loJkl: doesn't show hand
*** SUMMARY ***
Total pot $2 | Rake $0
Seat 3: fugu82 (button) (small blind) folded before Flop
Seat 4: B_loJkl (big blind) collected ($2)


PokerStars Hand #157475621663:  Hold'em Limit ($3/$6 USD) - 2016/08/19 12:32:08 ET
Table 'Hyperion' 6-max Seat #3 is the button
Seat 3: fugu82 ($238.82 in chips)
Seat 4: B_loJkl ($324.76 in chips)
fugu82: posts small blind $1
B_loJkl: posts big blind $3
*** HOLE CARDS ***
fugu82: folds
Uncalled bet ($2) returned to B_loJkl
B_loJkl collected $2 from pot
B_loJkl: doesn't show hand
*** SUMMARY ***
Total pot $2 | Rake $0
Seat 3: fugu82 (button) (small blind) folded before Flop
Seat 4: B_loJkl (big blind) collected ($2)


PokerStars Hand #157475615968:  Hold'em Limit ($3/$6 USD) - 2016/08/19 12:31:58 ET
Table 'Hyperion' 6-max Seat #4 is the button
Seat 3: fugu82 ($233.06 in chips)
Seat 4: B_loJkl ($330.76 in chips)
B_loJkl: posts small blind $1
fugu82: posts big blind $3
*** HOLE CARDS ***
B_loJkl: raises $3 to $6
fugu82: calls $3
*** FLOP *** [7h 6h Jc]
fugu82: checks
B_loJkl: checks
*** TURN *** [7h 6h Jc] [Qd]
fugu82: bets $6
B_loJkl: folds
Uncalled bet ($6) returned to fugu82
fugu82 collected $11.76 from pot
*** SUMMARY ***
Total pot $12 | Rake $0.24
Board [7h 6h Jc Qd]
Seat 3: fugu82 (big blind) collected ($11.76)
Seat 4: B_loJkl (button) (small blind) folded on the Turn


PokerStars Hand #157475624167:  Hold'em Limit ($3/$6 USD) - 2016/08/19 12:32:12 ET
Table 'Hyperion' 6-max Seat #4 is the button
Seat 3: fugu82 ($237.82 in chips)
Seat 4: B_loJkl ($325.76 in chips)
B_loJkl: posts small blind $1
fugu82: posts big blind $3
*** HOLE CARDS ***
B_loJkl: raises $3 to $6
fugu82: calls $3
*** FLOP *** [Js Th 6d]
fugu82: checks
B_loJkl: bets $3
fugu82: folds
Uncalled bet ($3) returned to B_loJkl
B_loJkl collected $11.76 from pot
B_loJkl: doesn't show hand
*** SUMMARY ***
Total pot $12 | Rake $0.24
Board [Js Th 6d]
Seat 3: fugu82 (big blind) folded on the Flop
Seat 4: B_loJkl (button) (small blind) collected ($11.76)


PokerStars Hand #157475633737:  Hold'em Limit ($3/$6 USD) - 2016/08/19 12:32:28 ET
Table 'Hyperion' 6-max Seat #4 is the button
Seat 3: fugu82 ($237.58 in chips)
Seat 4: B_loJkl ($325.52 in chips)
fugu82 said, "lo"
B_loJkl: posts small blind $1
fugu82: posts big blind $3
*** HOLE CARDS ***
B_loJkl: raises $3 to $6
fugu82: calls $3
*** FLOP *** [3c Qd Tc]
fugu82: checks
B_loJkl: bets $3
fugu82: folds
Uncalled bet ($3) returned to B_loJkl
B_loJkl collected $11.76 from pot
B_loJkl: doesn't show hand
*** SUMMARY ***
Total pot $12 | Rake $0.24
Board [3c Qd Tc]
Seat 3: fugu82 (big blind) folded on the Flop
Seat 4: B_loJkl (button) (small blind) collected ($11.76)


PokerStars Hand #157475646114:  Hold'em Limit ($3/$6 USD) - 2016/08/19 12:32:48 ET
Table 'Hyperion' 6-max Seat #3 is the button
Seat 3: fugu82 ($231.58 in chips)
Seat 4: B_loJkl ($331.28 in chips)
fugu82: posts small blind $1
B_loJkl: posts big blind $3
*** HOLE CARDS ***
fugu82: raises $3 to $6
B_loJkl: calls $3
*** FLOP *** [Ts 9s Qd]
B_loJkl: checks
fugu82: bets $3
B_loJkl: folds
Uncalled bet ($3) returned to fugu82
fugu82 collected $11.76 from pot
*** SUMMARY ***
Total pot $12 | Rake $0.24
Board [Ts 9s Qd]
Seat 3: fugu82 (button) (small blind) collected ($11.76)
Seat 4: B_loJkl (big blind) folded on the Flop


PokerStars Hand #157475660645:  Hold'em Limit ($3/$6 USD) - 2016/08/19 12:33:12 ET
Table 'Hyperion' 6-max Seat #3 is the button
Seat 3: fugu82 ($234.34 in chips)
Seat 4: B_loJkl ($328.28 in chips)
fugu82: posts small blind $1
B_loJkl: posts big blind $3
*** HOLE CARDS ***
fugu82: folds
Uncalled bet ($2) returned to B_loJkl
B_loJkl collected $2 from pot
B_loJkl: doesn't show hand
*** SUMMARY ***
Total pot $2 | Rake $0
Seat 3: fugu82 (button) (small blind) folded before Flop
Seat 4: B_loJkl (big blind) collected ($2)


PokerStars Hand #157475655767:  Hold'em Limit ($3/$6 USD) - 2016/08/19 12:33:04 ET
Table 'Hyperion' 6-max Seat #4 is the button
Seat 3: fugu82 ($237.34 in chips)
Seat 4: B_loJkl ($325.28 in chips)
B_loJkl: posts small blind $1
fugu82: posts big blind $3
*** HOLE CARDS ***
B_loJkl: raises $3 to $6
fugu82: folds
Uncalled bet ($3) returned to B_loJkl
B_loJkl collected $6 from pot
B_loJkl: doesn't show hand
*** SUMMARY ***
Total pot $6 | Rake $0
Seat 3: fugu82 (big blind) folded before Flop
Seat 4: B_loJkl (button) (small blind) collected ($6)


PokerStars Hand #157475629433:  Hold'em Limit ($3/$6 USD) - 2016/08/19 12:32:21 ET
Table 'Hyperion' 6-max Seat #3 is the button
Seat 3: fugu82 ($231.82 in chips)
Seat 4: B_loJkl ($331.52 in chips)
fugu82: posts small blind $1
B_loJkl: posts big blind $3
*** HOLE CARDS ***
fugu82: raises $3 to $6
B_loJkl: calls $3
*** FLOP *** [Jc Kd 2d]
B_loJkl: checks
fugu82: bets $3
B_loJkl: folds
Uncalled bet ($3) returned to fugu82
fugu82 collected $11.76 from pot
*** SUMMARY ***
Total pot $12 | Rake $0.24
Board [Jc Kd 2d]
Seat 3: fugu82 (button) (small blind) collected ($11.76)
Seat 4: B_loJkl (big blind) folded on the Flop


PokerStars Hand #157475695993:  Hold'em Limit ($3/$6 USD) - 2016/08/19 12:34:09 ET
Table 'Hyperion' 6-max Seat #4 is the button
Seat 3: fugu82 ($262.12 in chips)
Seat 4: B_loJkl ($299.28 in chips)
B_loJkl: posts small blind $1
fugu82: posts big blind $3
*** HOLE CARDS ***
B_loJkl: raises $3 to $6
fugu82: calls $3
*** FLOP *** [9s 5d Ac]
fugu82: checks
B_loJkl: bets $3
fugu82: folds
Uncalled bet ($3) returned to B_loJkl
B_loJkl collected $11.76 from pot
B_loJkl: doesn't show hand
*** SUMMARY ***
Total pot $12 | Rake $0.24
Board [9s 5d Ac]
Seat 3: fugu82 (big blind) folded on the Flop
Seat 4: B_loJkl (button) (small blind) collected ($11.76)


PokerStars Hand #157475682075:  Hold'em Limit ($3/$6 USD) - 2016/08/19 12:33:47 ET
Table 'Hyperion' 6-max Seat #3 is the button
Seat 3: fugu82 ($247.62 in chips)
Seat 4: B_loJkl ($314.28 in chips)
fugu82: posts small blind $1
B_loJkl: posts big blind $3
*** HOLE CARDS ***
fugu82: raises $3 to $6
B_loJkl: calls $3
*** FLOP *** [Jh 7s 5d]
B_loJkl: checks
fugu82: bets $3
B_loJkl: calls $3
*** TURN *** [Jh 7s 5d] [Jd]
B_loJkl: checks
fugu82: bets $6
B_loJkl: calls $6
*** RIVER *** [Jh 7s 5d Jd] [8s]
B_loJkl: checks
fugu82: checks
*** SHOW DOWN ***
B_loJkl: shows [Kh Qd] (a pair of Jacks)
fugu82: shows [Ad 9c] (a pair of Jacks - Ace kicker)
fugu82 collected $29.50 from pot
*** SUMMARY ***
Total pot $30 | Rake $0.50
Board [Jh 7s 5d Jd 8s]
Seat 3: fugu82 (button) (small blind) showed [Ad 9c] and won ($29.50) with a pair of Jacks
Seat 4: B_loJkl (big blind) showed [Kh Qd] and lost with a pair of Jacks


PokerStars Hand #157475678010:  Hold'em Limit ($3/$6 USD) - 2016/08/19 12:33:40 ET
Table 'Hyperion' 6-max Seat #4 is the button
Seat 3: fugu82 ($250.62 in chips)
Seat 4: B_loJkl ($311.28 in chips)
B_loJkl: posts small blind $1
fugu82: posts big blind $3
*** HOLE CARDS ***
B_loJkl: raises $3 to $6
fugu82: folds
Uncalled bet ($3) returned to B_loJkl
B_loJkl collected $6 from pot
B_loJkl: doesn't show hand
*** SUMMARY ***
Total pot $6 | Rake $0
Seat 3: fugu82 (big blind) folded before Flop
Seat 4: B_loJkl (button) (small blind) collected ($6)


PokerStars Hand #157475669383:  Hold'em Limit ($3/$6 USD) - 2016/08/19 12:33:26 ET
Table 'Hyperion' 6-max Seat #3 is the button
Seat 3: fugu82 ($241.98 in chips)
Seat 4: B_loJkl ($320.28 in chips)
fugu82: posts small blind $1
B_loJkl: posts big blind $3
*** HOLE CARDS ***
fugu82: raises $3 to $6
B_loJkl: calls $3
*** FLOP *** [Qd 6d 4s]
B_loJkl: checks
fugu82: bets $3
B_loJkl: calls $3
*** TURN *** [Qd 6d 4s] [2h]
B_loJkl: checks
fugu82: bets $6
B_loJkl: folds
Uncalled bet ($6) returned to fugu82
fugu82 collected $17.64 from pot
*** SUMMARY ***
Total pot $18 | Rake $0.36
Board [Qd 6d 4s 2h]
Seat 3: fugu82 (button) (small blind) collected ($17.64)
Seat 4: B_loJkl (big blind) folded on the Turn


PokerStars Hand #157475663336:  Hold'em Limit ($3/$6 USD) - 2016/08/19 12:33:16 ET
Table 'Hyperion' 6-max Seat #4 is the button
Seat 3: fugu82 ($233.34 in chips)
Seat 4: B_loJkl ($329.28 in chips)
B_loJkl: posts small blind $1
fugu82: posts big blind $3
*** HOLE CARDS ***
B_loJkl: raises $3 to $6
fugu82: raises $3 to $9
B_loJkl: calls $3
*** FLOP *** [6h 8d 6c]
fugu82: bets $3
B_loJkl: folds
Uncalled bet ($3) returned to fugu82
fugu82 collected $17.64 from pot
*** SUMMARY ***
Total pot $18 | Rake $0.36
Board [6h 8d 6c]
Seat 3: fugu82 (big blind) collected ($17.64)
Seat 4: B_loJkl (button) (small blind) folded on the Flop


PokerStars Hand #157475737891:  Hold'em Limit ($3/$6 USD) - 2016/08/19 12:35:18 ET
Table 'Hyperion' 6-max Seat #3 is the button
Seat 3: fugu82 ($255.88 in chips)
Seat 4: B_loJkl ($304.80 in chips)
fugu82: posts small blind $1
B_loJkl: posts big blind $3
*** HOLE CARDS ***
fugu82: folds
Uncalled bet ($2) returned to B_loJkl
B_loJkl collected $2 from pot
B_loJkl: doesn't show hand
*** SUMMARY ***
Total pot $2 | Rake $0
Seat 3: fugu82 (button) (small blind) folded before Flop
Seat 4: B_loJkl (big blind) collected ($2)


PokerStars Hand #157475726265:  Hold'em Limit ($3/$6 USD) - 2016/08/19 12:34:59 ET
Table 'Hyperion' 6-max Seat #4 is the button
Seat 3: fugu82 ($261.88 in chips)
Seat 4: B_loJkl ($299.04 in chips)
B_loJkl: posts small blind $1
fugu82: posts big blind $3
*** HOLE CARDS ***
B_loJkl: raises $3 to $6
fugu82: calls $3
*** FLOP *** [8c Js 3s]
fugu82: checks
B_loJkl: bets $3
fugu82: folds
Uncalled bet ($3) returned to B_loJkl
B_loJkl collected $11.76 from pot
B_loJkl: doesn't show hand
*** SUMMARY ***
Total pot $12 | Rake $0.24
Board [8c Js 3s]
Seat 3: fugu82 (big blind) folded on the Flop
Seat 4: B_loJkl (button) (small blind) collected ($11.76)


PokerStars Hand #157475702363:  Hold'em Limit ($3/$6 USD) - 2016/08/19 12:34:20 ET
Table 'Hyperion' 6-max Seat #3 is the button
Seat 3: fugu82 ($256.12 in chips)
Seat 4: B_loJkl ($305.04 in chips)
fugu82: posts small blind $1
B_loJkl: posts big blind $3
*** HOLE CARDS ***
fugu82: raises $3 to $6
B_loJkl: calls $3
*** FLOP *** [8h Qc Jd]
B_loJkl: checks
fugu82: bets $3
B_loJkl: folds
Uncalled bet ($3) returned to fugu82
fugu82 collected $11.76 from pot
*** SUMMARY ***
Total pot $12 | Rake $0.24
Board [8h Qc Jd]
Seat 3: fugu82 (button) (small blind) collected ($11.76)
Seat 4: B_loJkl (big blind) folded on the Flop


PokerStars Hand #157475754986:  Hold'em Limit ($3/$6 USD) - 2016/08/19 12:35:46 ET
Table 'Hyperion' 6-max Seat #3 is the button
Seat 3: fugu82 ($230.88 in chips)
Seat 4: B_loJkl ($329.30 in chips)
fugu82: posts small blind $1
B_loJkl: posts big blind $3
*** HOLE CARDS ***
fugu82: raises $3 to $6
B_loJkl: calls $3
*** FLOP *** [9h Qs 9d]
B_loJkl: checks
fugu82: bets $3
B_loJkl: raises $3 to $6
fugu82: calls $3
*** TURN *** [9h Qs 9d] [8s]
B_loJkl: bets $6
fugu82: calls $6
*** RIVER *** [9h Qs 9d 8s] [Ad]
B_loJkl: bets $6
fugu82: calls $6
*** SHOW DOWN ***
B_loJkl: shows [5s Js] (a pair of Nines)
fugu82: shows [Td As] (two pair, Aces and Nines)
fugu82 collected $47.50 from pot
*** SUMMARY ***
Total pot $48 | Rake $0.50
Board [9h Qs 9d 8s Ad]
Seat 3: fugu82 (button) (small blind) showed [Td As] and won ($47.50) with two pair, Aces and Nines
Seat 4: B_loJkl (big blind) showed [5s Js] and lost with a pair of Nines


PokerStars Hand #157475740466:  Hold'em Limit ($3/$6 USD) - 2016/08/19 12:35:22 ET
Table 'Hyperion' 6-max Seat #4 is the button
Seat 3: fugu82 ($254.88 in chips)
Seat 4: B_loJkl ($305.80 in chips)
B_loJkl: posts small blind $1
fugu82: posts big blind $3
*** HOLE CARDS ***
B_loJkl: raises $3 to $6
fugu82: calls $3
*** FLOP *** [5h 3s 6s]
fugu82: checks
B_loJkl: bets $3
fugu82: raises $3 to $6
B_loJkl: calls $3
*** TURN *** [5h 3s 6s] [Qc]
fugu82: bets $6
B_loJkl: calls $6
*** RIVER *** [5h 3s 6s Qc] [Kd]
fugu82: bets $6
B_loJkl: calls $6
*** SHOW DOWN ***
fugu82: shows [8s Ts] (high card King)
B_loJkl: shows [Js Ac] (high card Ace)
B_loJkl collected $47.50 from pot
*** SUMMARY ***
Total pot $48 | Rake $0.50
Board [5h 3s 6s Qc Kd]
Seat 3: fugu82 (big blind) showed [8s Ts] and lost with high card King
Seat 4: B_loJkl (button) (small blind) showed [Js Ac] and won ($47.50) with high card Ace


PokerStars Hand #157475796744:  Hold'em Limit ($3/$6 USD) - 2016/08/19 12:36:55 ET
Table 'Hyperion' 6-max Seat #4 is the button
Seat 3: fugu82 ($265.88 in chips)
Seat 4: B_loJkl ($293.06 in chips)
B_loJkl: posts small blind $1
fugu82: posts big blind $3
*** HOLE CARDS ***
B_loJkl: raises $3 to $6
fugu82: calls $3
*** FLOP *** [Td Jc 9s]
fugu82: checks
B_loJkl: bets $3
fugu82: raises $3 to $6
B_loJkl: calls $3
*** TURN *** [Td Jc 9s] [6d]
fugu82: bets $6
B_loJkl: calls $6
*** RIVER *** [Td Jc 9s 6d] [Ah]
fugu82: bets $6
B_loJkl: calls $6
*** SHOW DOWN ***
fugu82: shows [Js 8c] (a pair of Jacks)
B_loJkl: mucks hand
fugu82 collected $47.50 from pot
*** SUMMARY ***
Total pot $48 | Rake $0.50
Board [Td Jc 9s 6d Ah]
Seat 3: fugu82 (big blind) showed [Js 8c] and won ($47.50) with a pair of Jacks
Seat 4: B_loJkl (button) (small blind) mucked


PokerStars Hand #157475781908:  Hold'em Limit ($3/$6 USD) - 2016/08/19 12:36:30 ET
Table 'Hyperion' 6-max Seat #3 is the button
Seat 3: fugu82 ($271.88 in chips)
Seat 4: B_loJkl ($287.30 in chips)
fugu82: posts small blind $1
B_loJkl: posts big blind $3
*** HOLE CARDS ***
fugu82: raises $3 to $6
B_loJkl: calls $3
*** FLOP *** [5d 4h 3d]
B_loJkl: checks
fugu82: checks
*** TURN *** [5d 4h 3d] [Ts]
B_loJkl: checks
fugu82: checks
*** RIVER *** [5d 4h 3d Ts] [Ad]
B_loJkl: bets $6
fugu82: folds
Uncalled bet ($6) returned to B_loJkl
B_loJkl collected $11.76 from pot
B_loJkl: doesn't show hand
*** SUMMARY ***
Total pot $12 | Rake $0.24
Board [5d 4h 3d Ts Ad]
Seat 3: fugu82 (button) (small blind) folded on the River
Seat 4: B_loJkl (big blind) collected ($11.76)


PokerStars Hand #157475769033:  Hold'em Limit ($3/$6 USD) - 2016/08/19 12:36:09 ET
Table 'Hyperion' 6-max Seat #4 is the button
Seat 3: fugu82 ($254.38 in chips)
Seat 4: B_loJkl ($305.30 in chips)
B_loJkl: posts small blind $1
fugu82: posts big blind $3
*** HOLE CARDS ***
B_loJkl: raises $3 to $6
fugu82: raises $3 to $9
B_loJkl: calls $3
*** FLOP *** [4s Ah 6s]
fugu82: bets $3
B_loJkl: calls $3
*** TURN *** [4s Ah 6s] [7h]
fugu82: bets $6
B_loJkl: calls $6
*** RIVER *** [4s Ah 6s 7h] [3h]
fugu82: bets $6
B_loJkl: folds
Uncalled bet ($6) returned to fugu82
fugu82 collected $35.50 from pot
*** SUMMARY ***
Total pot $36 | Rake $0.50
Board [4s Ah 6s 7h 3h]
Seat 3: fugu82 (big blind) collected ($35.50)
Seat 4: B_loJkl (button) (small blind) folded on the River


PokerStars Hand #157475838288:  Hold'em Limit ($3/$6 USD) - 2016/08/19 12:38:03 ET
Table 'Hyperion' 6-max Seat #4 is the button
Seat 3: fugu82 ($276.88 in chips)
Seat 4: B_loJkl ($280.32 in chips)
B_loJkl: posts small blind $1
fugu82: posts big blind $3
*** HOLE CARDS ***
B_loJkl: raises $3 to $6
fugu82: calls $3
*** FLOP *** [Th 7h Qs]
fugu82: checks
B_loJkl: bets $3
fugu82: folds
Uncalled bet ($3) returned to B_loJkl
B_loJkl collected $11.76 from pot
B_loJkl: doesn't show hand
*** SUMMARY ***
Total pot $12 | Rake $0.24
Board [Th 7h Qs]
Seat 3: fugu82 (big blind) folded on the Flop
Seat 4: B_loJkl (button) (small blind) collected ($11.76)


PokerStars Hand #157475824938:  Hold'em Limit ($3/$6 USD) - 2016/08/19 12:37:41 ET
Table 'Hyperion' 6-max Seat #3 is the button
Seat 3: fugu82 ($300.88 in chips)
Seat 4: B_loJkl ($256.82 in chips)
fugu82: posts small blind $1
B_loJkl: posts big blind $3
*** HOLE CARDS ***
fugu82: raises $3 to $6
B_loJkl: calls $3
*** FLOP *** [Jd Kh 5h]
B_loJkl: checks
fugu82: bets $3
B_loJkl: raises $3 to $6
fugu82: calls $3
*** TURN *** [Jd Kh 5h] [6h]
B_loJkl: bets $6
fugu82: calls $6
*** RIVER *** [Jd Kh 5h 6h] [9c]
B_loJkl: bets $6
fugu82: calls $6
*** SHOW DOWN ***
B_loJkl: shows [Ks 3s] (a pair of Kings)
fugu82: mucks hand
B_loJkl collected $47.50 from pot
*** SUMMARY ***
Total pot $48 | Rake $0.50
Board [Jd Kh 5h 6h 9c]
Seat 3: fugu82 (button) (small blind) mucked
Seat 4: B_loJkl (big blind) showed [Ks 3s] and won ($47.50) with a pair of Kings


PokerStars Hand #157475816220:  Hold'em Limit ($3/$6 USD) - 2016/08/19 12:37:27 ET
Table 'Hyperion' 6-max Seat #4 is the button
Seat 3: fugu82 ($306.88 in chips)
Seat 4: B_loJkl ($251.06 in chips)
B_loJkl: posts small blind $1
fugu82: posts big blind $3
*** HOLE CARDS ***
B_loJkl: raises $3 to $6
fugu82: calls $3
*** FLOP *** [Ah Ad 8s]
fugu82: checks
B_loJkl: bets $3
fugu82: folds
Uncalled bet ($3) returned to B_loJkl
B_loJkl collected $11.76 from pot
B_loJkl: doesn't show hand
*** SUMMARY ***
Total pot $12 | Rake $0.24
Board [Ah Ad 8s]
Seat 3: fugu82 (big blind) folded on the Flop
Seat 4: B_loJkl (button) (small blind) collected ($11.76)


PokerStars Hand #157475805816:  Hold'em Limit ($3/$6 USD) - 2016/08/19 12:37:10 ET
Table 'Hyperion' 6-max Seat #3 is the button
Seat 3: fugu82 ($289.38 in chips)
Seat 4: B_loJkl ($269.06 in chips)
fugu82: posts small blind $1
B_loJkl: posts big blind $3
*** HOLE CARDS ***
fugu82: raises $3 to $6
B_loJkl: calls $3
*** FLOP *** [7h 4d Ks]
B_loJkl: checks
fugu82: bets $3
B_loJkl: raises $3 to $6
fugu82: calls $3
*** TURN *** [7h 4d Ks] [9h]
B_loJkl: checks
fugu82: bets $6
B_loJkl: calls $6
*** RIVER *** [7h 4d Ks 9h] [8c]
B_loJkl: checks
fugu82: bets $6
B_loJkl: folds
Uncalled bet ($6) returned to fugu82
fugu82 collected $35.50 from pot
*** SUMMARY ***
Total pot $36 | Rake $0.50
Board [7h 4d Ks 9h 8c]
Seat 3: fugu82 (button) (small blind) collected ($35.50)
Seat 4: B_loJkl (big blind) folded on the River


PokerStars Hand #157475876068:  Hold'em Limit ($3/$6 USD) - 2016/08/19 12:39:05 ET
Table 'Hyperion' 6-max Seat #3 is the button
Seat 3: fugu82 ($267.38 in chips)
Seat 4: B_loJkl ($288.58 in chips)
fugu82: posts small blind $1
B_loJkl: posts big blind $3
*** HOLE CARDS ***
fugu82: raises $3 to $6
B_loJkl: calls $3
*** FLOP *** [Kc Jd 2d]
B_loJkl: checks
fugu82: bets $3
B_loJkl: raises $3 to $6
fugu82: calls $3
*** TURN *** [Kc Jd 2d] [4c]
B_loJkl: bets $6
fugu82: calls $6
*** RIVER *** [Kc Jd 2d 4c] [6c]
B_loJkl: checks
fugu82: bets $6
B_loJkl: folds
Uncalled bet ($6) returned to fugu82
fugu82 collected $35.50 from pot
*** SUMMARY ***
Total pot $36 | Rake $0.50
Board [Kc Jd 2d 4c 6c]
Seat 3: fugu82 (button) (small blind) collected ($35.50)
Seat 4: B_loJkl (big blind) folded on the River


PokerStars Hand #157475868853:  Hold'em Limit ($3/$6 USD) - 2016/08/19 12:38:53 ET
Table 'Hyperion' 6-max Seat #4 is the button
Seat 3: fugu82 ($249.88 in chips)
Seat 4: B_loJkl ($306.58 in chips)
B_loJkl: posts small blind $1
fugu82: posts big blind $3
*** HOLE CARDS ***
B_loJkl: raises $3 to $6
fugu82: raises $3 to $9
B_loJkl: calls $3
*** FLOP *** [7c 7s 3d]
fugu82: bets $3
B_loJkl: calls $3
*** TURN *** [7c 7s 3d] [4d]
fugu82: bets $6
B_loJkl: calls $6
*** RIVER *** [7c 7s 3d 4d] [Tc]
fugu82: bets $6
B_loJkl: folds
Uncalled bet ($6) returned to fugu82
fugu82 collected $35.50 from pot
*** SUMMARY ***
Total pot $36 | Rake $0.50
Board [7c 7s 3d 4d Tc]
Seat 3: fugu82 (big blind) collected ($35.50)
Seat 4: B_loJkl (button) (small blind) folded on the River


PokerStars Hand #157475843048:  Hold'em Limit ($3/$6 USD) - 2016/08/19 12:38:11 ET
Table 'Hyperion' 6-max Seat #3 is the button
Seat 3: fugu82 ($270.88 in chips)
Seat 4: B_loJkl ($286.08 in chips)
fugu82: posts small blind $1
B_loJkl: posts big blind $3
*** HOLE CARDS ***
fugu82: raises $3 to $6
B_loJkl: calls $3
*** FLOP *** [9h As 8d]
B_loJkl: checks
fugu82: bets $3
B_loJkl: calls $3
*** TURN *** [9h As 8d] [Ah]
B_loJkl: checks
fugu82: bets $6
B_loJkl: calls $6
*** RIVER *** [9h As 8d Ah] [Tc]
B_loJkl: checks
fugu82: bets $6
B_loJkl: calls $6
*** SHOW DOWN ***
fugu82: shows [8h 6d] (two pair, Aces and Eights)
B_loJkl: shows [9s 7s] (two pair, Aces and Nines)
B_loJkl collected $41.50 from pot
*** SUMMARY ***
Total pot $42 | Rake $0.50
Board [9h As 8d Ah Tc]
Seat 3: fugu82 (button) (small blind) showed [8h 6d] and lost with two pair, Aces and Eights
Seat 4: B_loJkl (big blind) showed [9s 7s] and won ($41.50) with two pair, Aces and Nines


PokerStars Hand #157475920956:  Hold'em Limit ($3/$6 USD) - 2016/08/19 12:40:19 ET
Table 'Hyperion' 6-max Seat #4 is the button
Seat 3: fugu82 ($300.38 in chips)
Seat 4: B_loJkl ($254.34 in chips)
B_loJkl: posts small blind $1
fugu82: posts big blind $3
*** HOLE CARDS ***
B_loJkl: raises $3 to $6
fugu82: folds
Uncalled bet ($3) returned to B_loJkl
B_loJkl collected $6 from pot
B_loJkl: doesn't show hand
*** SUMMARY ***
Total pot $6 | Rake $0
Seat 3: fugu82 (big blind) folded before Flop
Seat 4: B_loJkl (button) (small blind) collected ($6)


PokerStars Hand #157475918314:  Hold'em Limit ($3/$6 USD) - 2016/08/19 12:40:14 ET
Table 'Hyperion' 6-max Seat #3 is the button
Seat 3: fugu82 ($301.38 in chips)
Seat 4: B_loJkl ($253.34 in chips)
fugu82: posts small blind $1
B_loJkl: posts big blind $3
*** HOLE CARDS ***
fugu82: folds
Uncalled bet ($2) returned to B_loJkl
B_loJkl collected $2 from pot
B_loJkl: doesn't show hand
*** SUMMARY ***
Total pot $2 | Rake $0
Seat 3: fugu82 (button) (small blind) folded before Flop
Seat 4: B_loJkl (big blind) collected ($2)


PokerStars Hand #157475915277:  Hold'em Limit ($3/$6 USD) - 2016/08/19 12:40:09 ET
Table 'Hyperion' 6-max Seat #4 is the button
Seat 3: fugu82 ($300.38 in chips)
Seat 4: B_loJkl ($254.34 in chips)
B_loJkl: posts small blind $1
fugu82: posts big blind $3
*** HOLE CARDS ***
B_loJkl: folds
Uncalled bet ($2) returned to fugu82
fugu82 collected $2 from pot
*** SUMMARY ***
Total pot $2 | Rake $0
Seat 3: fugu82 (big blind) collected ($2)
Seat 4: B_loJkl (button) (small blind) folded before Flop


PokerStars Hand #157475912500:  Hold'em Limit ($3/$6 USD) - 2016/08/19 12:40:05 ET
Table 'Hyperion' 6-max Seat #3 is the button
Seat 3: fugu82 ($301.38 in chips)
Seat 4: B_loJkl ($253.34 in chips)
fugu82: posts small blind $1
B_loJkl: posts big blind $3
*** HOLE CARDS ***
fugu82: folds
Uncalled bet ($2) returned to B_loJkl
B_loJkl collected $2 from pot
B_loJkl: doesn't show hand
*** SUMMARY ***
Total pot $2 | Rake $0
Seat 3: fugu82 (button) (small blind) folded before Flop
Seat 4: B_loJkl (big blind) collected ($2)


PokerStars Hand #157475909268:  Hold'em Limit ($3/$6 USD) - 2016/08/19 12:40:00 ET
Table 'Hyperion' 6-max Seat #4 is the button
Seat 3: fugu82 ($300.38 in chips)
Seat 4: B_loJkl ($254.34 in chips)
B_loJkl: posts small blind $1
fugu82: posts big blind $3
*** HOLE CARDS ***
B_loJkl: folds
Uncalled bet ($2) returned to fugu82
fugu82 collected $2 from pot
*** SUMMARY ***
Total pot $2 | Rake $0
Seat 3: fugu82 (big blind) collected ($2)
Seat 4: B_loJkl (button) (small blind) folded before Flop


PokerStars Hand #157475905459:  Hold'em Limit ($3/$6 USD) - 2016/08/19 12:39:53 ET
Table 'Hyperion' 6-max Seat #3 is the button
Seat 3: fugu82 ($301.38 in chips)
Seat 4: B_loJkl ($253.34 in chips)
fugu82: posts small blind $1
B_loJkl: posts big blind $3
*** HOLE CARDS ***
fugu82: folds
Uncalled bet ($2) returned to B_loJkl
B_loJkl collected $2 from pot
B_loJkl: doesn't show hand
*** SUMMARY ***
Total pot $2 | Rake $0
Seat 3: fugu82 (button) (small blind) folded before Flop
Seat 4: B_loJkl (big blind) collected ($2)


PokerStars Hand #157475894187:  Hold'em Limit ($3/$6 USD) - 2016/08/19 12:39:35 ET
Table 'Hyperion' 6-max Seat #4 is the button
Seat 3: fugu82 ($277.88 in chips)
Seat 4: B_loJkl ($277.34 in chips)
B_loJkl: posts small blind $1
fugu82: posts big blind $3
*** HOLE CARDS ***
B_loJkl: raises $3 to $6
fugu82: calls $3
*** FLOP *** [6h Qc 8h]
fugu82: checks
B_loJkl: bets $3
fugu82: raises $3 to $6
B_loJkl: calls $3
*** TURN *** [6h Qc 8h] [9c]
fugu82: bets $6
B_loJkl: calls $6
*** RIVER *** [6h Qc 8h 9c] [Jc]
fugu82: bets $6
B_loJkl: calls $6
*** SHOW DOWN ***
fugu82: shows [6c Qs] (two pair, Queens and Sixes)
B_loJkl: mucks hand
fugu82 collected $47.50 from pot
*** SUMMARY ***
Total pot $48 | Rake $0.50
Board [6h Qc 8h 9c Jc]
Seat 3: fugu82 (big blind) showed [6c Qs] and won ($47.50) with two pair, Queens and Sixes
Seat 4: B_loJkl (button) (small blind) mucked


PokerStars Hand #157475891131:  Hold'em Limit ($3/$6 USD) - 2016/08/19 12:39:30 ET
Table 'Hyperion' 6-max Seat #3 is the button
Seat 3: fugu82 ($278.88 in chips)
Seat 4: B_loJkl ($276.34 in chips)
fugu82: posts small blind $1
B_loJkl: posts big blind $3
*** HOLE CARDS ***
fugu82: folds
Uncalled bet ($2) returned to B_loJkl
B_loJkl collected $2 from pot
B_loJkl: doesn't show hand
*** SUMMARY ***
Total pot $2 | Rake $0
Seat 3: fugu82 (button) (small blind) folded before Flop
Seat 4: B_loJkl (big blind) collected ($2)


PokerStars Hand #157475886578:  Hold'em Limit ($3/$6 USD) - 2016/08/19 12:39:22 ET
Table 'Hyperion' 6-max Seat #4 is the button
Seat 3: fugu82 ($284.88 in chips)
Seat 4: B_loJkl ($270.58 in chips)
B_loJkl: posts small blind $1
fugu82: posts big blind $3
*** HOLE CARDS ***
B_loJkl: raises $3 to $6
fugu82: calls $3
*** FLOP *** [Jh Qh 7c]
fugu82: checks
B_loJkl: bets $3
fugu82: folds
Uncalled bet ($3) returned to B_loJkl
B_loJkl collected $11.76 from pot
B_loJkl: doesn't show hand
*** SUMMARY ***
Total pot $12 | Rake $0.24
Board [Jh Qh 7c]
Seat 3: fugu82 (big blind) folded on the Flop
Seat 4: B_loJkl (button) (small blind) collected ($11.76)


PokerStars Hand #157475943760:  Hold'em Limit ($3/$6 USD) - 2016/08/19 12:40:56 ET
Table 'Hyperion' 6-max Seat #3 is the button
Seat 3: fugu82 ($294.38 in chips)
Seat 4: B_loJkl ($260.10 in chips)
fugu82: posts small blind $1
B_loJkl: posts big blind $3
*** HOLE CARDS ***
fugu82: raises $3 to $6
B_loJkl: calls $3
*** FLOP *** [Qh 2c Js]
B_loJkl: checks
fugu82: bets $3
B_loJkl: folds
Uncalled bet ($3) returned to fugu82
fugu82 collected $11.76 from pot
*** SUMMARY ***
Total pot $12 | Rake $0.24
Board [Qh 2c Js]
Seat 3: fugu82 (button) (small blind) collected ($11.76)
Seat 4: B_loJkl (big blind) folded on the Flop


PokerStars Hand #157475928632:  Hold'em Limit ($3/$6 USD) - 2016/08/19 12:40:31 ET
Table 'Hyperion' 6-max Seat #4 is the button
Seat 3: fugu82 ($300.38 in chips)
Seat 4: B_loJkl ($254.34 in chips)
B_loJkl: posts small blind $1
fugu82: posts big blind $3
*** HOLE CARDS ***
B_loJkl: raises $3 to $6
fugu82: calls $3
*** FLOP *** [Jd Kh 6h]
fugu82: checks
B_loJkl: bets $3
fugu82: folds
Uncalled bet ($3) returned to B_loJkl
B_loJkl collected $11.76 from pot
B_loJkl: doesn't show hand
*** SUMMARY ***
Total pot $12 | Rake $0.24
Board [Jd Kh 6h]
Seat 3: fugu82 (big blind) folded on the Flop
Seat 4: B_loJkl (button) (small blind) collected ($11.76)


PokerStars Hand #157475925153:  Hold'em Limit ($3/$6 USD) - 2016/08/19 12:40:26 ET
Table 'Hyperion' 6-max Seat #3 is the button
Seat 3: fugu82 ($297.38 in chips)
Seat 4: B_loJkl ($257.34 in chips)
fugu82: posts small blind $1
B_loJkl: posts big blind $3
*** HOLE CARDS ***
fugu82: raises $3 to $6
B_loJkl: folds
Uncalled bet ($3) returned to fugu82
fugu82 collected $6 from pot
*** SUMMARY ***
Total pot $6 | Rake $0
Seat 3: fugu82 (button) (small blind) collected ($6)
Seat 4: B_loJkl (big blind) folded before Flop


PokerStars Hand #157475995376:  Hold'em Limit ($3/$6 USD) - 2016/08/19 12:42:20 ET
Table 'Hyperion' 6-max Seat #4 is the button
Seat 3: fugu82 ($317.28 in chips)
Seat 4: B_loJkl ($235.74 in chips)
B_loJkl: posts small blind $1
fugu82: posts big blind $3
*** HOLE CARDS ***
B_loJkl: folds
Uncalled bet ($2) returned to fugu82
fugu82 collected $2 from pot
*** SUMMARY ***
Total pot $2 | Rake $0
Seat 3: fugu82 (big blind) collected ($2)
Seat 4: B_loJkl (button) (small blind) folded before Flop


PokerStars Hand #157475991736:  Hold'em Limit ($3/$6 USD) - 2016/08/19 12:42:14 ET
Table 'Hyperion' 6-max Seat #3 is the button
Seat 3: fugu82 ($314.28 in chips)
Seat 4: B_loJkl ($238.74 in chips)
fugu82: posts small blind $1
B_loJkl: posts big blind $3
*** HOLE CARDS ***
fugu82: raises $3 to $6
B_loJkl: folds
Uncalled bet ($3) returned to fugu82
fugu82 collected $6 from pot
*** SUMMARY ***
Total pot $6 | Rake $0
Seat 3: fugu82 (button) (small blind) collected ($6)
Seat 4: B_loJkl (big blind) folded before Flop


PokerStars Hand #157475984470:  Hold'em Limit ($3/$6 USD) - 2016/08/19 12:42:02 ET
Table 'Hyperion' 6-max Seat #4 is the button
Seat 3: fugu82 ($305.64 in chips)
Seat 4: B_loJkl ($247.74 in chips)
B_loJkl: posts small blind $1
fugu82: posts big blind $3
*** HOLE CARDS ***
B_loJkl: raises $3 to $6
fugu82: raises $3 to $9
B_loJkl: calls $3
*** FLOP *** [Kd Qd 3c]
fugu82: bets $3
B_loJkl: folds
Uncalled bet ($3) returned to fugu82
fugu82 collected $17.64 from pot
*** SUMMARY ***
Total pot $18 | Rake $0.36
Board [Kd Qd 3c]
Seat 3: fugu82 (big blind) collected ($17.64)
Seat 4: B_loJkl (button) (small blind) folded on the Flop


PokerStars Hand #157475970822:  Hold'em Limit ($3/$6 USD) - 2016/08/19 12:41:40 ET
Table 'Hyperion' 6-max Seat #3 is the button
Seat 3: fugu82 ($314.64 in chips)
Seat 4: B_loJkl ($239.10 in chips)
fugu82: posts small blind $1
B_loJkl: posts big blind $3
*** HOLE CARDS ***
fugu82: raises $3 to $6
B_loJkl: calls $3
*** FLOP *** [8s 7d 5d]
B_loJkl: checks
fugu82: bets $3
B_loJkl: calls $3
*** TURN *** [8s 7d 5d] [Kh]
B_loJkl: checks
fugu82: checks
*** RIVER *** [8s 7d 5d Kh] [8d]
B_loJkl: bets $6
fugu82: folds
Uncalled bet ($6) returned to B_loJkl
B_loJkl collected $17.64 from pot
B_loJkl: doesn't show hand
*** SUMMARY ***
Total pot $18 | Rake $0.36
Board [8s 7d 5d Kh 8d]
Seat 3: fugu82 (button) (small blind) folded on the River
Seat 4: B_loJkl (big blind) collected ($17.64)


PokerStars Hand #157475967373:  Hold'em Limit ($3/$6 USD) - 2016/08/19 12:41:34 ET
Table 'Hyperion' 6-max Seat #4 is the button
Seat 3: fugu82 ($313.64 in chips)
Seat 4: B_loJkl ($240.10 in chips)
B_loJkl: posts small blind $1
fugu82: posts big blind $3
*** HOLE CARDS ***
B_loJkl: folds
Uncalled bet ($2) returned to fugu82
fugu82 collected $2 from pot
*** SUMMARY ***
Total pot $2 | Rake $0
Seat 3: fugu82 (big blind) collected ($2)
Seat 4: B_loJkl (button) (small blind) folded before Flop


PokerStars Hand #157475964842:  Hold'em Limit ($3/$6 USD) - 2016/08/19 12:41:30 ET
Table 'Hyperion' 6-max Seat #3 is the button
Seat 3: fugu82 ($314.64 in chips)
Seat 4: B_loJkl ($239.10 in chips)
fugu82: posts small blind $1
B_loJkl: posts big blind $3
*** HOLE CARDS ***
fugu82: folds
Uncalled bet ($2) returned to B_loJkl
B_loJkl collected $2 from pot
B_loJkl: doesn't show hand
*** SUMMARY ***
Total pot $2 | Rake $0
Seat 3: fugu82 (button) (small blind) folded before Flop
Seat 4: B_loJkl (big blind) collected ($2)


PokerStars Hand #157475955491:  Hold'em Limit ($3/$6 USD) - 2016/08/19 12:41:15 ET
Table 'Hyperion' 6-max Seat #4 is the button
Seat 3: fugu82 ($300.14 in chips)
Seat 4: B_loJkl ($254.10 in chips)
B_loJkl: posts small blind $1
fugu82: posts big blind $3
*** HOLE CARDS ***
B_loJkl: raises $3 to $6
fugu82: calls $3
*** FLOP *** [2d Tc 4s]
fugu82: checks
B_loJkl: bets $3
fugu82: calls $3
*** TURN *** [2d Tc 4s] [7c]
fugu82: bets $6
B_loJkl: calls $6
*** RIVER *** [2d Tc 4s 7c] [7h]
fugu82: bets $6
B_loJkl: folds
Uncalled bet ($6) returned to fugu82
fugu82 collected $29.50 from pot
*** SUMMARY ***
Total pot $30 | Rake $0.50
Board [2d Tc 4s 7c 7h]
Seat 3: fugu82 (big blind) collected ($29.50)
Seat 4: B_loJkl (button) (small blind) folded on the River


PokerStars Hand #157476025880:  Hold'em Limit ($3/$6 USD) - 2016/08/19 12:43:09 ET
Table 'Hyperion' 6-max Seat #4 is the button
Seat 3: fugu82 ($331.68 in chips)
Seat 4: B_loJkl ($220.74 in chips)
B_loJkl: posts small blind $1
fugu82: posts big blind $3
*** HOLE CARDS ***
B_loJkl: raises $3 to $6
fugu82: calls $3
*** FLOP *** [Qh 4c 4s]
fugu82: checks
B_loJkl: bets $3
fugu82: calls $3
*** TURN *** [Qh 4c 4s] [2c]
fugu82: checks
B_loJkl: bets $6
fugu82: folds
Uncalled bet ($6) returned to B_loJkl
B_loJkl collected $17.64 from pot
B_loJkl: doesn't show hand
*** SUMMARY ***
Total pot $18 | Rake $0.36
Board [Qh 4c 4s 2c]
Seat 3: fugu82 (big blind) folded on the Turn
Seat 4: B_loJkl (button) (small blind) collected ($17.64)


PokerStars Hand #157476012712:  Hold'em Limit ($3/$6 USD) - 2016/08/19 12:42:48 ET
Table 'Hyperion' 6-max Seat #4 is the button
Seat 3: fugu82 ($324.04 in chips)
Seat 4: B_loJkl ($228.74 in chips)
B_loJkl: posts small blind $1
fugu82: posts big blind $3
*** HOLE CARDS ***
B_loJkl: raises $3 to $6
fugu82: calls $3
*** FLOP *** [9s 9c Qh]
fugu82: checks
B_loJkl: bets $3
fugu82: calls $3
*** TURN *** [9s 9c Qh] [4s]
fugu82: checks
B_loJkl: checks
*** RIVER *** [9s 9c Qh 4s] [As]
fugu82: bets $6
B_loJkl: folds
Uncalled bet ($6) returned to fugu82
fugu82 collected $17.64 from pot
*** SUMMARY ***
Total pot $18 | Rake $0.36
Board [9s 9c Qh 4s As]
Seat 3: fugu82 (big blind) collected ($17.64)
Seat 4: B_loJkl (button) (small blind) folded on the River


PokerStars Hand #157475998580:  Hold'em Limit ($3/$6 USD) - 2016/08/19 12:42:25 ET
Table 'Hyperion' 6-max Seat #3 is the button
Seat 3: fugu82 ($318.28 in chips)
Seat 4: B_loJkl ($234.74 in chips)
fugu82: posts small blind $1
B_loJkl: posts big blind $3
*** HOLE CARDS ***
fugu82: raises $3 to $6
B_loJkl: calls $3
*** FLOP *** [4s 3d Qc]
B_loJkl: checks
fugu82: bets $3
B_loJkl: folds
Uncalled bet ($3) returned to fugu82
fugu82 collected $11.76 from pot
*** SUMMARY ***
Total pot $12 | Rake $0.24
Board [4s 3d Qc]
Seat 3: fugu82 (button) (small blind) collected ($11.76)
Seat 4: B_loJkl (big blind) folded on the Flop


PokerStars Hand #157476056975:  Hold'em Limit ($3/$6 USD) - 2016/08/19 12:44:00 ET
Table 'Hyperion' 6-max Seat #4 is the button
Seat 3: fugu82 ($316.08 in chips)
Seat 4: B_loJkl ($234.88 in chips)
B_loJkl: posts small blind $1
fugu82: posts big blind $3
*** HOLE CARDS ***
B_loJkl: folds
Uncalled bet ($2) returned to fugu82
fugu82 collected $2 from pot
*** SUMMARY ***
Total pot $2 | Rake $0
Seat 3: fugu82 (big blind) collected ($2)
Seat 4: B_loJkl (button) (small blind) folded before Flop


PokerStars Hand #157476046220:  Hold'em Limit ($3/$6 USD) - 2016/08/19 12:43:42 ET
Table 'Hyperion' 6-max Seat #3 is the button
Seat 3: fugu82 ($337.08 in chips)
Seat 4: B_loJkl ($214.38 in chips)
fugu82: posts small blind $1
B_loJkl: posts big blind $3
*** HOLE CARDS ***
fugu82: raises $3 to $6
B_loJkl: calls $3
*** FLOP *** [6s 8s 7c]
B_loJkl: checks
fugu82: bets $3
B_loJkl: calls $3
*** TURN *** [6s 8s 7c] [3d]
B_loJkl: checks
fugu82: bets $6
B_loJkl: calls $6
*** RIVER *** [6s 8s 7c 3d] [Qc]
B_loJkl: checks
fugu82: bets $6
B_loJkl: calls $6
*** SHOW DOWN ***
fugu82: shows [Jc 9c] (high card Queen)
B_loJkl: shows [7d 2d] (a pair of Sevens)
B_loJkl collected $41.50 from pot
*** SUMMARY ***
Total pot $42 | Rake $0.50
Board [6s 8s 7c 3d Qc]
Seat 3: fugu82 (button) (small blind) showed [Jc 9c] and lost with high card Queen
Seat 4: B_loJkl (big blind) showed [7d 2d] and won ($41.50) with a pair of Sevens


PokerStars Hand #157476040107:  Hold'em Limit ($3/$6 USD) - 2016/08/19 12:43:33 ET
Table 'Hyperion' 6-max Seat #4 is the button
Seat 3: fugu82 ($328.44 in chips)
Seat 4: B_loJkl ($223.38 in chips)
B_loJkl: posts small blind $1
fugu82: posts big blind $3
*** HOLE CARDS ***
B_loJkl: raises $3 to $6
fugu82: raises $3 to $9
B_loJkl: calls $3
*** FLOP *** [Ac Qd Ah]
fugu82: bets $3
B_loJkl: folds
Uncalled bet ($3) returned to fugu82
fugu82 collected $17.64 from pot
*** SUMMARY ***
Total pot $18 | Rake $0.36
Board [Ac Qd Ah]
Seat 3: fugu82 (big blind) collected ($17.64)
Seat 4: B_loJkl (button) (small blind) folded on the Flop


PokerStars Hand #157476034334:  Hold'em Limit ($3/$6 USD) - 2016/08/19 12:43:23 ET
Table 'Hyperion' 6-max Seat #3 is the button
Seat 3: fugu82 ($322.68 in chips)
Seat 4: B_loJkl ($229.38 in chips)
fugu82: posts small blind $1
B_loJkl: posts big blind $3
*** HOLE CARDS ***
fugu82: raises $3 to $6
B_loJkl: calls $3
*** FLOP *** [8s 7d 3c]
B_loJkl: checks
fugu82: bets $3
B_loJkl: folds
Uncalled bet ($3) returned to fugu82
fugu82 collected $11.76 from pot
*** SUMMARY ***
Total pot $12 | Rake $0.24
Board [8s 7d 3c]
Seat 3: fugu82 (button) (small blind) collected ($11.76)
Seat 4: B_loJkl (big blind) folded on the Flop


PokerStars Hand #157476095136:  Hold'em Limit ($3/$6 USD) - 2016/08/19 12:45:03 ET
Table 'Hyperion' 6-max Seat #3 is the button
Seat 3: fugu82 ($330.58 in chips)
Seat 4: B_loJkl ($219.88 in chips)
fugu82: posts small blind $1
B_loJkl: posts big blind $3
*** HOLE CARDS ***
fugu82: raises $3 to $6
B_loJkl: calls $3
*** FLOP *** [Kh Qc Qs]
B_loJkl: checks
fugu82: bets $3
B_loJkl: calls $3
*** TURN *** [Kh Qc Qs] [8d]
B_loJkl: checks
fugu82: checks
*** RIVER *** [Kh Qc Qs 8d] [3d]
B_loJkl: bets $6
fugu82: calls $6
*** SHOW DOWN ***
B_loJkl: shows [9h 9s] (two pair, Queens and Nines)
fugu82: mucks hand
B_loJkl collected $29.50 from pot
*** SUMMARY ***
Total pot $30 | Rake $0.50
Board [Kh Qc Qs 8d 3d]
Seat 3: fugu82 (button) (small blind) mucked
Seat 4: B_loJkl (big blind) showed [9h 9s] and won ($29.50) with two pair, Queens and Nines


PokerStars Hand #157476063596:  Hold'em Limit ($3/$6 USD) - 2016/08/19 12:44:11 ET
Table 'Hyperion' 6-max Seat #4 is the button
Seat 3: fugu82 ($316.08 in chips)
Seat 4: B_loJkl ($234.88 in chips)
B_loJkl: posts small blind $1
fugu82: posts big blind $3
*** HOLE CARDS ***
B_loJkl: raises $3 to $6
fugu82: calls $3
*** FLOP *** [8c 9d Qs]
fugu82: checks
B_loJkl: bets $3
fugu82: calls $3
*** TURN *** [8c 9d Qs] [3c]
fugu82: checks
B_loJkl: bets $6
fugu82: raises $6 to $12
B_loJkl: folds
Uncalled bet ($6) returned to fugu82
fugu82 collected $29.50 from pot
*** SUMMARY ***
Total pot $30 | Rake $0.50
Board [8c 9d Qs 3c]
Seat 3: fugu82 (big blind) collected ($29.50)
Seat 4: B_loJkl (button) (small blind) folded on the Turn


PokerStars Hand #157476108962:  Hold'em Limit ($3/$6 USD) - 2016/08/19 12:45:25 ET
Table 'Hyperion' 6-max Seat #4 is the button
Seat 3: fugu82 ($315.58 in chips)
Seat 4: B_loJkl ($234.38 in chips)
B_loJkl: posts small blind $1
fugu82: posts big blind $3
*** HOLE CARDS ***
B_loJkl: raises $3 to $6
fugu82: calls $3
*** FLOP *** [5h 2h Ks]
fugu82: checks
B_loJkl: bets $3
fugu82: folds
Uncalled bet ($3) returned to B_loJkl
B_loJkl collected $11.76 from pot
B_loJkl: doesn't show hand
*** SUMMARY ***
Total pot $12 | Rake $0.24
Board [5h 2h Ks]
Seat 3: fugu82 (big blind) folded on the Flop
Seat 4: B_loJkl (button) (small blind) collected ($11.76)


PokerStars Hand #157476128142:  Hold'em Limit ($3/$6 USD) - 2016/08/19 12:45:56 ET
Table 'Hyperion' 6-max Seat #4 is the button
Seat 3: fugu82 ($291.58 in chips)
Seat 4: B_loJkl ($257.64 in chips)
B_loJkl: posts small blind $1
fugu82: posts big blind $3
*** HOLE CARDS ***
B_loJkl: raises $3 to $6
fugu82: raises $3 to $9
**Geka**555 joins the table at seat #2
B_loJkl: calls $3
*** FLOP *** [3h Qd 6c]
fugu82: bets $3
B_loJkl: calls $3
*** TURN *** [3h Qd 6c] [Th]
fugu82: bets $6
B_loJkl: folds
Uncalled bet ($6) returned to fugu82
fugu82 collected $23.52 from pot
*** SUMMARY ***
Total pot $24 | Rake $0.48
Board [3h Qd 6c Th]
Seat 3: fugu82 (big blind) collected ($23.52)
Seat 4: B_loJkl (button) (small blind) folded on the Turn


PokerStars Hand #157476115749:  Hold'em Limit ($3/$6 USD) - 2016/08/19 12:45:36 ET
Table 'Hyperion' 6-max Seat #3 is the button
Seat 3: fugu82 ($309.58 in chips)
Seat 4: B_loJkl ($240.14 in chips)
fugu82: posts small blind $1
B_loJkl: posts big blind $3
*** HOLE CARDS ***
fugu82: raises $3 to $6
B_loJkl: calls $3
*** FLOP *** [3c 3s 8c]
B_loJkl: checks
fugu82: bets $3
B_loJkl: raises $3 to $6
fugu82: calls $3
*** TURN *** [3c 3s 8c] [9h]
B_loJkl: checks
fugu82: checks
*** RIVER *** [3c 3s 8c 9h] [Kc]
B_loJkl: checks
fugu82: bets $6
B_loJkl: calls $6
*** SHOW DOWN ***
fugu82: shows [6s 4s] (a pair of Threes)
B_loJkl: shows [6h Ad] (a pair of Threes - Ace kicker)
B_loJkl collected $35.50 from pot
*** SUMMARY ***
Total pot $36 | Rake $0.50
Board [3c 3s 8c 9h Kc]
Seat 3: fugu82 (button) (small blind) showed [6s 4s] and lost with a pair of Threes
Seat 4: B_loJkl (big blind) showed [6h Ad] and won ($35.50) with a pair of Threes


PokerStars Hand #157476144162:  Hold'em Limit ($3/$6 USD) - 2016/08/19 12:46:22 ET
Table 'Hyperion' 6-max Seat #2 is the button
Seat 2: **Geka**555 ($36 in chips)
Seat 4: B_loJkl ($245.64 in chips)
**Geka**555: posts small blind $1
B_loJkl: posts big blind $3
*** HOLE CARDS ***
**Geka**555: raises $3 to $6
B_loJkl: calls $3
*** FLOP *** [9d 5s 4s]
fugu82 said, "h"
B_loJkl: checks
**Geka**555: bets $3
B_loJkl: folds
Uncalled bet ($3) returned to **Geka**555
**Geka**555 collected $11.76 from pot
**Geka**555: doesn't show hand
*** SUMMARY ***
Total pot $12 | Rake $0.24
Board [9d 5s 4s]
Seat 2: **Geka**555 (button) (small blind) collected ($11.76)
Seat 4: B_loJkl (big blind) folded on the Flop


PokerStars Hand #157476196080:  Hold'em Limit ($3/$6 USD) - 2016/08/19 12:47:45 ET
Table 'Hyperion' 6-max Seat #2 is the button
Seat 2: **Geka**555 ($20.76 in chips)
Seat 4: B_loJkl ($260.14 in chips)
**Geka**555: posts small blind $1
B_loJkl: posts big blind $3
*** HOLE CARDS ***
**Geka**555: folds
Uncalled bet ($2) returned to B_loJkl
B_loJkl collected $2 from pot
B_loJkl: doesn't show hand
*** SUMMARY ***
Total pot $2 | Rake $0
Seat 2: **Geka**555 (button) (small blind) folded before Flop
Seat 4: B_loJkl (big blind) collected ($2)


PokerStars Hand #157476151870:  Hold'em Limit ($3/$6 USD) - 2016/08/19 12:46:35 ET
Table 'Hyperion' 6-max Seat #4 is the button
Seat 2: **Geka**555 ($41.76 in chips)
Seat 4: B_loJkl ($239.64 in chips)
B_loJkl: posts small blind $1
**Geka**555: posts big blind $3
*** HOLE CARDS ***
fugu82 said, "have to go"
B_loJkl: raises $3 to $6
**Geka**555: calls $3
*** FLOP *** [9c Ah 3c]
**Geka**555: checks
B_loJkl: bets $3
**Geka**555: calls $3
*** TURN *** [9c Ah 3c] [4d]
**Geka**555: checks
fugu82 leaves the table
B_loJkl: bets $6
**Geka**555: calls $6
*** RIVER *** [9c Ah 3c 4d] [Jh]
**Geka**555: checks
B_loJkl: bets $6
**Geka**555: calls $6
*** SHOW DOWN ***
B_loJkl: shows [Jc 4s] (two pair, Jacks and Fours)
**Geka**555: mucks hand
B_loJkl collected $41.50 from pot
*** SUMMARY ***
Total pot $42 | Rake $0.50
Board [9c Ah 3c 4d Jh]
Seat 2: **Geka**555 (big blind) mucked
Seat 4: B_loJkl (button) (small blind) showed [Jc 4s] and won ($41.50) with two pair, Jacks and Fours


PokerStars Hand #157476199253:  Hold'em Limit ($3/$6 USD) - 2016/08/19 12:47:50 ET
Table 'Hyperion' 6-max Seat #4 is the button
Seat 2: **Geka**555 ($19.76 in chips)
Seat 4: B_loJkl ($261.14 in chips)
B_loJkl: posts small blind $1
**Geka**555: posts big blind $3
*** HOLE CARDS ***
B_loJkl: raises $3 to $6
**Geka**555: raises $3 to $9
B_loJkl: calls $3
*** FLOP *** [8h Ks 8c]
**Geka**555: bets $3
B_loJkl: folds
Uncalled bet ($3) returned to **Geka**555
**Geka**555 collected $17.64 from pot
**Geka**555: doesn't show hand
*** SUMMARY ***
Total pot $18 | Rake $0.36
Board [8h Ks 8c]
Seat 2: **Geka**555 (big blind) collected ($17.64)
Seat 4: B_loJkl (button) (small blind) folded on the Flop


PokerStars Hand #157476215784:  Hold'em Limit ($3/$6 USD) - 2016/08/19 12:48:15 ET
Table 'Hyperion' 6-max Seat #2 is the button
Seat 2: **Geka**555 ($28.40 in chips)
Seat 4: B_loJkl ($252.14 in chips)
**Geka**555: posts small blind $1
B_loJkl: posts big blind $3
*** HOLE CARDS ***
**Geka**555: raises $3 to $6
B_loJkl: calls $3
*** FLOP *** [Jd 9h Jc]
B_loJkl: checks
**Geka**555: bets $3
B_loJkl: raises $3 to $6
**Geka**555: raises $3 to $9
B_loJkl: raises $3 to $12
Betting is capped
**Geka**555: calls $3
*** TURN *** [Jd 9h Jc] [Ac]
B_loJkl: bets $6
**Geka**555: calls $6
*** RIVER *** [Jd 9h Jc Ac] [2c]
B_loJkl: bets $6
**Geka**555: calls $4.40 and is all-in
Uncalled bet ($1.60) returned to B_loJkl
*** SHOW DOWN ***
B_loJkl: shows [Jh 7c] (three of a kind, Jacks)
**Geka**555: shows [Th Qc] (a pair of Jacks)
B_loJkl collected $56.30 from pot
**Geka**555 leaves the table
*** SUMMARY ***
Total pot $56.80 | Rake $0.50
Board [Jd 9h Jc Ac 2c]
Seat 2: **Geka**555 (button) (small blind) showed [Th Qc] and lost with a pair of Jacks
Seat 4: B_loJkl (big blind) showed [Jh 7c] and won ($56.30) with three of a kind, Jacks


