PokerStars Hand #160250522508:  Hold'em Limit ($3/$6 USD) - 2016/10/21 16:44:10 ET
Table 'Hyperborea III' 6-max Seat #3 is the button
Seat 3: _pokergot177 ($68.25 in chips)
Seat 4: assitoni ($72 in chips)
_pokergot177: posts small blind $1
assitoni: posts big blind $3
*** HOLE CARDS ***
_pokergot177: raises $3 to $6
assitoni: raises $3 to $9
_pokergot177: calls $3
*** FLOP *** [Qc 9s 8d]
assitoni: bets $3
_pokergot177: raises $3 to $6
assitoni: calls $3
*** TURN *** [Qc 9s 8d] [7d]
assitoni: checks
_pokergot177: bets $6
assitoni: calls $6
*** RIVER *** [Qc 9s 8d 7d] [Kc]
assitoni: checks
_pokergot177: checks
*** SHOW DOWN ***
assitoni: shows [Js Jh] (a pair of Jacks)
_pokergot177: shows [3d Qh] (a pair of Queens)
_pokergot177 collected $41.50 from pot
*** SUMMARY ***
Total pot $42 | Rake $0.50
Board [Qc 9s 8d 7d Kc]
Seat 3: _pokergot177 (button) (small blind) showed [3d Qh] and won ($41.50) with a pair of Queens
Seat 4: assitoni (big blind) showed [Js Jh] and lost with a pair of Jacks


PokerStars Hand #160250573768:  Hold'em Limit ($3/$6 USD) - 2016/10/21 16:45:12 ET
Table 'Hyperborea III' 6-max Seat #4 is the button
Seat 3: _pokergot177 ($88.75 in chips)
Seat 4: assitoni ($72 in chips)
assitoni: posts small blind $1
_pokergot177: posts big blind $3
*** HOLE CARDS ***
assitoni: folds
Uncalled bet ($2) returned to _pokergot177
_pokergot177 collected $2 from pot
_pokergot177: doesn't show hand
*** SUMMARY ***
Total pot $2 | Rake $0
Seat 3: _pokergot177 (big blind) collected ($2)
Seat 4: assitoni (button) (small blind) folded before Flop


PokerStars Hand #160250583478:  Hold'em Limit ($3/$6 USD) - 2016/10/21 16:45:24 ET
Table 'Hyperborea III' 6-max Seat #3 is the button
Seat 3: _pokergot177 ($89.75 in chips)
Seat 4: assitoni ($72 in chips)
_pokergot177: posts small blind $1
assitoni: posts big blind $3
*** HOLE CARDS ***
_pokergot177: raises $3 to $6
assitoni: raises $3 to $9
_pokergot177: raises $3 to $12
Betting is capped
assitoni: calls $3
*** FLOP *** [8s Qs Jh]
assitoni: checks
_pokergot177: bets $3
assitoni: folds
Uncalled bet ($3) returned to _pokergot177
_pokergot177 collected $23.52 from pot
_pokergot177: doesn't show hand
*** SUMMARY ***
Total pot $24 | Rake $0.48
Board [8s Qs Jh]
Seat 3: _pokergot177 (button) (small blind) collected ($23.52)
Seat 4: assitoni (big blind) folded on the Flop


PokerStars Hand #160250605978:  Hold'em Limit ($3/$6 USD) - 2016/10/21 16:45:52 ET
Table 'Hyperborea III' 6-max Seat #4 is the button
Seat 3: _pokergot177 ($101.27 in chips)
Seat 4: assitoni ($72 in chips)
assitoni: posts small blind $1
_pokergot177: posts big blind $3
*** HOLE CARDS ***
assitoni: folds
Uncalled bet ($2) returned to _pokergot177
_pokergot177 collected $2 from pot
_pokergot177: doesn't show hand
*** SUMMARY ***
Total pot $2 | Rake $0
Seat 3: _pokergot177 (big blind) collected ($2)
Seat 4: assitoni (button) (small blind) folded before Flop


PokerStars Hand #160250611817:  Hold'em Limit ($3/$6 USD) - 2016/10/21 16:45:59 ET
Table 'Hyperborea III' 6-max Seat #3 is the button
Seat 3: _pokergot177 ($102.27 in chips)
Seat 4: assitoni ($72 in chips)
_pokergot177: posts small blind $1
assitoni: posts big blind $3
*** HOLE CARDS ***
_pokergot177: raises $3 to $6
assitoni: folds
Uncalled bet ($3) returned to _pokergot177
_pokergot177 collected $6 from pot
_pokergot177: doesn't show hand
*** SUMMARY ***
Total pot $6 | Rake $0
Seat 3: _pokergot177 (button) (small blind) collected ($6)
Seat 4: assitoni (big blind) folded before Flop


PokerStars Hand #160250617811:  Hold'em Limit ($3/$6 USD) - 2016/10/21 16:46:07 ET
Table 'Hyperborea III' 6-max Seat #4 is the button
Seat 3: _pokergot177 ($105.27 in chips)
Seat 4: assitoni ($72 in chips)
assitoni: posts small blind $1
_pokergot177: posts big blind $3
*** HOLE CARDS ***
assitoni: folds
Uncalled bet ($2) returned to _pokergot177
_pokergot177 collected $2 from pot
_pokergot177: doesn't show hand
*** SUMMARY ***
Total pot $2 | Rake $0
Seat 3: _pokergot177 (big blind) collected ($2)
Seat 4: assitoni (button) (small blind) folded before Flop


PokerStars Hand #160250631168:  Hold'em Limit ($3/$6 USD) - 2016/10/21 16:46:23 ET
Table 'Hyperborea III' 6-max Seat #3 is the button
Seat 3: _pokergot177 ($106.27 in chips)
Seat 4: assitoni ($72 in chips)
_pokergot177: posts small blind $1
assitoni: posts big blind $3
*** HOLE CARDS ***
_pokergot177: raises $3 to $6
assitoni: calls $3
*** FLOP *** [2s Jh 7c]
assitoni: checks
_pokergot177: bets $3
assitoni: raises $3 to $6
_pokergot177: raises $3 to $9
assitoni: raises $3 to $12
Betting is capped
_pokergot177: calls $3
*** TURN *** [2s Jh 7c] [Ks]
assitoni: bets $6
_pokergot177: calls $6
*** RIVER *** [2s Jh 7c Ks] [6d]
assitoni: bets $6
_pokergot177: raises $6 to $12
assitoni: calls $6
*** SHOW DOWN ***
_pokergot177: shows [6h Js] (two pair, Jacks and Sixes)
assitoni: mucks hand
_pokergot177 collected $71.50 from pot
*** SUMMARY ***
Total pot $72 | Rake $0.50
Board [2s Jh 7c Ks 6d]
Seat 3: _pokergot177 (button) (small blind) showed [6h Js] and won ($71.50) with two pair, Jacks and Sixes
Seat 4: assitoni (big blind) mucked


PokerStars Hand #160250688062:  Hold'em Limit ($3/$6 USD) - 2016/10/21 16:47:30 ET
Table 'Hyperborea III' 6-max Seat #3 is the button
Seat 3: _pokergot177 ($142.77 in chips)
Seat 4: assitoni ($72 in chips)
_pokergot177: posts small blind $1
assitoni: posts big blind $3
*** HOLE CARDS ***
_pokergot177: raises $3 to $6
assitoni: raises $3 to $9
_pokergot177: calls $3
*** FLOP *** [3h 7d 3c]
assitoni: bets $3
_pokergot177: raises $3 to $6
assitoni: calls $3
*** TURN *** [3h 7d 3c] [2d]
assitoni: checks
_pokergot177: bets $6
assitoni: calls $6
*** RIVER *** [3h 7d 3c 2d] [7h]
assitoni: checks
_pokergot177: bets $6
assitoni: calls $6
*** SHOW DOWN ***
_pokergot177: shows [7s 9c] (a full house, Sevens full of Threes)
assitoni: mucks hand
_pokergot177 collected $53.50 from pot
*** SUMMARY ***
Total pot $54 | Rake $0.50
Board [3h 7d 3c 2d 7h]
Seat 3: _pokergot177 (button) (small blind) showed [7s 9c] and won ($53.50) with a full house, Sevens full of Threes
Seat 4: assitoni (big blind) mucked


PokerStars Hand #160250739662:  Hold'em Limit ($3/$6 USD) - 2016/10/21 16:48:28 ET
Table 'Hyperborea III' 6-max Seat #4 is the button
Seat 3: _pokergot177 ($169.27 in chips)
Seat 4: assitoni ($72 in chips)
assitoni: posts small blind $1
_pokergot177: posts big blind $3
*** HOLE CARDS ***
assitoni: raises $3 to $6
_pokergot177: calls $3
*** FLOP *** [5h 5s Td]
_pokergot177: checks
assitoni: bets $3
_pokergot177: folds
Uncalled bet ($3) returned to assitoni
assitoni collected $11.76 from pot
assitoni: doesn't show hand
*** SUMMARY ***
Total pot $12 | Rake $0.24
Board [5h 5s Td]
Seat 3: _pokergot177 (big blind) folded on the Flop
Seat 4: assitoni (button) (small blind) collected ($11.76)


PokerStars Hand #160250752157:  Hold'em Limit ($3/$6 USD) - 2016/10/21 16:48:42 ET
Table 'Hyperborea III' 6-max Seat #3 is the button
Seat 3: _pokergot177 ($163.27 in chips)
Seat 4: assitoni ($77.76 in chips)
_pokergot177: posts small blind $1
assitoni: posts big blind $3
*** HOLE CARDS ***
_pokergot177: raises $3 to $6
assitoni: raises $3 to $9
_pokergot177: calls $3
*** FLOP *** [2h Ts Ad]
assitoni: bets $3
_pokergot177: folds
Uncalled bet ($3) returned to assitoni
assitoni collected $17.64 from pot
assitoni: doesn't show hand
*** SUMMARY ***
Total pot $18 | Rake $0.36
Board [2h Ts Ad]
Seat 3: _pokergot177 (button) (small blind) folded on the Flop
Seat 4: assitoni (big blind) collected ($17.64)


PokerStars Hand #160250763993:  Hold'em Limit ($3/$6 USD) - 2016/10/21 16:48:56 ET
Table 'Hyperborea III' 6-max Seat #4 is the button
Seat 3: _pokergot177 ($154.27 in chips)
Seat 4: assitoni ($86.40 in chips)
assitoni: posts small blind $1
_pokergot177: posts big blind $3
*** HOLE CARDS ***
assitoni: folds
Uncalled bet ($2) returned to _pokergot177
_pokergot177 collected $2 from pot
_pokergot177: doesn't show hand
*** SUMMARY ***
Total pot $2 | Rake $0
Seat 3: _pokergot177 (big blind) collected ($2)
Seat 4: assitoni (button) (small blind) folded before Flop


PokerStars Hand #160250769102:  Hold'em Limit ($3/$6 USD) - 2016/10/21 16:49:02 ET
Table 'Hyperborea III' 6-max Seat #3 is the button
Seat 3: _pokergot177 ($155.27 in chips)
Seat 4: assitoni ($85.40 in chips)
_pokergot177: posts small blind $1
assitoni: posts big blind $3
*** HOLE CARDS ***
_pokergot177: raises $3 to $6
assitoni: calls $3
*** FLOP *** [Ts 3d 2d]
assitoni: checks
_pokergot177: bets $3
assitoni: folds
Uncalled bet ($3) returned to _pokergot177
_pokergot177 collected $11.76 from pot
_pokergot177: doesn't show hand
*** SUMMARY ***
Total pot $12 | Rake $0.24
Board [Ts 3d 2d]
Seat 3: _pokergot177 (button) (small blind) collected ($11.76)
Seat 4: assitoni (big blind) folded on the Flop


PokerStars Hand #160250785534:  Hold'em Limit ($3/$6 USD) - 2016/10/21 16:49:20 ET
Table 'Hyperborea III' 6-max Seat #4 is the button
Seat 3: _pokergot177 ($161.03 in chips)
Seat 4: assitoni ($79.40 in chips)
assitoni: posts small blind $1
_pokergot177: posts big blind $3
*** HOLE CARDS ***
assitoni: raises $3 to $6
_pokergot177: calls $3
*** FLOP *** [Ks 8d 7s]
_pokergot177: bets $3
assitoni: calls $3
*** TURN *** [Ks 8d 7s] [As]
_pokergot177: bets $6
assitoni: raises $6 to $12
_pokergot177: folds
Uncalled bet ($6) returned to assitoni
assitoni collected $29.50 from pot
assitoni: doesn't show hand
*** SUMMARY ***
Total pot $30 | Rake $0.50
Board [Ks 8d 7s As]
Seat 3: _pokergot177 (big blind) folded on the Turn
Seat 4: assitoni (button) (small blind) collected ($29.50)


PokerStars Hand #160250806030:  Hold'em Limit ($3/$6 USD) - 2016/10/21 16:49:43 ET
Table 'Hyperborea III' 6-max Seat #3 is the button
Seat 3: _pokergot177 ($146.03 in chips)
Seat 4: assitoni ($93.90 in chips)
_pokergot177: posts small blind $1
assitoni: posts big blind $3
*** HOLE CARDS ***
_pokergot177: raises $3 to $6
assitoni: calls $3
*** FLOP *** [6s 9s As]
assitoni: checks
_pokergot177: bets $3
assitoni: folds
Uncalled bet ($3) returned to _pokergot177
_pokergot177 collected $11.76 from pot
_pokergot177: doesn't show hand
*** SUMMARY ***
Total pot $12 | Rake $0.24
Board [6s 9s As]
Seat 3: _pokergot177 (button) (small blind) collected ($11.76)
Seat 4: assitoni (big blind) folded on the Flop


PokerStars Hand #160250821192:  Hold'em Limit ($3/$6 USD) - 2016/10/21 16:50:01 ET
Table 'Hyperborea III' 6-max Seat #4 is the button
Seat 3: _pokergot177 ($151.79 in chips)
Seat 4: assitoni ($87.90 in chips)
assitoni: posts small blind $1
_pokergot177: posts big blind $3
*** HOLE CARDS ***
assitoni: raises $3 to $6
_pokergot177: calls $3
*** FLOP *** [Qh 3s As]
_pokergot177: folds
assitoni collected $11.76 from pot
assitoni: doesn't show hand
*** SUMMARY ***
Total pot $12 | Rake $0.24
Board [Qh 3s As]
Seat 3: _pokergot177 (big blind) folded on the Flop
Seat 4: assitoni (button) (small blind) collected ($11.76)


PokerStars Hand #160250836835:  Hold'em Limit ($3/$6 USD) - 2016/10/21 16:50:19 ET
Table 'Hyperborea III' 6-max Seat #3 is the button
Seat 3: _pokergot177 ($145.79 in chips)
Seat 4: assitoni ($93.66 in chips)
_pokergot177: posts small blind $1
assitoni: posts big blind $3
*** HOLE CARDS ***
_pokergot177: raises $3 to $6
assitoni: calls $3
*** FLOP *** [Ah Qc 9d]
assitoni: checks
_pokergot177: checks
*** TURN *** [Ah Qc 9d] [Jh]
assitoni: checks
_pokergot177: bets $6
assitoni: calls $6
*** RIVER *** [Ah Qc 9d Jh] [9h]
assitoni: checks
_pokergot177: bets $6
assitoni: calls $6
*** SHOW DOWN ***
_pokergot177: shows [2d 2s] (two pair, Nines and Deuces)
assitoni: shows [6s Jd] (two pair, Jacks and Nines)
assitoni collected $35.50 from pot
*** SUMMARY ***
Total pot $36 | Rake $0.50
Board [Ah Qc 9d Jh 9h]
Seat 3: _pokergot177 (button) (small blind) showed [2d 2s] and lost with two pair, Nines and Deuces
Seat 4: assitoni (big blind) showed [6s Jd] and won ($35.50) with two pair, Jacks and Nines


PokerStars Hand #160250882101:  Hold'em Limit ($3/$6 USD) - 2016/10/21 16:51:11 ET
Table 'Hyperborea III' 6-max Seat #4 is the button
Seat 3: _pokergot177 ($127.79 in chips)
Seat 4: assitoni ($111.16 in chips)
assitoni: posts small blind $1
_pokergot177: posts big blind $3
*** HOLE CARDS ***
assitoni: raises $3 to $6
_pokergot177: raises $3 to $9
assitoni: raises $3 to $12
Betting is capped
_pokergot177: calls $3
*** FLOP *** [8c 7h 8s]
_pokergot177: bets $3
assitoni: calls $3
*** TURN *** [8c 7h 8s] [3s]
_pokergot177: bets $6
assitoni: calls $6
*** RIVER *** [8c 7h 8s 3s] [5h]
_pokergot177: bets $6
assitoni: calls $6
*** SHOW DOWN ***
_pokergot177: shows [6h Jc] (a pair of Eights)
assitoni: shows [Jh Kc] (a pair of Eights - King kicker)
assitoni collected $53.50 from pot
*** SUMMARY ***
Total pot $54 | Rake $0.50
Board [8c 7h 8s 3s 5h]
Seat 3: _pokergot177 (big blind) showed [6h Jc] and lost with a pair of Eights
Seat 4: assitoni (button) (small blind) showed [Jh Kc] and won ($53.50) with a pair of Eights


PokerStars Hand #160250911925:  Hold'em Limit ($3/$6 USD) - 2016/10/21 16:51:45 ET
Table 'Hyperborea III' 6-max Seat #3 is the button
Seat 3: _pokergot177 ($100.79 in chips)
Seat 4: assitoni ($137.66 in chips)
_pokergot177: posts small blind $1
assitoni: posts big blind $3
*** HOLE CARDS ***
_pokergot177: folds
Uncalled bet ($2) returned to assitoni
assitoni collected $2 from pot
assitoni: doesn't show hand
*** SUMMARY ***
Total pot $2 | Rake $0
Seat 3: _pokergot177 (button) (small blind) folded before Flop
Seat 4: assitoni (big blind) collected ($2)


PokerStars Hand #160250916970:  Hold'em Limit ($3/$6 USD) - 2016/10/21 16:51:51 ET
Table 'Hyperborea III' 6-max Seat #4 is the button
Seat 3: _pokergot177 ($99.79 in chips)
Seat 4: assitoni ($138.66 in chips)
assitoni: posts small blind $1
_pokergot177: posts big blind $3
*** HOLE CARDS ***
assitoni: calls $2
_pokergot177: checks
*** FLOP *** [Ah 5d 5s]
_pokergot177: bets $3
assitoni: raises $3 to $6
_pokergot177: folds
Uncalled bet ($3) returned to assitoni
assitoni collected $11.76 from pot
assitoni: doesn't show hand
*** SUMMARY ***
Total pot $12 | Rake $0.24
Board [Ah 5d 5s]
Seat 3: _pokergot177 (big blind) folded on the Flop
Seat 4: assitoni (button) (small blind) collected ($11.76)


PokerStars Hand #160250929390:  Hold'em Limit ($3/$6 USD) - 2016/10/21 16:52:05 ET
Table 'Hyperborea III' 6-max Seat #3 is the button
Seat 3: _pokergot177 ($93.79 in chips)
Seat 4: assitoni ($144.42 in chips)
_pokergot177: posts small blind $1
assitoni: posts big blind $3
*** HOLE CARDS ***
_pokergot177: folds
Uncalled bet ($2) returned to assitoni
assitoni collected $2 from pot
assitoni: doesn't show hand
_pokergot177 leaves the table
*** SUMMARY ***
Total pot $2 | Rake $0
Seat 3: _pokergot177 (button) (small blind) folded before Flop
Seat 4: assitoni (big blind) collected ($2)


