PokerStars Hand #152306465439:  Hold'em Limit ($3/$6 USD) - 2016/04/22 20:34:06 ET
Table 'Hyperion II' 6-max Seat #2 is the button
Seat 2: MissEKAmouse ($285.15 in chips)
Seat 6: Kikimor1220 ($80 in chips)
MissEKAmouse: posts small blind $1
Kikimor1220: posts big blind $3
*** HOLE CARDS ***
MissEKAmouse: raises $3 to $6
franc para leaves the table
Kikimor1220: folds
Uncalled bet ($3) returned to MissEKAmouse
MissEKAmouse collected $6 from pot
MissEKAmouse: doesn't show hand
*** SUMMARY ***
Total pot $6 | Rake $0
Seat 2: MissEKAmouse (button) (small blind) collected ($6)
Seat 6: Kikimor1220 (big blind) folded before Flop


PokerStars Hand #152306469896:  Hold'em Limit ($3/$6 USD) - 2016/04/22 20:34:15 ET
Table 'Hyperion II' 6-max Seat #6 is the button
Seat 2: MissEKAmouse ($288.15 in chips)
Seat 6: Kikimor1220 ($77 in chips)
Kikimor1220: posts small blind $1
MissEKAmouse: posts big blind $3
*** HOLE CARDS ***
Kikimor1220: raises $3 to $6
MissEKAmouse: calls $3
*** FLOP *** [Ad 2c 9s]
MissEKAmouse: checks
GRAILKO joins the table at seat #1
Kikimor1220: bets $3
MissEKAmouse: folds
Uncalled bet ($3) returned to Kikimor1220
Kikimor1220 collected $11.76 from pot
Kikimor1220: doesn't show hand
*** SUMMARY ***
Total pot $12 | Rake $0.24
Board [Ad 2c 9s]
Seat 2: MissEKAmouse (big blind) folded on the Flop
Seat 6: Kikimor1220 (button) (small blind) collected ($11.76)


PokerStars Hand #152306477907:  Hold'em Limit ($3/$6 USD) - 2016/04/22 20:34:31 ET
Table 'Hyperion II' 6-max Seat #2 is the button
Seat 2: MissEKAmouse ($282.15 in chips)
Seat 6: Kikimor1220 ($82.76 in chips)
MissEKAmouse: posts small blind $1
Kikimor1220: posts big blind $3
*** HOLE CARDS ***
MissEKAmouse: raises $3 to $6
Kikimor1220: raises $3 to $9
MissEKAmouse: calls $3
*** FLOP *** [3s 2c Kd]
Kikimor1220: bets $3
MissEKAmouse: calls $3
*** TURN *** [3s 2c Kd] [Kc]
Kikimor1220: bets $6
MissEKAmouse: folds
Uncalled bet ($6) returned to Kikimor1220
Kikimor1220 collected $23.52 from pot
Kikimor1220: doesn't show hand
*** SUMMARY ***
Total pot $24 | Rake $0.48
Board [3s 2c Kd Kc]
Seat 2: MissEKAmouse (button) (small blind) folded on the Turn
Seat 6: Kikimor1220 (big blind) collected ($23.52)


PokerStars Hand #152306894211:  Hold'em Limit ($3/$6 USD) - 2016/04/22 20:48:53 ET
Table 'Hyperion II' 6-max Seat #5 is the button
Seat 2: MissEKAmouse ($351.55 in chips)
Seat 5: smiechuuu ($43.55 in chips)
smiechuuu: posts small blind $1
MissEKAmouse: posts big blind $3
*** HOLE CARDS ***
GRAILKO joins the table at seat #6
smiechuuu: calls $2
MissEKAmouse: checks
*** FLOP *** [Qc Td 8h]
KidTaxMan joins the table at seat #4
MissEKAmouse: bets $3
smiechuuu: folds
Uncalled bet ($3) returned to MissEKAmouse
MissEKAmouse collected $5.88 from pot
MissEKAmouse: doesn't show hand
*** SUMMARY ***
Total pot $6 | Rake $0.12
Board [Qc Td 8h]
Seat 2: MissEKAmouse (big blind) collected ($5.88)
Seat 5: smiechuuu (button) (small blind) folded on the Flop


PokerStars Hand #152306890896:  Hold'em Limit ($3/$6 USD) - 2016/04/22 20:48:46 ET
Table 'Hyperion II' 6-max Seat #2 is the button
Seat 2: MissEKAmouse ($352.55 in chips)
Seat 5: smiechuuu ($42.55 in chips)
MissEKAmouse: posts small blind $1
smiechuuu: posts big blind $3
*** HOLE CARDS ***
MissEKAmouse: folds
Uncalled bet ($2) returned to smiechuuu
smiechuuu collected $2 from pot
*** SUMMARY ***
Total pot $2 | Rake $0
Seat 2: MissEKAmouse (button) (small blind) folded before Flop
Seat 5: smiechuuu (big blind) collected ($2)


PokerStars Hand #152307664264:  Hold'em Limit ($3/$6 USD) - 2016/04/22 21:17:19 ET
Table 'Hyperion II' 6-max Seat #2 is the button
Seat 2: MissEKAmouse ($442.27 in chips)
Seat 4: KidTaxMan ($98.52 in chips)
MissEKAmouse: posts small blind $1
KidTaxMan: posts big blind $3
*** HOLE CARDS ***
MissEKAmouse: folds
Uncalled bet ($2) returned to KidTaxMan
KidTaxMan collected $2 from pot
*** SUMMARY ***
Total pot $2 | Rake $0
Seat 2: MissEKAmouse (button) (small blind) folded before Flop
Seat 4: KidTaxMan (big blind) collected ($2)


PokerStars Hand #152307661344:  Hold'em Limit ($3/$6 USD) - 2016/04/22 21:17:12 ET
Table 'Hyperion II' 6-max Seat #4 is the button
Seat 2: MissEKAmouse ($445.27 in chips)
Seat 4: KidTaxMan ($95.52 in chips)
KidTaxMan: posts small blind $1
MissEKAmouse: posts big blind $3
*** HOLE CARDS ***
KidTaxMan: raises $3 to $6
MissEKAmouse: folds
Uncalled bet ($3) returned to KidTaxMan
KidTaxMan collected $6 from pot
*** SUMMARY ***
Total pot $6 | Rake $0
Seat 2: MissEKAmouse (big blind) folded before Flop
Seat 4: KidTaxMan (button) (small blind) collected ($6)


PokerStars Hand #152307659006:  Hold'em Limit ($3/$6 USD) - 2016/04/22 21:17:07 ET
Table 'Hyperion II' 6-max Seat #2 is the button
Seat 2: MissEKAmouse ($446.27 in chips)
Seat 4: KidTaxMan ($94.52 in chips)
MissEKAmouse: posts small blind $1
KidTaxMan: posts big blind $3
*** HOLE CARDS ***
MissEKAmouse: folds
Uncalled bet ($2) returned to KidTaxMan
KidTaxMan collected $2 from pot
*** SUMMARY ***
Total pot $2 | Rake $0
Seat 2: MissEKAmouse (button) (small blind) folded before Flop
Seat 4: KidTaxMan (big blind) collected ($2)


PokerStars Hand #152307655636:  Hold'em Limit ($3/$6 USD) - 2016/04/22 21:16:59 ET
Table 'Hyperion II' 6-max Seat #4 is the button
Seat 2: MissEKAmouse ($449.27 in chips)
Seat 4: KidTaxMan ($91.52 in chips)
KidTaxMan: posts small blind $1
smiechuuu: is sitting out
MissEKAmouse: posts big blind $3
*** HOLE CARDS ***
KidTaxMan: raises $3 to $6
MissEKAmouse: folds
Uncalled bet ($3) returned to KidTaxMan
KidTaxMan collected $6 from pot
smiechuuu leaves the table
*** SUMMARY ***
Total pot $6 | Rake $0
Seat 2: MissEKAmouse (big blind) folded before Flop
Seat 4: KidTaxMan (button) (small blind) collected ($6)


PokerStars Hand #152307681549:  Hold'em Limit ($3/$6 USD) - 2016/04/22 21:17:58 ET
Table 'Hyperion II' 6-max Seat #4 is the button
Seat 2: MissEKAmouse ($411.27 in chips)
Seat 4: KidTaxMan ($128.66 in chips)
KidTaxMan: posts small blind $1
MissEKAmouse: posts big blind $3
*** HOLE CARDS ***
KidTaxMan: raises $3 to $6
MissEKAmouse: calls $3
*** FLOP *** [4c Th Qc]
MissEKAmouse: checks
KidTaxMan: bets $3
MissEKAmouse: calls $3
*** TURN *** [4c Th Qc] [2d]
MissEKAmouse: checks
KidTaxMan: bets $6
MissEKAmouse: folds
Uncalled bet ($6) returned to KidTaxMan
KidTaxMan collected $17.64 from pot
*** SUMMARY ***
Total pot $18 | Rake $0.36
Board [4c Th Qc 2d]
Seat 2: MissEKAmouse (big blind) folded on the Turn
Seat 4: KidTaxMan (button) (small blind) collected ($17.64)


PokerStars Hand #152307676502:  Hold'em Limit ($3/$6 USD) - 2016/04/22 21:17:46 ET
Table 'Hyperion II' 6-max Seat #2 is the button
Seat 2: MissEKAmouse ($420.27 in chips)
Seat 4: KidTaxMan ($120.02 in chips)
MissEKAmouse: posts small blind $1
KidTaxMan: posts big blind $3
*** HOLE CARDS ***
MissEKAmouse: raises $3 to $6
KidTaxMan: raises $3 to $9
MissEKAmouse: calls $3
*** FLOP *** [Td 2s Qd]
KidTaxMan: bets $3
MissEKAmouse: folds
Uncalled bet ($3) returned to KidTaxMan
KidTaxMan collected $17.64 from pot
*** SUMMARY ***
Total pot $18 | Rake $0.36
Board [Td 2s Qd]
Seat 2: MissEKAmouse (button) (small blind) folded on the Flop
Seat 4: KidTaxMan (big blind) collected ($17.64)


PokerStars Hand #152307667125:  Hold'em Limit ($3/$6 USD) - 2016/04/22 21:17:25 ET
Table 'Hyperion II' 6-max Seat #4 is the button
Seat 2: MissEKAmouse ($441.27 in chips)
Seat 4: KidTaxMan ($99.52 in chips)
KidTaxMan: posts small blind $1
MissEKAmouse: posts big blind $3
*** HOLE CARDS ***
KidTaxMan: raises $3 to $6
MissEKAmouse: calls $3
*** FLOP *** [6d 5c Kh]
MissEKAmouse: checks
KidTaxMan: bets $3
MissEKAmouse: calls $3
*** TURN *** [6d 5c Kh] [Ks]
MissEKAmouse: checks
KidTaxMan: bets $6
MissEKAmouse: calls $6
*** RIVER *** [6d 5c Kh Ks] [2s]
MissEKAmouse: checks
KidTaxMan: bets $6
MissEKAmouse: calls $6
*** SHOW DOWN ***
KidTaxMan: shows [4s 3c] (a straight, Deuce to Six)
MissEKAmouse: mucks hand
KidTaxMan collected $41.50 from pot
*** SUMMARY ***
Total pot $42 | Rake $0.50
Board [6d 5c Kh Ks 2s]
Seat 2: MissEKAmouse (big blind) mucked
Seat 4: KidTaxMan (button) (small blind) showed [4s 3c] and won ($41.50) with a straight, Deuce to Six


PokerStars Hand #152307703164:  Hold'em Limit ($3/$6 USD) - 2016/04/22 21:18:47 ET
Table 'Hyperion II' 6-max Seat #4 is the button
Seat 2: MissEKAmouse ($401.27 in chips)
Seat 4: KidTaxMan ($138.30 in chips)
KidTaxMan: posts small blind $1
MissEKAmouse: posts big blind $3
*** HOLE CARDS ***
KidTaxMan: raises $3 to $6
MissEKAmouse: raises $3 to $9
KidTaxMan: calls $3
*** FLOP *** [Jd Qc 4c]
MissEKAmouse: bets $3
KidTaxMan: calls $3
*** TURN *** [Jd Qc 4c] [Td]
MissEKAmouse: checks
KidTaxMan: checks
*** RIVER *** [Jd Qc 4c Td] [5h]
MissEKAmouse: bets $6
KidTaxMan: folds
Uncalled bet ($6) returned to MissEKAmouse
MissEKAmouse collected $23.52 from pot
MissEKAmouse: doesn't show hand
*** SUMMARY ***
Total pot $24 | Rake $0.48
Board [Jd Qc 4c Td 5h]
Seat 2: MissEKAmouse (big blind) collected ($23.52)
Seat 4: KidTaxMan (button) (small blind) folded on the River


PokerStars Hand #152307699467:  Hold'em Limit ($3/$6 USD) - 2016/04/22 21:18:38 ET
Table 'Hyperion II' 6-max Seat #2 is the button
Seat 2: MissEKAmouse ($402.27 in chips)
Seat 4: KidTaxMan ($137.30 in chips)
MissEKAmouse: posts small blind $1
KidTaxMan: posts big blind $3
*** HOLE CARDS ***
MissEKAmouse: folds
Uncalled bet ($2) returned to KidTaxMan
KidTaxMan collected $2 from pot
*** SUMMARY ***
Total pot $2 | Rake $0
Seat 2: MissEKAmouse (button) (small blind) folded before Flop
Seat 4: KidTaxMan (big blind) collected ($2)


PokerStars Hand #152307697196:  Hold'em Limit ($3/$6 USD) - 2016/04/22 21:18:33 ET
Table 'Hyperion II' 6-max Seat #4 is the button
Seat 2: MissEKAmouse ($401.27 in chips)
Seat 4: KidTaxMan ($138.30 in chips)
KidTaxMan: posts small blind $1
MissEKAmouse: posts big blind $3
*** HOLE CARDS ***
KidTaxMan: folds
Uncalled bet ($2) returned to MissEKAmouse
MissEKAmouse collected $2 from pot
MissEKAmouse: doesn't show hand
*** SUMMARY ***
Total pot $2 | Rake $0
Seat 2: MissEKAmouse (big blind) collected ($2)
Seat 4: KidTaxMan (button) (small blind) folded before Flop


PokerStars Hand #152307693099:  Hold'em Limit ($3/$6 USD) - 2016/04/22 21:18:24 ET
Table 'Hyperion II' 6-max Seat #2 is the button
Seat 2: MissEKAmouse ($402.27 in chips)
Seat 4: KidTaxMan ($137.30 in chips)
MissEKAmouse: posts small blind $1
KidTaxMan: posts big blind $3
*** HOLE CARDS ***
MissEKAmouse: folds
Uncalled bet ($2) returned to KidTaxMan
KidTaxMan collected $2 from pot
*** SUMMARY ***
Total pot $2 | Rake $0
Seat 2: MissEKAmouse (button) (small blind) folded before Flop
Seat 4: KidTaxMan (big blind) collected ($2)


PokerStars Hand #152307733058:  Hold'em Limit ($3/$6 USD) - 2016/04/22 21:19:54 ET
Table 'Hyperion II' 6-max Seat #2 is the button
Seat 2: MissEKAmouse ($422.43 in chips)
Seat 4: KidTaxMan ($116.30 in chips)
MissEKAmouse: posts small blind $1
KidTaxMan: posts big blind $3
*** HOLE CARDS ***
MissEKAmouse: raises $3 to $6
KidTaxMan: calls $3
*** FLOP *** [6d 7s 2h]
KidTaxMan: checks
MissEKAmouse: checks
*** TURN *** [6d 7s 2h] [4d]
KidTaxMan: checks
MissEKAmouse: checks
*** RIVER *** [6d 7s 2h 4d] [5d]
KidTaxMan: bets $6
MissEKAmouse: calls $6
*** SHOW DOWN ***
KidTaxMan: shows [Jh 8h] (a straight, Four to Eight)
MissEKAmouse: mucks hand
KidTaxMan collected $23.52 from pot
*** SUMMARY ***
Total pot $24 | Rake $0.48
Board [6d 7s 2h 4d 5d]
Seat 2: MissEKAmouse (button) (small blind) mucked
Seat 4: KidTaxMan (big blind) showed [Jh 8h] and won ($23.52) with a straight, Four to Eight


PokerStars Hand #152307730726:  Hold'em Limit ($3/$6 USD) - 2016/04/22 21:19:49 ET
Table 'Hyperion II' 6-max Seat #4 is the button
Seat 2: MissEKAmouse ($421.43 in chips)
Seat 4: KidTaxMan ($117.30 in chips)
KidTaxMan: posts small blind $1
MissEKAmouse: posts big blind $3
*** HOLE CARDS ***
KidTaxMan: folds
Uncalled bet ($2) returned to MissEKAmouse
MissEKAmouse collected $2 from pot
MissEKAmouse: doesn't show hand
*** SUMMARY ***
Total pot $2 | Rake $0
Seat 2: MissEKAmouse (big blind) collected ($2)
Seat 4: KidTaxMan (button) (small blind) folded before Flop


PokerStars Hand #152307722859:  Hold'em Limit ($3/$6 USD) - 2016/04/22 21:19:31 ET
Table 'Hyperion II' 6-max Seat #2 is the button
Seat 2: MissEKAmouse ($412.79 in chips)
Seat 4: KidTaxMan ($126.30 in chips)
MissEKAmouse: posts small blind $1
KidTaxMan: posts big blind $3
*** HOLE CARDS ***
MissEKAmouse: raises $3 to $6
KidTaxMan: calls $3
*** FLOP *** [9h Kc Ac]
KidTaxMan: bets $3
MissEKAmouse: calls $3
*** TURN *** [9h Kc Ac] [Jd]
KidTaxMan: checks
MissEKAmouse: bets $6
KidTaxMan: folds
Uncalled bet ($6) returned to MissEKAmouse
MissEKAmouse collected $17.64 from pot
MissEKAmouse: doesn't show hand
*** SUMMARY ***
Total pot $18 | Rake $0.36
Board [9h Kc Ac Jd]
Seat 2: MissEKAmouse (button) (small blind) collected ($17.64)
Seat 4: KidTaxMan (big blind) folded on the Turn


PokerStars Hand #152307747183:  Hold'em Limit ($3/$6 USD) - 2016/04/22 21:20:27 ET
Table 'Hyperion II' 6-max Seat #4 is the button
Seat 2: MissEKAmouse ($410.43 in chips)
Seat 4: KidTaxMan ($127.82 in chips)
KidTaxMan: posts small blind $1
MissEKAmouse: posts big blind $3
*** HOLE CARDS ***
KidTaxMan: raises $3 to $6
MissEKAmouse: folds
Uncalled bet ($3) returned to KidTaxMan
KidTaxMan collected $6 from pot
*** SUMMARY ***
Total pot $6 | Rake $0
Seat 2: MissEKAmouse (big blind) folded before Flop
Seat 4: KidTaxMan (button) (small blind) collected ($6)


PokerStars Hand #152307751029:  Hold'em Limit ($3/$6 USD) - 2016/04/22 21:20:35 ET
Table 'Hyperion II' 6-max Seat #2 is the button
Seat 2: MissEKAmouse ($407.43 in chips)
Seat 4: KidTaxMan ($130.82 in chips)
MissEKAmouse: posts small blind $1
KidTaxMan: posts big blind $3
*** HOLE CARDS ***
MissEKAmouse: raises $3 to $6
KidTaxMan: calls $3
*** FLOP *** [As 8c 7c]
KidTaxMan: checks
MissEKAmouse: bets $3
KidTaxMan: folds
Uncalled bet ($3) returned to MissEKAmouse
MissEKAmouse collected $11.76 from pot
MissEKAmouse: doesn't show hand
*** SUMMARY ***
Total pot $12 | Rake $0.24
Board [As 8c 7c]
Seat 2: MissEKAmouse (button) (small blind) collected ($11.76)
Seat 4: KidTaxMan (big blind) folded on the Flop


PokerStars Hand #152308431869:  Hold'em Limit ($3/$6 USD) - 2016/04/22 21:47:24 ET
Table 'Hyperion II' 6-max Seat #4 is the button
Seat 3: Fused2Orium ($46.40 in chips)
Seat 4: GarryMcCoy ($101.16 in chips)
GarryMcCoy: posts small blind $1
MissEKAmouse: is sitting out
Fused2Orium: posts big blind $3
*** HOLE CARDS ***
GarryMcCoy: folds
Uncalled bet ($2) returned to Fused2Orium
Fused2Orium collected $2 from pot
Fused2Orium: doesn't show hand
*** SUMMARY ***
Total pot $2 | Rake $0
Seat 3: Fused2Orium (big blind) collected ($2)
Seat 4: GarryMcCoy (button) (small blind) folded before Flop


PokerStars Hand #152308454850:  Hold'em Limit ($3/$6 USD) - 2016/04/22 21:48:21 ET
Table 'Hyperion II' 6-max Seat #3 is the button
Seat 3: Fused2Orium ($10.40 in chips)
Seat 4: GarryMcCoy ($136.30 in chips)
Fused2Orium: posts small blind $1
GarryMcCoy: posts big blind $3
*** HOLE CARDS ***
Fused2Orium: folds
Uncalled bet ($2) returned to GarryMcCoy
GarryMcCoy collected $2 from pot
GarryMcCoy: doesn't show hand
*** SUMMARY ***
Total pot $2 | Rake $0
Seat 3: Fused2Orium (button) (small blind) folded before Flop
Seat 4: GarryMcCoy (big blind) collected ($2)


PokerStars Hand #152308452647:  Hold'em Limit ($3/$6 USD) - 2016/04/22 21:48:15 ET
Table 'Hyperion II' 6-max Seat #4 is the button
Seat 3: Fused2Orium ($13.40 in chips)
Seat 4: GarryMcCoy ($133.30 in chips)
GarryMcCoy: posts small blind $1
Fused2Orium: posts big blind $3
*** HOLE CARDS ***
GarryMcCoy: raises $3 to $6
Fused2Orium: folds
Uncalled bet ($3) returned to GarryMcCoy
GarryMcCoy collected $6 from pot
GarryMcCoy: doesn't show hand
*** SUMMARY ***
Total pot $6 | Rake $0
Seat 3: Fused2Orium (big blind) folded before Flop
Seat 4: GarryMcCoy (button) (small blind) collected ($6)


PokerStars Hand #152308450873:  Hold'em Limit ($3/$6 USD) - 2016/04/22 21:48:11 ET
Table 'Hyperion II' 6-max Seat #3 is the button
Seat 3: Fused2Orium ($14.40 in chips)
Seat 4: GarryMcCoy ($132.30 in chips)
Fused2Orium: posts small blind $1
GarryMcCoy: posts big blind $3
*** HOLE CARDS ***
Fused2Orium: folds
Uncalled bet ($2) returned to GarryMcCoy
GarryMcCoy collected $2 from pot
GarryMcCoy: doesn't show hand
*** SUMMARY ***
Total pot $2 | Rake $0
Seat 3: Fused2Orium (button) (small blind) folded before Flop
Seat 4: GarryMcCoy (big blind) collected ($2)


PokerStars Hand #152308448896:  Hold'em Limit ($3/$6 USD) - 2016/04/22 21:48:06 ET
Table 'Hyperion II' 6-max Seat #4 is the button
Seat 3: Fused2Orium ($13.40 in chips)
Seat 4: GarryMcCoy ($133.30 in chips)
GarryMcCoy: posts small blind $1
Fused2Orium: posts big blind $3
*** HOLE CARDS ***
GarryMcCoy: folds
Uncalled bet ($2) returned to Fused2Orium
Fused2Orium collected $2 from pot
Fused2Orium: doesn't show hand
*** SUMMARY ***
Total pot $2 | Rake $0
Seat 3: Fused2Orium (big blind) collected ($2)
Seat 4: GarryMcCoy (button) (small blind) folded before Flop


PokerStars Hand #152308446984:  Hold'em Limit ($3/$6 USD) - 2016/04/22 21:48:01 ET
Table 'Hyperion II' 6-max Seat #3 is the button
Seat 3: Fused2Orium ($14.40 in chips)
Seat 4: GarryMcCoy ($132.30 in chips)
Fused2Orium: posts small blind $1
GarryMcCoy: posts big blind $3
*** HOLE CARDS ***
Fused2Orium: folds
Uncalled bet ($2) returned to GarryMcCoy
GarryMcCoy collected $2 from pot
GarryMcCoy: doesn't show hand
*** SUMMARY ***
Total pot $2 | Rake $0
Seat 3: Fused2Orium (button) (small blind) folded before Flop
Seat 4: GarryMcCoy (big blind) collected ($2)


PokerStars Hand #152308441158:  Hold'em Limit ($3/$6 USD) - 2016/04/22 21:47:47 ET
Table 'Hyperion II' 6-max Seat #4 is the button
Seat 3: Fused2Orium ($23.40 in chips)
Seat 4: GarryMcCoy ($123.66 in chips)
GarryMcCoy: posts small blind $1
Fused2Orium: posts big blind $3
*** HOLE CARDS ***
GarryMcCoy: raises $3 to $6
Fused2Orium: calls $3
*** FLOP *** [Js 7d 4s]
Fused2Orium: checks
GarryMcCoy: bets $3
Fused2Orium: calls $3
*** TURN *** [Js 7d 4s] [Kc]
Fused2Orium: checks
GarryMcCoy: bets $6
Fused2Orium: folds
Uncalled bet ($6) returned to GarryMcCoy
GarryMcCoy collected $17.64 from pot
GarryMcCoy: doesn't show hand
*** SUMMARY ***
Total pot $18 | Rake $0.36
Board [Js 7d 4s Kc]
Seat 3: Fused2Orium (big blind) folded on the Turn
Seat 4: GarryMcCoy (button) (small blind) collected ($17.64)


PokerStars Hand #152308435621:  Hold'em Limit ($3/$6 USD) - 2016/04/22 21:47:33 ET
Table 'Hyperion II' 6-max Seat #3 is the button
Seat 3: Fused2Orium ($47.40 in chips)
Seat 4: GarryMcCoy ($100.16 in chips)
Fused2Orium: posts small blind $1
GarryMcCoy: posts big blind $3
*** HOLE CARDS ***
Fused2Orium: raises $3 to $6
GarryMcCoy: raises $3 to $9
Fused2Orium: calls $3
*** FLOP *** [Qd 7h Ad]
GarryMcCoy: bets $3
Fused2Orium: calls $3
*** TURN *** [Qd 7h Ad] [Jh]
GarryMcCoy: bets $6
Fused2Orium: calls $6
*** RIVER *** [Qd 7h Ad Jh] [Qc]
GarryMcCoy: bets $6
Fused2Orium: calls $6
*** SHOW DOWN ***
GarryMcCoy: shows [Qh Td] (three of a kind, Queens)
Fused2Orium: mucks hand
GarryMcCoy collected $47.50 from pot
*** SUMMARY ***
Total pot $48 | Rake $0.50
Board [Qd 7h Ad Jh Qc]
Seat 3: Fused2Orium (button) (small blind) mucked
Seat 4: GarryMcCoy (big blind) showed [Qh Td] and won ($47.50) with three of a kind, Queens


PokerStars Hand #152308469296:  Hold'em Limit ($3/$6 USD) - 2016/04/22 21:48:57 ET
Table 'Hyperion II' 6-max Seat #4 is the button
Seat 3: Fused2Orium ($21.42 in chips)
Seat 4: GarryMcCoy ($124.90 in chips)
GarryMcCoy: posts small blind $1
Fused2Orium: posts big blind $3
*** HOLE CARDS ***
GarryMcCoy: raises $3 to $6
Fused2Orium: raises $3 to $9
GarryMcCoy: calls $3
*** FLOP *** [4h Kh 7s]
Fused2Orium: bets $3
GarryMcCoy: calls $3
*** TURN *** [4h Kh 7s] [6h]
Fused2Orium: bets $6
GarryMcCoy: raises $6 to $12
Fused2Orium: calls $3.42 and is all-in
Uncalled bet ($2.58) returned to GarryMcCoy
*** RIVER *** [4h Kh 7s 6h] [2d]
*** SHOW DOWN ***
Fused2Orium: shows [Th Ad] (high card Ace)
GarryMcCoy: shows [Kc 8s] (a pair of Kings)
GarryMcCoy collected $42.34 from pot
*** SUMMARY ***
Total pot $42.84 | Rake $0.50
Board [4h Kh 7s 6h 2d]
Seat 3: Fused2Orium (big blind) showed [Th Ad] and lost with high card Ace
Seat 4: GarryMcCoy (button) (small blind) showed [Kc 8s] and won ($42.34) with a pair of Kings


PokerStars Hand #152308467573:  Hold'em Limit ($3/$6 USD) - 2016/04/22 21:48:52 ET
Table 'Hyperion II' 6-max Seat #3 is the button
Seat 3: Fused2Orium ($22.42 in chips)
Seat 4: GarryMcCoy ($123.90 in chips)
Fused2Orium: posts small blind $1
GarryMcCoy: posts big blind $3
*** HOLE CARDS ***
Fused2Orium: folds
Uncalled bet ($2) returned to GarryMcCoy
GarryMcCoy collected $2 from pot
GarryMcCoy: doesn't show hand
*** SUMMARY ***
Total pot $2 | Rake $0
Seat 3: Fused2Orium (button) (small blind) folded before Flop
Seat 4: GarryMcCoy (big blind) collected ($2)


PokerStars Hand #152308465767:  Hold'em Limit ($3/$6 USD) - 2016/04/22 21:48:47 ET
Table 'Hyperion II' 6-max Seat #4 is the button
Seat 3: Fused2Orium ($21.42 in chips)
Seat 4: GarryMcCoy ($124.90 in chips)
GarryMcCoy: posts small blind $1
Fused2Orium: posts big blind $3
*** HOLE CARDS ***
GarryMcCoy: folds
Uncalled bet ($2) returned to Fused2Orium
Fused2Orium collected $2 from pot
Fused2Orium: doesn't show hand
*** SUMMARY ***
Total pot $2 | Rake $0
Seat 3: Fused2Orium (big blind) collected ($2)
Seat 4: GarryMcCoy (button) (small blind) folded before Flop


PokerStars Hand #152308463212:  Hold'em Limit ($3/$6 USD) - 2016/04/22 21:48:41 ET
Table 'Hyperion II' 6-max Seat #3 is the button
Seat 3: Fused2Orium ($18.42 in chips)
Seat 4: GarryMcCoy ($127.90 in chips)
Fused2Orium: posts small blind $1
GarryMcCoy: posts big blind $3
*** HOLE CARDS ***
Fused2Orium: raises $3 to $6
GarryMcCoy: folds
Uncalled bet ($3) returned to Fused2Orium
Fused2Orium collected $6 from pot
Fused2Orium: doesn't show hand
*** SUMMARY ***
Total pot $6 | Rake $0
Seat 3: Fused2Orium (button) (small blind) collected ($6)
Seat 4: GarryMcCoy (big blind) folded before Flop


PokerStars Hand #152308456695:  Hold'em Limit ($3/$6 USD) - 2016/04/22 21:48:25 ET
Table 'Hyperion II' 6-max Seat #4 is the button
Seat 3: Fused2Orium ($9.40 in chips)
Seat 4: GarryMcCoy ($137.30 in chips)
GarryMcCoy: posts small blind $1
Fused2Orium: posts big blind $3
*** HOLE CARDS ***
GarryMcCoy: raises $3 to $6
Fused2Orium: calls $3
*** FLOP *** [Jd 2c 8h]
Fused2Orium: bets $3
GarryMcCoy: calls $3
*** TURN *** [Jd 2c 8h] [8d]
Fused2Orium: bets $0.40 and is all-in
GarryMcCoy: calls $0.40
*** RIVER *** [Jd 2c 8h 8d] [5d]
*** SHOW DOWN ***
Fused2Orium: shows [9d 2d] (a flush, Jack high)
GarryMcCoy: shows [Ad Qc] (a pair of Eights)
Fused2Orium collected $18.42 from pot
*** SUMMARY ***
Total pot $18.80 | Rake $0.38
Board [Jd 2c 8h 8d 5d]
Seat 3: Fused2Orium (big blind) showed [9d 2d] and won ($18.42) with a flush, Jack high
Seat 4: GarryMcCoy (button) (small blind) showed [Ad Qc] and lost with a pair of Eights


PokerStars Hand #152308579904:  Hold'em Limit ($3/$6 USD) - 2016/04/22 21:53:35 ET
Table 'Hyperion II' 6-max Seat #2 is the button
Seat 1: Vadimychstar ($119.90 in chips)
Seat 2: MissEKAmouse ($415.86 in chips)
MissEKAmouse: posts small blind $1
Vadimychstar: posts big blind $3
*** HOLE CARDS ***
MissEKAmouse: folds
Uncalled bet ($2) returned to Vadimychstar
Vadimychstar collected $2 from pot
*** SUMMARY ***
Total pot $2 | Rake $0
Seat 1: Vadimychstar (big blind) collected ($2)
Seat 2: MissEKAmouse (button) (small blind) folded before Flop


PokerStars Hand #152308577244:  Hold'em Limit ($3/$6 USD) - 2016/04/22 21:53:28 ET
Table 'Hyperion II' 6-max Seat #1 is the button
Seat 1: Vadimychstar ($120.90 in chips)
Seat 2: MissEKAmouse ($414.86 in chips)
Vadimychstar: posts small blind $1
MissEKAmouse: posts big blind $3
*** HOLE CARDS ***
Vadimychstar: folds
Uncalled bet ($2) returned to MissEKAmouse
MissEKAmouse collected $2 from pot
MissEKAmouse: doesn't show hand
*** SUMMARY ***
Total pot $2 | Rake $0
Seat 1: Vadimychstar (button) (small blind) folded before Flop
Seat 2: MissEKAmouse (big blind) collected ($2)


PokerStars Hand #152308571241:  Hold'em Limit ($3/$6 USD) - 2016/04/22 21:53:13 ET
Table 'Hyperion II' 6-max Seat #2 is the button
Seat 1: Vadimychstar ($119.90 in chips)
Seat 2: MissEKAmouse ($415.86 in chips)
MissEKAmouse: posts small blind $1
Vadimychstar: posts big blind $3
*** HOLE CARDS ***
MissEKAmouse: folds
Uncalled bet ($2) returned to Vadimychstar
Vadimychstar collected $2 from pot
*** SUMMARY ***
Total pot $2 | Rake $0
Seat 1: Vadimychstar (big blind) collected ($2)
Seat 2: MissEKAmouse (button) (small blind) folded before Flop


PokerStars Hand #152308568524:  Hold'em Limit ($3/$6 USD) - 2016/04/22 21:53:06 ET
Table 'Hyperion II' 6-max Seat #1 is the button
Seat 1: Vadimychstar ($116.90 in chips)
Seat 2: MissEKAmouse ($418.86 in chips)
Vadimychstar: posts small blind $1
MissEKAmouse: posts big blind $3
*** HOLE CARDS ***
Vadimychstar: raises $3 to $6
MissEKAmouse: folds
Uncalled bet ($3) returned to Vadimychstar
Vadimychstar collected $6 from pot
*** SUMMARY ***
Total pot $6 | Rake $0
Seat 1: Vadimychstar (button) (small blind) collected ($6)
Seat 2: MissEKAmouse (big blind) folded before Flop


PokerStars Hand #152308559036:  Hold'em Limit ($3/$6 USD) - 2016/04/22 21:52:42 ET
Table 'Hyperion II' 6-max Seat #2 is the button
Seat 1: Vadimychstar ($146.90 in chips)
Seat 2: MissEKAmouse ($389.36 in chips)
MissEKAmouse: posts small blind $1
Vadimychstar: posts big blind $3
*** HOLE CARDS ***
MissEKAmouse: raises $3 to $6
Vadimychstar: calls $3
*** FLOP *** [9s Td Js]
Vadimychstar: checks
MissEKAmouse: bets $3
Vadimychstar: raises $3 to $6
MissEKAmouse: calls $3
*** TURN *** [9s Td Js] [8d]
Vadimychstar: bets $6
MissEKAmouse: raises $6 to $12
Vadimychstar: calls $6
*** RIVER *** [9s Td Js 8d] [4h]
Vadimychstar: checks
MissEKAmouse: bets $6
Vadimychstar: calls $6
*** SHOW DOWN ***
MissEKAmouse: shows [7c Qc] (a straight, Eight to Queen)
Vadimychstar: shows [Jd 9c] (two pair, Jacks and Nines)
MissEKAmouse collected $59.50 from pot
*** SUMMARY ***
Total pot $60 | Rake $0.50
Board [9s Td Js 8d 4h]
Seat 1: Vadimychstar (big blind) showed [Jd 9c] and lost with two pair, Jacks and Nines
Seat 2: MissEKAmouse (button) (small blind) showed [7c Qc] and won ($59.50) with a straight, Eight to Queen


PokerStars Hand #152308612362:  Hold'em Limit ($3/$6 USD) - 2016/04/22 21:54:46 ET
Table 'Hyperion II' 6-max Seat #2 is the button
Seat 1: Vadimychstar ($123.40 in chips)
Seat 2: MissEKAmouse ($410.90 in chips)
MissEKAmouse: posts small blind $1
Vadimychstar: posts big blind $3
*** HOLE CARDS ***
MissEKAmouse: folds
Uncalled bet ($2) returned to Vadimychstar
Vadimychstar collected $2 from pot
*** SUMMARY ***
Total pot $2 | Rake $0
Seat 1: Vadimychstar (big blind) collected ($2)
Seat 2: MissEKAmouse (button) (small blind) folded before Flop


PokerStars Hand #152308603550:  Hold'em Limit ($3/$6 USD) - 2016/04/22 21:54:23 ET
Table 'Hyperion II' 6-max Seat #1 is the button
Seat 1: Vadimychstar ($135.40 in chips)
Seat 2: MissEKAmouse ($399.38 in chips)
Vadimychstar: posts small blind $1
MissEKAmouse: posts big blind $3
*** HOLE CARDS ***
Vadimychstar: raises $3 to $6
MissEKAmouse: raises $3 to $9
Vadimychstar: calls $3
*** FLOP *** [9s Qh 9c]
MissEKAmouse: bets $3
Vadimychstar: calls $3
*** TURN *** [9s Qh 9c] [Kd]
MissEKAmouse: bets $6
Vadimychstar: folds
Uncalled bet ($6) returned to MissEKAmouse
MissEKAmouse collected $23.52 from pot
MissEKAmouse: doesn't show hand
*** SUMMARY ***
Total pot $24 | Rake $0.48
Board [9s Qh 9c Kd]
Seat 1: Vadimychstar (button) (small blind) folded on the Turn
Seat 2: MissEKAmouse (big blind) collected ($23.52)


PokerStars Hand #152308595384:  Hold'em Limit ($3/$6 USD) - 2016/04/22 21:54:02 ET
Table 'Hyperion II' 6-max Seat #2 is the button
Seat 1: Vadimychstar ($108.90 in chips)
Seat 2: MissEKAmouse ($426.38 in chips)
MissEKAmouse: posts small blind $1
Vadimychstar: posts big blind $3
*** HOLE CARDS ***
MissEKAmouse: raises $3 to $6
Vadimychstar: raises $3 to $9
MissEKAmouse: raises $3 to $12
Betting is capped
Vadimychstar: calls $3
*** FLOP *** [Tc 2h 9s]
Vadimychstar: bets $3
MissEKAmouse: calls $3
*** TURN *** [Tc 2h 9s] [4h]
Vadimychstar: bets $6
MissEKAmouse: calls $6
*** RIVER *** [Tc 2h 9s 4h] [Jh]
Vadimychstar: bets $6
MissEKAmouse: calls $6
*** SHOW DOWN ***
Vadimychstar: shows [Td Ac] (a pair of Tens)
MissEKAmouse: mucks hand
Vadimychstar collected $53.50 from pot
*** SUMMARY ***
Total pot $54 | Rake $0.50
Board [Tc 2h 9s 4h Jh]
Seat 1: Vadimychstar (big blind) showed [Td Ac] and won ($53.50) with a pair of Tens
Seat 2: MissEKAmouse (button) (small blind) mucked


PokerStars Hand #152308582729:  Hold'em Limit ($3/$6 USD) - 2016/04/22 21:53:43 ET
Table 'Hyperion II' 6-max Seat #1 is the button
Seat 1: Vadimychstar ($120.90 in chips)
Seat 2: MissEKAmouse ($414.86 in chips)
Vadimychstar: posts small blind $1
MissEKAmouse: posts big blind $3
*** HOLE CARDS ***
Vadimychstar: raises $3 to $6
MissEKAmouse: raises $3 to $9
Vadimychstar: calls $3
*** FLOP *** [6d 3h 4d]
MissEKAmouse: bets $3
Vadimychstar: calls $3
*** TURN *** [6d 3h 4d] [4c]
MissEKAmouse: bets $6
Vadimychstar: folds
Uncalled bet ($6) returned to MissEKAmouse
MissEKAmouse collected $23.52 from pot
MissEKAmouse: doesn't show hand
*** SUMMARY ***
Total pot $24 | Rake $0.48
Board [6d 3h 4d 4c]
Seat 1: Vadimychstar (button) (small blind) folded on the Turn
Seat 2: MissEKAmouse (big blind) collected ($23.52)


PokerStars Hand #152308623818:  Hold'em Limit ($3/$6 USD) - 2016/04/22 21:55:16 ET
Table 'Hyperion II' 6-max Seat #2 is the button
Seat 1: Vadimychstar ($153.90 in chips)
Seat 2: MissEKAmouse ($379.90 in chips)
MissEKAmouse: posts small blind $1
Vadimychstar: posts big blind $3
*** HOLE CARDS ***
MissEKAmouse: raises $3 to $6
Vadimychstar: calls $3
*** FLOP *** [4d 3d 5c]
Vadimychstar: checks
GarryMcCoy joins the table at seat #3
MissEKAmouse: bets $3
Vadimychstar: raises $3 to $6
MissEKAmouse: raises $3 to $9
Vadimychstar: calls $3
*** TURN *** [4d 3d 5c] [3c]
Vadimychstar: checks
MissEKAmouse: bets $6
Vadimychstar: calls $6
*** RIVER *** [4d 3d 5c 3c] [Ac]
Vadimychstar: bets $6
MissEKAmouse: folds
Uncalled bet ($6) returned to Vadimychstar
Vadimychstar collected $41.50 from pot
*** SUMMARY ***
Total pot $42 | Rake $0.50
Board [4d 3d 5c 3c Ac]
Seat 1: Vadimychstar (big blind) collected ($41.50)
Seat 2: MissEKAmouse (button) (small blind) folded on the River


PokerStars Hand #152308615427:  Hold'em Limit ($3/$6 USD) - 2016/04/22 21:54:54 ET
Table 'Hyperion II' 6-max Seat #1 is the button
Seat 1: Vadimychstar ($124.40 in chips)
Seat 2: MissEKAmouse ($409.90 in chips)
Vadimychstar: posts small blind $1
MissEKAmouse: posts big blind $3
*** HOLE CARDS ***
Vadimychstar: raises $3 to $6
MissEKAmouse: raises $3 to $9
Vadimychstar: calls $3
*** FLOP *** [8d Jd Jh]
MissEKAmouse: bets $3
Vadimychstar: calls $3
*** TURN *** [8d Jd Jh] [4c]
MissEKAmouse: bets $6
Vadimychstar: raises $6 to $12
MissEKAmouse: calls $6
*** RIVER *** [8d Jd Jh 4c] [5s]
MissEKAmouse: checks
Vadimychstar: bets $6
MissEKAmouse: calls $6
*** SHOW DOWN ***
Vadimychstar: shows [4d 8s] (two pair, Jacks and Eights)
MissEKAmouse: mucks hand
Vadimychstar collected $59.50 from pot
*** SUMMARY ***
Total pot $60 | Rake $0.50
Board [8d Jd Jh 4c 5s]
Seat 1: Vadimychstar (button) (small blind) showed [4d 8s] and won ($59.50) with two pair, Jacks and Eights
Seat 2: MissEKAmouse (big blind) mucked


PokerStars Hand #152308651914:  Hold'em Limit ($3/$6 USD) - 2016/04/22 21:56:43 ET
Table 'Hyperion II' 6-max Seat #3 is the button
Seat 1: Vadimychstar ($105.40 in chips)
Seat 3: GarryMcCoy ($188 in chips)
GarryMcCoy: posts small blind $1
Vadimychstar: posts big blind $3
*** HOLE CARDS ***
GarryMcCoy: raises $3 to $6
Vadimychstar: calls $3
*** FLOP *** [Qd 5d Kc]
Vadimychstar: bets $3
GarryMcCoy: raises $3 to $6
Vadimychstar: folds
Uncalled bet ($3) returned to GarryMcCoy
GarryMcCoy collected $17.64 from pot
GarryMcCoy: doesn't show hand
*** SUMMARY ***
Total pot $18 | Rake $0.36
Board [Qd 5d Kc]
Seat 1: Vadimychstar (big blind) folded on the Flop
Seat 3: GarryMcCoy (button) (small blind) collected ($17.64)


PokerStars Hand #152308644972:  Hold'em Limit ($3/$6 USD) - 2016/04/22 21:56:21 ET
Table 'Hyperion II' 6-max Seat #1 is the button
Seat 1: Vadimychstar ($147.40 in chips)
Seat 3: GarryMcCoy ($146.50 in chips)
Vadimychstar: posts small blind $1
GarryMcCoy: posts big blind $3
*** HOLE CARDS ***
Vadimychstar: raises $3 to $6
GarryMcCoy: calls $3
*** FLOP *** [5s Qs Qh]
GarryMcCoy: checks
Vadimychstar: bets $3
GarryMcCoy: raises $3 to $6
Vadimychstar: calls $3
*** TURN *** [5s Qs Qh] [Jc]
GarryMcCoy: bets $6
Vadimychstar: raises $6 to $12
GarryMcCoy: raises $6 to $18
Vadimychstar: raises $6 to $24
Betting is capped
GarryMcCoy: calls $6
*** RIVER *** [5s Qs Qh Jc] [2h]
GarryMcCoy: checks
Vadimychstar: bets $6
GarryMcCoy: calls $6
*** SHOW DOWN ***
Vadimychstar: shows [Qd 3h] (three of a kind, Queens)
GarryMcCoy: shows [Qc 6d] (three of a kind, Queens - Jack+Six kicker)
GarryMcCoy collected $83.50 from pot
*** SUMMARY ***
Total pot $84 | Rake $0.50
Board [5s Qs Qh Jc 2h]
Seat 1: Vadimychstar (button) (small blind) showed [Qd 3h] and lost with three of a kind, Queens
Seat 3: GarryMcCoy (big blind) showed [Qc 6d] and won ($83.50) with three of a kind, Queens


PokerStars Hand #152308638539:  Hold'em Limit ($3/$6 USD) - 2016/04/22 21:56:01 ET
Table 'Hyperion II' 6-max Seat #3 is the button
Seat 1: Vadimychstar ($177.40 in chips)
Seat 3: GarryMcCoy ($117 in chips)
GarryMcCoy: posts small blind $1
Vadimychstar: posts big blind $3
*** HOLE CARDS ***
GarryMcCoy: raises $3 to $6
Vadimychstar: calls $3
*** FLOP *** [Kc 3h 4d]
Vadimychstar: checks
GarryMcCoy: bets $3
Vadimychstar: raises $3 to $6
GarryMcCoy: calls $3
*** TURN *** [Kc 3h 4d] [6c]
Vadimychstar: bets $6
GarryMcCoy: calls $6
*** RIVER *** [Kc 3h 4d 6c] [Ad]
Vadimychstar: bets $6
GarryMcCoy: raises $6 to $12
Vadimychstar: calls $6
*** SHOW DOWN ***
GarryMcCoy: shows [4c Ac] (two pair, Aces and Fours)
Vadimychstar: shows [Kh 3s] (two pair, Kings and Threes)
GarryMcCoy collected $59.50 from pot
*** SUMMARY ***
Total pot $60 | Rake $0.50
Board [Kc 3h 4d 6c Ad]
Seat 1: Vadimychstar (big blind) showed [Kh 3s] and lost with two pair, Kings and Threes
Seat 3: GarryMcCoy (button) (small blind) showed [4c Ac] and won ($59.50) with two pair, Aces and Fours


PokerStars Hand #152308636844:  Hold'em Limit ($3/$6 USD) - 2016/04/22 21:55:56 ET
Table 'Hyperion II' 6-max Seat #1 is the button
Seat 1: Vadimychstar ($174.40 in chips)
Seat 3: GarryMcCoy ($120 in chips)
Vadimychstar: posts small blind $1
GarryMcCoy: posts big blind $3
*** HOLE CARDS ***
Vadimychstar: raises $3 to $6
GarryMcCoy: folds
Uncalled bet ($3) returned to Vadimychstar
Vadimychstar collected $6 from pot
*** SUMMARY ***
Total pot $6 | Rake $0
Seat 1: Vadimychstar (button) (small blind) collected ($6)
Seat 3: GarryMcCoy (big blind) folded before Flop


PokerStars Hand #152308673483:  Hold'em Limit ($3/$6 USD) - 2016/04/22 21:57:48 ET
Table 'Hyperion II' 6-max Seat #1 is the button
Seat 1: Vadimychstar ($74.40 in chips)
Seat 3: GarryMcCoy ($218.14 in chips)
Vadimychstar: posts small blind $1
GarryMcCoy: posts big blind $3
*** HOLE CARDS ***
Vadimychstar: raises $3 to $6
GarryMcCoy: folds
Uncalled bet ($3) returned to Vadimychstar
Vadimychstar collected $6 from pot
*** SUMMARY ***
Total pot $6 | Rake $0
Seat 1: Vadimychstar (button) (small blind) collected ($6)
Seat 3: GarryMcCoy (big blind) folded before Flop


PokerStars Hand #152308657268:  Hold'em Limit ($3/$6 USD) - 2016/04/22 21:56:59 ET
Table 'Hyperion II' 6-max Seat #3 is the button
Seat 1: Vadimychstar ($95.40 in chips)
Seat 3: GarryMcCoy ($197.64 in chips)
GarryMcCoy: posts small blind $1
Vadimychstar: posts big blind $3
*** HOLE CARDS ***
GarryMcCoy: raises $3 to $6
Vadimychstar is connected
Vadimychstar: calls $3
*** FLOP *** [5d 9c 9d]
Vadimychstar: bets $3
GarryMcCoy: calls $3
*** TURN *** [5d 9c 9d] [9s]
Vadimychstar: bets $6
GarryMcCoy: calls $6
*** RIVER *** [5d 9c 9d 9s] [Jc]
Vadimychstar: bets $6
GarryMcCoy: calls $6
*** SHOW DOWN ***
Vadimychstar: shows [Tc 3h] (three of a kind, Nines)
GarryMcCoy: shows [7s Kd] (three of a kind, Nines - King kicker)
GarryMcCoy collected $41.50 from pot
*** SUMMARY ***
Total pot $42 | Rake $0.50
Board [5d 9c 9d 9s Jc]
Seat 1: Vadimychstar (big blind) showed [Tc 3h] and lost with three of a kind, Nines
Seat 3: GarryMcCoy (button) (small blind) showed [7s Kd] and won ($41.50) with three of a kind, Nines


PokerStars Hand #152308655675:  Hold'em Limit ($3/$6 USD) - 2016/04/22 21:56:54 ET
Table 'Hyperion II' 6-max Seat #1 is the button
Seat 1: Vadimychstar ($96.40 in chips)
Seat 3: GarryMcCoy ($196.64 in chips)
Vadimychstar: posts small blind $1
GarryMcCoy: posts big blind $3
*** HOLE CARDS ***
Vadimychstar: folds
Uncalled bet ($2) returned to GarryMcCoy
GarryMcCoy collected $2 from pot
GarryMcCoy: doesn't show hand
*** SUMMARY ***
Total pot $2 | Rake $0
Seat 1: Vadimychstar (button) (small blind) folded before Flop
Seat 3: GarryMcCoy (big blind) collected ($2)


PokerStars Hand #152308675242:  Hold'em Limit ($3/$6 USD) - 2016/04/22 21:57:54 ET
Table 'Hyperion II' 6-max Seat #3 is the button
Seat 1: Vadimychstar ($77.40 in chips)
Seat 3: GarryMcCoy ($215.14 in chips)
GarryMcCoy: posts small blind $1
Vadimychstar: posts big blind $3
*** HOLE CARDS ***
GarryMcCoy: raises $3 to $6
Vadimychstar: calls $3
*** FLOP *** [Tc 7s 6d]
Vadimychstar: bets $3
GarryMcCoy: raises $3 to $6
Vadimychstar: calls $3
*** TURN *** [Tc 7s 6d] [5h]
Vadimychstar: checks
GarryMcCoy: bets $6
Vadimychstar: calls $6
*** RIVER *** [Tc 7s 6d 5h] [2s]
Vadimychstar: checks
GarryMcCoy: bets $6
Vadimychstar: calls $6
*** SHOW DOWN ***
GarryMcCoy: shows [Th 6h] (two pair, Tens and Sixes)
Vadimychstar: mucks hand
GarryMcCoy collected $47.50 from pot
*** SUMMARY ***
Total pot $48 | Rake $0.50
Board [Tc 7s 6d 5h 2s]
Seat 1: Vadimychstar (big blind) mucked
Seat 3: GarryMcCoy (button) (small blind) showed [Th 6h] and won ($47.50) with two pair, Tens and Sixes


