PokerStars Hand #168184088013:  Hold'em Limit ($3/$6 USD) - 2017/03/27 10:21:39 ET
Table 'Hyperborea II' 6-max Seat #4 is the button
Seat 3: benbb ($49.17 in chips)
Seat 4: TbIP-TbIP 88 ($72 in chips)
TbIP-TbIP 88: posts small blind $1
sim5sim5 has timed out
sim5sim5: is sitting out
benbb: posts big blind $3
*** HOLE CARDS ***
sim5sim5 leaves the table
TbIP-TbIP 88: folds
Uncalled bet ($2) returned to benbb
benbb collected $2 from pot
benbb: doesn't show hand
*** SUMMARY ***
Total pot $2 | Rake $0
Seat 3: benbb (big blind) collected ($2)
Seat 4: TbIP-TbIP 88 (button) (small blind) folded before Flop


PokerStars Hand #168184109407:  Hold'em Limit ($3/$6 USD) - 2017/03/27 10:22:15 ET
Table 'Hyperborea II' 6-max Seat #3 is the button
Seat 3: benbb ($50.17 in chips)
Seat 4: TbIP-TbIP 88 ($72 in chips)
benbb: posts small blind $1
TbIP-TbIP 88: posts big blind $3
*** HOLE CARDS ***
benbb: calls $2
TbIP-TbIP 88: checks
*** FLOP *** [Th 5c 3h]
TbIP-TbIP 88: checks
benbb: bets $3
TbIP-TbIP 88: folds
Uncalled bet ($3) returned to benbb
benbb collected $5.88 from pot
benbb: doesn't show hand
*** SUMMARY ***
Total pot $6 | Rake $0.12
Board [Th 5c 3h]
Seat 3: benbb (button) (small blind) collected ($5.88)
Seat 4: TbIP-TbIP 88 (big blind) folded on the Flop


PokerStars Hand #168184129939:  Hold'em Limit ($3/$6 USD) - 2017/03/27 10:22:49 ET
Table 'Hyperborea II' 6-max Seat #4 is the button
Seat 3: benbb ($53.05 in chips)
Seat 4: TbIP-TbIP 88 ($72 in chips)
TbIP-TbIP 88: posts small blind $1
benbb: posts big blind $3
*** HOLE CARDS ***
TbIP-TbIP 88: raises $3 to $6
benbb: calls $3
*** FLOP *** [6c Qs 7c]
benbb: checks
TbIP-TbIP 88: bets $3
benbb: folds
Uncalled bet ($3) returned to TbIP-TbIP 88
TbIP-TbIP 88 collected $11.76 from pot
TbIP-TbIP 88: doesn't show hand
*** SUMMARY ***
Total pot $12 | Rake $0.24
Board [6c Qs 7c]
Seat 3: benbb (big blind) folded on the Flop
Seat 4: TbIP-TbIP 88 (button) (small blind) collected ($11.76)


PokerStars Hand #168184142343:  Hold'em Limit ($3/$6 USD) - 2017/03/27 10:23:10 ET
Table 'Hyperborea II' 6-max Seat #3 is the button
Seat 3: benbb ($47.05 in chips)
Seat 4: TbIP-TbIP 88 ($77.76 in chips)
benbb: posts small blind $1
TbIP-TbIP 88: posts big blind $3
*** HOLE CARDS ***
benbb: raises $3 to $6
AzureCaper joins the table at seat #5
TbIP-TbIP 88: calls $3
*** FLOP *** [4c Kd Ac]
TbIP-TbIP 88: checks
benbb: bets $3
TbIP-TbIP 88: calls $3
*** TURN *** [4c Kd Ac] [Qs]
TbIP-TbIP 88: checks
benbb: bets $6
TbIP-TbIP 88: folds
Uncalled bet ($6) returned to benbb
benbb collected $17.64 from pot
benbb: doesn't show hand
*** SUMMARY ***
Total pot $18 | Rake $0.36
Board [4c Kd Ac Qs]
Seat 3: benbb (button) (small blind) collected ($17.64)
Seat 4: TbIP-TbIP 88 (big blind) folded on the Turn


