PokerStars Hand #173486718096:  Hold'em Limit ($3/$6 USD) - 2017/07/25 9:05:30 ET
Table 'Hyperborea' 6-max Seat #3 is the button
Seat 2: LeftHookLen ($56 in chips)
Seat 3: KIT426 ($405.94 in chips)
KIT426: posts small blind $1
LeftHookLen: posts big blind $3
*** HOLE CARDS ***
KIT426: raises $3 to $6
LeftHookLen: calls $3
*** FLOP *** [4h Ac Kd]
LeftHookLen: checks
KIT426: bets $3
LeftHookLen: calls $3
*** TURN *** [4h Ac Kd] [Ad]
LeftHookLen: checks
KIT426: bets $6
LeftHookLen: raises $6 to $12
KIT426: calls $6
*** RIVER *** [4h Ac Kd Ad] [As]
LeftHookLen: bets $6
KIT426: calls $6
*** SHOW DOWN ***
LeftHookLen: shows [5d 3d] (three of a kind, Aces)
KIT426: shows [8h Kh] (a full house, Aces full of Kings)
KIT426 collected $53.50 from pot
*** SUMMARY ***
Total pot $54 | Rake $0.50
Board [4h Ac Kd Ad As]
Seat 2: LeftHookLen (big blind) showed [5d 3d] and lost with three of a kind, Aces
Seat 3: KIT426 (button) (small blind) showed [8h Kh] and won ($53.50) with a full house, Aces full of Kings


PokerStars Hand #173486714610:  Hold'em Limit ($3/$6 USD) - 2017/07/25 9:05:23 ET
Table 'Hyperborea' 6-max Seat #2 is the button
Seat 2: LeftHookLen ($53 in chips)
Seat 3: KIT426 ($408.94 in chips)
LeftHookLen: posts small blind $1
KIT426: posts big blind $3
*** HOLE CARDS ***
TbIP-TbIP 88 leaves the table
LeftHookLen: raises $3 to $6
KIT426: folds
Uncalled bet ($3) returned to LeftHookLen
LeftHookLen collected $6 from pot
LeftHookLen: doesn't show hand
*** SUMMARY ***
Total pot $6 | Rake $0
Seat 2: LeftHookLen (button) (small blind) collected ($6)
Seat 3: KIT426 (big blind) folded before Flop


PokerStars Hand #173486708364:  Hold'em Limit ($3/$6 USD) - 2017/07/25 9:05:10 ET
Table 'Hyperborea' 6-max Seat #3 is the button
Seat 2: LeftHookLen ($59 in chips)
Seat 3: KIT426 ($403.18 in chips)
KIT426: posts small blind $1
LeftHookLen: posts big blind $3
*** HOLE CARDS ***
KIT426: raises $3 to $6
LeftHookLen: calls $3
*** FLOP *** [Ad 6d 9h]
LeftHookLen: checks
KIT426: bets $3
LeftHookLen: folds
Uncalled bet ($3) returned to KIT426
KIT426 collected $11.76 from pot
*** SUMMARY ***
Total pot $12 | Rake $0.24
Board [Ad 6d 9h]
Seat 2: LeftHookLen (big blind) folded on the Flop
Seat 3: KIT426 (button) (small blind) collected ($11.76)


PokerStars Hand #173486704043:  Hold'em Limit ($3/$6 USD) - 2017/07/25 9:05:03 ET
Table 'Hyperborea' 6-max Seat #2 is the button
Seat 2: LeftHookLen ($60 in chips)
Seat 3: KIT426 ($402.18 in chips)
LeftHookLen: posts small blind $1
KIT426: posts big blind $3
*** HOLE CARDS ***
LeftHookLen: folds
Uncalled bet ($2) returned to KIT426
KIT426 collected $2 from pot
*** SUMMARY ***
Total pot $2 | Rake $0
Seat 2: LeftHookLen (button) (small blind) folded before Flop
Seat 3: KIT426 (big blind) collected ($2)


PokerStars Hand #173486730924:  Hold'em Limit ($3/$6 USD) - 2017/07/25 9:05:55 ET
Table 'Hyperborea' 6-max Seat #2 is the button
Seat 2: LeftHookLen ($29 in chips)
Seat 3: KIT426 ($432.44 in chips)
LeftHookLen: posts small blind $1
KIT426: posts big blind $3
*** HOLE CARDS ***
LeftHookLen: raises $3 to $6
KIT426: folds
Uncalled bet ($3) returned to LeftHookLen
LeftHookLen collected $6 from pot
LeftHookLen: doesn't show hand
*** SUMMARY ***
Total pot $6 | Rake $0
Seat 2: LeftHookLen (button) (small blind) collected ($6)
Seat 3: KIT426 (big blind) folded before Flop


PokerStars Hand #173486752149:  Hold'em Limit ($3/$6 USD) - 2017/07/25 9:06:37 ET
Table 'Hyperborea' 6-max Seat #3 is the button
Seat 3: KIT426 ($460.62 in chips)
Seat 4: Kosova1968 ($54.03 in chips)
KIT426: posts small blind $1
LeftHookLen leaves the table
scorpio04 joins the table at seat #5
Kosova1968: posts big blind $3
*** HOLE CARDS ***
KIT426: folds
Uncalled bet ($2) returned to Kosova1968
Kosova1968 collected $2 from pot
*** SUMMARY ***
Total pot $2 | Rake $0
Seat 3: KIT426 (button) (small blind) folded before Flop
Seat 4: Kosova1968 (big blind) collected ($2)


PokerStars Hand #173486734086:  Hold'em Limit ($3/$6 USD) - 2017/07/25 9:06:01 ET
Table 'Hyperborea' 6-max Seat #3 is the button
Seat 2: LeftHookLen ($32 in chips)
Seat 3: KIT426 ($429.44 in chips)
KIT426: posts small blind $1
LeftHookLen: posts big blind $3
*** HOLE CARDS ***
KIT426: raises $3 to $6
LeftHookLen: raises $3 to $9
KIT426: calls $3
*** FLOP *** [5d Qh 8s]
LeftHookLen: bets $3
KIT426: calls $3
*** TURN *** [5d Qh 8s] [5c]
LeftHookLen: bets $6
KIT426: calls $6
*** RIVER *** [5d Qh 8s 5c] [3d]
LeftHookLen: checks
KIT426: bets $6
LeftHookLen: calls $6
*** SHOW DOWN ***
KIT426: shows [As 8c] (two pair, Eights and Fives)
LeftHookLen: mucks hand
KIT426 collected $47.50 from pot
*** SUMMARY ***
Total pot $48 | Rake $0.50
Board [5d Qh 8s 5c 3d]
Seat 2: LeftHookLen (big blind) mucked
Seat 3: KIT426 (button) (small blind) showed [As 8c] and won ($47.50) with two pair, Eights and Fives


PokerStars Hand #173486744706:  Hold'em Limit ($3/$6 USD) - 2017/07/25 9:06:22 ET
Table 'Hyperborea' 6-max Seat #2 is the button
Seat 2: LeftHookLen ($8 in chips)
Seat 3: KIT426 ($452.94 in chips)
LeftHookLen: posts small blind $1
Kosova1968 joins the table at seat #4
KIT426: posts big blind $3
*** HOLE CARDS ***
LeftHookLen: raises $3 to $6
KIT426: raises $3 to $9
LeftHookLen: calls $2 and is all-in
Uncalled bet ($1) returned to KIT426
*** FLOP *** [Qc 9d 2s]
*** TURN *** [Qc 9d 2s] [Ah]
*** RIVER *** [Qc 9d 2s Ah] [Ks]
*** SHOW DOWN ***
KIT426: shows [Ac Kc] (two pair, Aces and Kings)
LeftHookLen: shows [6c 6s] (a pair of Sixes)
KIT426 collected $15.68 from pot
*** SUMMARY ***
Total pot $16 | Rake $0.32
Board [Qc 9d 2s Ah Ks]
Seat 2: LeftHookLen (button) (small blind) showed [6c 6s] and lost with a pair of Sixes
Seat 3: KIT426 (big blind) showed [Ac Kc] and won ($15.68) with two pair, Aces and Kings


PokerStars Hand #173486903135:  Hold'em Limit ($3/$6 USD) - 2017/07/25 9:11:29 ET
Table 'Hyperborea' 6-max Seat #4 is the button
Seat 4: Kosova1968 ($44.49 in chips)
Seat 5: scorpio04 ($170.83 in chips)
Kosova1968: posts small blind $1
scorpio04: posts big blind $3
*** HOLE CARDS ***
KIT426 leaves the table
Kosova1968: folds
Uncalled bet ($2) returned to scorpio04
scorpio04 collected $2 from pot
scorpio04: doesn't show hand
*** SUMMARY ***
Total pot $2 | Rake $0
Seat 4: Kosova1968 (button) (small blind) folded before Flop
Seat 5: scorpio04 (big blind) collected ($2)


PokerStars Hand #173486910397:  Hold'em Limit ($3/$6 USD) - 2017/07/25 9:11:43 ET
Table 'Hyperborea' 6-max Seat #5 is the button
Seat 4: Kosova1968 ($43.49 in chips)
Seat 5: scorpio04 ($171.83 in chips)
scorpio04: posts small blind $1
Kosova1968: posts big blind $3
*** HOLE CARDS ***
scorpio04: raises $3 to $6
Kosova1968: calls $3
*** FLOP *** [Jd 7c 7s]
Kosova1968: bets $3
scorpio04: folds
Uncalled bet ($3) returned to Kosova1968
Kosova1968 collected $11.76 from pot
*** SUMMARY ***
Total pot $12 | Rake $0.24
Board [Jd 7c 7s]
Seat 4: Kosova1968 (big blind) collected ($11.76)
Seat 5: scorpio04 (button) (small blind) folded on the Flop


PokerStars Hand #173486932822:  Hold'em Limit ($3/$6 USD) - 2017/07/25 9:12:27 ET
Table 'Hyperborea' 6-max Seat #4 is the button
Seat 4: Kosova1968 ($49.25 in chips)
Seat 5: scorpio04 ($165.83 in chips)
Kosova1968: posts small blind $1
scorpio04: posts big blind $3
*** HOLE CARDS ***
Kosova1968 has timed out while being disconnected
Kosova1968: folds
Uncalled bet ($2) returned to scorpio04
scorpio04 collected $2 from pot
scorpio04: doesn't show hand
*** SUMMARY ***
Total pot $2 | Rake $0
Seat 4: Kosova1968 (button) (small blind) folded before Flop
Seat 5: scorpio04 (big blind) collected ($2)


PokerStars Hand #173486991356:  Hold'em Limit ($3/$6 USD) - 2017/07/25 9:14:20 ET
Table 'Hyperborea' 6-max Seat #4 is the button
Seat 4: Kosova1968 ($80.75 in chips)
Seat 5: scorpio04 ($150 in chips)
Kosova1968: posts small blind $1
scorpio04: posts big blind $3
*** HOLE CARDS ***
Kosova1968: raises $3 to $6
scorpio04: raises $3 to $9
Kosova1968: calls $3
*** FLOP *** [7d 2s 9s]
scorpio04: bets $3
Kosova1968: calls $3
*** TURN *** [7d 2s 9s] [4c]
scorpio04: bets $6
Kosova1968: raises $6 to $12
scorpio04: calls $6
*** RIVER *** [7d 2s 9s 4c] [2d]
scorpio04: checks
Kosova1968: bets $6
scorpio04: calls $6
*** SHOW DOWN ***
Kosova1968: shows [4s 8c] (two pair, Fours and Deuces)
scorpio04: shows [7c Ac] (two pair, Sevens and Deuces)
scorpio04 collected $59.50 from pot
*** SUMMARY ***
Total pot $60 | Rake $0.50
Board [7d 2s 9s 4c 2d]
Seat 4: Kosova1968 (button) (small blind) showed [4s 8c] and lost with two pair, Fours and Deuces
Seat 5: scorpio04 (big blind) showed [7c Ac] and won ($59.50) with two pair, Sevens and Deuces


PokerStars Hand #173486959167:  Hold'em Limit ($3/$6 USD) - 2017/07/25 9:13:18 ET
Table 'Hyperborea' 6-max Seat #5 is the button
Seat 4: Kosova1968 ($48.25 in chips)
Seat 5: scorpio04 ($166.83 in chips)
scorpio04: posts small blind $1
Kosova1968: posts big blind $3
*** HOLE CARDS ***
scorpio04: raises $3 to $6
AA_ILI joins the table at seat #3
Kosova1968: calls $3
*** FLOP *** [9d 4d 3h]
Kosova1968: checks
scorpio04: bets $3
Kosova1968: calls $3
*** TURN *** [9d 4d 3h] [Tc]
Kosova1968: bets $6
scorpio04: raises $6 to $12
Kosova1968: calls $6
*** RIVER *** [9d 4d 3h Tc] [Th]
Kosova1968: bets $6
scorpio04: raises $6 to $12
Kosova1968: calls $6
*** SHOW DOWN ***
scorpio04: shows [8c Js] (a pair of Tens)
Kosova1968: shows [Ts Jd] (three of a kind, Tens)
Kosova1968 collected $65.50 from pot
*** SUMMARY ***
Total pot $66 | Rake $0.50
Board [9d 4d 3h Tc Th]
Seat 4: Kosova1968 (big blind) showed [Ts Jd] and won ($65.50) with three of a kind, Tens
Seat 5: scorpio04 (button) (small blind) showed [8c Js] and lost with a pair of Tens


PokerStars Hand #173487302843:  Hold'em Limit ($3/$6 USD) - 2017/07/25 9:24:13 ET
Table 'Hyperborea' 6-max Seat #5 is the button
Seat 4: Kosova1968 ($154.31 in chips)
Seat 5: scorpio04 ($150 in chips)
scorpio04: posts small blind $1
Kosova1968: posts big blind $3
*** HOLE CARDS ***
scorpio04: raises $3 to $6
Kosova1968: calls $3
*** FLOP *** [5s 5c Tc]
Kosova1968: bets $3
scorpio04: calls $3
*** TURN *** [5s 5c Tc] [Qd]
Kosova1968: checks
scorpio04: bets $6
Kosova1968: calls $6
*** RIVER *** [5s 5c Tc Qd] [4h]
Kosova1968: checks
scorpio04: checks
*** SHOW DOWN ***
Kosova1968: shows [Kd Ad] (a pair of Fives)
scorpio04: mucks hand
Kosova1968 collected $29.50 from pot
*** SUMMARY ***
Total pot $30 | Rake $0.50
Board [5s 5c Tc Qd 4h]
Seat 4: Kosova1968 (big blind) showed [Kd Ad] and won ($29.50) with a pair of Fives
Seat 5: scorpio04 (button) (small blind) mucked


PokerStars Hand #173487313023:  Hold'em Limit ($3/$6 USD) - 2017/07/25 9:24:33 ET
Table 'Hyperborea' 6-max Seat #4 is the button
Seat 4: Kosova1968 ($168.81 in chips)
Seat 5: scorpio04 ($150 in chips)
Kosova1968: posts small blind $1
scorpio04: posts big blind $3
*** HOLE CARDS ***
Kosova1968: raises $3 to $6
scorpio04: raises $3 to $9
Kosova1968: calls $3
*** FLOP *** [Kd 8s 7s]
scorpio04: bets $3
Kosova1968: calls $3
*** TURN *** [Kd 8s 7s] [3s]
scorpio04: bets $6
Kosova1968 is disconnected
Kosova1968 has timed out while disconnected
Kosova1968: folds
Uncalled bet ($6) returned to scorpio04
scorpio04 collected $23.52 from pot
scorpio04: doesn't show hand
*** SUMMARY ***
Total pot $24 | Rake $0.48
Board [Kd 8s 7s 3s]
Seat 4: Kosova1968 (button) (small blind) folded on the Turn
Seat 5: scorpio04 (big blind) collected ($23.52)


PokerStars Hand #173487373453:  Hold'em Limit ($3/$6 USD) - 2017/07/25 9:26:29 ET
Table 'Hyperborea' 6-max Seat #5 is the button
Seat 4: Kosova1968 ($156.81 in chips)
Seat 5: scorpio04 ($161.52 in chips)
scorpio04: posts small blind $1
Kosova1968: posts big blind $3
*** HOLE CARDS ***
scorpio04: raises $3 to $6
Kosova1968: raises $3 to $9
scorpio04: calls $3
*** FLOP *** [5d 7s 3s]
Kosova1968: bets $3
scorpio04: calls $3
*** TURN *** [5d 7s 3s] [Th]
Kosova1968: bets $6
scorpio04: raises $6 to $12
Kosova1968: raises $6 to $18
scorpio04: calls $6
*** RIVER *** [5d 7s 3s Th] [8s]
Kosova1968: checks
scorpio04: checks
*** SHOW DOWN ***
Kosova1968: shows [Ad 6c] (high card Ace)
scorpio04: shows [9d 9c] (a pair of Nines)
scorpio04 collected $59.50 from pot
*** SUMMARY ***
Total pot $60 | Rake $0.50
Board [5d 7s 3s Th 8s]
Seat 4: Kosova1968 (big blind) showed [Ad 6c] and lost with high card Ace
Seat 5: scorpio04 (button) (small blind) showed [9d 9c] and won ($59.50) with a pair of Nines


PokerStars Hand #173487391051:  Hold'em Limit ($3/$6 USD) - 2017/07/25 9:27:03 ET
Table 'Hyperborea' 6-max Seat #4 is the button
Seat 4: Kosova1968 ($126.81 in chips)
Seat 5: scorpio04 ($191.02 in chips)
Kosova1968: posts small blind $1
scorpio04: posts big blind $3
*** HOLE CARDS ***
MATEKATA2 joins the table at seat #1
MATEKATA2 leaves the table
Kosova1968 has timed out
Kosova1968: folds
Uncalled bet ($2) returned to scorpio04
scorpio04 collected $2 from pot
scorpio04: doesn't show hand
*** SUMMARY ***
Total pot $2 | Rake $0
Seat 4: Kosova1968 (button) (small blind) folded before Flop
Seat 5: scorpio04 (big blind) collected ($2)


PokerStars Hand #173487401594:  Hold'em Limit ($3/$6 USD) - 2017/07/25 9:27:23 ET
Table 'Hyperborea' 6-max Seat #5 is the button
Seat 4: Kosova1968 ($125.81 in chips)
Seat 5: scorpio04 ($192.02 in chips)
scorpio04: posts small blind $1
Kosova1968: posts big blind $3
*** HOLE CARDS ***
scorpio04: raises $3 to $6
Kosova1968: calls $3
*** FLOP *** [4s 2c Th]
Kosova1968: checks
scorpio04: bets $3
Kosova1968: calls $3
*** TURN *** [4s 2c Th] [Jc]
Kosova1968: checks
scorpio04: bets $6
Kosova1968: calls $6
*** RIVER *** [4s 2c Th Jc] [Qh]
Kosova1968: checks
scorpio04: bets $6
Kosova1968: calls $6
*** SHOW DOWN ***
scorpio04: shows [Ad Js] (a pair of Jacks)
Kosova1968: shows [5h 4c] (a pair of Fours)
scorpio04 collected $41.50 from pot
*** SUMMARY ***
Total pot $42 | Rake $0.50
Board [4s 2c Th Jc Qh]
Seat 4: Kosova1968 (big blind) showed [5h 4c] and lost with a pair of Fours
Seat 5: scorpio04 (button) (small blind) showed [Ad Js] and won ($41.50) with a pair of Jacks


PokerStars Hand #173487418386:  Hold'em Limit ($3/$6 USD) - 2017/07/25 9:27:55 ET
Table 'Hyperborea' 6-max Seat #4 is the button
Seat 4: Kosova1968 ($104.81 in chips)
Seat 5: scorpio04 ($212.52 in chips)
Kosova1968: posts small blind $1
scorpio04: posts big blind $3
*** HOLE CARDS ***
Kosova1968: calls $2
scorpio04: raises $3 to $6
Kosova1968: calls $3
*** FLOP *** [Td 3c Qs]
scorpio04: bets $3
Kosova1968: calls $3
*** TURN *** [Td 3c Qs] [2c]
scorpio04: bets $6
Kosova1968: calls $6
*** RIVER *** [Td 3c Qs 2c] [Qd]
scorpio04: bets $6
Kosova1968: calls $6
*** SHOW DOWN ***
scorpio04: shows [5h Th] (two pair, Queens and Tens)
Kosova1968: mucks hand
scorpio04 collected $41.50 from pot
*** SUMMARY ***
Total pot $42 | Rake $0.50
Board [Td 3c Qs 2c Qd]
Seat 4: Kosova1968 (button) (small blind) mucked
Seat 5: scorpio04 (big blind) showed [5h Th] and won ($41.50) with two pair, Queens and Tens


PokerStars Hand #173487444157:  Hold'em Limit ($3/$6 USD) - 2017/07/25 9:28:44 ET
Table 'Hyperborea' 6-max Seat #5 is the button
Seat 4: Kosova1968 ($83.81 in chips)
Seat 5: scorpio04 ($233.02 in chips)
scorpio04: posts small blind $1
Kosova1968: posts big blind $3
*** HOLE CARDS ***
scorpio04: raises $3 to $6
Kosova1968: calls $3
*** FLOP *** [2h 9h Qs]
Kosova1968: checks
scorpio04: bets $3
Kosova1968: calls $3
*** TURN *** [2h 9h Qs] [5s]
Kosova1968: checks
scorpio04: bets $6
Kosova1968: raises $6 to $12
scorpio04: folds
Uncalled bet ($6) returned to Kosova1968
Kosova1968 collected $29.50 from pot
*** SUMMARY ***
Total pot $30 | Rake $0.50
Board [2h 9h Qs 5s]
Seat 4: Kosova1968 (big blind) collected ($29.50)
Seat 5: scorpio04 (button) (small blind) folded on the Turn


PokerStars Hand #173487468888:  Hold'em Limit ($3/$6 USD) - 2017/07/25 9:29:31 ET
Table 'Hyperborea' 6-max Seat #4 is the button
Seat 4: Kosova1968 ($70.31 in chips)
Seat 5: scorpio04 ($245.52 in chips)
Kosova1968: posts small blind $1
scorpio04: posts big blind $3
*** HOLE CARDS ***
Helseløs joins the table at seat #6
Kosova1968: raises $3 to $6
scorpio04: calls $3
*** FLOP *** [Jd 6c 7c]
scorpio04: checks
Kosova1968: bets $3
scorpio04: folds
Uncalled bet ($3) returned to Kosova1968
Kosova1968 collected $11.76 from pot
*** SUMMARY ***
Total pot $12 | Rake $0.24
Board [Jd 6c 7c]
Seat 4: Kosova1968 (button) (small blind) collected ($11.76)
Seat 5: scorpio04 (big blind) folded on the Flop


PokerStars Hand #173487453500:  Hold'em Limit ($3/$6 USD) - 2017/07/25 9:29:02 ET
Table 'Hyperborea' 6-max Seat #4 is the button
Seat 4: Kosova1968 ($98.31 in chips)
Seat 5: scorpio04 ($218.02 in chips)
Kosova1968: posts small blind $1
scorpio04: posts big blind $3
*** HOLE CARDS ***
Kosova1968: folds
Uncalled bet ($2) returned to scorpio04
scorpio04 collected $2 from pot
scorpio04: doesn't show hand
*** SUMMARY ***
Total pot $2 | Rake $0
Seat 4: Kosova1968 (button) (small blind) folded before Flop
Seat 5: scorpio04 (big blind) collected ($2)


PokerStars Hand #173487456134:  Hold'em Limit ($3/$6 USD) - 2017/07/25 9:29:07 ET
Table 'Hyperborea' 6-max Seat #5 is the button
Seat 4: Kosova1968 ($97.31 in chips)
Seat 5: scorpio04 ($219.02 in chips)
scorpio04: posts small blind $1
Kosova1968: posts big blind $3
*** HOLE CARDS ***
scorpio04: raises $3 to $6
Kosova1968: calls $3
*** FLOP *** [2c 9s Th]
Kosova1968: checks
scorpio04: bets $3
Kosova1968: calls $3
*** TURN *** [2c 9s Th] [9h]
Kosova1968: checks
scorpio04: bets $6
Kosova1968: calls $6
*** RIVER *** [2c 9s Th 9h] [7s]
Kosova1968: bets $6
scorpio04: raises $6 to $12
Kosova1968: calls $6
*** SHOW DOWN ***
scorpio04: shows [8h 6s] (a straight, Six to Ten)
Kosova1968: shows [Td 7d] (two pair, Tens and Nines)
scorpio04 collected $53.50 from pot
*** SUMMARY ***
Total pot $54 | Rake $0.50
Board [2c 9s Th 9h 7s]
Seat 4: Kosova1968 (big blind) showed [Td 7d] and lost with two pair, Tens and Nines
Seat 5: scorpio04 (button) (small blind) showed [8h 6s] and won ($53.50) with a straight, Six to Ten


PokerStars Hand #173488830238:  Hold'em Limit ($3/$6 USD) - 2017/07/25 10:12:49 ET
Table 'Hyperborea' 6-max Seat #5 is the button
Seat 1: Mordnilap ($216.29 in chips)
Seat 5: scorpio04 ($392.08 in chips)
scorpio04: posts small blind $1
Mordnilap: posts big blind $3
*** HOLE CARDS ***
scorpio04: raises $3 to $6
Mordnilap: folds
Uncalled bet ($3) returned to scorpio04
scorpio04 collected $6 from pot
scorpio04: doesn't show hand
*** SUMMARY ***
Total pot $6 | Rake $0
Seat 1: Mordnilap (big blind) folded before Flop
Seat 5: scorpio04 (button) (small blind) collected ($6)


PokerStars Hand #173488826522:  Hold'em Limit ($3/$6 USD) - 2017/07/25 10:12:42 ET
Table 'Hyperborea' 6-max Seat #1 is the button
Seat 1: Mordnilap ($213.29 in chips)
Seat 5: scorpio04 ($395.08 in chips)
Mordnilap: posts small blind $1
scorpio04: posts big blind $3
*** HOLE CARDS ***
Mordnilap: raises $3 to $6
scorpio04: folds
Uncalled bet ($3) returned to Mordnilap
Mordnilap collected $6 from pot
Mordnilap: doesn't show hand
*** SUMMARY ***
Total pot $6 | Rake $0
Seat 1: Mordnilap (button) (small blind) collected ($6)
Seat 5: scorpio04 (big blind) folded before Flop


PokerStars Hand #173488997132:  Hold'em Limit ($3/$6 USD) - 2017/07/25 10:17:49 ET
Table 'Hyperborea' 6-max Seat #1 is the button
Seat 1: Mordnilap ($213.29 in chips)
Seat 4: Kosova1968 ($15.02 in chips)
Mordnilap: posts small blind $1
Kosova1968: posts big blind $3
*** HOLE CARDS ***
Mordnilap: raises $3 to $6
Kosova1968: calls $3
*** FLOP *** [6h 8c 7s]
Kosova1968: bets $3
Mordnilap: calls $3
*** TURN *** [6h 8c 7s] [Tc]
Kosova1968: bets $6
Mordnilap: raises $6 to $12
Kosova1968: calls $0.02 and is all-in
Uncalled bet ($5.98) returned to Mordnilap
*** RIVER *** [6h 8c 7s Tc] [Ac]
*** SHOW DOWN ***
Kosova1968: shows [5h 3s] (high card Ace)
Mordnilap: shows [7d 5c] (a pair of Sevens)
Mordnilap collected $29.54 from pot
*** SUMMARY ***
Total pot $30.04 | Rake $0.50
Board [6h 8c 7s Tc Ac]
Seat 1: Mordnilap (button) (small blind) showed [7d 5c] and won ($29.54) with a pair of Sevens
Seat 4: Kosova1968 (big blind) showed [5h 3s] and lost with high card Ace


PokerStars Hand #173491214726:  Hold'em Limit ($3/$6 USD) - 2017/07/25 11:22:29 ET
Table 'Hyperborea' 6-max Seat #3 is the button
Seat 3: Rus29APX ($128.64 in chips)
Seat 4: KIT426 ($111 in chips)
Rus29APX: posts small blind $1
KIT426: posts big blind $3
*** HOLE CARDS ***
Rus29APX: raises $3 to $6
KIT426: folds
Uncalled bet ($3) returned to Rus29APX
Rus29APX collected $6 from pot
Rus29APX: doesn't show hand
*** SUMMARY ***
Total pot $6 | Rake $0
Seat 3: Rus29APX (button) (small blind) collected ($6)
Seat 4: KIT426 (big blind) folded before Flop


PokerStars Hand #173491188734:  Hold'em Limit ($3/$6 USD) - 2017/07/25 11:21:45 ET
Table 'Hyperborea' 6-max Seat #4 is the button
Seat 3: Rus29APX ($120 in chips)
Seat 4: KIT426 ($120 in chips)
KIT426: posts small blind $1
Rus29APX: posts big blind $3
*** HOLE CARDS ***
KIT426: calls $2
Rus29APX: raises $3 to $6
KIT426: calls $3
*** FLOP *** [3d Tc 5d]
AzureCaper joins the table at seat #5
Rus29APX: bets $3
KIT426: calls $3
*** TURN *** [3d Tc 5d] [4c]
Rus29APX: bets $6
KIT426: folds
Uncalled bet ($6) returned to Rus29APX
Rus29APX collected $17.64 from pot
Rus29APX: doesn't show hand
*** SUMMARY ***
Total pot $18 | Rake $0.36
Board [3d Tc 5d 4c]
Seat 3: Rus29APX (big blind) collected ($17.64)
Seat 4: KIT426 (button) (small blind) folded on the Turn


PokerStars Hand #173492495316:  Hold'em Limit ($3/$6 USD) - 2017/07/25 11:57:23 ET
Table 'Hyperborea' 6-max Seat #5 is the button
Seat 4: KIT426 ($313.06 in chips)
Seat 5: AzureCaper ($131.79 in chips)
AzureCaper: posts small blind $1
KIT426: posts big blind $3
*** HOLE CARDS ***
AzureCaper: raises $3 to $6
rascal_319 leaves the table
KIT426: folds
Uncalled bet ($3) returned to AzureCaper
AzureCaper collected $6 from pot
AzureCaper: doesn't show hand
*** SUMMARY ***
Total pot $6 | Rake $0
Seat 4: KIT426 (big blind) folded before Flop
Seat 5: AzureCaper (button) (small blind) collected ($6)


