PokerStars Hand #157765761552:  Hold'em Limit ($3/$6 USD) - 2016/08/26 12:22:54 ET
Table 'Hyperion II' 6-max Seat #3 is the button
Seat 3: threeeyejack ($120 in chips)
Seat 4: Agrotait ($72 in chips)
threeeyejack: posts small blind $1
Agrotait: posts big blind $3
*** HOLE CARDS ***
threeeyejack: raises $3 to $6
AzureCaper joins the table at seat #5
Agrotait: calls $3
*** FLOP *** [6d 2s 2h]
Agrotait: checks
threeeyejack: bets $3
Agrotait: folds
Uncalled bet ($3) returned to threeeyejack
threeeyejack collected $11.76 from pot
threeeyejack: doesn't show hand
*** SUMMARY ***
Total pot $12 | Rake $0.24
Board [6d 2s 2h]
Seat 3: threeeyejack (button) (small blind) collected ($11.76)
Seat 4: Agrotait (big blind) folded on the Flop


PokerStars Hand #157767494432:  Hold'em Limit ($3/$6 USD) - 2016/08/26 13:10:18 ET
Table 'Hyperion II' 6-max Seat #5 is the button
Seat 3: threeeyejack ($88.07 in chips)
Seat 5: AzureCaper ($133.40 in chips)
BuzovaPro will be allowed to play after the button
AzureCaper: posts small blind $1
threeeyejack: posts big blind $3
*** HOLE CARDS ***
AzureCaper: raises $3 to $6
threeeyejack: calls $3
*** FLOP *** [6h 9c 2h]
Krazy90 joins the table at seat #6
threeeyejack: checks
AzureCaper: bets $3
Krazy90 leaves the table
threeeyejack: raises $3 to $6
AzureCaper: calls $3
*** TURN *** [6h 9c 2h] [5c]
threeeyejack: bets $6
AzureCaper: calls $6
*** RIVER *** [6h 9c 2h 5c] [Qc]
threeeyejack: bets $6
AzureCaper: raises $6 to $12
threeeyejack: calls $6
*** SHOW DOWN ***
AzureCaper: shows [Jc 2c] (a flush, Queen high)
threeeyejack: mucks hand
AzureCaper collected $59.50 from pot
*** SUMMARY ***
Total pot $60 | Rake $0.50
Board [6h 9c 2h 5c Qc]
Seat 3: threeeyejack (big blind) mucked
Seat 5: AzureCaper (button) (small blind) showed [Jc 2c] and won ($59.50) with a flush, Queen high


PokerStars Hand #157772270626:  Hold'em Limit ($3/$6 USD) - 2016/08/26 15:11:20 ET
Table 'Hyperion II' 6-max Seat #6 is the button
Seat 5: threeeyejack ($110.72 in chips)
Seat 6: tangxueke ($116.17 in chips)
tangxueke: posts small blind $1
Krazy90: is sitting out
threeeyejack: posts big blind $3
*** HOLE CARDS ***
Krazy90 leaves the table
tangxueke: raises $3 to $6
threeeyejack: raises $3 to $9
tangxueke: calls $3
*** FLOP *** [2d 9c Td]
threeeyejack: bets $3
tangxueke: raises $3 to $6
threeeyejack: calls $3
*** TURN *** [2d 9c Td] [Js]
threeeyejack: checks
tangxueke: bets $6
threeeyejack: calls $6
*** RIVER *** [2d 9c Td Js] [3c]
threeeyejack: checks
tangxueke: bets $6
threeeyejack: folds
Uncalled bet ($6) returned to tangxueke
tangxueke collected $41.50 from pot
tangxueke: doesn't show hand
*** SUMMARY ***
Total pot $42 | Rake $0.50
Board [2d 9c Td Js 3c]
Seat 5: threeeyejack (big blind) folded on the River
Seat 6: tangxueke (button) (small blind) collected ($41.50)


PokerStars Hand #157772301046:  Hold'em Limit ($3/$6 USD) - 2016/08/26 15:12:01 ET
Table 'Hyperion II' 6-max Seat #6 is the button
Seat 5: threeeyejack ($88.72 in chips)
Seat 6: tangxueke ($137.67 in chips)
tangxueke: posts small blind $1
threeeyejack: posts big blind $3
*** HOLE CARDS ***
tangxueke: folds
Uncalled bet ($2) returned to threeeyejack
threeeyejack collected $2 from pot
threeeyejack: doesn't show hand
*** SUMMARY ***
Total pot $2 | Rake $0
Seat 5: threeeyejack (big blind) collected ($2)
Seat 6: tangxueke (button) (small blind) folded before Flop


PokerStars Hand #157772310314:  Hold'em Limit ($3/$6 USD) - 2016/08/26 15:12:14 ET
Table 'Hyperion II' 6-max Seat #5 is the button
Seat 5: threeeyejack ($89.72 in chips)
Seat 6: tangxueke ($136.67 in chips)
threeeyejack: posts small blind $1
tangxueke: posts big blind $3
*** HOLE CARDS ***
threeeyejack: raises $3 to $6
tangxueke: folds
Uncalled bet ($3) returned to threeeyejack
threeeyejack collected $6 from pot
threeeyejack: doesn't show hand
*** SUMMARY ***
Total pot $6 | Rake $0
Seat 5: threeeyejack (button) (small blind) collected ($6)
Seat 6: tangxueke (big blind) folded before Flop


PokerStars Hand #157772317858:  Hold'em Limit ($3/$6 USD) - 2016/08/26 15:12:25 ET
Table 'Hyperion II' 6-max Seat #6 is the button
Seat 5: threeeyejack ($92.72 in chips)
Seat 6: tangxueke ($133.67 in chips)
tangxueke: posts small blind $1
threeeyejack: posts big blind $3
*** HOLE CARDS ***
tangxueke: folds
Uncalled bet ($2) returned to threeeyejack
threeeyejack collected $2 from pot
threeeyejack: doesn't show hand
*** SUMMARY ***
Total pot $2 | Rake $0
Seat 5: threeeyejack (big blind) collected ($2)
Seat 6: tangxueke (button) (small blind) folded before Flop


PokerStars Hand #157772296877:  Hold'em Limit ($3/$6 USD) - 2016/08/26 15:11:56 ET
Table 'Hyperion II' 6-max Seat #5 is the button
Seat 5: threeeyejack ($89.72 in chips)
Seat 6: tangxueke ($136.67 in chips)
threeeyejack: posts small blind $1
tangxueke: posts big blind $3
*** HOLE CARDS ***
threeeyejack: folds
Uncalled bet ($2) returned to tangxueke
tangxueke collected $2 from pot
tangxueke: doesn't show hand
*** SUMMARY ***
Total pot $2 | Rake $0
Seat 5: threeeyejack (button) (small blind) folded before Flop
Seat 6: tangxueke (big blind) collected ($2)


PokerStars Hand #157772322876:  Hold'em Limit ($3/$6 USD) - 2016/08/26 15:12:31 ET
Table 'Hyperion II' 6-max Seat #5 is the button
Seat 5: threeeyejack ($93.72 in chips)
Seat 6: tangxueke ($132.67 in chips)
threeeyejack: posts small blind $1
tangxueke: posts big blind $3
*** HOLE CARDS ***
threeeyejack: raises $3 to $6
tangxueke: raises $3 to $9
threeeyejack: calls $3
*** FLOP *** [3c 3d 3h]
tangxueke: bets $3
threeeyejack: raises $3 to $6
tangxueke: raises $3 to $9
threeeyejack: calls $3
*** TURN *** [3c 3d 3h] [Tc]
tangxueke: bets $6
threeeyejack: calls $6
*** RIVER *** [3c 3d 3h Tc] [Kd]
tangxueke: checks
threeeyejack: checks
*** SHOW DOWN ***
tangxueke: shows [9d 9c] (a full house, Threes full of Nines)
threeeyejack: mucks hand
tangxueke collected $47.50 from pot
*** SUMMARY ***
Total pot $48 | Rake $0.50
Board [3c 3d 3h Tc Kd]
Seat 5: threeeyejack (button) (small blind) mucked
Seat 6: tangxueke (big blind) showed [9d 9c] and won ($47.50) with a full house, Threes full of Nines


PokerStars Hand #157783793722:  Hold'em Limit ($3/$6 USD) - 2016/08/26 19:55:01 ET
Table 'Hyperion II' 6-max Seat #1 is the button
Seat 1: AzureCaper ($206.10 in chips)
Seat 3: RaisemyNut$ ($65.76 in chips)
AzureCaper: posts small blind $1
RaisemyNut$: posts big blind $3
*** HOLE CARDS ***
AzureCaper: folds
Uncalled bet ($2) returned to RaisemyNut$
RaisemyNut$ collected $2 from pot
RaisemyNut$: doesn't show hand
*** SUMMARY ***
Total pot $2 | Rake $0
Seat 1: AzureCaper (button) (small blind) folded before Flop
Seat 3: RaisemyNut$ (big blind) collected ($2)


PokerStars Hand #157783787100:  Hold'em Limit ($3/$6 USD) - 2016/08/26 19:54:48 ET
Table 'Hyperion II' 6-max Seat #3 is the button
Seat 1: AzureCaper ($212.10 in chips)
Seat 3: RaisemyNut$ ($60 in chips)
RaisemyNut$: posts small blind $1
AzureCaper: posts big blind $3
*** HOLE CARDS ***
aussiestud69 leaves the table
RaisemyNut$: raises $3 to $6
AzureCaper: calls $3
*** FLOP *** [9d Qc 8s]
AzureCaper: checks
RaisemyNut$: bets $3
AzureCaper: folds
Uncalled bet ($3) returned to RaisemyNut$
RaisemyNut$ collected $11.76 from pot
RaisemyNut$: doesn't show hand
*** SUMMARY ***
Total pot $12 | Rake $0.24
Board [9d Qc 8s]
Seat 1: AzureCaper (big blind) folded on the Flop
Seat 3: RaisemyNut$ (button) (small blind) collected ($11.76)


