PokerStars Hand #168954817822:  Hold'em Limit ($3/$6 USD) - 2017/04/12 18:31:13 ET
Table 'Hyperenor II' 6-max Seat #2 is the button
Seat 2: Excelencja ($64.80 in chips)
Seat 6: RaisemyNut$ ($135.47 in chips)
Excelencja: posts small blind $1
ToDaFelt: is sitting out
RaisemyNut$: posts big blind $3
*** HOLE CARDS ***
Excelencja: raises $3 to $6
RaisemyNut$: calls $3
*** FLOP *** [4s 3h 5c]
RaisemyNut$: checks
Excelencja: bets $3
RaisemyNut$: raises $3 to $6
Excelencja: calls $3
*** TURN *** [4s 3h 5c] [5h]
RaisemyNut$: bets $6
Excelencja: calls $6
*** RIVER *** [4s 3h 5c 5h] [4d]
RaisemyNut$: bets $6
Excelencja: calls $6
*** SHOW DOWN ***
RaisemyNut$: shows [Qs 3d] (two pair, Fives and Fours)
Excelencja: shows [Kc 2c] (two pair, Fives and Fours - King kicker)
Excelencja collected $47.50 from pot
*** SUMMARY ***
Total pot $48 | Rake $0.50
Board [4s 3h 5c 5h 4d]
Seat 2: Excelencja (button) (small blind) showed [Kc 2c] and won ($47.50) with two pair, Fives and Fours
Seat 6: RaisemyNut$ (big blind) showed [Qs 3d] and lost with two pair, Fives and Fours


PokerStars Hand #168954835287:  Hold'em Limit ($3/$6 USD) - 2017/04/12 18:31:37 ET
Table 'Hyperenor II' 6-max Seat #6 is the button
Seat 2: Excelencja ($88.30 in chips)
Seat 6: RaisemyNut$ ($111.47 in chips)
RaisemyNut$: posts small blind $1
Excelencja: posts big blind $3
*** HOLE CARDS ***
RaisemyNut$: raises $3 to $6
Excelencja: calls $3
*** FLOP *** [2c 2s 5s]
Excelencja: checks
RaisemyNut$: bets $3
Excelencja: calls $3
*** TURN *** [2c 2s 5s] [6h]
Excelencja: checks
RaisemyNut$: bets $6
Excelencja: raises $6 to $12
RaisemyNut$: raises $6 to $18
Excelencja: calls $6
*** RIVER *** [2c 2s 5s 6h] [3s]
Excelencja: checks
RaisemyNut$: bets $6
Excelencja: calls $6
*** SHOW DOWN ***
RaisemyNut$: shows [7c 7s] (two pair, Sevens and Deuces)
Excelencja: mucks hand
RaisemyNut$ collected $65.50 from pot
*** SUMMARY ***
Total pot $66 | Rake $0.50
Board [2c 2s 5s 6h 3s]
Seat 2: Excelencja (big blind) mucked
Seat 6: RaisemyNut$ (button) (small blind) showed [7c 7s] and won ($65.50) with two pair, Sevens and Deuces


