PokerStars Hand #176435729366:  Hold'em Limit ($3/$6 USD) - 2017/10/03 9:48:51 ET
Table 'Hypsipyle' 6-max Seat #2 is the button
Seat 2: Stingeling ($64.10 in chips)
Seat 3: masterblstr8 ($116.25 in chips)
Stingeling: posts small blind $1
masterblstr8: posts big blind $3
*** HOLE CARDS ***
Stingeling: raises $3 to $6
masterblstr8: folds
Uncalled bet ($3) returned to Stingeling
Stingeling collected $6 from pot
Stingeling: doesn't show hand
*** SUMMARY ***
Total pot $6 | Rake $0
Seat 2: Stingeling (button) (small blind) collected ($6)
Seat 3: masterblstr8 (big blind) folded before Flop


PokerStars Hand #176435724346:  Hold'em Limit ($3/$6 USD) - 2017/10/03 9:48:42 ET
Table 'Hypsipyle' 6-max Seat #3 is the button
Seat 2: Stingeling ($70.10 in chips)
Seat 3: masterblstr8 ($110.49 in chips)
masterblstr8: posts small blind $1
uglyghost101: is sitting out
Stingeling: posts big blind $3
*** HOLE CARDS ***
masterblstr8: raises $3 to $6
Stingeling: calls $3
*** FLOP *** [6s 7s Js]
Stingeling: checks
masterblstr8: bets $3
uglyghost101 leaves the table
Stingeling: folds
Uncalled bet ($3) returned to masterblstr8
masterblstr8 collected $11.76 from pot
masterblstr8: doesn't show hand
*** SUMMARY ***
Total pot $12 | Rake $0.24
Board [6s 7s Js]
Seat 2: Stingeling (big blind) folded on the Flop
Seat 3: masterblstr8 (button) (small blind) collected ($11.76)


PokerStars Hand #176435762169:  Hold'em Limit ($3/$6 USD) - 2017/10/03 9:49:50 ET
Table 'Hypsipyle' 6-max Seat #3 is the button
Seat 2: Stingeling ($122.76 in chips)
Seat 3: masterblstr8 ($56.25 in chips)
masterblstr8: posts small blind $1
Stingeling: posts big blind $3
*** HOLE CARDS ***
masterblstr8: raises $3 to $6
Stingeling: folds
Uncalled bet ($3) returned to masterblstr8
masterblstr8 collected $6 from pot
masterblstr8: doesn't show hand
*** SUMMARY ***
Total pot $6 | Rake $0
Seat 2: Stingeling (big blind) folded before Flop
Seat 3: masterblstr8 (button) (small blind) collected ($6)


PokerStars Hand #176435748397:  Hold'em Limit ($3/$6 USD) - 2017/10/03 9:49:25 ET
Table 'Hypsipyle' 6-max Seat #2 is the button
Seat 2: Stingeling ($90.26 in chips)
Seat 3: masterblstr8 ($89.25 in chips)
Stingeling: posts small blind $1
masterblstr8: posts big blind $3
*** HOLE CARDS ***
Stingeling: raises $3 to $6
masterblstr8: calls $3
*** FLOP *** [7d 3s Kh]
masterblstr8: checks
Stingeling: bets $3
masterblstr8: raises $3 to $6
Stingeling: raises $3 to $9
masterblstr8: calls $3
*** TURN *** [7d 3s Kh] [5s]
masterblstr8: checks
Stingeling: bets $6
masterblstr8: raises $6 to $12
Stingeling: calls $6
*** RIVER *** [7d 3s Kh 5s] [2c]
masterblstr8: bets $6
Stingeling: calls $6
*** SHOW DOWN ***
masterblstr8: shows [4s Js] (high card King)
Stingeling: shows [Ks Tc] (a pair of Kings)
Stingeling collected $65.50 from pot
*** SUMMARY ***
Total pot $66 | Rake $0.50
Board [7d 3s Kh 5s 2c]
Seat 2: Stingeling (button) (small blind) showed [Ks Tc] and won ($65.50) with a pair of Kings
Seat 3: masterblstr8 (big blind) showed [4s Js] and lost with high card King


PokerStars Hand #176435742103:  Hold'em Limit ($3/$6 USD) - 2017/10/03 9:49:14 ET
Table 'Hypsipyle' 6-max Seat #3 is the button
Seat 2: Stingeling ($81.62 in chips)
Seat 3: masterblstr8 ($98.25 in chips)
masterblstr8: posts small blind $1
Stingeling: posts big blind $3
*** HOLE CARDS ***
masterblstr8: raises $3 to $6
Stingeling: calls $3
*** FLOP *** [As 8c Ac]
Stingeling: checks
masterblstr8: bets $3
Stingeling: calls $3
*** TURN *** [As 8c Ac] [Qh]
Stingeling: checks
masterblstr8: checks
*** RIVER *** [As 8c Ac Qh] [Kh]
Stingeling: checks
masterblstr8: checks
*** SHOW DOWN ***
Stingeling: shows [3c 9c] (a pair of Aces)
masterblstr8: mucks hand
Stingeling collected $17.64 from pot
*** SUMMARY ***
Total pot $18 | Rake $0.36
Board [As 8c Ac Qh Kh]
Seat 2: Stingeling (big blind) showed [3c 9c] and won ($17.64) with a pair of Aces
Seat 3: masterblstr8 (button) (small blind) mucked


PokerStars Hand #176435739320:  Hold'em Limit ($3/$6 USD) - 2017/10/03 9:49:09 ET
Table 'Hypsipyle' 6-max Seat #2 is the button
Seat 2: Stingeling ($78.62 in chips)
Seat 3: masterblstr8 ($101.25 in chips)
Stingeling: posts small blind $1
masterblstr8: posts big blind $3
*** HOLE CARDS ***
Stingeling: raises $3 to $6
masterblstr8: folds
Uncalled bet ($3) returned to Stingeling
Stingeling collected $6 from pot
Stingeling: doesn't show hand
*** SUMMARY ***
Total pot $6 | Rake $0
Seat 2: Stingeling (button) (small blind) collected ($6)
Seat 3: masterblstr8 (big blind) folded before Flop


PokerStars Hand #176435732729:  Hold'em Limit ($3/$6 USD) - 2017/10/03 9:48:57 ET
Table 'Hypsipyle' 6-max Seat #3 is the button
Seat 2: Stingeling ($67.10 in chips)
Seat 3: masterblstr8 ($113.25 in chips)
masterblstr8: posts small blind $1
Stingeling: posts big blind $3
*** HOLE CARDS ***
masterblstr8: raises $3 to $6
Stingeling: raises $3 to $9
masterblstr8: calls $3
*** FLOP *** [6d Ks Kh]
Stingeling: bets $3
masterblstr8: calls $3
*** TURN *** [6d Ks Kh] [6h]
Stingeling: bets $6
masterblstr8: folds
Uncalled bet ($6) returned to Stingeling
Stingeling collected $23.52 from pot
Stingeling: doesn't show hand
*** SUMMARY ***
Total pot $24 | Rake $0.48
Board [6d Ks Kh 6h]
Seat 2: Stingeling (big blind) collected ($23.52)
Seat 3: masterblstr8 (button) (small blind) folded on the Turn


PokerStars Hand #176435787523:  Hold'em Limit ($3/$6 USD) - 2017/10/03 9:50:37 ET
Table 'Hypsipyle' 6-max Seat #2 is the button
Seat 2: Stingeling ($96.76 in chips)
Seat 3: masterblstr8 ($81.75 in chips)
Stingeling: posts small blind $1
masterblstr8: posts big blind $3
*** HOLE CARDS ***
Stingeling: folds
Uncalled bet ($2) returned to masterblstr8
masterblstr8 collected $2 from pot
masterblstr8: doesn't show hand
*** SUMMARY ***
Total pot $2 | Rake $0
Seat 2: Stingeling (button) (small blind) folded before Flop
Seat 3: masterblstr8 (big blind) collected ($2)


PokerStars Hand #176435784717:  Hold'em Limit ($3/$6 USD) - 2017/10/03 9:50:32 ET
Table 'Hypsipyle' 6-max Seat #3 is the button
Seat 2: Stingeling ($95.76 in chips)
Seat 3: masterblstr8 ($82.75 in chips)
masterblstr8: posts small blind $1
Stingeling: posts big blind $3
*** HOLE CARDS ***
masterblstr8: folds
Uncalled bet ($2) returned to Stingeling
Stingeling collected $2 from pot
Stingeling: doesn't show hand
*** SUMMARY ***
Total pot $2 | Rake $0
Seat 2: Stingeling (big blind) collected ($2)
Seat 3: masterblstr8 (button) (small blind) folded before Flop


PokerStars Hand #176435768687:  Hold'em Limit ($3/$6 USD) - 2017/10/03 9:50:02 ET
Table 'Hypsipyle' 6-max Seat #2 is the button
Seat 2: Stingeling ($119.76 in chips)
Seat 3: masterblstr8 ($59.25 in chips)
Stingeling: posts small blind $1
masterblstr8: posts big blind $3
*** HOLE CARDS ***
Stingeling: raises $3 to $6
masterblstr8: calls $3
*** FLOP *** [8d 7c 6d]
masterblstr8: bets $3
Stingeling: raises $3 to $6
masterblstr8: calls $3
*** TURN *** [8d 7c 6d] [Ah]
masterblstr8: checks
Stingeling: bets $6
masterblstr8: raises $6 to $12
Stingeling: calls $6
*** RIVER *** [8d 7c 6d Ah] [8h]
masterblstr8: checks
Stingeling: checks
*** SHOW DOWN ***
masterblstr8: shows [Ac 6h] (two pair, Aces and Eights)
Stingeling: mucks hand
masterblstr8 collected $47.50 from pot
*** SUMMARY ***
Total pot $48 | Rake $0.50
Board [8d 7c 6d Ah 8h]
Seat 2: Stingeling (button) (small blind) mucked
Seat 3: masterblstr8 (big blind) showed [Ac 6h] and won ($47.50) with two pair, Aces and Eights


PokerStars Hand #176435820582:  Hold'em Limit ($3/$6 USD) - 2017/10/03 9:51:38 ET
Table 'Hypsipyle' 6-max Seat #3 is the button
Seat 2: Stingeling ($72.76 in chips)
Seat 3: masterblstr8 ($105.01 in chips)
masterblstr8: posts small blind $1
Stingeling: posts big blind $3
*** HOLE CARDS ***
masterblstr8: raises $3 to $6
Stingeling: calls $3
*** FLOP *** [7s 6d As]
Stingeling: checks
masterblstr8: bets $3
Stingeling: folds
Uncalled bet ($3) returned to masterblstr8
masterblstr8 collected $11.76 from pot
masterblstr8: doesn't show hand
*** SUMMARY ***
Total pot $12 | Rake $0.24
Board [7s 6d As]
Seat 2: Stingeling (big blind) folded on the Flop
Seat 3: masterblstr8 (button) (small blind) collected ($11.76)


PokerStars Hand #176435817871:  Hold'em Limit ($3/$6 USD) - 2017/10/03 9:51:33 ET
Table 'Hypsipyle' 6-max Seat #2 is the button
Seat 2: Stingeling ($73.76 in chips)
Seat 3: masterblstr8 ($104.01 in chips)
Stingeling: posts small blind $1
masterblstr8: posts big blind $3
*** HOLE CARDS ***
Stingeling: folds
Uncalled bet ($2) returned to masterblstr8
masterblstr8 collected $2 from pot
masterblstr8: doesn't show hand
*** SUMMARY ***
Total pot $2 | Rake $0
Seat 2: Stingeling (button) (small blind) folded before Flop
Seat 3: masterblstr8 (big blind) collected ($2)


PokerStars Hand #176435812851:  Hold'em Limit ($3/$6 USD) - 2017/10/03 9:51:24 ET
Table 'Hypsipyle' 6-max Seat #3 is the button
Seat 2: Stingeling ($79.76 in chips)
Seat 3: masterblstr8 ($98.25 in chips)
masterblstr8: posts small blind $1
Stingeling: posts big blind $3
*** HOLE CARDS ***
masterblstr8: raises $3 to $6
Stingeling: calls $3
*** FLOP *** [4s 9h 4d]
Stingeling: checks
masterblstr8: bets $3
Stingeling: folds
Uncalled bet ($3) returned to masterblstr8
masterblstr8 collected $11.76 from pot
masterblstr8: doesn't show hand
*** SUMMARY ***
Total pot $12 | Rake $0.24
Board [4s 9h 4d]
Seat 2: Stingeling (big blind) folded on the Flop
Seat 3: masterblstr8 (button) (small blind) collected ($11.76)


PokerStars Hand #176435810338:  Hold'em Limit ($3/$6 USD) - 2017/10/03 9:51:19 ET
Table 'Hypsipyle' 6-max Seat #2 is the button
Seat 2: Stingeling ($80.76 in chips)
Seat 3: masterblstr8 ($97.25 in chips)
Stingeling: posts small blind $1
masterblstr8: posts big blind $3
*** HOLE CARDS ***
Stingeling: folds
Uncalled bet ($2) returned to masterblstr8
masterblstr8 collected $2 from pot
masterblstr8: doesn't show hand
*** SUMMARY ***
Total pot $2 | Rake $0
Seat 2: Stingeling (button) (small blind) folded before Flop
Seat 3: masterblstr8 (big blind) collected ($2)


PokerStars Hand #176435790256:  Hold'em Limit ($3/$6 USD) - 2017/10/03 9:50:42 ET
Table 'Hypsipyle' 6-max Seat #3 is the button
Seat 2: Stingeling ($95.76 in chips)
Seat 3: masterblstr8 ($82.75 in chips)
masterblstr8: posts small blind $1
Stingeling: posts big blind $3
*** HOLE CARDS ***
masterblstr8: raises $3 to $6
Stingeling: calls $3
*** FLOP *** [Ks 7h 5s]
Stingeling: checks
masterblstr8: bets $3
Stingeling: calls $3
*** TURN *** [Ks 7h 5s] [Th]
Stingeling: checks
masterblstr8: bets $6
Stingeling: calls $6
*** RIVER *** [Ks 7h 5s Th] [Qs]
Stingeling: checks
masterblstr8: bets $6
Stingeling: folds
Uncalled bet ($6) returned to masterblstr8
masterblstr8 collected $29.50 from pot
masterblstr8: doesn't show hand
*** SUMMARY ***
Total pot $30 | Rake $0.50
Board [Ks 7h 5s Th Qs]
Seat 2: Stingeling (big blind) folded on the River
Seat 3: masterblstr8 (button) (small blind) collected ($29.50)


PokerStars Hand #176435863262:  Hold'em Limit ($3/$6 USD) - 2017/10/03 9:52:56 ET
Table 'Hypsipyle' 6-max Seat #2 is the button
Seat 2: Stingeling ($89.26 in chips)
Seat 3: masterblstr8 ($87.77 in chips)
Stingeling: posts small blind $1
masterblstr8: posts big blind $3
*** HOLE CARDS ***
Stingeling: raises $3 to $6
masterblstr8: folds
Uncalled bet ($3) returned to Stingeling
Stingeling collected $6 from pot
Stingeling: doesn't show hand
*** SUMMARY ***
Total pot $6 | Rake $0
Seat 2: Stingeling (button) (small blind) collected ($6)
Seat 3: masterblstr8 (big blind) folded before Flop


PokerStars Hand #176435844971:  Hold'em Limit ($3/$6 USD) - 2017/10/03 9:52:22 ET
Table 'Hypsipyle' 6-max Seat #3 is the button
Seat 2: Stingeling ($65.76 in chips)
Seat 3: masterblstr8 ($111.77 in chips)
masterblstr8: posts small blind $1
Stingeling: posts big blind $3
*** HOLE CARDS ***
masterblstr8: raises $3 to $6
Stingeling: calls $3
*** FLOP *** [9d 2c Qd]
Stingeling: checks
masterblstr8: bets $3
Stingeling: raises $3 to $6
masterblstr8: calls $3
*** TURN *** [9d 2c Qd] [9h]
Stingeling: bets $6
masterblstr8: calls $6
*** RIVER *** [9d 2c Qd 9h] [7h]
Stingeling: bets $6
masterblstr8: calls $6
*** SHOW DOWN ***
Stingeling: shows [9s 3s] (three of a kind, Nines)
masterblstr8: mucks hand
Stingeling collected $47.50 from pot
*** SUMMARY ***
Total pot $48 | Rake $0.50
Board [9d 2c Qd 9h 7h]
Seat 2: Stingeling (big blind) showed [9s 3s] and won ($47.50) with three of a kind, Nines
Seat 3: masterblstr8 (button) (small blind) mucked


PokerStars Hand #176435836973:  Hold'em Limit ($3/$6 USD) - 2017/10/03 9:52:08 ET
Table 'Hypsipyle' 6-max Seat #3 is the button
Seat 2: Stingeling ($65.76 in chips)
Seat 3: masterblstr8 ($111.77 in chips)
masterblstr8: posts small blind $1
Stingeling: posts big blind $3
*** HOLE CARDS ***
masterblstr8: raises $3 to $6
Stingeling: folds
Uncalled bet ($3) returned to masterblstr8
masterblstr8 collected $6 from pot
masterblstr8: doesn't show hand
*** SUMMARY ***
Total pot $6 | Rake $0
Seat 2: Stingeling (big blind) folded before Flop
Seat 3: masterblstr8 (button) (small blind) collected ($6)


PokerStars Hand #176435841128:  Hold'em Limit ($3/$6 USD) - 2017/10/03 9:52:15 ET
Table 'Hypsipyle' 6-max Seat #2 is the button
Seat 2: Stingeling ($62.76 in chips)
Seat 3: masterblstr8 ($114.77 in chips)
Stingeling: posts small blind $1
masterblstr8: posts big blind $3
*** HOLE CARDS ***
Stingeling: raises $3 to $6
masterblstr8: folds
Uncalled bet ($3) returned to Stingeling
Stingeling collected $6 from pot
Stingeling: doesn't show hand
*** SUMMARY ***
Total pot $6 | Rake $0
Seat 2: Stingeling (button) (small blind) collected ($6)
Seat 3: masterblstr8 (big blind) folded before Flop


PokerStars Hand #176435867272:  Hold'em Limit ($3/$6 USD) - 2017/10/03 9:53:04 ET
Table 'Hypsipyle' 6-max Seat #3 is the button
Seat 2: Stingeling ($92.26 in chips)
Seat 3: masterblstr8 ($84.77 in chips)
masterblstr8: posts small blind $1
Stingeling: posts big blind $3
*** HOLE CARDS ***
masterblstr8: raises $3 to $6
Stingeling: calls $3
*** FLOP *** [4c Jc Ts]
Stingeling: checks
masterblstr8: bets $3
Stingeling: calls $3
*** TURN *** [4c Jc Ts] [9c]
Stingeling: checks
masterblstr8: bets $6
Stingeling: calls $6
*** RIVER *** [4c Jc Ts 9c] [4s]
Stingeling: checks
masterblstr8: bets $6
Stingeling: folds
Uncalled bet ($6) returned to masterblstr8
masterblstr8 collected $29.50 from pot
masterblstr8: doesn't show hand
*** SUMMARY ***
Total pot $30 | Rake $0.50
Board [4c Jc Ts 9c 4s]
Seat 2: Stingeling (big blind) folded on the River
Seat 3: masterblstr8 (button) (small blind) collected ($29.50)


PokerStars Hand #176435883628:  Hold'em Limit ($3/$6 USD) - 2017/10/03 9:53:34 ET
Table 'Hypsipyle' 6-max Seat #2 is the button
Seat 2: Stingeling ($77.26 in chips)
Seat 3: masterblstr8 ($99.27 in chips)
Stingeling: posts small blind $1
masterblstr8: posts big blind $3
*** HOLE CARDS ***
Stingeling: raises $3 to $6
masterblstr8: folds
Uncalled bet ($3) returned to Stingeling
Stingeling collected $6 from pot
Stingeling: doesn't show hand
*** SUMMARY ***
Total pot $6 | Rake $0
Seat 2: Stingeling (button) (small blind) collected ($6)
Seat 3: masterblstr8 (big blind) folded before Flop


PokerStars Hand #176435887324:  Hold'em Limit ($3/$6 USD) - 2017/10/03 9:53:41 ET
Table 'Hypsipyle' 6-max Seat #3 is the button
Seat 2: Stingeling ($80.26 in chips)
Seat 3: masterblstr8 ($96.27 in chips)
masterblstr8: posts small blind $1
Stingeling: posts big blind $3
*** HOLE CARDS ***
masterblstr8: raises $3 to $6
Stingeling: raises $3 to $9
masterblstr8: raises $3 to $12
Betting is capped
Stingeling: calls $3
*** FLOP *** [6s Ts 3s]
Stingeling: bets $3
masterblstr8: raises $3 to $6
Stingeling: calls $3
*** TURN *** [6s Ts 3s] [Ad]
Stingeling: checks
masterblstr8: bets $6
Stingeling: folds
Uncalled bet ($6) returned to masterblstr8
masterblstr8 collected $35.50 from pot
masterblstr8: doesn't show hand
*** SUMMARY ***
Total pot $36 | Rake $0.50
Board [6s Ts 3s Ad]
Seat 2: Stingeling (big blind) folded on the Turn
Seat 3: masterblstr8 (button) (small blind) collected ($35.50)


PokerStars Hand #176435898101:  Hold'em Limit ($3/$6 USD) - 2017/10/03 9:54:01 ET
Table 'Hypsipyle' 6-max Seat #2 is the button
Seat 2: Stingeling ($62.26 in chips)
Seat 3: masterblstr8 ($113.77 in chips)
Stingeling: posts small blind $1
masterblstr8: posts big blind $3
*** HOLE CARDS ***
Stingeling: calls $2
masterblstr8: raises $3 to $6
Stingeling: calls $3
*** FLOP *** [Qd Ts 5s]
masterblstr8: bets $3
Stingeling: calls $3
*** TURN *** [Qd Ts 5s] [5d]
masterblstr8: bets $6
Stingeling: raises $6 to $12
masterblstr8: folds
Uncalled bet ($6) returned to Stingeling
Stingeling collected $29.50 from pot
Stingeling: doesn't show hand
*** SUMMARY ***
Total pot $30 | Rake $0.50
Board [Qd Ts 5s 5d]
Seat 2: Stingeling (button) (small blind) collected ($29.50)
Seat 3: masterblstr8 (big blind) folded on the Turn


PokerStars Hand #176435906671:  Hold'em Limit ($3/$6 USD) - 2017/10/03 9:54:16 ET
Table 'Hypsipyle' 6-max Seat #3 is the button
Seat 2: Stingeling ($76.76 in chips)
Seat 3: masterblstr8 ($98.77 in chips)
masterblstr8: posts small blind $1
Stingeling: posts big blind $3
*** HOLE CARDS ***
masterblstr8: raises $3 to $6
Stingeling: folds
Uncalled bet ($3) returned to masterblstr8
masterblstr8 collected $6 from pot
masterblstr8: doesn't show hand
Aknid_ joins the table at seat #6
*** SUMMARY ***
Total pot $6 | Rake $0
Seat 2: Stingeling (big blind) folded before Flop
Seat 3: masterblstr8 (button) (small blind) collected ($6)


PokerStars Hand #176435909573:  Hold'em Limit ($3/$6 USD) - 2017/10/03 9:54:22 ET
Table 'Hypsipyle' 6-max Seat #2 is the button
Seat 2: Stingeling ($73.76 in chips)
Seat 3: masterblstr8 ($101.77 in chips)
Stingeling: posts small blind $1
masterblstr8: posts big blind $3
*** HOLE CARDS ***
Stingeling: raises $3 to $6
masterblstr8: raises $3 to $9
vestimokrec joins the table at seat #5
Stingeling: calls $3
*** FLOP *** [9s 3d 6c]
masterblstr8: bets $3
Stingeling: calls $3
*** TURN *** [9s 3d 6c] [6s]
masterblstr8: checks
Stingeling: bets $6
masterblstr8: calls $6
*** RIVER *** [9s 3d 6c 6s] [5d]
masterblstr8: checks
Stingeling: checks
*** SHOW DOWN ***
masterblstr8: shows [Js Kc] (a pair of Sixes)
Stingeling: shows [Ad 3s] (two pair, Sixes and Threes)
Stingeling collected $35.50 from pot
*** SUMMARY ***
Total pot $36 | Rake $0.50
Board [9s 3d 6c 6s 5d]
Seat 2: Stingeling (button) (small blind) showed [Ad 3s] and won ($35.50) with two pair, Sixes and Threes
Seat 3: masterblstr8 (big blind) showed [Js Kc] and lost with a pair of Sixes


PokerStars Hand #176436220464:  Hold'em Limit ($3/$6 USD) - 2017/10/03 10:04:27 ET
Table 'Hypsipyle' 6-max Seat #3 is the button
Seat 2: Stingeling ($127.28 in chips)
Seat 3: masterblstr8 ($59.38 in chips)
masterblstr8: posts small blind $1
vestimokrec: is sitting out
Stingeling: posts big blind $3
*** HOLE CARDS ***
masterblstr8: folds
Uncalled bet ($2) returned to Stingeling
Stingeling collected $2 from pot
Stingeling: doesn't show hand
vestimokrec leaves the table
*** SUMMARY ***
Total pot $2 | Rake $0
Seat 2: Stingeling (big blind) collected ($2)
Seat 3: masterblstr8 (button) (small blind) folded before Flop


PokerStars Hand #176436234419:  Hold'em Limit ($3/$6 USD) - 2017/10/03 10:04:51 ET
Table 'Hypsipyle' 6-max Seat #3 is the button
Seat 2: Stingeling ($92.28 in chips)
Seat 3: masterblstr8 ($93.88 in chips)
masterblstr8: posts small blind $1
Stingeling: posts big blind $3
*** HOLE CARDS ***
masterblstr8: folds
Uncalled bet ($2) returned to Stingeling
Stingeling collected $2 from pot
Stingeling: doesn't show hand
*** SUMMARY ***
Total pot $2 | Rake $0
Seat 2: Stingeling (big blind) collected ($2)
Seat 3: masterblstr8 (button) (small blind) folded before Flop


PokerStars Hand #176436223732:  Hold'em Limit ($3/$6 USD) - 2017/10/03 10:04:33 ET
Table 'Hypsipyle' 6-max Seat #2 is the button
Seat 2: Stingeling ($128.28 in chips)
Seat 3: masterblstr8 ($58.38 in chips)
Stingeling: posts small blind $1
masterblstr8: posts big blind $3
*** HOLE CARDS ***
Stingeling: raises $3 to $6
masterblstr8: calls $3
*** FLOP *** [Qc 7h 4c]
masterblstr8: checks
Stingeling: bets $3
masterblstr8: raises $3 to $6
Stingeling: calls $3
*** TURN *** [Qc 7h 4c] [Qd]
masterblstr8: bets $6
Stingeling: calls $6
*** RIVER *** [Qc 7h 4c Qd] [2c]
masterblstr8: bets $6
Stingeling: raises $6 to $12
masterblstr8: raises $6 to $18
Stingeling: calls $6
*** SHOW DOWN ***
masterblstr8: shows [7d Qs] (a full house, Queens full of Sevens)
Stingeling: mucks hand
masterblstr8 collected $71.50 from pot
*** SUMMARY ***
Total pot $72 | Rake $0.50
Board [Qc 7h 4c Qd 2c]
Seat 2: Stingeling (button) (small blind) mucked
Seat 3: masterblstr8 (big blind) showed [7d Qs] and won ($71.50) with a full house, Queens full of Sevens


PokerStars Hand #176436236859:  Hold'em Limit ($3/$6 USD) - 2017/10/03 10:04:56 ET
Table 'Hypsipyle' 6-max Seat #2 is the button
Seat 2: Stingeling ($93.28 in chips)
Seat 3: masterblstr8 ($92.88 in chips)
Stingeling: posts small blind $1
masterblstr8: posts big blind $3
*** HOLE CARDS ***
Stingeling: raises $3 to $6
masterblstr8: calls $3
*** FLOP *** [7h 2c Jh]
masterblstr8: checks
Stingeling: checks
*** TURN *** [7h 2c Jh] [Kc]
masterblstr8: bets $6
Stingeling: folds
Uncalled bet ($6) returned to masterblstr8
masterblstr8 collected $11.76 from pot
masterblstr8: doesn't show hand
*** SUMMARY ***
Total pot $12 | Rake $0.24
Board [7h 2c Jh Kc]
Seat 2: Stingeling (button) (small blind) folded on the Turn
Seat 3: masterblstr8 (big blind) collected ($11.76)


PokerStars Hand #176436245670:  Hold'em Limit ($3/$6 USD) - 2017/10/03 10:05:11 ET
Table 'Hypsipyle' 6-max Seat #3 is the button
Seat 2: Stingeling ($87.28 in chips)
Seat 3: masterblstr8 ($98.64 in chips)
masterblstr8: posts small blind $1
Stingeling: posts big blind $3
*** HOLE CARDS ***
masterblstr8: raises $3 to $6
Stingeling: raises $3 to $9
masterblstr8: calls $3
*** FLOP *** [3h As 4c]
Stingeling: bets $3
masterblstr8: calls $3
*** TURN *** [3h As 4c] [6s]
Stingeling: bets $6
masterblstr8: folds
Uncalled bet ($6) returned to Stingeling
Stingeling collected $23.52 from pot
Stingeling: doesn't show hand
*** SUMMARY ***
Total pot $24 | Rake $0.48
Board [3h As 4c 6s]
Seat 2: Stingeling (big blind) collected ($23.52)
Seat 3: masterblstr8 (button) (small blind) folded on the Turn


PokerStars Hand #176436266140:  Hold'em Limit ($3/$6 USD) - 2017/10/03 10:05:48 ET
Table 'Hypsipyle' 6-max Seat #2 is the button
Seat 2: Stingeling ($98.80 in chips)
Seat 3: masterblstr8 ($86.64 in chips)
Stingeling: posts small blind $1
masterblstr8: posts big blind $3
*** HOLE CARDS ***
Stingeling: raises $3 to $6
masterblstr8: calls $3
*** FLOP *** [Kc Ts 7c]
masterblstr8: checks
Stingeling: bets $3
masterblstr8: calls $3
*** TURN *** [Kc Ts 7c] [5h]
masterblstr8: checks
Stingeling: checks
*** RIVER *** [Kc Ts 7c 5h] [Ks]
masterblstr8: checks
Stingeling: bets $6
masterblstr8: calls $6
*** SHOW DOWN ***
Stingeling: shows [5d As] (two pair, Kings and Fives)
masterblstr8: mucks hand
Stingeling collected $29.50 from pot
*** SUMMARY ***
Total pot $30 | Rake $0.50
Board [Kc Ts 7c 5h Ks]
Seat 2: Stingeling (button) (small blind) showed [5d As] and won ($29.50) with two pair, Kings and Fives
Seat 3: masterblstr8 (big blind) mucked


PokerStars Hand #176436408927:  Hold'em Limit ($3/$6 USD) - 2017/10/03 10:10:04 ET
Table 'Hypsipyle' 6-max Seat #3 is the button
Seat 3: masterblstr8 ($49.83 in chips)
Seat 4: breich90 ($141.11 in chips)
JMess7 will be allowed to play after the button
masterblstr8: posts small blind $1
breich90: posts big blind $3
*** HOLE CARDS ***
fugu82 joins the table at seat #2
masterblstr8: raises $3 to $6
breich90: calls $3
*** FLOP *** [6d 7h 2c]
breich90: checks
masterblstr8: bets $3
breich90: calls $3
*** TURN *** [6d 7h 2c] [Ac]
breich90: checks
vestimokrec joins the table at seat #6
masterblstr8: bets $6
B_loJkl joins the table at seat #5
breich90: calls $6
*** RIVER *** [6d 7h 2c Ac] [Kc]
breich90: checks
masterblstr8: checks
*** SHOW DOWN ***
breich90: shows [9h 5c] (high card Ace)
masterblstr8: shows [6h Qs] (a pair of Sixes)
masterblstr8 collected $29.50 from pot
*** SUMMARY ***
Total pot $30 | Rake $0.50
Board [6d 7h 2c Ac Kc]
Seat 3: masterblstr8 (button) (small blind) showed [6h Qs] and won ($29.50) with a pair of Sixes
Seat 4: breich90 (big blind) showed [9h 5c] and lost with high card Ace


