PokerStars Hand #153187669292:  Hold'em Limit ($3/$6 USD) - 2016/05/11 20:37:01 ET
Table 'Hypsipyle' 6-max Seat #3 is the button
Seat 1: tangxueke ($92.15 in chips)
Seat 3: lin1rabbit ($208.81 in chips)
lin1rabbit: posts small blind $1
TinaTurner72 leaves the table
tangxueke: posts big blind $3
*** HOLE CARDS ***
lin1rabbit: folds
Uncalled bet ($2) returned to tangxueke
tangxueke collected $2 from pot
tangxueke: doesn't show hand
*** SUMMARY ***
Total pot $2 | Rake $0
Seat 1: tangxueke (big blind) collected ($2)
Seat 3: lin1rabbit (button) (small blind) folded before Flop


PokerStars Hand #153187656721:  Hold'em Limit ($3/$6 USD) - 2016/05/11 20:36:34 ET
Table 'Hypsipyle' 6-max Seat #1 is the button
Seat 1: tangxueke ($80.63 in chips)
Seat 3: lin1rabbit ($220.81 in chips)
tangxueke: posts small blind $1
lin1rabbit: posts big blind $3
*** HOLE CARDS ***
tangxueke: raises $3 to $6
lin1rabbit: raises $3 to $9
tangxueke: calls $3
*** FLOP *** [Ac 4c 2s]
mihon68 is disconnected
lin1rabbit: bets $3
tangxueke: raises $3 to $6
lin1rabbit: folds
Uncalled bet ($3) returned to tangxueke
tangxueke collected $23.52 from pot
tangxueke: doesn't show hand
*** SUMMARY ***
Total pot $24 | Rake $0.48
Board [Ac 4c 2s]
Seat 1: tangxueke (button) (small blind) collected ($23.52)
Seat 3: lin1rabbit (big blind) folded on the Flop


PokerStars Hand #153187672169:  Hold'em Limit ($3/$6 USD) - 2016/05/11 20:37:07 ET
Table 'Hypsipyle' 6-max Seat #1 is the button
Seat 1: tangxueke ($93.15 in chips)
Seat 3: lin1rabbit ($207.81 in chips)
tangxueke: posts small blind $1
lin1rabbit: posts big blind $3
*** HOLE CARDS ***
tangxueke: raises $3 to $6
lin1rabbit: calls $3
*** FLOP *** [8h 4c 3d]
lin1rabbit: checks
tangxueke: bets $3
lin1rabbit: raises $3 to $6
tangxueke: raises $3 to $9
lin1rabbit: calls $3
*** TURN *** [8h 4c 3d] [3s]
lin1rabbit: checks
tangxueke: checks
*** RIVER *** [8h 4c 3d 3s] [Kc]
lin1rabbit: bets $6
tangxueke: calls $6
*** SHOW DOWN ***
lin1rabbit: shows [5h 4d] (two pair, Fours and Threes)
tangxueke: mucks hand
lin1rabbit collected $41.50 from pot
*** SUMMARY ***
Total pot $42 | Rake $0.50
Board [8h 4c 3d 3s Kc]
Seat 1: tangxueke (button) (small blind) mucked
Seat 3: lin1rabbit (big blind) showed [5h 4d] and won ($41.50) with two pair, Fours and Threes


