PokerStars Hand #151893361458:  Hold'em Limit ($3/$6 USD) - 2016/04/14 5:30:55 ET
Table 'Hypsipyle' 6-max Seat #1 is the button
Seat 1: YseRussia ($70 in chips)
Seat 4: Actionni13 ($150 in chips)
YseRussia: posts small blind $1
Actionni13: posts big blind $3
*** HOLE CARDS ***
YseRussia: folds
Uncalled bet ($2) returned to Actionni13
Actionni13 collected $2 from pot
*** SUMMARY ***
Total pot $2 | Rake $0
Seat 1: YseRussia (button) (small blind) folded before Flop
Seat 4: Actionni13 (big blind) collected ($2)


PokerStars Hand #151893379723:  Hold'em Limit ($3/$6 USD) - 2016/04/14 5:31:41 ET
Table 'Hypsipyle' 6-max Seat #4 is the button
Seat 1: YseRussia ($71.50 in chips)
Seat 4: Actionni13 ($150 in chips)
Actionni13: posts small blind $1
YseRussia: posts big blind $3
*** HOLE CARDS ***
Actionni13: raises $3 to $6
YseRussia: calls $3
*** FLOP *** [6s 7d 6d]
YseRussia: checks
Actionni13: bets $3
YseRussia: calls $3
*** TURN *** [6s 7d 6d] [Qs]
YseRussia: checks
Actionni13: checks
*** RIVER *** [6s 7d 6d Qs] [6h]
YseRussia: bets $6
Actionni13: calls $6
*** SHOW DOWN ***
YseRussia: shows [As 9h] (three of a kind, Sixes)
Actionni13: shows [Ac Kc] (three of a kind, Sixes - Ace+King kicker)
Actionni13 collected $29.50 from pot
*** SUMMARY ***
Total pot $30 | Rake $0.50
Board [6s 7d 6d Qs 6h]
Seat 1: YseRussia (big blind) showed [As 9h] and lost with three of a kind, Sixes
Seat 4: Actionni13 (button) (small blind) showed [Ac Kc] and won ($29.50) with three of a kind, Sixes


PokerStars Hand #151893369116:  Hold'em Limit ($3/$6 USD) - 2016/04/14 5:31:14 ET
Table 'Hypsipyle' 6-max Seat #1 is the button
Seat 1: YseRussia ($54 in chips)
Seat 4: Actionni13 ($165.50 in chips)
YseRussia: posts small blind $1
Actionni13: posts big blind $3
*** HOLE CARDS ***
YseRussia: raises $3 to $6
Actionni13: calls $3
*** FLOP *** [6s Qd 9s]
zepsweden joins the table at seat #3
Actionni13: checks
YseRussia: bets $3
Actionni13: raises $3 to $6
YseRussia: calls $3
*** TURN *** [6s Qd 9s] [4s]
Actionni13: bets $6
YseRussia: calls $6
*** RIVER *** [6s Qd 9s 4s] [2s]
Actionni13: checks
YseRussia: bets $6
Actionni13: folds
Uncalled bet ($6) returned to YseRussia
YseRussia collected $35.50 from pot
YseRussia: doesn't show hand
*** SUMMARY ***
Total pot $36 | Rake $0.50
Board [6s Qd 9s 4s 2s]
Seat 1: YseRussia (button) (small blind) collected ($35.50)
Seat 4: Actionni13 (big blind) folded on the River


PokerStars Hand #151893363185:  Hold'em Limit ($3/$6 USD) - 2016/04/14 5:30:59 ET
Table 'Hypsipyle' 6-max Seat #4 is the button
Seat 1: YseRussia ($69 in chips)
Seat 4: Actionni13 ($151 in chips)
Actionni13: posts small blind $1
YseRussia: posts big blind $3
*** HOLE CARDS ***
Actionni13: raises $3 to $6
YseRussia: calls $3
*** FLOP *** [3h 8d Kc]
YseRussia: checks
Actionni13: bets $3
YseRussia: calls $3
*** TURN *** [3h 8d Kc] [Ah]
YseRussia: checks
Actionni13: checks
*** RIVER *** [3h 8d Kc Ah] [Th]
YseRussia: bets $6
Actionni13: calls $6
*** SHOW DOWN ***
YseRussia: shows [7s Js] (high card Ace)
Actionni13: shows [9d Ks] (a pair of Kings)
Actionni13 collected $29.50 from pot
*** SUMMARY ***
Total pot $30 | Rake $0.50
Board [3h 8d Kc Ah Th]
Seat 1: YseRussia (big blind) showed [7s Js] and lost with high card Ace
Seat 4: Actionni13 (button) (small blind) showed [9d Ks] and won ($29.50) with a pair of Kings


