PokerStars Hand #152079000550:  Hold'em Limit ($3/$6 USD) - 2016/04/17 22:19:10 ET
Table 'Ialmenus II' 6-max Seat #3 is the button
Seat 3: SolemnAmoeba ($72 in chips)
Seat 4: AzureCaper ($72 in chips)
SolemnAmoeba: posts small blind $1
AzureCaper: posts big blind $3
*** HOLE CARDS ***
SolemnAmoeba: raises $3 to $6
AzureCaper: calls $3
*** FLOP *** [9d 8c 9c]
AzureCaper: checks
SolemnAmoeba: bets $3
AzureCaper: raises $3 to $6
SolemnAmoeba: raises $3 to $9
AzureCaper: raises $3 to $12
Betting is capped
SolemnAmoeba: calls $3
*** TURN *** [9d 8c 9c] [Kc]
AzureCaper: bets $6
SolemnAmoeba: raises $6 to $12
AzureCaper: folds
Uncalled bet ($6) returned to SolemnAmoeba
SolemnAmoeba collected $47.50 from pot
SolemnAmoeba: doesn't show hand
*** SUMMARY ***
Total pot $48 | Rake $0.50
Board [9d 8c 9c Kc]
Seat 3: SolemnAmoeba (button) (small blind) collected ($47.50)
Seat 4: AzureCaper (big blind) folded on the Turn


PokerStars Hand #152079012702:  Hold'em Limit ($3/$6 USD) - 2016/04/17 22:19:48 ET
Table 'Ialmenus II' 6-max Seat #3 is the button
Seat 3: SolemnAmoeba ($65.50 in chips)
Seat 4: AzureCaper ($101.50 in chips)
SolemnAmoeba: posts small blind $1
AzureCaper: posts big blind $3
*** HOLE CARDS ***
SolemnAmoeba: folds
Uncalled bet ($2) returned to AzureCaper
AzureCaper collected $2 from pot
AzureCaper: doesn't show hand
*** SUMMARY ***
Total pot $2 | Rake $0
Seat 3: SolemnAmoeba (button) (small blind) folded before Flop
Seat 4: AzureCaper (big blind) collected ($2)


PokerStars Hand #152079008156:  Hold'em Limit ($3/$6 USD) - 2016/04/17 22:19:34 ET
Table 'Ialmenus II' 6-max Seat #4 is the button
Seat 3: SolemnAmoeba ($95.50 in chips)
Seat 4: AzureCaper ($72 in chips)
AzureCaper: posts small blind $1
SolemnAmoeba: posts big blind $3
*** HOLE CARDS ***
AzureCaper: raises $3 to $6
SolemnAmoeba: raises $3 to $9
AzureCaper: calls $3
*** FLOP *** [Kc 4s Jh]
SolemnAmoeba: bets $3
AzureCaper: calls $3
*** TURN *** [Kc 4s Jh] [Qc]
SolemnAmoeba: bets $6
AzureCaper: calls $6
*** RIVER *** [Kc 4s Jh Qc] [Jc]
SolemnAmoeba: bets $6
AzureCaper: raises $6 to $12
SolemnAmoeba: calls $6
*** SHOW DOWN ***
AzureCaper: shows [Jd 8h] (three of a kind, Jacks)
SolemnAmoeba: mucks hand
AzureCaper collected $59.50 from pot
*** SUMMARY ***
Total pot $60 | Rake $0.50
Board [Kc 4s Jh Qc Jc]
Seat 3: SolemnAmoeba (big blind) mucked
Seat 4: AzureCaper (button) (small blind) showed [Jd 8h] and won ($59.50) with three of a kind, Jacks


PokerStars Hand #152079014261:  Hold'em Limit ($3/$6 USD) - 2016/04/17 22:19:53 ET
Table 'Ialmenus II' 6-max Seat #4 is the button
Seat 3: SolemnAmoeba ($64.50 in chips)
Seat 4: AzureCaper ($102.50 in chips)
AzureCaper: posts small blind $1
SolemnAmoeba: posts big blind $3
*** HOLE CARDS ***
AzureCaper: folds
Uncalled bet ($2) returned to SolemnAmoeba
SolemnAmoeba collected $2 from pot
SolemnAmoeba: doesn't show hand
*** SUMMARY ***
Total pot $2 | Rake $0
Seat 3: SolemnAmoeba (big blind) collected ($2)
Seat 4: AzureCaper (button) (small blind) folded before Flop


PokerStars Hand #152079016856:  Hold'em Limit ($3/$6 USD) - 2016/04/17 22:20:01 ET
Table 'Ialmenus II' 6-max Seat #3 is the button
Seat 3: SolemnAmoeba ($65.50 in chips)
Seat 4: AzureCaper ($101.50 in chips)
SolemnAmoeba: posts small blind $1
AzureCaper: posts big blind $3
*** HOLE CARDS ***
SolemnAmoeba: folds
Uncalled bet ($2) returned to AzureCaper
adi81pl joins the table at seat #6
AzureCaper collected $2 from pot
AzureCaper: doesn't show hand
*** SUMMARY ***
Total pot $2 | Rake $0
Seat 3: SolemnAmoeba (button) (small blind) folded before Flop
Seat 4: AzureCaper (big blind) collected ($2)


PokerStars Hand #152079937264:  Hold'em Limit ($3/$6 USD) - 2016/04/17 23:11:34 ET
Table 'Ialmenus II' 6-max Seat #4 is the button
Seat 4: VolkovDmitri ($120 in chips)
Seat 5: Alan1918 ($120 in chips)
VolkovDmitri: posts small blind $1
Alan1918: posts big blind $3
*** HOLE CARDS ***
VolkovDmitri: raises $3 to $6
Alan1918: raises $3 to $9
VolkovDmitri: calls $3
*** FLOP *** [2h Kd 9h]
Alan1918: bets $3
VolkovDmitri: folds
Uncalled bet ($3) returned to Alan1918
Alan1918 collected $17.64 from pot
Alan1918: doesn't show hand
*** SUMMARY ***
Total pot $18 | Rake $0.36
Board [2h Kd 9h]
Seat 4: VolkovDmitri (button) (small blind) folded on the Flop
Seat 5: Alan1918 (big blind) collected ($17.64)


PokerStars Hand #152079946494:  Hold'em Limit ($3/$6 USD) - 2016/04/17 23:12:09 ET
Table 'Ialmenus II' 6-max Seat #4 is the button
Seat 4: VolkovDmitri ($121 in chips)
Seat 5: Alan1918 ($127.64 in chips)
VolkovDmitri: posts small blind $1
Alan1918: posts big blind $3
*** HOLE CARDS ***
VolkovDmitri: raises $3 to $6
Alan1918: folds
Uncalled bet ($3) returned to VolkovDmitri
VolkovDmitri collected $6 from pot
VolkovDmitri: doesn't show hand
*** SUMMARY ***
Total pot $6 | Rake $0
Seat 4: VolkovDmitri (button) (small blind) collected ($6)
Seat 5: Alan1918 (big blind) folded before Flop


PokerStars Hand #152079949069:  Hold'em Limit ($3/$6 USD) - 2016/04/17 23:12:19 ET
Table 'Ialmenus II' 6-max Seat #5 is the button
Seat 4: VolkovDmitri ($124 in chips)
Seat 5: Alan1918 ($124.64 in chips)
Alan1918: posts small blind $1
VolkovDmitri: posts big blind $3
*** HOLE CARDS ***
Alan1918: raises $3 to $6
VolkovDmitri: raises $3 to $9
Alan1918: calls $3
*** FLOP *** [Js 3s 7h]
VolkovDmitri: bets $3
Alan1918: folds
Uncalled bet ($3) returned to VolkovDmitri
VolkovDmitri collected $17.64 from pot
VolkovDmitri: doesn't show hand
*** SUMMARY ***
Total pot $18 | Rake $0.36
Board [Js 3s 7h]
Seat 4: VolkovDmitri (big blind) collected ($17.64)
Seat 5: Alan1918 (button) (small blind) folded on the Flop


PokerStars Hand #152079955675:  Hold'em Limit ($3/$6 USD) - 2016/04/17 23:12:43 ET
Table 'Ialmenus II' 6-max Seat #4 is the button
Seat 4: VolkovDmitri ($132.64 in chips)
Seat 5: Alan1918 ($115.64 in chips)
VolkovDmitri: posts small blind $1
Alan1918: posts big blind $3
*** HOLE CARDS ***
VolkovDmitri: folds
Uncalled bet ($2) returned to Alan1918
Alan1918 collected $2 from pot
Alan1918: doesn't show hand
*** SUMMARY ***
Total pot $2 | Rake $0
Seat 4: VolkovDmitri (button) (small blind) folded before Flop
Seat 5: Alan1918 (big blind) collected ($2)


PokerStars Hand #152079971709:  Hold'em Limit ($3/$6 USD) - 2016/04/17 23:13:43 ET
Table 'Ialmenus II' 6-max Seat #4 is the button
Seat 4: VolkovDmitri ($152.14 in chips)
Seat 5: Alan1918 ($95.64 in chips)
VolkovDmitri: posts small blind $1
Alan1918: posts big blind $3
*** HOLE CARDS ***
VolkovDmitri: raises $3 to $6
Alan1918: folds
Uncalled bet ($3) returned to VolkovDmitri
VolkovDmitri collected $6 from pot
VolkovDmitri: doesn't show hand
*** SUMMARY ***
Total pot $6 | Rake $0
Seat 4: VolkovDmitri (button) (small blind) collected ($6)
Seat 5: Alan1918 (big blind) folded before Flop


PokerStars Hand #152079957565:  Hold'em Limit ($3/$6 USD) - 2016/04/17 23:12:50 ET
Table 'Ialmenus II' 6-max Seat #5 is the button
Seat 4: VolkovDmitri ($131.64 in chips)
Seat 5: Alan1918 ($116.64 in chips)
Alan1918: posts small blind $1
VolkovDmitri: posts big blind $3
*** HOLE CARDS ***
Alan1918: raises $3 to $6
VolkovDmitri: calls $3
*** FLOP *** [Th Jd Qs]
VolkovDmitri: bets $3
Alan1918: calls $3
*** TURN *** [Th Jd Qs] [3d]
VolkovDmitri: bets $6
Alan1918: calls $6
*** RIVER *** [Th Jd Qs 3d] [4s]
VolkovDmitri: bets $6
Alan1918: calls $6
*** SHOW DOWN ***
VolkovDmitri: shows [4c Qd] (two pair, Queens and Fours)
Alan1918: mucks hand
VolkovDmitri collected $41.50 from pot
*** SUMMARY ***
Total pot $42 | Rake $0.50
Board [Th Jd Qs 3d 4s]
Seat 4: VolkovDmitri (big blind) showed [4c Qd] and won ($41.50) with two pair, Queens and Fours
Seat 5: Alan1918 (button) (small blind) mucked


PokerStars Hand #152079996806:  Hold'em Limit ($3/$6 USD) - 2016/04/17 23:15:16 ET
Table 'Ialmenus II' 6-max Seat #4 is the button
Seat 4: VolkovDmitri ($189.14 in chips)
Seat 5: Alan1918 ($57.64 in chips)
VolkovDmitri: posts small blind $1
Alan1918: posts big blind $3
*** HOLE CARDS ***
VolkovDmitri: raises $3 to $6
Alan1918: folds
Uncalled bet ($3) returned to VolkovDmitri
VolkovDmitri collected $6 from pot
VolkovDmitri: doesn't show hand
*** SUMMARY ***
Total pot $6 | Rake $0
Seat 4: VolkovDmitri (button) (small blind) collected ($6)
Seat 5: Alan1918 (big blind) folded before Flop


PokerStars Hand #152079976102:  Hold'em Limit ($3/$6 USD) - 2016/04/17 23:13:59 ET
Table 'Ialmenus II' 6-max Seat #4 is the button
Seat 4: VolkovDmitri ($156.14 in chips)
Seat 5: Alan1918 ($91.64 in chips)
VolkovDmitri: posts small blind $1
Alan1918: posts big blind $3
*** HOLE CARDS ***
VolkovDmitri: raises $3 to $6
Alan1918: calls $3
*** FLOP *** [Td 8d Kh]
Alan1918: checks
VolkovDmitri: bets $3
Alan1918: calls $3
*** TURN *** [Td 8d Kh] [7c]
Alan1918: checks
VolkovDmitri: bets $6
Alan1918: calls $6
*** RIVER *** [Td 8d Kh 7c] [5c]
Alan1918: checks
VolkovDmitri: bets $6
Alan1918: folds
Uncalled bet ($6) returned to VolkovDmitri
VolkovDmitri collected $29.50 from pot
VolkovDmitri: doesn't show hand
*** SUMMARY ***
Total pot $30 | Rake $0.50
Board [Td 8d Kh 7c 5c]
Seat 4: VolkovDmitri (button) (small blind) collected ($29.50)
Seat 5: Alan1918 (big blind) folded on the River


PokerStars Hand #152079986673:  Hold'em Limit ($3/$6 USD) - 2016/04/17 23:14:39 ET
Table 'Ialmenus II' 6-max Seat #5 is the button
Seat 4: VolkovDmitri ($170.64 in chips)
Seat 5: Alan1918 ($76.64 in chips)
Alan1918: posts small blind $1
VolkovDmitri: posts big blind $3
*** HOLE CARDS ***
Alan1918: raises $3 to $6
VolkovDmitri: calls $3
*** FLOP *** [Qh 4c Js]
VolkovDmitri: checks
Alan1918: bets $3
VolkovDmitri: calls $3
*** TURN *** [Qh 4c Js] [4h]
VolkovDmitri: checks
Alan1918: bets $6
VolkovDmitri: raises $6 to $12
Alan1918: folds
Uncalled bet ($6) returned to VolkovDmitri
VolkovDmitri collected $29.50 from pot
VolkovDmitri: doesn't show hand
*** SUMMARY ***
Total pot $30 | Rake $0.50
Board [Qh 4c Js 4h]
Seat 4: VolkovDmitri (big blind) collected ($29.50)
Seat 5: Alan1918 (button) (small blind) folded on the Turn


PokerStars Hand #152079995151:  Hold'em Limit ($3/$6 USD) - 2016/04/17 23:15:10 ET
Table 'Ialmenus II' 6-max Seat #5 is the button
Seat 4: VolkovDmitri ($188.14 in chips)
Seat 5: Alan1918 ($58.64 in chips)
Alan1918: posts small blind $1
VolkovDmitri: posts big blind $3
*** HOLE CARDS ***
Alan1918: folds
Uncalled bet ($2) returned to VolkovDmitri
VolkovDmitri collected $2 from pot
VolkovDmitri: doesn't show hand
*** SUMMARY ***
Total pot $2 | Rake $0
Seat 4: VolkovDmitri (big blind) collected ($2)
Seat 5: Alan1918 (button) (small blind) folded before Flop


PokerStars Hand #152079993395:  Hold'em Limit ($3/$6 USD) - 2016/04/17 23:15:04 ET
Table 'Ialmenus II' 6-max Seat #4 is the button
Seat 4: VolkovDmitri ($185.14 in chips)
Seat 5: Alan1918 ($61.64 in chips)
VolkovDmitri: posts small blind $1
Alan1918: posts big blind $3
*** HOLE CARDS ***
VolkovDmitri: raises $3 to $6
Alan1918: folds
Uncalled bet ($3) returned to VolkovDmitri
VolkovDmitri collected $6 from pot
VolkovDmitri: doesn't show hand
*** SUMMARY ***
Total pot $6 | Rake $0
Seat 4: VolkovDmitri (button) (small blind) collected ($6)
Seat 5: Alan1918 (big blind) folded before Flop


PokerStars Hand #152079999281:  Hold'em Limit ($3/$6 USD) - 2016/04/17 23:15:26 ET
Table 'Ialmenus II' 6-max Seat #5 is the button
Seat 4: VolkovDmitri ($192.14 in chips)
Seat 5: Alan1918 ($54.64 in chips)
Alan1918: posts small blind $1
VolkovDmitri: posts big blind $3
*** HOLE CARDS ***
Alan1918: raises $3 to $6
VolkovDmitri: calls $3
*** FLOP *** [Kd 8d Jd]
VolkovDmitri: checks
Alan1918: bets $3
VolkovDmitri: calls $3
*** TURN *** [Kd 8d Jd] [3s]
VolkovDmitri: checks
Alan1918: bets $6
VolkovDmitri: calls $6
*** RIVER *** [Kd 8d Jd 3s] [Qs]
VolkovDmitri: checks
Alan1918: bets $6
VolkovDmitri: calls $6
*** SHOW DOWN ***
Alan1918: shows [8h Kc] (two pair, Kings and Eights)
VolkovDmitri: mucks hand
Alan1918 collected $41.50 from pot
*** SUMMARY ***
Total pot $42 | Rake $0.50
Board [Kd 8d Jd 3s Qs]
Seat 4: VolkovDmitri (big blind) mucked
Seat 5: Alan1918 (button) (small blind) showed [8h Kc] and won ($41.50) with two pair, Kings and Eights


PokerStars Hand #152080011113:  Hold'em Limit ($3/$6 USD) - 2016/04/17 23:16:09 ET
Table 'Ialmenus II' 6-max Seat #4 is the button
Seat 4: VolkovDmitri ($171.14 in chips)
Seat 5: Alan1918 ($75.14 in chips)
VolkovDmitri: posts small blind $1
Alan1918: posts big blind $3
*** HOLE CARDS ***
VolkovDmitri: raises $3 to $6
Alan1918: calls $3
*** FLOP *** [2h 8c As]
Alan1918: checks
VolkovDmitri: bets $3
Alan1918: raises $3 to $6
VolkovDmitri: folds
Uncalled bet ($3) returned to Alan1918
Alan1918 collected $17.64 from pot
Alan1918: doesn't show hand
*** SUMMARY ***
Total pot $18 | Rake $0.36
Board [2h 8c As]
Seat 4: VolkovDmitri (button) (small blind) folded on the Flop
Seat 5: Alan1918 (big blind) collected ($17.64)


PokerStars Hand #152080027723:  Hold'em Limit ($3/$6 USD) - 2016/04/17 23:17:11 ET
Table 'Ialmenus II' 6-max Seat #5 is the button
Seat 4: VolkovDmitri ($171.78 in chips)
Seat 5: Alan1918 ($73.78 in chips)
Alan1918: posts small blind $1
VolkovDmitri: posts big blind $3
*** HOLE CARDS ***
Alan1918: folds
Uncalled bet ($2) returned to VolkovDmitri
VolkovDmitri collected $2 from pot
VolkovDmitri: doesn't show hand
*** SUMMARY ***
Total pot $2 | Rake $0
Seat 4: VolkovDmitri (big blind) collected ($2)
Seat 5: Alan1918 (button) (small blind) folded before Flop


PokerStars Hand #152080020326:  Hold'em Limit ($3/$6 USD) - 2016/04/17 23:16:44 ET
Table 'Ialmenus II' 6-max Seat #4 is the button
Seat 4: VolkovDmitri ($163.14 in chips)
Seat 5: Alan1918 ($82.78 in chips)
VolkovDmitri: posts small blind $1
Alan1918: posts big blind $3
*** HOLE CARDS ***
VolkovDmitri: raises $3 to $6
Alan1918: calls $3
*** FLOP *** [5h Kh 6d]
Alan1918: checks
VolkovDmitri: bets $3
Alan1918: calls $3
*** TURN *** [5h Kh 6d] [Js]
Alan1918: checks
VolkovDmitri: bets $6
Alan1918: folds
Uncalled bet ($6) returned to VolkovDmitri
VolkovDmitri collected $17.64 from pot
VolkovDmitri: doesn't show hand
*** SUMMARY ***
Total pot $18 | Rake $0.36
Board [5h Kh 6d Js]
Seat 4: VolkovDmitri (button) (small blind) collected ($17.64)
Seat 5: Alan1918 (big blind) folded on the Turn


PokerStars Hand #152080018944:  Hold'em Limit ($3/$6 USD) - 2016/04/17 23:16:39 ET
Table 'Ialmenus II' 6-max Seat #5 is the button
Seat 4: VolkovDmitri ($162.14 in chips)
Seat 5: Alan1918 ($83.78 in chips)
Alan1918: posts small blind $1
VolkovDmitri: posts big blind $3
*** HOLE CARDS ***
Alan1918: folds
Uncalled bet ($2) returned to VolkovDmitri
VolkovDmitri collected $2 from pot
VolkovDmitri: doesn't show hand
*** SUMMARY ***
Total pot $2 | Rake $0
Seat 4: VolkovDmitri (big blind) collected ($2)
Seat 5: Alan1918 (button) (small blind) folded before Flop


PokerStars Hand #152080029187:  Hold'em Limit ($3/$6 USD) - 2016/04/17 23:17:17 ET
Table 'Ialmenus II' 6-max Seat #4 is the button
Seat 4: VolkovDmitri ($172.78 in chips)
Seat 5: Alan1918 ($72.78 in chips)
VolkovDmitri: posts small blind $1
Alan1918: posts big blind $3
*** HOLE CARDS ***
VolkovDmitri: raises $3 to $6
Alan1918: raises $3 to $9
VolkovDmitri: calls $3
*** FLOP *** [8h 5s 7d]
Alan1918: bets $3
VolkovDmitri: calls $3
*** TURN *** [8h 5s 7d] [3c]
Alan1918: bets $6
VolkovDmitri: calls $6
*** RIVER *** [8h 5s 7d 3c] [7c]
Alan1918: checks
VolkovDmitri: checks
*** SHOW DOWN ***
Alan1918: shows [Kh 5h] (two pair, Sevens and Fives)
VolkovDmitri: mucks hand
Alan1918 collected $35.50 from pot
*** SUMMARY ***
Total pot $36 | Rake $0.50
Board [8h 5s 7d 3c 7c]
Seat 4: VolkovDmitri (button) (small blind) mucked
Seat 5: Alan1918 (big blind) showed [Kh 5h] and won ($35.50) with two pair, Sevens and Fives


PokerStars Hand #152080054649:  Hold'em Limit ($3/$6 USD) - 2016/04/17 23:18:52 ET
Table 'Ialmenus II' 6-max Seat #4 is the button
Seat 4: VolkovDmitri ($169.28 in chips)
Seat 5: Alan1918 ($75.28 in chips)
VolkovDmitri: posts small blind $1
Alan1918: posts big blind $3
*** HOLE CARDS ***
VolkovDmitri: raises $3 to $6
Alan1918: folds
Uncalled bet ($3) returned to VolkovDmitri
VolkovDmitri collected $6 from pot
VolkovDmitri: doesn't show hand
*** SUMMARY ***
Total pot $6 | Rake $0
Seat 4: VolkovDmitri (button) (small blind) collected ($6)
Seat 5: Alan1918 (big blind) folded before Flop


PokerStars Hand #152080058518:  Hold'em Limit ($3/$6 USD) - 2016/04/17 23:19:06 ET
Table 'Ialmenus II' 6-max Seat #4 is the button
Seat 4: VolkovDmitri ($173.28 in chips)
Seat 5: Alan1918 ($71.28 in chips)
VolkovDmitri: posts small blind $1
Alan1918: posts big blind $3
*** HOLE CARDS ***
VolkovDmitri: raises $3 to $6
Alan1918: folds
Uncalled bet ($3) returned to VolkovDmitri
VolkovDmitri collected $6 from pot
VolkovDmitri: doesn't show hand
*** SUMMARY ***
Total pot $6 | Rake $0
Seat 4: VolkovDmitri (button) (small blind) collected ($6)
Seat 5: Alan1918 (big blind) folded before Flop


PokerStars Hand #152080043726:  Hold'em Limit ($3/$6 USD) - 2016/04/17 23:18:11 ET
Table 'Ialmenus II' 6-max Seat #5 is the button
Seat 4: VolkovDmitri ($154.78 in chips)
Seat 5: Alan1918 ($90.28 in chips)
Alan1918: posts small blind $1
VolkovDmitri: posts big blind $3
*** HOLE CARDS ***
Alan1918: calls $2
VolkovDmitri: raises $3 to $6
Alan1918: calls $3
*** FLOP *** [7d 8h 4c]
VolkovDmitri: checks
Alan1918: bets $3
VolkovDmitri: calls $3
*** TURN *** [7d 8h 4c] [Qh]
VolkovDmitri: checks
Alan1918: checks
*** RIVER *** [7d 8h 4c Qh] [8c]
VolkovDmitri: bets $6
Alan1918: calls $6
*** SHOW DOWN ***
VolkovDmitri: shows [Qc 3c] (two pair, Queens and Eights)
Alan1918: mucks hand
VolkovDmitri collected $29.50 from pot
*** SUMMARY ***
Total pot $30 | Rake $0.50
Board [7d 8h 4c Qh 8c]
Seat 4: VolkovDmitri (big blind) showed [Qc 3c] and won ($29.50) with two pair, Queens and Eights
Seat 5: Alan1918 (button) (small blind) mucked


PokerStars Hand #152080093076:  Hold'em Limit ($3/$6 USD) - 2016/04/17 23:21:15 ET
Table 'Ialmenus II' 6-max Seat #5 is the button
Seat 4: VolkovDmitri ($235.28 in chips)
Seat 5: Alan1918 ($8.28 in chips)
Alan1918: posts small blind $1
VolkovDmitri: posts big blind $3
*** HOLE CARDS ***
Alan1918: raises $3 to $6
VolkovDmitri: folds
Uncalled bet ($3) returned to Alan1918
Alan1918 collected $6 from pot
Alan1918: doesn't show hand
*** SUMMARY ***
Total pot $6 | Rake $0
Seat 4: VolkovDmitri (big blind) folded before Flop
Seat 5: Alan1918 (button) (small blind) collected ($6)


PokerStars Hand #152080081937:  Hold'em Limit ($3/$6 USD) - 2016/04/17 23:20:33 ET
Table 'Ialmenus II' 6-max Seat #4 is the button
Seat 4: VolkovDmitri ($205.78 in chips)
Seat 5: Alan1918 ($38.28 in chips)
VolkovDmitri: posts small blind $1
Alan1918: posts big blind $3
*** HOLE CARDS ***
VolkovDmitri: raises $3 to $6
Alan1918: raises $3 to $9
VolkovDmitri: calls $3
*** FLOP *** [4c Td Ts]
Alan1918: bets $3
VolkovDmitri: calls $3
*** TURN *** [4c Td Ts] [Js]
Alan1918: bets $6
VolkovDmitri: raises $6 to $12
Alan1918: calls $6
*** RIVER *** [4c Td Ts Js] [Qh]
Alan1918: checks
VolkovDmitri: bets $6
Alan1918: calls $6
*** SHOW DOWN ***
VolkovDmitri: shows [Kc Th] (three of a kind, Tens)
Alan1918: mucks hand
VolkovDmitri collected $59.50 from pot
*** SUMMARY ***
Total pot $60 | Rake $0.50
Board [4c Td Ts Js Qh]
Seat 4: VolkovDmitri (button) (small blind) showed [Kc Th] and won ($59.50) with three of a kind, Tens
Seat 5: Alan1918 (big blind) mucked


PokerStars Hand #152080061506:  Hold'em Limit ($3/$6 USD) - 2016/04/17 23:19:17 ET
Table 'Ialmenus II' 6-max Seat #5 is the button
Seat 4: VolkovDmitri ($176.28 in chips)
Seat 5: Alan1918 ($68.28 in chips)
Alan1918: posts small blind $1
VolkovDmitri: posts big blind $3
*** HOLE CARDS ***
Alan1918: raises $3 to $6
VolkovDmitri: raises $3 to $9
Alan1918: calls $3
*** FLOP *** [3h 6h As]
VolkovDmitri: bets $3
Alan1918: calls $3
*** TURN *** [3h 6h As] [5d]
VolkovDmitri: bets $6
Alan1918: raises $6 to $12
VolkovDmitri: raises $6 to $18
Alan1918: calls $6
*** RIVER *** [3h 6h As 5d] [3s]
VolkovDmitri: bets $6
Alan1918: folds
Uncalled bet ($6) returned to VolkovDmitri
VolkovDmitri collected $59.50 from pot
VolkovDmitri: doesn't show hand
*** SUMMARY ***
Total pot $60 | Rake $0.50
Board [3h 6h As 5d 3s]
Seat 4: VolkovDmitri (big blind) collected ($59.50)
Seat 5: Alan1918 (button) (small blind) folded on the River


PokerStars Hand #152080094832:  Hold'em Limit ($3/$6 USD) - 2016/04/17 23:21:21 ET
Table 'Ialmenus II' 6-max Seat #4 is the button
Seat 4: VolkovDmitri ($232.28 in chips)
Seat 5: Alan1918 ($11.28 in chips)
VolkovDmitri: posts small blind $1
Alan1918: posts big blind $3
*** HOLE CARDS ***
VolkovDmitri: raises $3 to $6
Alan1918: raises $3 to $9
VolkovDmitri: raises $3 to $12
Betting is capped
Alan1918: calls $2.28 and is all-in
Uncalled bet ($0.72) returned to VolkovDmitri
*** FLOP *** [3s 3h Ad]
*** TURN *** [3s 3h Ad] [Qc]
*** RIVER *** [3s 3h Ad Qc] [Ah]
*** SHOW DOWN ***
Alan1918: shows [8c Ks] (two pair, Aces and Threes)
VolkovDmitri: shows [Kd Kc] (two pair, Aces and Kings)
VolkovDmitri collected $22.11 from pot
*** SUMMARY ***
Total pot $22.56 | Rake $0.45
Board [3s 3h Ad Qc Ah]
Seat 4: VolkovDmitri (button) (small blind) showed [Kd Kc] and won ($22.11) with two pair, Aces and Kings
Seat 5: Alan1918 (big blind) showed [8c Ks] and lost with two pair, Aces and Threes


