PokerStars Hand #157313338069:  Hold'em Limit ($3/$6 USD) - 2016/08/15 13:57:50 ET
Table 'Ianthe III' 6-max Seat #4 is the button
Seat 4: wuck249 ($112.43 in chips)
Seat 5: rippey156 ($43.41 in chips)
wuck249: posts small blind $1
rippey156: posts big blind $3
*** HOLE CARDS ***
wuck249: folds
Uncalled bet ($2) returned to rippey156
wuck249 leaves the table
rippey156 collected $2 from pot
rippey156: doesn't show hand
*** SUMMARY ***
Total pot $2 | Rake $0
Seat 4: wuck249 (button) (small blind) folded before Flop
Seat 5: rippey156 (big blind) collected ($2)


PokerStars Hand #157313334913:  Hold'em Limit ($3/$6 USD) - 2016/08/15 13:57:45 ET
Table 'Ianthe III' 6-max Seat #5 is the button
Seat 4: wuck249 ($111.43 in chips)
Seat 5: rippey156 ($44.41 in chips)
rippey156: posts small blind $1
TbIP-TbIP 88: is sitting out
wuck249: posts big blind $3
*** HOLE CARDS ***
rippey156: folds
Uncalled bet ($2) returned to wuck249
wuck249 collected $2 from pot
wuck249: doesn't show hand
*** SUMMARY ***
Total pot $2 | Rake $0
Seat 4: wuck249 (big blind) collected ($2)
Seat 5: rippey156 (button) (small blind) folded before Flop


PokerStars Hand #157313348663:  Hold'em Limit ($3/$6 USD) - 2016/08/15 13:58:08 ET
Table 'Ianthe III' 6-max Seat #5 is the button
Seat 5: rippey156 ($44.41 in chips)
Seat 6: TbIP-TbIP 88 ($96.90 in chips)
rippey156: posts small blind $1
TbIP-TbIP 88: posts big blind $3
*** HOLE CARDS ***
rippey156: raises $3 to $6
TbIP-TbIP 88: raises $3 to $9
rippey156: calls $3
*** FLOP *** [5d 4s 5c]
TbIP-TbIP 88: bets $3
rippey156: raises $3 to $6
TbIP-TbIP 88: calls $3
*** TURN *** [5d 4s 5c] [6c]
TbIP-TbIP 88: checks
rippey156: bets $6
Murrrr_@T joins the table at seat #1
TbIP-TbIP 88: folds
Uncalled bet ($6) returned to rippey156
rippey156 collected $29.50 from pot
rippey156: doesn't show hand
*** SUMMARY ***
Total pot $30 | Rake $0.50
Board [5d 4s 5c 6c]
Seat 5: rippey156 (button) (small blind) collected ($29.50)
Seat 6: TbIP-TbIP 88 (big blind) folded on the Turn


PokerStars Hand #157313434231:  Hold'em Limit ($3/$6 USD) - 2016/08/15 14:00:29 ET
Table 'Ianthe III' 6-max Seat #1 is the button
Seat 1: Murrrr_@T ($101 in chips)
Seat 5: rippey156 ($30.91 in chips)
Murrrr_@T: posts small blind $1
rippey156: posts big blind $3
*** HOLE CARDS ***
Murrrr_@T: raises $3 to $6
rippey156: folds
Uncalled bet ($3) returned to Murrrr_@T
Murrrr_@T collected $6 from pot
Murrrr_@T: doesn't show hand
*** SUMMARY ***
Total pot $6 | Rake $0
Seat 1: Murrrr_@T (button) (small blind) collected ($6)
Seat 5: rippey156 (big blind) folded before Flop


PokerStars Hand #157313430974:  Hold'em Limit ($3/$6 USD) - 2016/08/15 14:00:23 ET
Table 'Ianthe III' 6-max Seat #5 is the button
Seat 1: Murrrr_@T ($100 in chips)
Seat 5: rippey156 ($31.91 in chips)
rippey156: posts small blind $1
TbIP-TbIP 88: is sitting out
Murrrr_@T: posts big blind $3
*** HOLE CARDS ***
rippey156: folds
Uncalled bet ($2) returned to Murrrr_@T
Murrrr_@T collected $2 from pot
Murrrr_@T: doesn't show hand
*** SUMMARY ***
Total pot $2 | Rake $0
Seat 1: Murrrr_@T (big blind) collected ($2)
Seat 5: rippey156 (button) (small blind) folded before Flop


PokerStars Hand #157313437639:  Hold'em Limit ($3/$6 USD) - 2016/08/15 14:00:34 ET
Table 'Ianthe III' 6-max Seat #5 is the button
Seat 1: Murrrr_@T ($104 in chips)
Seat 5: rippey156 ($27.91 in chips)
rippey156: posts small blind $1
Murrrr_@T: posts big blind $3
*** HOLE CARDS ***
rippey156: raises $3 to $6
Murrrr_@T: raises $3 to $9
rippey156: calls $3
*** FLOP *** [6c 2h 4h]
Murrrr_@T: bets $3
rippey156: folds
Uncalled bet ($3) returned to Murrrr_@T
Murrrr_@T collected $17.64 from pot
Murrrr_@T: doesn't show hand
*** SUMMARY ***
Total pot $18 | Rake $0.36
Board [6c 2h 4h]
Seat 1: Murrrr_@T (big blind) collected ($17.64)
Seat 5: rippey156 (button) (small blind) folded on the Flop


PokerStars Hand #157313469579:  Hold'em Limit ($3/$6 USD) - 2016/08/15 14:01:22 ET
Table 'Ianthe III' 6-max Seat #5 is the button
Seat 1: Murrrr_@T ($106.76 in chips)
Seat 5: rippey156 ($30.32 in chips)
rippey156: posts small blind $1
Murrrr_@T: posts big blind $3
*** HOLE CARDS ***
rippey156: raises $3 to $6
Murrrr_@T: raises $3 to $9
rippey156: calls $3
*** FLOP *** [3d 6d Kd]
Murrrr_@T: bets $3
rippey156: folds
Uncalled bet ($3) returned to Murrrr_@T
Murrrr_@T collected $17.64 from pot
Murrrr_@T: doesn't show hand
*** SUMMARY ***
Total pot $18 | Rake $0.36
Board [3d 6d Kd]
Seat 1: Murrrr_@T (big blind) collected ($17.64)
Seat 5: rippey156 (button) (small blind) folded on the Flop


PokerStars Hand #157313463721:  Hold'em Limit ($3/$6 USD) - 2016/08/15 14:01:13 ET
Table 'Ianthe III' 6-max Seat #1 is the button
Seat 1: Murrrr_@T ($101 in chips)
Seat 5: rippey156 ($36.32 in chips)
Murrrr_@T: posts small blind $1
rippey156: posts big blind $3
*** HOLE CARDS ***
Murrrr_@T: raises $3 to $6
rippey156: calls $3
*** FLOP *** [2h 3h Th]
rippey156: checks
Murrrr_@T: bets $3
rippey156: folds
Uncalled bet ($3) returned to Murrrr_@T
Murrrr_@T collected $11.76 from pot
Murrrr_@T: doesn't show hand
*** SUMMARY ***
Total pot $12 | Rake $0.24
Board [2h 3h Th]
Seat 1: Murrrr_@T (button) (small blind) collected ($11.76)
Seat 5: rippey156 (big blind) folded on the Flop


PokerStars Hand #157313444858:  Hold'em Limit ($3/$6 USD) - 2016/08/15 14:00:45 ET
Table 'Ianthe III' 6-max Seat #1 is the button
Seat 1: Murrrr_@T ($112.64 in chips)
Seat 5: rippey156 ($18.91 in chips)
Murrrr_@T: posts small blind $1
rippey156: posts big blind $3
*** HOLE CARDS ***
TbIP-TbIP 88 leaves the table
Murrrr_@T: raises $3 to $6
rippey156: calls $3
*** FLOP *** [3h 4c Kh]
rippey156: checks
Murrrr_@T: bets $3
rippey156: raises $3 to $6
Murrrr_@T: calls $3
*** TURN *** [3h 4c Kh] [5h]
rippey156: bets $6
Murrrr_@T: raises $6 to $12
rippey156: calls $0.91 and is all-in
Uncalled bet ($5.09) returned to Murrrr_@T
*** RIVER *** [3h 4c Kh 5h] [As]
*** SHOW DOWN ***
rippey156: shows [5s Ks] (two pair, Kings and Fives)
Murrrr_@T: shows [5d Jh] (a pair of Fives)
rippey156 collected $37.32 from pot
*** SUMMARY ***
Total pot $37.82 | Rake $0.50
Board [3h 4c Kh 5h As]
Seat 1: Murrrr_@T (button) (small blind) showed [5d Jh] and lost with a pair of Fives
Seat 5: rippey156 (big blind) showed [5s Ks] and won ($37.32) with two pair, Kings and Fives


PokerStars Hand #157313476145:  Hold'em Limit ($3/$6 USD) - 2016/08/15 14:01:31 ET
Table 'Ianthe III' 6-max Seat #1 is the button
Seat 1: Murrrr_@T ($115.40 in chips)
Seat 5: rippey156 ($21.32 in chips)
Murrrr_@T: posts small blind $1
rippey156: posts big blind $3
*** HOLE CARDS ***
Murrrr_@T: raises $3 to $6
rippey156: folds
Uncalled bet ($3) returned to Murrrr_@T
Murrrr_@T collected $6 from pot
Murrrr_@T: doesn't show hand
*** SUMMARY ***
Total pot $6 | Rake $0
Seat 1: Murrrr_@T (button) (small blind) collected ($6)
Seat 5: rippey156 (big blind) folded before Flop


PokerStars Hand #157313503146:  Hold'em Limit ($3/$6 USD) - 2016/08/15 14:02:10 ET
Table 'Ianthe III' 6-max Seat #5 is the button
Seat 1: Murrrr_@T ($103.08 in chips)
Seat 5: rippey156 ($33.14 in chips)
rippey156: posts small blind $1
Murrrr_@T: posts big blind $3
*** HOLE CARDS ***
rippey156: folds
Uncalled bet ($2) returned to Murrrr_@T
Murrrr_@T collected $2 from pot
Murrrr_@T: doesn't show hand
*** SUMMARY ***
Total pot $2 | Rake $0
Seat 1: Murrrr_@T (big blind) collected ($2)
Seat 5: rippey156 (button) (small blind) folded before Flop


PokerStars Hand #157313506950:  Hold'em Limit ($3/$6 USD) - 2016/08/15 14:02:15 ET
Table 'Ianthe III' 6-max Seat #1 is the button
Seat 1: Murrrr_@T ($104.08 in chips)
Seat 5: rippey156 ($32.14 in chips)
Murrrr_@T: posts small blind $1
rippey156: posts big blind $3
*** HOLE CARDS ***
Murrrr_@T: raises $3 to $6
rippey156: calls $3
*** FLOP *** [9d Qh 3c]
rippey156: checks
Murrrr_@T: bets $3
rippey156: calls $3
*** TURN *** [9d Qh 3c] [Ad]
rippey156: checks
Murrrr_@T: checks
*** RIVER *** [9d Qh 3c Ad] [8d]
rippey156: bets $6
Murrrr_@T: folds
Uncalled bet ($6) returned to rippey156
rippey156 collected $17.64 from pot
rippey156: doesn't show hand
*** SUMMARY ***
Total pot $18 | Rake $0.36
Board [9d Qh 3c Ad 8d]
Seat 1: Murrrr_@T (button) (small blind) folded on the River
Seat 5: rippey156 (big blind) collected ($17.64)


PokerStars Hand #157313496761:  Hold'em Limit ($3/$6 USD) - 2016/08/15 14:02:01 ET
Table 'Ianthe III' 6-max Seat #5 is the button
Seat 1: Murrrr_@T ($103.08 in chips)
Seat 5: rippey156 ($33.14 in chips)
rippey156: posts small blind $1
Murrrr_@T: posts big blind $3
*** HOLE CARDS ***
rippey156: folds
Uncalled bet ($2) returned to Murrrr_@T
Murrrr_@T collected $2 from pot
Murrrr_@T: doesn't show hand
*** SUMMARY ***
Total pot $2 | Rake $0
Seat 1: Murrrr_@T (big blind) collected ($2)
Seat 5: rippey156 (button) (small blind) folded before Flop


PokerStars Hand #157313521885:  Hold'em Limit ($3/$6 USD) - 2016/08/15 14:02:35 ET
Table 'Ianthe III' 6-max Seat #1 is the button
Seat 1: Murrrr_@T ($101 in chips)
Seat 5: rippey156 ($39.78 in chips)
Murrrr_@T: posts small blind $1
rippey156: posts big blind $3
*** HOLE CARDS ***
Murrrr_@T: folds
Uncalled bet ($2) returned to rippey156
rippey156 collected $2 from pot
rippey156: doesn't show hand
*** SUMMARY ***
Total pot $2 | Rake $0
Seat 1: Murrrr_@T (button) (small blind) folded before Flop
Seat 5: rippey156 (big blind) collected ($2)


PokerStars Hand #157313518025:  Hold'em Limit ($3/$6 USD) - 2016/08/15 14:02:30 ET
Table 'Ianthe III' 6-max Seat #5 is the button
Seat 1: Murrrr_@T ($100 in chips)
Seat 5: rippey156 ($40.78 in chips)
rippey156: posts small blind $1
Murrrr_@T: posts big blind $3
*** HOLE CARDS ***
rippey156: folds
Uncalled bet ($2) returned to Murrrr_@T
Murrrr_@T collected $2 from pot
Murrrr_@T: doesn't show hand
*** SUMMARY ***
Total pot $2 | Rake $0
Seat 1: Murrrr_@T (big blind) collected ($2)
Seat 5: rippey156 (button) (small blind) folded before Flop


PokerStars Hand #157313491945:  Hold'em Limit ($3/$6 USD) - 2016/08/15 14:01:54 ET
Table 'Ianthe III' 6-max Seat #1 is the button
Seat 1: Murrrr_@T ($100.08 in chips)
Seat 5: rippey156 ($36.14 in chips)
Murrrr_@T: posts small blind $1
rippey156: posts big blind $3
*** HOLE CARDS ***
Murrrr_@T: raises $3 to $6
rippey156: folds
Uncalled bet ($3) returned to Murrrr_@T
Murrrr_@T collected $6 from pot
Murrrr_@T: doesn't show hand
*** SUMMARY ***
Total pot $6 | Rake $0
Seat 1: Murrrr_@T (button) (small blind) collected ($6)
Seat 5: rippey156 (big blind) folded before Flop


PokerStars Hand #157313544677:  Hold'em Limit ($3/$6 USD) - 2016/08/15 14:03:06 ET
Table 'Ianthe III' 6-max Seat #5 is the button
Seat 1: Murrrr_@T ($112.76 in chips)
Seat 5: rippey156 ($27.78 in chips)
rippey156: posts small blind $1
Murrrr_@T: posts big blind $3
*** HOLE CARDS ***
rippey156: folds
Uncalled bet ($2) returned to Murrrr_@T
Murrrr_@T collected $2 from pot
Murrrr_@T: doesn't show hand
*** SUMMARY ***
Total pot $2 | Rake $0
Seat 1: Murrrr_@T (big blind) collected ($2)
Seat 5: rippey156 (button) (small blind) folded before Flop


PokerStars Hand #157313540424:  Hold'em Limit ($3/$6 USD) - 2016/08/15 14:03:01 ET
Table 'Ianthe III' 6-max Seat #1 is the button
Seat 1: Murrrr_@T ($109.76 in chips)
Seat 5: rippey156 ($30.78 in chips)
Murrrr_@T: posts small blind $1
rippey156: posts big blind $3
*** HOLE CARDS ***
Murrrr_@T: raises $3 to $6
rippey156: folds
Uncalled bet ($3) returned to Murrrr_@T
Murrrr_@T collected $6 from pot
Murrrr_@T: doesn't show hand
*** SUMMARY ***
Total pot $6 | Rake $0
Seat 1: Murrrr_@T (button) (small blind) collected ($6)
Seat 5: rippey156 (big blind) folded before Flop


PokerStars Hand #157313526305:  Hold'em Limit ($3/$6 USD) - 2016/08/15 14:02:41 ET
Table 'Ianthe III' 6-max Seat #5 is the button
Seat 1: Murrrr_@T ($100 in chips)
Seat 5: rippey156 ($40.78 in chips)
rippey156: posts small blind $1
Murrrr_@T: posts big blind $3
*** HOLE CARDS ***
rippey156: raises $3 to $6
Murrrr_@T: calls $3
*** FLOP *** [Qc 5s 3d]
Murrrr_@T: checks
rippey156: checks
*** TURN *** [Qc 5s 3d] [Js]
Murrrr_@T: bets $6
rippey156: folds
Uncalled bet ($6) returned to Murrrr_@T
Murrrr_@T collected $11.76 from pot
Murrrr_@T: doesn't show hand
*** SUMMARY ***
Total pot $12 | Rake $0.24
Board [Qc 5s 3d Js]
Seat 1: Murrrr_@T (big blind) collected ($11.76)
Seat 5: rippey156 (button) (small blind) folded on the Turn


PokerStars Hand #157313536859:  Hold'em Limit ($3/$6 USD) - 2016/08/15 14:02:56 ET
Table 'Ianthe III' 6-max Seat #5 is the button
Seat 1: Murrrr_@T ($108.76 in chips)
Seat 5: rippey156 ($31.78 in chips)
rippey156: posts small blind $1
Murrrr_@T: posts big blind $3
*** HOLE CARDS ***
rippey156: folds
Uncalled bet ($2) returned to Murrrr_@T
Murrrr_@T collected $2 from pot
Murrrr_@T: doesn't show hand
*** SUMMARY ***
Total pot $2 | Rake $0
Seat 1: Murrrr_@T (big blind) collected ($2)
Seat 5: rippey156 (button) (small blind) folded before Flop


PokerStars Hand #157313533055:  Hold'em Limit ($3/$6 USD) - 2016/08/15 14:02:51 ET
Table 'Ianthe III' 6-max Seat #1 is the button
Seat 1: Murrrr_@T ($105.76 in chips)
Seat 5: rippey156 ($34.78 in chips)
Murrrr_@T: posts small blind $1
rippey156: posts big blind $3
*** HOLE CARDS ***
Murrrr_@T: raises $3 to $6
rippey156: folds
Uncalled bet ($3) returned to Murrrr_@T
Murrrr_@T collected $6 from pot
Murrrr_@T: doesn't show hand
*** SUMMARY ***
Total pot $6 | Rake $0
Seat 1: Murrrr_@T (button) (small blind) collected ($6)
Seat 5: rippey156 (big blind) folded before Flop


PokerStars Hand #157313566031:  Hold'em Limit ($3/$6 USD) - 2016/08/15 14:03:35 ET
Table 'Ianthe III' 6-max Seat #5 is the button
Seat 1: Murrrr_@T ($122.28 in chips)
Seat 5: rippey156 ($17.78 in chips)
rippey156: posts small blind $1
Murrrr_@T: posts big blind $3
*** HOLE CARDS ***
rippey156: folds
Uncalled bet ($2) returned to Murrrr_@T
Murrrr_@T collected $2 from pot
Murrrr_@T: doesn't show hand
*** SUMMARY ***
Total pot $2 | Rake $0
Seat 1: Murrrr_@T (big blind) collected ($2)
Seat 5: rippey156 (button) (small blind) folded before Flop


PokerStars Hand #157313555786:  Hold'em Limit ($3/$6 USD) - 2016/08/15 14:03:22 ET
Table 'Ianthe III' 6-max Seat #5 is the button
Seat 1: Murrrr_@T ($119.52 in chips)
Seat 5: rippey156 ($20.78 in chips)
rippey156: posts small blind $1
Murrrr_@T: posts big blind $3
*** HOLE CARDS ***
rippey156: raises $3 to $6
Murrrr_@T: folds
Uncalled bet ($3) returned to rippey156
rippey156 collected $6 from pot
rippey156: doesn't show hand
*** SUMMARY ***
Total pot $6 | Rake $0
Seat 1: Murrrr_@T (big blind) folded before Flop
Seat 5: rippey156 (button) (small blind) collected ($6)


PokerStars Hand #157313572361:  Hold'em Limit ($3/$6 USD) - 2016/08/15 14:03:44 ET
Table 'Ianthe III' 6-max Seat #5 is the button
Seat 1: Murrrr_@T ($122.28 in chips)
Seat 5: rippey156 ($17.78 in chips)
rippey156: posts small blind $1
Murrrr_@T: posts big blind $3
*** HOLE CARDS ***
rippey156: folds
Uncalled bet ($2) returned to Murrrr_@T
Murrrr_@T collected $2 from pot
Murrrr_@T: doesn't show hand
*** SUMMARY ***
Total pot $2 | Rake $0
Seat 1: Murrrr_@T (big blind) collected ($2)
Seat 5: rippey156 (button) (small blind) folded before Flop


PokerStars Hand #157313569473:  Hold'em Limit ($3/$6 USD) - 2016/08/15 14:03:40 ET
Table 'Ianthe III' 6-max Seat #1 is the button
Seat 1: Murrrr_@T ($123.28 in chips)
Seat 5: rippey156 ($16.78 in chips)
Murrrr_@T: posts small blind $1
rippey156: posts big blind $3
*** HOLE CARDS ***
Murrrr_@T: folds
Uncalled bet ($2) returned to rippey156
rippey156 collected $2 from pot
rippey156: doesn't show hand
*** SUMMARY ***
Total pot $2 | Rake $0
Seat 1: Murrrr_@T (button) (small blind) folded before Flop
Seat 5: rippey156 (big blind) collected ($2)


PokerStars Hand #157313586068:  Hold'em Limit ($3/$6 USD) - 2016/08/15 14:04:02 ET
Table 'Ianthe III' 6-max Seat #5 is the button
Seat 1: Murrrr_@T ($129.04 in chips)
Seat 5: rippey156 ($10.78 in chips)
rippey156: posts small blind $1
Murrrr_@T: posts big blind $3
*** HOLE CARDS ***
rippey156: raises $3 to $6
Murrrr_@T: raises $3 to $9
rippey156: raises $1.78 to $10.78 and is all-in
Betting is capped
Murrrr_@T: calls $1.78
ROCK2010 joins the table at seat #3
*** FLOP *** [4h 8s Qs]
*** TURN *** [4h 8s Qs] [6d]
*** RIVER *** [4h 8s Qs 6d] [6h]
*** SHOW DOWN ***
Murrrr_@T: shows [2h 2c] (two pair, Sixes and Deuces)
rippey156: shows [5c Ac] (a pair of Sixes)
Murrrr_@T collected $21.13 from pot
rippey156 leaves the table
*** SUMMARY ***
Total pot $21.56 | Rake $0.43
Board [4h 8s Qs 6d 6h]
Seat 1: Murrrr_@T (big blind) showed [2h 2c] and won ($21.13) with two pair, Sixes and Deuces
Seat 5: rippey156 (button) (small blind) showed [5c Ac] and lost with a pair of Sixes


PokerStars Hand #157313595737:  Hold'em Limit ($3/$6 USD) - 2016/08/15 14:04:15 ET
Table 'Ianthe III' 6-max Seat #1 is the button
Seat 1: Murrrr_@T ($139.39 in chips)
Seat 3: ROCK2010 ($216.26 in chips)
Murrrr_@T: posts small blind $1
ROCK2010: posts big blind $3
*** HOLE CARDS ***
Murrrr_@T: raises $3 to $6
ROCK2010: calls $3
*** FLOP *** [4h 9d 9c]
ROCK2010: bets $3
Murrrr_@T: calls $3
*** TURN *** [4h 9d 9c] [7d]
ROCK2010: bets $6
Murrrr_@T: calls $6
*** RIVER *** [4h 9d 9c 7d] [Qh]
ROCK2010: bets $6
Murrrr_@T: raises $6 to $12
ROCK2010: folds
Uncalled bet ($6) returned to Murrrr_@T
Murrrr_@T collected $41.50 from pot
Murrrr_@T: doesn't show hand
*** SUMMARY ***
Total pot $42 | Rake $0.50
Board [4h 9d 9c 7d Qh]
Seat 1: Murrrr_@T (button) (small blind) collected ($41.50)
Seat 3: ROCK2010 (big blind) folded on the River


PokerStars Hand #157313622857:  Hold'em Limit ($3/$6 USD) - 2016/08/15 14:04:51 ET
Table 'Ianthe III' 6-max Seat #3 is the button
Seat 1: Murrrr_@T ($168.65 in chips)
Seat 3: ROCK2010 ($186.26 in chips)
ROCK2010: posts small blind $1
Murrrr_@T: posts big blind $3
*** HOLE CARDS ***
ROCK2010: calls $2
Murrrr_@T: raises $3 to $6
ROCK2010: calls $3
*** FLOP *** [3s Ks 4c]
Murrrr_@T: bets $3
ROCK2010: folds
Uncalled bet ($3) returned to Murrrr_@T
Murrrr_@T collected $11.76 from pot
Murrrr_@T: doesn't show hand
*** SUMMARY ***
Total pot $12 | Rake $0.24
Board [3s Ks 4c]
Seat 1: Murrrr_@T (big blind) collected ($11.76)
Seat 3: ROCK2010 (button) (small blind) folded on the Flop


PokerStars Hand #157313618396:  Hold'em Limit ($3/$6 USD) - 2016/08/15 14:04:45 ET
Table 'Ianthe III' 6-max Seat #1 is the button
Seat 1: Murrrr_@T ($165.65 in chips)
Seat 3: ROCK2010 ($189.26 in chips)
Murrrr_@T: posts small blind $1
ROCK2010: posts big blind $3
*** HOLE CARDS ***
Murrrr_@T: raises $3 to $6
ROCK2010: folds
Uncalled bet ($3) returned to Murrrr_@T
Murrrr_@T collected $6 from pot
Murrrr_@T: doesn't show hand
*** SUMMARY ***
Total pot $6 | Rake $0
Seat 1: Murrrr_@T (button) (small blind) collected ($6)
Seat 3: ROCK2010 (big blind) folded before Flop


PokerStars Hand #157313611301:  Hold'em Limit ($3/$6 USD) - 2016/08/15 14:04:36 ET
Table 'Ianthe III' 6-max Seat #3 is the button
Seat 1: Murrrr_@T ($159.89 in chips)
Seat 3: ROCK2010 ($195.26 in chips)
ROCK2010: posts small blind $1
Murrrr_@T: posts big blind $3
*** HOLE CARDS ***
ROCK2010: calls $2
Murrrr_@T: raises $3 to $6
ROCK2010: calls $3
*** FLOP *** [7h Qc Kd]
Murrrr_@T: bets $3
ROCK2010: folds
Uncalled bet ($3) returned to Murrrr_@T
Murrrr_@T collected $11.76 from pot
Murrrr_@T: doesn't show hand
*** SUMMARY ***
Total pot $12 | Rake $0.24
Board [7h Qc Kd]
Seat 1: Murrrr_@T (big blind) collected ($11.76)
Seat 3: ROCK2010 (button) (small blind) folded on the Flop


PokerStars Hand #157313642153:  Hold'em Limit ($3/$6 USD) - 2016/08/15 14:05:16 ET
Table 'Ianthe III' 6-max Seat #3 is the button
Seat 1: Murrrr_@T ($197.91 in chips)
Seat 3: ROCK2010 ($156.26 in chips)
ROCK2010: posts small blind $1
Murrrr_@T: posts big blind $3
*** HOLE CARDS ***
ROCK2010: folds
Uncalled bet ($2) returned to Murrrr_@T
Murrrr_@T collected $2 from pot
Murrrr_@T: doesn't show hand
*** SUMMARY ***
Total pot $2 | Rake $0
Seat 1: Murrrr_@T (big blind) collected ($2)
Seat 3: ROCK2010 (button) (small blind) folded before Flop


PokerStars Hand #157313629831:  Hold'em Limit ($3/$6 USD) - 2016/08/15 14:05:00 ET
Table 'Ianthe III' 6-max Seat #1 is the button
Seat 1: Murrrr_@T ($174.41 in chips)
Seat 3: ROCK2010 ($180.26 in chips)
Murrrr_@T: posts small blind $1
ROCK2010: posts big blind $3
*** HOLE CARDS ***
Murrrr_@T: raises $3 to $6
ROCK2010: calls $3
*** FLOP *** [Qs Ac Qh]
ROCK2010: checks
Murrrr_@T: bets $3
ROCK2010: raises $3 to $6
Murrrr_@T: calls $3
*** TURN *** [Qs Ac Qh] [5s]
ROCK2010: bets $6
Murrrr_@T: calls $6
*** RIVER *** [Qs Ac Qh 5s] [9c]
ROCK2010: bets $6
Murrrr_@T: calls $6
*** SHOW DOWN ***
ROCK2010: shows [3c 3h] (two pair, Queens and Threes)
Murrrr_@T: shows [As 4h] (two pair, Aces and Queens)
Murrrr_@T collected $47.50 from pot
*** SUMMARY ***
Total pot $48 | Rake $0.50
Board [Qs Ac Qh 5s 9c]
Seat 1: Murrrr_@T (button) (small blind) showed [As 4h] and won ($47.50) with two pair, Aces and Queens
Seat 3: ROCK2010 (big blind) showed [3c 3h] and lost with two pair, Queens and Threes


PokerStars Hand #157313645674:  Hold'em Limit ($3/$6 USD) - 2016/08/15 14:05:21 ET
Table 'Ianthe III' 6-max Seat #1 is the button
Seat 1: Murrrr_@T ($198.91 in chips)
Seat 3: ROCK2010 ($155.26 in chips)
Murrrr_@T: posts small blind $1
ROCK2010: posts big blind $3
*** HOLE CARDS ***
Murrrr_@T: raises $3 to $6
ROCK2010: raises $3 to $9
Murrrr_@T: calls $3
*** FLOP *** [3h 7s 6h]
ROCK2010: bets $3
Murrrr_@T: calls $3
*** TURN *** [3h 7s 6h] [Kc]
ROCK2010: checks
Murrrr_@T: checks
*** RIVER *** [3h 7s 6h Kc] [Kd]
ROCK2010: bets $6
jeanpierreCH joins the table at seat #2
masterblstr8 joins the table at seat #4
Murrrr_@T: folds
Uncalled bet ($6) returned to ROCK2010
ROCK2010 collected $23.52 from pot
ROCK2010: doesn't show hand
*** SUMMARY ***
Total pot $24 | Rake $0.48
Board [3h 7s 6h Kc Kd]
Seat 1: Murrrr_@T (button) (small blind) folded on the River
Seat 3: ROCK2010 (big blind) collected ($23.52)


