PokerStars Hand #148993657747:  Hold'em Limit ($3/$6 USD) - 2016/02/17 23:21:41 ET
Table 'Ianthe' 6-max Seat #3 is the button
Seat 1: PinchMaster ($66.26 in chips)
Seat 3: HaekJiu ($112.50 in chips)
HaekJiu: posts small blind $1
PinchMaster: posts big blind $3
*** HOLE CARDS ***
HaekJiu: folds
Uncalled bet ($2) returned to PinchMaster
PinchMaster collected $2 from pot
PinchMaster: doesn't show hand
*** SUMMARY ***
Total pot $2 | Rake $0
Seat 1: PinchMaster (big blind) collected ($2)
Seat 3: HaekJiu (button) (small blind) folded before Flop


PokerStars Hand #148993655223:  Hold'em Limit ($3/$6 USD) - 2016/02/17 23:21:32 ET
Table 'Ianthe' 6-max Seat #1 is the button
Seat 1: PinchMaster ($60.50 in chips)
Seat 3: HaekJiu ($118.50 in chips)
PinchMaster: posts small blind $1
HaekJiu: posts big blind $3
*** HOLE CARDS ***
PinchMaster: raises $3 to $6
HaekJiu: calls $3
*** FLOP *** [8s 8c 8d]
HaekJiu: checks
PinchMaster: bets $3
HaekJiu: folds
Uncalled bet ($3) returned to PinchMaster
PinchMaster collected $11.76 from pot
PinchMaster: doesn't show hand
*** SUMMARY ***
Total pot $12 | Rake $0.24
Board [8s 8c 8d]
Seat 1: PinchMaster (button) (small blind) collected ($11.76)
Seat 3: HaekJiu (big blind) folded on the Flop


PokerStars Hand #148993650542:  Hold'em Limit ($3/$6 USD) - 2016/02/17 23:21:17 ET
Table 'Ianthe' 6-max Seat #3 is the button
Seat 1: PinchMaster ($78.50 in chips)
Seat 3: HaekJiu ($101 in chips)
HaekJiu: posts small blind $1
PinchMaster: posts big blind $3
*** HOLE CARDS ***
HaekJiu: raises $3 to $6
PinchMaster: calls $3
*** FLOP *** [5c 3s 9c]
PinchMaster: checks
HaekJiu: bets $3
PinchMaster: raises $3 to $6
HaekJiu: calls $3
*** TURN *** [5c 3s 9c] [5s]
PinchMaster: bets $6
HaekJiu: calls $6
*** RIVER *** [5c 3s 9c 5s] [Qc]
PinchMaster: checks
HaekJiu: checks
*** SHOW DOWN ***
PinchMaster: shows [6s 9h] (two pair, Nines and Fives)
HaekJiu: shows [Ah 9s] (two pair, Nines and Fives - Ace kicker)
HaekJiu collected $35.50 from pot
*** SUMMARY ***
Total pot $36 | Rake $0.50
Board [5c 3s 9c 5s Qc]
Seat 1: PinchMaster (big blind) showed [6s 9h] and lost with two pair, Nines and Fives
Seat 3: HaekJiu (button) (small blind) showed [Ah 9s] and won ($35.50) with two pair, Nines and Fives


PokerStars Hand #148993648762:  Hold'em Limit ($3/$6 USD) - 2016/02/17 23:21:11 ET
Table 'Ianthe' 6-max Seat #1 is the button
Seat 1: PinchMaster ($79.50 in chips)
Seat 3: HaekJiu ($100 in chips)
PinchMaster: posts small blind $1
HaekJiu: posts big blind $3
*** HOLE CARDS ***
PinchMaster: folds
Uncalled bet ($2) returned to HaekJiu
HaekJiu collected $2 from pot
HaekJiu: doesn't show hand
*** SUMMARY ***
Total pot $2 | Rake $0
Seat 1: PinchMaster (button) (small blind) folded before Flop
Seat 3: HaekJiu (big blind) collected ($2)


PokerStars Hand #148993643750:  Hold'em Limit ($3/$6 USD) - 2016/02/17 23:20:55 ET
Table 'Ianthe' 6-max Seat #3 is the button
Seat 1: PinchMaster ($59 in chips)
Seat 3: HaekJiu ($121 in chips)
HaekJiu: posts small blind $1
PinchMaster: posts big blind $3
*** HOLE CARDS ***
HaekJiu: raises $3 to $6
PinchMaster: calls $3
*** FLOP *** [8c 4s Th]
PinchMaster: checks
HaekJiu: bets $3
PinchMaster: calls $3
*** TURN *** [8c 4s Th] [Td]
PinchMaster: bets $6
HaekJiu: calls $6
*** RIVER *** [8c 4s Th Td] [5h]
PinchMaster: bets $6
HaekJiu: calls $6
*** SHOW DOWN ***
PinchMaster: shows [7c 8h] (two pair, Tens and Eights)
HaekJiu: mucks hand
PinchMaster collected $41.50 from pot
*** SUMMARY ***
Total pot $42 | Rake $0.50
Board [8c 4s Th Td 5h]
Seat 1: PinchMaster (big blind) showed [7c 8h] and won ($41.50) with two pair, Tens and Eights
Seat 3: HaekJiu (button) (small blind) mucked


PokerStars Hand #148993642047:  Hold'em Limit ($3/$6 USD) - 2016/02/17 23:20:50 ET
Table 'Ianthe' 6-max Seat #1 is the button
Seat 1: PinchMaster ($60 in chips)
Seat 3: HaekJiu ($120 in chips)
PinchMaster: posts small blind $1
HaekJiu: posts big blind $3
*** HOLE CARDS ***
PinchMaster: folds
Uncalled bet ($2) returned to HaekJiu
HaekJiu collected $2 from pot
HaekJiu: doesn't show hand
*** SUMMARY ***
Total pot $2 | Rake $0
Seat 1: PinchMaster (button) (small blind) folded before Flop
Seat 3: HaekJiu (big blind) collected ($2)


PokerStars Hand #148993659205:  Hold'em Limit ($3/$6 USD) - 2016/02/17 23:21:46 ET
Table 'Ianthe' 6-max Seat #1 is the button
Seat 1: PinchMaster ($67.26 in chips)
Seat 3: HaekJiu ($111.50 in chips)
PinchMaster: posts small blind $1
HaekJiu: posts big blind $3
*** HOLE CARDS ***
PinchMaster: raises $3 to $6
HaekJiu: calls $3
*** FLOP *** [9h 7c 6h]
HaekJiu: checks
Sagar_7 joins the table at seat #4
PinchMaster: bets $3
HaekJiu: raises $3 to $6
PinchMaster: calls $3
*** TURN *** [9h 7c 6h] [6s]
HaekJiu: bets $6
PinchMaster: calls $6
*** RIVER *** [9h 7c 6h 6s] [5h]
HaekJiu: bets $6
PinchMaster: calls $6
*** SHOW DOWN ***
HaekJiu: shows [7d Kc] (two pair, Sevens and Sixes)
PinchMaster: mucks hand
HaekJiu collected $47.50 from pot
*** SUMMARY ***
Total pot $48 | Rake $0.50
Board [9h 7c 6h 6s 5h]
Seat 1: PinchMaster (button) (small blind) mucked
Seat 3: HaekJiu (big blind) showed [7d Kc] and won ($47.50) with two pair, Sevens and Sixes


PokerStars Hand #148994264115:  Hold'em Limit ($3/$6 USD) - 2016/02/17 23:55:30 ET
Table 'Ianthe' 6-max Seat #5 is the button
Seat 1: 40 ft cliff ($97.40 in chips)
Seat 5: markusfriebe ($183.35 in chips)
markusfriebe: posts small blind $1
Necromadx: is sitting out
40 ft cliff: posts big blind $3
*** HOLE CARDS ***
markusfriebe: folds
Uncalled bet ($2) returned to 40 ft cliff
Necromadx leaves the table
40 ft cliff collected $2 from pot
40 ft cliff: doesn't show hand
*** SUMMARY ***
Total pot $2 | Rake $0
Seat 1: 40 ft cliff (big blind) collected ($2)
Seat 5: markusfriebe (button) (small blind) folded before Flop


PokerStars Hand #148994957506:  Hold'em Limit ($3/$6 USD) - 2016/02/18 0:37:07 ET
Table 'Ianthe' 6-max Seat #1 is the button
Seat 1: PinchMaster ($60.16 in chips)
Seat 4: KoWaiKai129 ($72 in chips)
PinchMaster: posts small blind $1
KoWaiKai129: posts big blind $3
*** HOLE CARDS ***
PinchMaster: raises $3 to $6
KoWaiKai129: calls $3
*** FLOP *** [5c Ac 8h]
KoWaiKai129: checks
PinchMaster: bets $3
KoWaiKai129: folds
Uncalled bet ($3) returned to PinchMaster
PinchMaster collected $11.76 from pot
PinchMaster: doesn't show hand
*** SUMMARY ***
Total pot $12 | Rake $0.24
Board [5c Ac 8h]
Seat 1: PinchMaster (button) (small blind) collected ($11.76)
Seat 4: KoWaiKai129 (big blind) folded on the Flop


PokerStars Hand #148994969419:  Hold'em Limit ($3/$6 USD) - 2016/02/18 0:37:50 ET
Table 'Ianthe' 6-max Seat #1 is the button
Seat 1: PinchMaster ($74.56 in chips)
Seat 4: KoWaiKai129 ($57 in chips)
PinchMaster: posts small blind $1
KoWaiKai129: posts big blind $3
*** HOLE CARDS ***
PinchMaster: folds
Uncalled bet ($2) returned to KoWaiKai129
KoWaiKai129 collected $2 from pot
KoWaiKai129: doesn't show hand
*** SUMMARY ***
Total pot $2 | Rake $0
Seat 1: PinchMaster (button) (small blind) folded before Flop
Seat 4: KoWaiKai129 (big blind) collected ($2)


PokerStars Hand #148994962409:  Hold'em Limit ($3/$6 USD) - 2016/02/18 0:37:25 ET
Table 'Ianthe' 6-max Seat #4 is the button
Seat 1: PinchMaster ($65.92 in chips)
Seat 4: KoWaiKai129 ($66 in chips)
KoWaiKai129: posts small blind $1
PinchMaster: posts big blind $3
*** HOLE CARDS ***
KoWaiKai129: raises $3 to $6
PinchMaster: calls $3
*** FLOP *** [7h Ks 4d]
PinchMaster: checks
KoWaiKai129: bets $3
PinchMaster: raises $3 to $6
KoWaiKai129: folds
Uncalled bet ($3) returned to PinchMaster
PinchMaster collected $17.64 from pot
PinchMaster: doesn't show hand
*** SUMMARY ***
Total pot $18 | Rake $0.36
Board [7h Ks 4d]
Seat 1: PinchMaster (big blind) collected ($17.64)
Seat 4: KoWaiKai129 (button) (small blind) folded on the Flop


PokerStars Hand #148994974070:  Hold'em Limit ($3/$6 USD) - 2016/02/18 0:38:07 ET
Table 'Ianthe' 6-max Seat #4 is the button
Seat 1: PinchMaster ($73.56 in chips)
Seat 4: KoWaiKai129 ($58 in chips)
KoWaiKai129: posts small blind $1
PinchMaster: posts big blind $3
*** HOLE CARDS ***
KoWaiKai129: raises $3 to $6
PinchMaster: folds
Uncalled bet ($3) returned to KoWaiKai129
KoWaiKai129 collected $6 from pot
KoWaiKai129: doesn't show hand
*** SUMMARY ***
Total pot $6 | Rake $0
Seat 1: PinchMaster (big blind) folded before Flop
Seat 4: KoWaiKai129 (button) (small blind) collected ($6)


PokerStars Hand #148994972630:  Hold'em Limit ($3/$6 USD) - 2016/02/18 0:38:02 ET
Table 'Ianthe' 6-max Seat #1 is the button
Seat 1: PinchMaster ($74.56 in chips)
Seat 4: KoWaiKai129 ($57 in chips)
PinchMaster: posts small blind $1
KoWaiKai129: posts big blind $3
*** HOLE CARDS ***
PinchMaster: folds
Uncalled bet ($2) returned to KoWaiKai129
KoWaiKai129 collected $2 from pot
KoWaiKai129: doesn't show hand
*** SUMMARY ***
Total pot $2 | Rake $0
Seat 1: PinchMaster (button) (small blind) folded before Flop
Seat 4: KoWaiKai129 (big blind) collected ($2)


PokerStars Hand #148994975905:  Hold'em Limit ($3/$6 USD) - 2016/02/18 0:38:14 ET
Table 'Ianthe' 6-max Seat #1 is the button
Seat 1: PinchMaster ($70.56 in chips)
Seat 4: KoWaiKai129 ($61 in chips)
PinchMaster: posts small blind $1
KoWaiKai129: posts big blind $3
*** HOLE CARDS ***
PinchMaster: folds
Uncalled bet ($2) returned to KoWaiKai129
KoWaiKai129 collected $2 from pot
KoWaiKai129: doesn't show hand
*** SUMMARY ***
Total pot $2 | Rake $0
Seat 1: PinchMaster (button) (small blind) folded before Flop
Seat 4: KoWaiKai129 (big blind) collected ($2)


PokerStars Hand #148994970800:  Hold'em Limit ($3/$6 USD) - 2016/02/18 0:37:55 ET
Table 'Ianthe' 6-max Seat #4 is the button
Seat 1: PinchMaster ($73.56 in chips)
Seat 4: KoWaiKai129 ($58 in chips)
KoWaiKai129: posts small blind $1
PinchMaster: posts big blind $3
*** HOLE CARDS ***
KoWaiKai129: folds
Uncalled bet ($2) returned to PinchMaster
PinchMaster collected $2 from pot
PinchMaster: doesn't show hand
*** SUMMARY ***
Total pot $2 | Rake $0
Seat 1: PinchMaster (big blind) collected ($2)
Seat 4: KoWaiKai129 (button) (small blind) folded before Flop


PokerStars Hand #148994983340:  Hold'em Limit ($3/$6 USD) - 2016/02/18 0:38:41 ET
Table 'Ianthe' 6-max Seat #4 is the button
Seat 1: PinchMaster ($74.32 in chips)
Seat 4: KoWaiKai129 ($57 in chips)
KoWaiKai129: posts small blind $1
PinchMaster: posts big blind $3
*** HOLE CARDS ***
KoWaiKai129: raises $3 to $6
PinchMaster: calls $3
*** FLOP *** [2s 8s 3s]
PinchMaster: bets $3
KoWaiKai129: calls $3
*** TURN *** [2s 8s 3s] [Kc]
PinchMaster: bets $6
KoWaiKai129: raises $6 to $12
PinchMaster: calls $6
*** RIVER *** [2s 8s 3s Kc] [Qs]
PinchMaster: checks
KoWaiKai129: checks
*** SHOW DOWN ***
PinchMaster: shows [Jc 8h] (a pair of Eights)
KoWaiKai129: shows [Kh 3h] (two pair, Kings and Threes)
KoWaiKai129 collected $41.50 from pot
*** SUMMARY ***
Total pot $42 | Rake $0.50
Board [2s 8s 3s Kc Qs]
Seat 1: PinchMaster (big blind) showed [Jc 8h] and lost with a pair of Eights
Seat 4: KoWaiKai129 (button) (small blind) showed [Kh 3h] and won ($41.50) with two pair, Kings and Threes


PokerStars Hand #148994977419:  Hold'em Limit ($3/$6 USD) - 2016/02/18 0:38:19 ET
Table 'Ianthe' 6-max Seat #4 is the button
Seat 1: PinchMaster ($69.56 in chips)
Seat 4: KoWaiKai129 ($62 in chips)
KoWaiKai129: posts small blind $1
PinchMaster: posts big blind $3
*** HOLE CARDS ***
KoWaiKai129: raises $3 to $6
PinchMaster: calls $3
*** FLOP *** [6c Qd Jd]
PinchMaster: checks
KoWaiKai129: checks
*** TURN *** [6c Qd Jd] [4d]
PinchMaster: bets $6
KoWaiKai129: folds
Uncalled bet ($6) returned to PinchMaster
PinchMaster collected $11.76 from pot
PinchMaster: doesn't show hand
*** SUMMARY ***
Total pot $12 | Rake $0.24
Board [6c Qd Jd 4d]
Seat 1: PinchMaster (big blind) collected ($11.76)
Seat 4: KoWaiKai129 (button) (small blind) folded on the Turn


PokerStars Hand #148994981899:  Hold'em Limit ($3/$6 USD) - 2016/02/18 0:38:36 ET
Table 'Ianthe' 6-max Seat #1 is the button
Seat 1: PinchMaster ($75.32 in chips)
Seat 4: KoWaiKai129 ($56 in chips)
PinchMaster: posts small blind $1
KoWaiKai129: posts big blind $3
*** HOLE CARDS ***
PinchMaster: folds
Uncalled bet ($2) returned to KoWaiKai129
KoWaiKai129 collected $2 from pot
KoWaiKai129: doesn't show hand
*** SUMMARY ***
Total pot $2 | Rake $0
Seat 1: PinchMaster (button) (small blind) folded before Flop
Seat 4: KoWaiKai129 (big blind) collected ($2)


PokerStars Hand #148994995561:  Hold'em Limit ($3/$6 USD) - 2016/02/18 0:39:25 ET
Table 'Ianthe' 6-max Seat #1 is the button
Seat 1: PinchMaster ($53.32 in chips)
Seat 4: KoWaiKai129 ($77.50 in chips)
PinchMaster: posts small blind $1
KoWaiKai129: posts big blind $3
*** HOLE CARDS ***
PinchMaster: raises $3 to $6
KoWaiKai129: calls $3
*** FLOP *** [4c Jc 7h]
KoWaiKai129: checks
PinchMaster: checks
*** TURN *** [4c Jc 7h] [Js]
KoWaiKai129: checks
PinchMaster: bets $6
KoWaiKai129: raises $6 to $12
PinchMaster: folds
Uncalled bet ($6) returned to KoWaiKai129
KoWaiKai129 collected $23.52 from pot
KoWaiKai129: doesn't show hand
*** SUMMARY ***
Total pot $24 | Rake $0.48
Board [4c Jc 7h Js]
Seat 1: PinchMaster (button) (small blind) folded on the Turn
Seat 4: KoWaiKai129 (big blind) collected ($23.52)


PokerStars Hand #148995002265:  Hold'em Limit ($3/$6 USD) - 2016/02/18 0:39:49 ET
Table 'Ianthe' 6-max Seat #4 is the button
Seat 1: PinchMaster ($41.32 in chips)
Seat 4: KoWaiKai129 ($89.02 in chips)
KoWaiKai129: posts small blind $1
PinchMaster: posts big blind $3
*** HOLE CARDS ***
KoWaiKai129: raises $3 to $6
PinchMaster: folds
Uncalled bet ($3) returned to KoWaiKai129
KoWaiKai129 collected $6 from pot
KoWaiKai129: doesn't show hand
*** SUMMARY ***
Total pot $6 | Rake $0
Seat 1: PinchMaster (big blind) folded before Flop
Seat 4: KoWaiKai129 (button) (small blind) collected ($6)


PokerStars Hand #148995004802:  Hold'em Limit ($3/$6 USD) - 2016/02/18 0:39:58 ET
Table 'Ianthe' 6-max Seat #1 is the button
Seat 1: PinchMaster ($38.32 in chips)
Seat 4: KoWaiKai129 ($92.02 in chips)
PinchMaster: posts small blind $1
KoWaiKai129: posts big blind $3
*** HOLE CARDS ***
PinchMaster: raises $3 to $6
KoWaiKai129: raises $3 to $9
PinchMaster: calls $3
*** FLOP *** [Th 9c Qc]
KoWaiKai129: bets $3
PinchMaster: calls $3
*** TURN *** [Th 9c Qc] [4s]
KoWaiKai129: bets $6
PinchMaster: folds
Uncalled bet ($6) returned to KoWaiKai129
KoWaiKai129 collected $23.52 from pot
KoWaiKai129: doesn't show hand
*** SUMMARY ***
Total pot $24 | Rake $0.48
Board [Th 9c Qc 4s]
Seat 1: PinchMaster (button) (small blind) folded on the Turn
Seat 4: KoWaiKai129 (big blind) collected ($23.52)


PokerStars Hand #148995025819:  Hold'em Limit ($3/$6 USD) - 2016/02/18 0:41:14 ET
Table 'Ianthe' 6-max Seat #1 is the button
Seat 1: PinchMaster ($37.72 in chips)
Seat 4: KoWaiKai129 ($91.42 in chips)
PinchMaster: posts small blind $1
KoWaiKai129: posts big blind $3
*** HOLE CARDS ***
PinchMaster: raises $3 to $6
KoWaiKai129: calls $3
*** FLOP *** [4s 4d 3h]
KoWaiKai129: checks
PinchMaster: bets $3
KoWaiKai129: folds
Uncalled bet ($3) returned to PinchMaster
PinchMaster collected $11.76 from pot
PinchMaster: doesn't show hand
*** SUMMARY ***
Total pot $12 | Rake $0.24
Board [4s 4d 3h]
Seat 1: PinchMaster (button) (small blind) collected ($11.76)
Seat 4: KoWaiKai129 (big blind) folded on the Flop


PokerStars Hand #148995014507:  Hold'em Limit ($3/$6 USD) - 2016/02/18 0:40:33 ET
Table 'Ianthe' 6-max Seat #1 is the button
Seat 1: PinchMaster ($23.32 in chips)
Seat 4: KoWaiKai129 ($106.42 in chips)
PinchMaster: posts small blind $1
KoWaiKai129: posts big blind $3
*** HOLE CARDS ***
PinchMaster: raises $3 to $6
KoWaiKai129: calls $3
*** FLOP *** [5c 5h Td]
KoWaiKai129: checks
PinchMaster: bets $3
KoWaiKai129: folds
Uncalled bet ($3) returned to PinchMaster
PinchMaster collected $11.76 from pot
PinchMaster: doesn't show hand
*** SUMMARY ***
Total pot $12 | Rake $0.24
Board [5c 5h Td]
Seat 1: PinchMaster (button) (small blind) collected ($11.76)
Seat 4: KoWaiKai129 (big blind) folded on the Flop


PokerStars Hand #148995019066:  Hold'em Limit ($3/$6 USD) - 2016/02/18 0:40:49 ET
Table 'Ianthe' 6-max Seat #4 is the button
Seat 1: PinchMaster ($29.08 in chips)
Seat 4: KoWaiKai129 ($100.42 in chips)
KoWaiKai129: posts small blind $1
PinchMaster: posts big blind $3
*** HOLE CARDS ***
KoWaiKai129: raises $3 to $6
PinchMaster: calls $3
*** FLOP *** [9h Kd 3s]
PinchMaster: checks
KoWaiKai129: bets $3
PinchMaster: calls $3
*** TURN *** [9h Kd 3s] [Tc]
PinchMaster: checks
KoWaiKai129: checks
*** RIVER *** [9h Kd 3s Tc] [2s]
PinchMaster: bets $6
KoWaiKai129: folds
Uncalled bet ($6) returned to PinchMaster
PinchMaster collected $17.64 from pot
PinchMaster: doesn't show hand
*** SUMMARY ***
Total pot $18 | Rake $0.36
Board [9h Kd 3s Tc 2s]
Seat 1: PinchMaster (big blind) collected ($17.64)
Seat 4: KoWaiKai129 (button) (small blind) folded on the River


PokerStars Hand #148995010447:  Hold'em Limit ($3/$6 USD) - 2016/02/18 0:40:18 ET
Table 'Ianthe' 6-max Seat #4 is the button
Seat 1: PinchMaster ($26.32 in chips)
Seat 4: KoWaiKai129 ($103.54 in chips)
KoWaiKai129: posts small blind $1
PinchMaster: posts big blind $3
*** HOLE CARDS ***
KoWaiKai129: calls $2
PinchMaster: checks
*** FLOP *** [Jh 2d Jc]
PinchMaster: checks
KoWaiKai129: bets $3
PinchMaster: folds
Uncalled bet ($3) returned to KoWaiKai129
KoWaiKai129 collected $5.88 from pot
KoWaiKai129: doesn't show hand
*** SUMMARY ***
Total pot $6 | Rake $0.12
Board [Jh 2d Jc]
Seat 1: PinchMaster (big blind) folded on the Flop
Seat 4: KoWaiKai129 (button) (small blind) collected ($5.88)


PokerStars Hand #148995044423:  Hold'em Limit ($3/$6 USD) - 2016/02/18 0:42:21 ET
Table 'Ianthe' 6-max Seat #1 is the button
Seat 1: PinchMaster ($59.98 in chips)
Seat 4: KoWaiKai129 ($68.30 in chips)
PinchMaster: posts small blind $1
KoWaiKai129: posts big blind $3
*** HOLE CARDS ***
PinchMaster: folds
Uncalled bet ($2) returned to KoWaiKai129
KoWaiKai129 collected $2 from pot
KoWaiKai129: doesn't show hand
*** SUMMARY ***
Total pot $2 | Rake $0
Seat 1: PinchMaster (button) (small blind) folded before Flop
Seat 4: KoWaiKai129 (big blind) collected ($2)


PokerStars Hand #148995034605:  Hold'em Limit ($3/$6 USD) - 2016/02/18 0:41:45 ET
Table 'Ianthe' 6-max Seat #4 is the button
Seat 1: PinchMaster ($39.48 in chips)
Seat 4: KoWaiKai129 ($89.30 in chips)
KoWaiKai129: posts small blind $1
PinchMaster: posts big blind $3
*** HOLE CARDS ***
KoWaiKai129: raises $3 to $6
PinchMaster: calls $3
*** FLOP *** [8h 8s Kd]
PinchMaster: checks
KoWaiKai129: bets $3
PinchMaster: calls $3
*** TURN *** [8h 8s Kd] [4h]
PinchMaster: checks
KoWaiKai129: bets $6
PinchMaster: raises $6 to $12
KoWaiKai129: calls $6
*** RIVER *** [8h 8s Kd 4h] [Ad]
PinchMaster: bets $6
KoWaiKai129: folds
Uncalled bet ($6) returned to PinchMaster
PinchMaster collected $41.50 from pot
PinchMaster: doesn't show hand
*** SUMMARY ***
Total pot $42 | Rake $0.50
Board [8h 8s Kd 4h Ad]
Seat 1: PinchMaster (big blind) collected ($41.50)
Seat 4: KoWaiKai129 (button) (small blind) folded on the River


PokerStars Hand #148995033100:  Hold'em Limit ($3/$6 USD) - 2016/02/18 0:41:40 ET
Table 'Ianthe' 6-max Seat #1 is the button
Seat 1: PinchMaster ($40.48 in chips)
Seat 4: KoWaiKai129 ($88.30 in chips)
PinchMaster: posts small blind $1
KoWaiKai129: posts big blind $3
*** HOLE CARDS ***
PinchMaster: folds
Uncalled bet ($2) returned to KoWaiKai129
KoWaiKai129 collected $2 from pot
KoWaiKai129: doesn't show hand
*** SUMMARY ***
Total pot $2 | Rake $0
Seat 1: PinchMaster (button) (small blind) folded before Flop
Seat 4: KoWaiKai129 (big blind) collected ($2)


PokerStars Hand #148995029398:  Hold'em Limit ($3/$6 USD) - 2016/02/18 0:41:27 ET
Table 'Ianthe' 6-max Seat #4 is the button
Seat 1: PinchMaster ($43.48 in chips)
Seat 4: KoWaiKai129 ($85.42 in chips)
KoWaiKai129: posts small blind $1
PinchMaster: posts big blind $3
*** HOLE CARDS ***
KoWaiKai129: calls $2
PinchMaster: checks
*** FLOP *** [7s 7c Tc]
PinchMaster: checks
KoWaiKai129: bets $3
PinchMaster: folds
Uncalled bet ($3) returned to KoWaiKai129
KoWaiKai129 collected $5.88 from pot
KoWaiKai129: doesn't show hand
*** SUMMARY ***
Total pot $6 | Rake $0.12
Board [7s 7c Tc]
Seat 1: PinchMaster (big blind) folded on the Flop
Seat 4: KoWaiKai129 (button) (small blind) collected ($5.88)


PokerStars Hand #148995045859:  Hold'em Limit ($3/$6 USD) - 2016/02/18 0:42:26 ET
Table 'Ianthe' 6-max Seat #4 is the button
Seat 1: PinchMaster ($58.98 in chips)
Seat 4: KoWaiKai129 ($69.30 in chips)
KoWaiKai129: posts small blind $1
PinchMaster: posts big blind $3
*** HOLE CARDS ***
KoWaiKai129: raises $3 to $6
PinchMaster: folds
Uncalled bet ($3) returned to KoWaiKai129
KoWaiKai129 collected $6 from pot
KoWaiKai129: doesn't show hand
*** SUMMARY ***
Total pot $6 | Rake $0
Seat 1: PinchMaster (big blind) folded before Flop
Seat 4: KoWaiKai129 (button) (small blind) collected ($6)


PokerStars Hand #148995054342:  Hold'em Limit ($3/$6 USD) - 2016/02/18 0:42:57 ET
Table 'Ianthe' 6-max Seat #4 is the button
Seat 1: PinchMaster ($64.62 in chips)
Seat 4: KoWaiKai129 ($63.30 in chips)
KoWaiKai129: posts small blind $1
PinchMaster: posts big blind $3
*** HOLE CARDS ***
KoWaiKai129: raises $3 to $6
PinchMaster: calls $3
*** FLOP *** [Jh 5h 4h]
PinchMaster: checks
KoWaiKai129: bets $3
PinchMaster: folds
Uncalled bet ($3) returned to KoWaiKai129
KoWaiKai129 collected $11.76 from pot
KoWaiKai129: doesn't show hand
*** SUMMARY ***
Total pot $12 | Rake $0.24
Board [Jh 5h 4h]
Seat 1: PinchMaster (big blind) folded on the Flop
Seat 4: KoWaiKai129 (button) (small blind) collected ($11.76)


PokerStars Hand #148995047709:  Hold'em Limit ($3/$6 USD) - 2016/02/18 0:42:33 ET
Table 'Ianthe' 6-max Seat #1 is the button
Seat 1: PinchMaster ($55.98 in chips)
Seat 4: KoWaiKai129 ($72.30 in chips)
PinchMaster: posts small blind $1
KoWaiKai129: posts big blind $3
*** HOLE CARDS ***
PinchMaster: raises $3 to $6
KoWaiKai129: calls $3
*** FLOP *** [Ah Ac 4d]
KoWaiKai129: checks
PinchMaster: bets $3
KoWaiKai129: calls $3
*** TURN *** [Ah Ac 4d] [Jd]
KoWaiKai129: checks
PinchMaster: bets $6
KoWaiKai129: folds
Uncalled bet ($6) returned to PinchMaster
PinchMaster collected $17.64 from pot
PinchMaster: doesn't show hand
*** SUMMARY ***
Total pot $18 | Rake $0.36
Board [Ah Ac 4d Jd]
Seat 1: PinchMaster (button) (small blind) collected ($17.64)
Seat 4: KoWaiKai129 (big blind) folded on the Turn


PokerStars Hand #148995063632:  Hold'em Limit ($3/$6 USD) - 2016/02/18 0:43:31 ET
Table 'Ianthe' 6-max Seat #4 is the button
Seat 1: PinchMaster ($79.12 in chips)
Seat 4: KoWaiKai129 ($48.06 in chips)
KoWaiKai129: posts small blind $1
PinchMaster: posts big blind $3
*** HOLE CARDS ***
KoWaiKai129: folds
Uncalled bet ($2) returned to PinchMaster
PinchMaster collected $2 from pot
PinchMaster: doesn't show hand
*** SUMMARY ***
Total pot $2 | Rake $0
Seat 1: PinchMaster (big blind) collected ($2)
Seat 4: KoWaiKai129 (button) (small blind) folded before Flop


PokerStars Hand #148995057349:  Hold'em Limit ($3/$6 USD) - 2016/02/18 0:43:08 ET
Table 'Ianthe' 6-max Seat #1 is the button
Seat 1: PinchMaster ($58.62 in chips)
Seat 4: KoWaiKai129 ($69.06 in chips)
PinchMaster: posts small blind $1
KoWaiKai129: posts big blind $3
*** HOLE CARDS ***
PinchMaster: raises $3 to $6
KoWaiKai129: calls $3
*** FLOP *** [2d 2h 7h]
KoWaiKai129: checks
PinchMaster: bets $3
Agrotait joins the table at seat #2
KoWaiKai129: calls $3
*** TURN *** [2d 2h 7h] [Qd]
KoWaiKai129: checks
PinchMaster: bets $6
KoWaiKai129: calls $6
*** RIVER *** [2d 2h 7h Qd] [6s]
KoWaiKai129: checks
PinchMaster: bets $6
KoWaiKai129: calls $6
*** SHOW DOWN ***
PinchMaster: shows [Js Jd] (two pair, Jacks and Deuces)
KoWaiKai129: mucks hand
PinchMaster collected $41.50 from pot
*** SUMMARY ***
Total pot $42 | Rake $0.50
Board [2d 2h 7h Qd 6s]
Seat 1: PinchMaster (button) (small blind) showed [Js Jd] and won ($41.50) with two pair, Jacks and Deuces
Seat 4: KoWaiKai129 (big blind) mucked


PokerStars Hand #148995291045:  Hold'em Limit ($3/$6 USD) - 2016/02/18 0:57:32 ET
Table 'Ianthe' 6-max Seat #1 is the button
Seat 1: PinchMaster ($41.27 in chips)
Seat 2: Agrotait ($89.60 in chips)
PinchMaster: posts small blind $1
Agrotait: posts big blind $3
*** HOLE CARDS ***
PinchMaster: raises $3 to $6
Agrotait: folds
Uncalled bet ($3) returned to PinchMaster
PinchMaster collected $6 from pot
PinchMaster: doesn't show hand
*** SUMMARY ***
Total pot $6 | Rake $0
Seat 1: PinchMaster (button) (small blind) collected ($6)
Seat 2: Agrotait (big blind) folded before Flop


PokerStars Hand #148995303080:  Hold'em Limit ($3/$6 USD) - 2016/02/18 0:58:07 ET
Table 'Ianthe' 6-max Seat #1 is the button
Seat 1: PinchMaster ($40.02 in chips)
Seat 2: Agrotait ($90.35 in chips)
PinchMaster: posts small blind $1
Agrotait: posts big blind $3
*** HOLE CARDS ***
PinchMaster: folds
Uncalled bet ($2) returned to Agrotait
Agrotait collected $2 from pot
Agrotait: doesn't show hand
*** SUMMARY ***
Total pot $2 | Rake $0
Seat 1: PinchMaster (button) (small blind) folded before Flop
Seat 2: Agrotait (big blind) collected ($2)


PokerStars Hand #148995297986:  Hold'em Limit ($3/$6 USD) - 2016/02/18 0:58:00 ET
Table 'Ianthe' 6-max Seat #2 is the button
Seat 1: PinchMaster ($43.02 in chips)
Seat 2: Agrotait ($87.35 in chips)
Agrotait: posts small blind $1
PinchMaster: posts big blind $3
*** HOLE CARDS ***
Agrotait: raises $3 to $6
PinchMaster: folds
Uncalled bet ($3) returned to Agrotait
Agrotait collected $6 from pot
Agrotait: doesn't show hand
*** SUMMARY ***
Total pot $6 | Rake $0
Seat 1: PinchMaster (big blind) folded before Flop
Seat 2: Agrotait (button) (small blind) collected ($6)


PokerStars Hand #148995288302:  Hold'em Limit ($3/$6 USD) - 2016/02/18 0:57:20 ET
Table 'Ianthe' 6-max Seat #2 is the button
Seat 1: PinchMaster ($40.27 in chips)
Seat 2: Agrotait ($90.60 in chips)
Agrotait: posts small blind $1
KoWaiKai129: is sitting out
PinchMaster: posts big blind $3
*** HOLE CARDS ***
KoWaiKai129 leaves the table
Agrotait: folds
Uncalled bet ($2) returned to PinchMaster
PinchMaster collected $2 from pot
PinchMaster: doesn't show hand
*** SUMMARY ***
Total pot $2 | Rake $0
Seat 1: PinchMaster (big blind) collected ($2)
Seat 2: Agrotait (button) (small blind) folded before Flop


PokerStars Hand #148995296784:  Hold'em Limit ($3/$6 USD) - 2016/02/18 0:57:55 ET
Table 'Ianthe' 6-max Seat #1 is the button
Seat 1: PinchMaster ($44.02 in chips)
Seat 2: Agrotait ($86.35 in chips)
PinchMaster: posts small blind $1
Agrotait: posts big blind $3
*** HOLE CARDS ***
PinchMaster: folds
Uncalled bet ($2) returned to Agrotait
Agrotait collected $2 from pot
Agrotait: doesn't show hand
*** SUMMARY ***
Total pot $2 | Rake $0
Seat 1: PinchMaster (button) (small blind) folded before Flop
Seat 2: Agrotait (big blind) collected ($2)


PokerStars Hand #148995292463:  Hold'em Limit ($3/$6 USD) - 2016/02/18 0:57:37 ET
Table 'Ianthe' 6-max Seat #2 is the button
Seat 1: PinchMaster ($44.27 in chips)
Seat 2: Agrotait ($86.60 in chips)
Agrotait: posts small blind $1
PinchMaster: posts big blind $3
*** HOLE CARDS ***
Agrotait: raises $3 to $6
PinchMaster: calls $3
*** FLOP *** [6d Qc 5c]
PinchMaster: checks
Agrotait: bets $3
PinchMaster: raises $3 to $6
Agrotait: calls $3
*** TURN *** [6d Qc 5c] [6h]
PinchMaster: bets $6
Agrotait: calls $6
*** RIVER *** [6d Qc 5c 6h] [9h]
PinchMaster: bets $6
Agrotait: calls $6
*** SHOW DOWN ***
PinchMaster: shows [8h Qd] (two pair, Queens and Sixes)
Agrotait: shows [Qs 4h] (two pair, Queens and Sixes)
PinchMaster collected $23.75 from pot
Agrotait collected $23.75 from pot
*** SUMMARY ***
Total pot $48 | Rake $0.50
Board [6d Qc 5c 6h 9h]
Seat 1: PinchMaster (big blind) showed [8h Qd] and won ($23.75) with two pair, Queens and Sixes
Seat 2: Agrotait (button) (small blind) showed [Qs 4h] and won ($23.75) with two pair, Queens and Sixes


PokerStars Hand #148995304230:  Hold'em Limit ($3/$6 USD) - 2016/02/18 0:58:11 ET
Table 'Ianthe' 6-max Seat #2 is the button
Seat 1: PinchMaster ($39.02 in chips)
Seat 2: Agrotait ($91.35 in chips)
Agrotait: posts small blind $1
PinchMaster: posts big blind $3
*** HOLE CARDS ***
Agrotait: raises $3 to $6
PinchMaster: calls $3
*** FLOP *** [Ts 8d 2h]
PinchMaster: checks
Agrotait: bets $3
PinchMaster: folds
Uncalled bet ($3) returned to Agrotait
Agrotait collected $11.76 from pot
Agrotait: doesn't show hand
*** SUMMARY ***
Total pot $12 | Rake $0.24
Board [Ts 8d 2h]
Seat 1: PinchMaster (big blind) folded on the Flop
Seat 2: Agrotait (button) (small blind) collected ($11.76)


