PokerStars Hand #154337309929:  Hold'em Limit ($3/$6 USD) - 2016/06/05 15:20:31 ET
Table 'Iapetus' 6-max Seat #3 is the button
Seat 1: tomte999 ($75 in chips)
Seat 3: Sydnyxx ($38.12 in chips)
Sydnyxx: posts small blind $1
tomte999: posts big blind $3
*** HOLE CARDS ***
Sydnyxx: folds
Uncalled bet ($2) returned to tomte999
tomte999 collected $2 from pot
tomte999: doesn't show hand
*** SUMMARY ***
Total pot $2 | Rake $0
Seat 1: tomte999 (big blind) collected ($2)
Seat 3: Sydnyxx (button) (small blind) folded before Flop


PokerStars Hand #154337303934:  Hold'em Limit ($3/$6 USD) - 2016/06/05 15:20:26 ET
Table 'Iapetus' 6-max Seat #1 is the button
Seat 1: tomte999 ($76 in chips)
Seat 3: Sydnyxx ($37.12 in chips)
tomte999: posts small blind $1
Sydnyxx: posts big blind $3
*** HOLE CARDS ***
tomte999: folds
Uncalled bet ($2) returned to Sydnyxx
Sydnyxx collected $2 from pot
*** SUMMARY ***
Total pot $2 | Rake $0
Seat 1: tomte999 (button) (small blind) folded before Flop
Seat 3: Sydnyxx (big blind) collected ($2)


PokerStars Hand #154337314891:  Hold'em Limit ($3/$6 USD) - 2016/06/05 15:20:36 ET
Table 'Iapetus' 6-max Seat #1 is the button
Seat 1: tomte999 ($76 in chips)
Seat 3: Sydnyxx ($37.12 in chips)
tomte999: posts small blind $1
Sydnyxx: posts big blind $3
*** HOLE CARDS ***
tomte999: raises $3 to $6
Sydnyxx: raises $3 to $9
tomte999: calls $3
*** FLOP *** [Ks 5h Qs]
Sydnyxx: bets $3
tomte999: calls $3
*** TURN *** [Ks 5h Qs] [Td]
Sydnyxx: bets $6
tomte999: calls $6
*** RIVER *** [Ks 5h Qs Td] [4s]
Sydnyxx: bets $6
tomte999: calls $6
*** SHOW DOWN ***
Sydnyxx: shows [Ac 2s] (high card Ace)
tomte999: shows [Js Qh] (a pair of Queens)
tomte999 collected $47.50 from pot
*** SUMMARY ***
Total pot $48 | Rake $0.50
Board [Ks 5h Qs Td 4s]
Seat 1: tomte999 (button) (small blind) showed [Js Qh] and won ($47.50) with a pair of Queens
Seat 3: Sydnyxx (big blind) showed [Ac 2s] and lost with high card Ace


PokerStars Hand #154337344181:  Hold'em Limit ($3/$6 USD) - 2016/06/05 15:21:05 ET
Table 'Iapetus' 6-max Seat #3 is the button
Seat 1: tomte999 ($99.50 in chips)
Seat 3: Sydnyxx ($13.12 in chips)
Sydnyxx: posts small blind $1
tomte999: posts big blind $3
*** HOLE CARDS ***
Sydnyxx: raises $3 to $6
tomte999: folds
Uncalled bet ($3) returned to Sydnyxx
Sydnyxx collected $6 from pot
*** SUMMARY ***
Total pot $6 | Rake $0
Seat 1: tomte999 (big blind) folded before Flop
Seat 3: Sydnyxx (button) (small blind) collected ($6)


PokerStars Hand #154337351032:  Hold'em Limit ($3/$6 USD) - 2016/06/05 15:21:12 ET
Table 'Iapetus' 6-max Seat #1 is the button
Seat 1: tomte999 ($96.50 in chips)
Seat 3: Sydnyxx ($16.12 in chips)
tomte999: posts small blind $1
Sydnyxx: posts big blind $3
*** HOLE CARDS ***
tomte999: raises $3 to $6
Sydnyxx: calls $3
*** FLOP *** [5h 8c 4h]
Sydnyxx: checks
tomte999: bets $3
Sydnyxx: calls $3
*** TURN *** [5h 8c 4h] [Js]
Sydnyxx: checks
tomte999: bets $6
Sydnyxx: raises $1.12 to $7.12 and is all-in
tomte999: calls $1.12
*** RIVER *** [5h 8c 4h Js] [Qc]
*** SHOW DOWN ***
Sydnyxx: shows [Td 9d] (a straight, Eight to Queen)
tomte999: shows [6h Qh] (a pair of Queens)
Sydnyxx collected $31.74 from pot
*** SUMMARY ***
Total pot $32.24 | Rake $0.50
Board [5h 8c 4h Js Qc]
Seat 1: tomte999 (button) (small blind) showed [6h Qh] and lost with a pair of Queens
Seat 3: Sydnyxx (big blind) showed [Td 9d] and won ($31.74) with a straight, Eight to Queen


PokerStars Hand #154337372621:  Hold'em Limit ($3/$6 USD) - 2016/06/05 15:21:33 ET
Table 'Iapetus' 6-max Seat #3 is the button
Seat 1: tomte999 ($80.38 in chips)
Seat 3: Sydnyxx ($31.74 in chips)
Sydnyxx: posts small blind $1
tomte999: posts big blind $3
*** HOLE CARDS ***
Sydnyxx: calls $2
tomte999: raises $3 to $6
Sydnyxx: calls $3
*** FLOP *** [Qd 9h 4h]
tomte999: bets $3
Sydnyxx: raises $3 to $6
tomte999: folds
Uncalled bet ($3) returned to Sydnyxx
Sydnyxx collected $17.64 from pot
*** SUMMARY ***
Total pot $18 | Rake $0.36
Board [Qd 9h 4h]
Seat 1: tomte999 (big blind) folded on the Flop
Seat 3: Sydnyxx (button) (small blind) collected ($17.64)


PokerStars Hand #154337400657:  Hold'em Limit ($3/$6 USD) - 2016/06/05 15:22:00 ET
Table 'Iapetus' 6-max Seat #3 is the button
Seat 1: tomte999 ($80.64 in chips)
Seat 3: Sydnyxx ($31.38 in chips)
Sydnyxx: posts small blind $1
tomte999: posts big blind $3
*** HOLE CARDS ***
Sydnyxx: folds
Uncalled bet ($2) returned to tomte999
tomte999 collected $2 from pot
tomte999: doesn't show hand
*** SUMMARY ***
Total pot $2 | Rake $0
Seat 1: tomte999 (big blind) collected ($2)
Seat 3: Sydnyxx (button) (small blind) folded before Flop


PokerStars Hand #154337386618:  Hold'em Limit ($3/$6 USD) - 2016/06/05 15:21:46 ET
Table 'Iapetus' 6-max Seat #1 is the button
Seat 1: tomte999 ($72 in chips)
Seat 3: Sydnyxx ($40.38 in chips)
tomte999: posts small blind $1
Sydnyxx: posts big blind $3
*** HOLE CARDS ***
tomte999: raises $3 to $6
Sydnyxx: calls $3
*** FLOP *** [Qd 6s 7c]
Sydnyxx: checks
tomte999: bets $3
Sydnyxx: calls $3
*** TURN *** [Qd 6s 7c] [7s]
Sydnyxx: checks
tomte999: bets $6
Sydnyxx: folds
Uncalled bet ($6) returned to tomte999
tomte999 collected $17.64 from pot
tomte999: doesn't show hand
*** SUMMARY ***
Total pot $18 | Rake $0.36
Board [Qd 6s 7c 7s]
Seat 1: tomte999 (button) (small blind) collected ($17.64)
Seat 3: Sydnyxx (big blind) folded on the Turn


PokerStars Hand #154337405281:  Hold'em Limit ($3/$6 USD) - 2016/06/05 15:22:05 ET
Table 'Iapetus' 6-max Seat #1 is the button
Seat 1: tomte999 ($81.64 in chips)
Seat 3: Sydnyxx ($30.38 in chips)
tomte999: posts small blind $1
Sydnyxx: posts big blind $3
*** HOLE CARDS ***
tomte999: raises $3 to $6
Sydnyxx: calls $3
*** FLOP *** [9c 2h Qh]
Sydnyxx: checks
tomte999: bets $3
Sydnyxx: folds
Uncalled bet ($3) returned to tomte999
tomte999 collected $11.76 from pot
tomte999: doesn't show hand
*** SUMMARY ***
Total pot $12 | Rake $0.24
Board [9c 2h Qh]
Seat 1: tomte999 (button) (small blind) collected ($11.76)
Seat 3: Sydnyxx (big blind) folded on the Flop


PokerStars Hand #154337415769:  Hold'em Limit ($3/$6 USD) - 2016/06/05 15:22:15 ET
Table 'Iapetus' 6-max Seat #3 is the button
Seat 1: tomte999 ($87.40 in chips)
Seat 3: Sydnyxx ($24.38 in chips)
Sydnyxx: posts small blind $1
tomte999: posts big blind $3
*** HOLE CARDS ***
Sydnyxx: raises $3 to $6
tomte999: calls $3
*** FLOP *** [Tc 2s 7h]
tomte999: checks
Sydnyxx: bets $3
tomte999: folds
Uncalled bet ($3) returned to Sydnyxx
Sydnyxx collected $11.76 from pot
*** SUMMARY ***
Total pot $12 | Rake $0.24
Board [Tc 2s 7h]
Seat 1: tomte999 (big blind) folded on the Flop
Seat 3: Sydnyxx (button) (small blind) collected ($11.76)


PokerStars Hand #154337441904:  Hold'em Limit ($3/$6 USD) - 2016/06/05 15:22:41 ET
Table 'Iapetus' 6-max Seat #3 is the button
Seat 1: tomte999 ($84.40 in chips)
Seat 3: Sydnyxx ($27.14 in chips)
Sydnyxx: posts small blind $1
tomte999: posts big blind $3
*** HOLE CARDS ***
Sydnyxx: folds
Uncalled bet ($2) returned to tomte999
tomte999 collected $2 from pot
tomte999: doesn't show hand
*** SUMMARY ***
Total pot $2 | Rake $0
Seat 1: tomte999 (big blind) collected ($2)
Seat 3: Sydnyxx (button) (small blind) folded before Flop


PokerStars Hand #154337434732:  Hold'em Limit ($3/$6 USD) - 2016/06/05 15:22:34 ET
Table 'Iapetus' 6-max Seat #1 is the button
Seat 1: tomte999 ($81.40 in chips)
Seat 3: Sydnyxx ($30.14 in chips)
tomte999: posts small blind $1
Sydnyxx: posts big blind $3
*** HOLE CARDS ***
tomte999: raises $3 to $6
Sydnyxx: folds
Uncalled bet ($3) returned to tomte999
tomte999 collected $6 from pot
tomte999: doesn't show hand
*** SUMMARY ***
Total pot $6 | Rake $0
Seat 1: tomte999 (button) (small blind) collected ($6)
Seat 3: Sydnyxx (big blind) folded before Flop


PokerStars Hand #154337446522:  Hold'em Limit ($3/$6 USD) - 2016/06/05 15:22:45 ET
Table 'Iapetus' 6-max Seat #1 is the button
Seat 1: tomte999 ($85.40 in chips)
Seat 3: Sydnyxx ($26.14 in chips)
tomte999: posts small blind $1
Sydnyxx: posts big blind $3
*** HOLE CARDS ***
tomte999: raises $3 to $6
Sydnyxx: folds
Uncalled bet ($3) returned to tomte999
tomte999 collected $6 from pot
tomte999: doesn't show hand
*** SUMMARY ***
Total pot $6 | Rake $0
Seat 1: tomte999 (button) (small blind) collected ($6)
Seat 3: Sydnyxx (big blind) folded before Flop


PokerStars Hand #154337454601:  Hold'em Limit ($3/$6 USD) - 2016/06/05 15:22:53 ET
Table 'Iapetus' 6-max Seat #3 is the button
Seat 1: tomte999 ($88.40 in chips)
Seat 3: Sydnyxx ($23.14 in chips)
Sydnyxx: posts small blind $1
tomte999: posts big blind $3
*** HOLE CARDS ***
Sydnyxx: calls $2
tomte999: raises $3 to $6
Sydnyxx: calls $3
*** FLOP *** [Ks 2d Ac]
tomte999: bets $3
Sydnyxx: calls $3
*** TURN *** [Ks 2d Ac] [6c]
tomte999: bets $6
Sydnyxx: calls $6
*** RIVER *** [Ks 2d Ac 6c] [7c]
tomte999: checks
Sydnyxx: checks
*** SHOW DOWN ***
tomte999: shows [8d Kh] (a pair of Kings)
Sydnyxx: mucks hand
tomte999 collected $29.50 from pot
*** SUMMARY ***
Total pot $30 | Rake $0.50
Board [Ks 2d Ac 6c 7c]
Seat 1: tomte999 (big blind) showed [8d Kh] and won ($29.50) with a pair of Kings
Seat 3: Sydnyxx (button) (small blind) mucked


PokerStars Hand #154337475948:  Hold'em Limit ($3/$6 USD) - 2016/06/05 15:23:15 ET
Table 'Iapetus' 6-max Seat #1 is the button
Seat 1: tomte999 ($102.90 in chips)
Seat 3: Sydnyxx ($8.14 in chips)
tomte999: posts small blind $1
Sydnyxx: posts big blind $3
*** HOLE CARDS ***
tomte999: raises $3 to $6
Sydnyxx: raises $2.14 to $8.14 and is all-in
tomte999: calls $2.14
*** FLOP *** [8c 3h 4s]
*** TURN *** [8c 3h 4s] [9c]
*** RIVER *** [8c 3h 4s 9c] [5s]
*** SHOW DOWN ***
Sydnyxx: shows [6d Kh] (high card King)
tomte999: shows [Td 8s] (a pair of Eights)
tomte999 collected $15.95 from pot
*** SUMMARY ***
Total pot $16.28 | Rake $0.33
Board [8c 3h 4s 9c 5s]
Seat 1: tomte999 (button) (small blind) showed [Td 8s] and won ($15.95) with a pair of Eights
Seat 3: Sydnyxx (big blind) showed [6d Kh] and lost with high card King


PokerStars Hand #154338171510:  Hold'em Limit ($3/$6 USD) - 2016/06/05 15:34:38 ET
Table 'Iapetus' 6-max Seat #3 is the button
Seat 1: tomte999 ($82.71 in chips)
Seat 3: @92gara42@ ($100.83 in chips)
@92gara42@: posts small blind $1
tomte999: posts big blind $3
*** HOLE CARDS ***
@92gara42@: folds
Uncalled bet ($2) returned to tomte999
tomte999 collected $2 from pot
tomte999: doesn't show hand
*** SUMMARY ***
Total pot $2 | Rake $0
Seat 1: tomte999 (big blind) collected ($2)
Seat 3: @92gara42@ (button) (small blind) folded before Flop


PokerStars Hand #154338144779:  Hold'em Limit ($3/$6 USD) - 2016/06/05 15:34:12 ET
Table 'Iapetus' 6-max Seat #1 is the button
Seat 1: tomte999 ($97.71 in chips)
Seat 3: @92gara42@ ($86.33 in chips)
tomte999: posts small blind $1
@92gara42@: posts big blind $3
*** HOLE CARDS ***
tomte999: raises $3 to $6
@92gara42@: calls $3
*** FLOP *** [8c Ts Tc]
@92gara42@: checks
tomte999: bets $3
@92gara42@: calls $3
*** TURN *** [8c Ts Tc] [5h]
@92gara42@: checks
tomte999: bets $6
@92gara42@: calls $6
*** RIVER *** [8c Ts Tc 5h] [4s]
@92gara42@: checks
tomte999: checks
*** SHOW DOWN ***
@92gara42@: shows [9h 9s] (two pair, Tens and Nines)
tomte999: mucks hand
@92gara42@ collected $29.50 from pot
*** SUMMARY ***
Total pot $30 | Rake $0.50
Board [8c Ts Tc 5h 4s]
Seat 1: tomte999 (button) (small blind) mucked
Seat 3: @92gara42@ (big blind) showed [9h 9s] and won ($29.50) with two pair, Tens and Nines


PokerStars Hand #154338232539:  Hold'em Limit ($3/$6 USD) - 2016/06/05 15:35:38 ET
Table 'Iapetus' 6-max Seat #1 is the button
Seat 1: tomte999 ($86.35 in chips)
Seat 3: @92gara42@ ($96.59 in chips)
tomte999: posts small blind $1
@92gara42@: posts big blind $3
*** HOLE CARDS ***
tomte999: raises $3 to $6
@92gara42@: calls $3
*** FLOP *** [2c Qs 4c]
@92gara42@: checks
tomte999: bets $3
@92gara42@: calls $3
*** TURN *** [2c Qs 4c] [8d]
@92gara42@: checks
tomte999: bets $6
@92gara42@: calls $6
*** RIVER *** [2c Qs 4c 8d] [Th]
@92gara42@: checks
tomte999: bets $6
@92gara42@: calls $6
*** SHOW DOWN ***
tomte999: shows [Qc Js] (a pair of Queens)
@92gara42@: mucks hand
tomte999 collected $41.50 from pot
*** SUMMARY ***
Total pot $42 | Rake $0.50
Board [2c Qs 4c 8d Th]
Seat 1: tomte999 (button) (small blind) showed [Qc Js] and won ($41.50) with a pair of Queens
Seat 3: @92gara42@ (big blind) mucked


PokerStars Hand #154338256160:  Hold'em Limit ($3/$6 USD) - 2016/06/05 15:36:01 ET
Table 'Iapetus' 6-max Seat #3 is the button
Seat 1: tomte999 ($106.85 in chips)
Seat 3: @92gara42@ ($75.59 in chips)
@92gara42@: posts small blind $1
tomte999: posts big blind $3
*** HOLE CARDS ***
@92gara42@: calls $2
tomte999: raises $3 to $6
@92gara42@: calls $3
*** FLOP *** [Ks Qh Ac]
tomte999: checks
@92gara42@: bets $3
tomte999: folds
Uncalled bet ($3) returned to @92gara42@
@92gara42@ collected $11.76 from pot
*** SUMMARY ***
Total pot $12 | Rake $0.24
Board [Ks Qh Ac]
Seat 1: tomte999 (big blind) folded on the Flop
Seat 3: @92gara42@ (button) (small blind) collected ($11.76)


PokerStars Hand #154338213035:  Hold'em Limit ($3/$6 USD) - 2016/06/05 15:35:19 ET
Table 'Iapetus' 6-max Seat #3 is the button
Seat 1: tomte999 ($92.35 in chips)
Seat 3: @92gara42@ ($90.83 in chips)
@92gara42@: posts small blind $1
tomte999: posts big blind $3
*** HOLE CARDS ***
@92gara42@: raises $3 to $6
tomte999: calls $3
*** FLOP *** [Qs 4d Ah]
tomte999: checks
@92gara42@: bets $3
tomte999: folds
Uncalled bet ($3) returned to @92gara42@
@92gara42@ collected $11.76 from pot
*** SUMMARY ***
Total pot $12 | Rake $0.24
Board [Qs 4d Ah]
Seat 1: tomte999 (big blind) folded on the Flop
Seat 3: @92gara42@ (button) (small blind) collected ($11.76)


PokerStars Hand #154338280748:  Hold'em Limit ($3/$6 USD) - 2016/06/05 15:36:25 ET
Table 'Iapetus' 6-max Seat #1 is the button
Seat 1: tomte999 ($100.85 in chips)
Seat 3: @92gara42@ ($81.35 in chips)
tomte999: posts small blind $1
@92gara42@: posts big blind $3
*** HOLE CARDS ***
tomte999: raises $3 to $6
@92gara42@: calls $3
*** FLOP *** [Jd 2c Js]
@92gara42@: checks
tomte999: bets $3
@92gara42@: calls $3
*** TURN *** [Jd 2c Js] [4d]
@92gara42@: checks
tomte999: bets $6
@92gara42@: calls $6
*** RIVER *** [Jd 2c Js 4d] [Ks]
@92gara42@: checks
tomte999: bets $6
@92gara42@: raises $6 to $12
tomte999: calls $6
*** SHOW DOWN ***
@92gara42@: shows [3d Kd] (two pair, Kings and Jacks)
tomte999: shows [As Ad] (two pair, Aces and Jacks)
tomte999 collected $53.50 from pot
*** SUMMARY ***
Total pot $54 | Rake $0.50
Board [Jd 2c Js 4d Ks]
Seat 1: tomte999 (button) (small blind) showed [As Ad] and won ($53.50) with two pair, Aces and Jacks
Seat 3: @92gara42@ (big blind) showed [3d Kd] and lost with two pair, Kings and Jacks


PokerStars Hand #154338328523:  Hold'em Limit ($3/$6 USD) - 2016/06/05 15:37:03 ET
Table 'Iapetus' 6-max Seat #3 is the button
Seat 1: tomte999 ($127.35 in chips)
Seat 3: @92gara42@ ($54.35 in chips)
@92gara42@: posts small blind $1
tomte999: posts big blind $3
*** HOLE CARDS ***
@92gara42@: raises $3 to $6
tomte999: calls $3
*** FLOP *** [4s 7s Jc]
tomte999: checks
@92gara42@: bets $3
tomte999: folds
Uncalled bet ($3) returned to @92gara42@
@92gara42@ collected $11.76 from pot
*** SUMMARY ***
Total pot $12 | Rake $0.24
Board [4s 7s Jc]
Seat 1: tomte999 (big blind) folded on the Flop
Seat 3: @92gara42@ (button) (small blind) collected ($11.76)


PokerStars Hand #154338340450:  Hold'em Limit ($3/$6 USD) - 2016/06/05 15:37:15 ET
Table 'Iapetus' 6-max Seat #1 is the button
Seat 1: tomte999 ($121.35 in chips)
Seat 3: @92gara42@ ($60.11 in chips)
tomte999: posts small blind $1
@92gara42@: posts big blind $3
*** HOLE CARDS ***
tomte999: raises $3 to $6
@92gara42@: calls $3
*** FLOP *** [Jd 8c Th]
@92gara42@: checks
tomte999: checks
*** TURN *** [Jd 8c Th] [6c]
@92gara42@: checks
tomte999: checks
*** RIVER *** [Jd 8c Th 6c] [Kc]
@92gara42@: checks
tomte999: checks
*** SHOW DOWN ***
@92gara42@: shows [6d 5h] (a pair of Sixes)
tomte999: mucks hand
@92gara42@ collected $11.76 from pot
*** SUMMARY ***
Total pot $12 | Rake $0.24
Board [Jd 8c Th 6c Kc]
Seat 1: tomte999 (button) (small blind) mucked
Seat 3: @92gara42@ (big blind) showed [6d 5h] and won ($11.76) with a pair of Sixes


PokerStars Hand #154338176871:  Hold'em Limit ($3/$6 USD) - 2016/06/05 15:34:43 ET
Table 'Iapetus' 6-max Seat #1 is the button
Seat 1: tomte999 ($83.71 in chips)
Seat 3: @92gara42@ ($99.83 in chips)
tomte999: posts small blind $1
@92gara42@: posts big blind $3
*** HOLE CARDS ***
tomte999: raises $3 to $6
@92gara42@: calls $3
*** FLOP *** [8c 2d 9h]
@92gara42@: checks
tomte999: bets $3
@92gara42@: calls $3
*** TURN *** [8c 2d 9h] [Ac]
@92gara42@: checks
tomte999: bets $6
@92gara42@: folds
Uncalled bet ($6) returned to tomte999
tomte999 collected $17.64 from pot
tomte999: doesn't show hand
*** SUMMARY ***
Total pot $18 | Rake $0.36
Board [8c 2d 9h Ac]
Seat 1: tomte999 (button) (small blind) collected ($17.64)
Seat 3: @92gara42@ (big blind) folded on the Turn


PokerStars Hand #154338359571:  Hold'em Limit ($3/$6 USD) - 2016/06/05 15:37:34 ET
Table 'Iapetus' 6-max Seat #3 is the button
Seat 1: tomte999 ($115.35 in chips)
Seat 3: @92gara42@ ($65.87 in chips)
@92gara42@: posts small blind $1
tomte999: posts big blind $3
*** HOLE CARDS ***
@92gara42@: calls $2
tomte999: checks
*** FLOP *** [Ah 8c 9d]
tomte999: checks
@92gara42@: checks
*** TURN *** [Ah 8c 9d] [5d]
tomte999: bets $6
@92gara42@: calls $6
*** RIVER *** [Ah 8c 9d 5d] [4h]
tomte999: bets $6
@92gara42@: calls $6
*** SHOW DOWN ***
tomte999: shows [8h Qs] (a pair of Eights)
@92gara42@: mucks hand
tomte999 collected $29.50 from pot
*** SUMMARY ***
Total pot $30 | Rake $0.50
Board [Ah 8c 9d 5d 4h]
Seat 1: tomte999 (big blind) showed [8h Qs] and won ($29.50) with a pair of Eights
Seat 3: @92gara42@ (button) (small blind) mucked


PokerStars Hand #154338382973:  Hold'em Limit ($3/$6 USD) - 2016/06/05 15:37:57 ET
Table 'Iapetus' 6-max Seat #1 is the button
Seat 1: tomte999 ($129.85 in chips)
Seat 3: @92gara42@ ($50.87 in chips)
tomte999: posts small blind $1
@92gara42@: posts big blind $3
*** HOLE CARDS ***
tomte999: raises $3 to $6
@92gara42@: calls $3
*** FLOP *** [8c 6h Jc]
@92gara42@: bets $3
tomte999: calls $3
*** TURN *** [8c 6h Jc] [Ts]
@92gara42@: bets $6
tomte999: calls $6
*** RIVER *** [8c 6h Jc Ts] [Kd]
@92gara42@: bets $6
tomte999: calls $6
*** SHOW DOWN ***
@92gara42@: shows [Qd Jd] (a pair of Jacks)
tomte999: mucks hand
@92gara42@ collected $41.50 from pot
*** SUMMARY ***
Total pot $42 | Rake $0.50
Board [8c 6h Jc Ts Kd]
Seat 1: tomte999 (button) (small blind) mucked
Seat 3: @92gara42@ (big blind) showed [Qd Jd] and won ($41.50) with a pair of Jacks


PokerStars Hand #154338405895:  Hold'em Limit ($3/$6 USD) - 2016/06/05 15:38:19 ET
Table 'Iapetus' 6-max Seat #3 is the button
Seat 1: tomte999 ($108.85 in chips)
Seat 3: @92gara42@ ($71.37 in chips)
@92gara42@: posts small blind $1
tomte999: posts big blind $3
*** HOLE CARDS ***
@92gara42@: calls $2
tomte999: checks
*** FLOP *** [9h Kh 9s]
tomte999: checks
@92gara42@: checks
*** TURN *** [9h Kh 9s] [4d]
tomte999: checks
@92gara42@: checks
*** RIVER *** [9h Kh 9s 4d] [Jh]
tomte999: checks
@92gara42@: bets $6
krossguard joins the table at seat #4
tomte999: folds
Uncalled bet ($6) returned to @92gara42@
@92gara42@ collected $5.88 from pot
*** SUMMARY ***
Total pot $6 | Rake $0.12
Board [9h Kh 9s 4d Jh]
Seat 1: tomte999 (big blind) folded on the River
Seat 3: @92gara42@ (button) (small blind) collected ($5.88)


PokerStars Hand #154338428011:  Hold'em Limit ($3/$6 USD) - 2016/06/05 15:38:41 ET
Table 'Iapetus' 6-max Seat #1 is the button
Seat 1: tomte999 ($105.85 in chips)
Seat 3: @92gara42@ ($74.25 in chips)
tomte999: posts small blind $1
@92gara42@: posts big blind $3
*** HOLE CARDS ***
tomte999: raises $3 to $6
@92gara42@: calls $3
*** FLOP *** [8h 2d 8d]
@92gara42@: checks
tomte999: bets $3
@92gara42@: calls $3
*** TURN *** [8h 2d 8d] [2h]
@92gara42@: checks
tomte999: bets $6
@92gara42@: folds
Uncalled bet ($6) returned to tomte999
tomte999 collected $17.64 from pot
tomte999: doesn't show hand
*** SUMMARY ***
Total pot $18 | Rake $0.36
Board [8h 2d 8d 2h]
Seat 1: tomte999 (button) (small blind) collected ($17.64)
Seat 3: @92gara42@ (big blind) folded on the Turn


PokerStars Hand #154340224109:  Hold'em Limit ($3/$6 USD) - 2016/06/05 16:10:14 ET
Table 'Iapetus' 6-max Seat #1 is the button
Seat 1: tomte999 ($202.18 in chips)
Seat 3: LolDnkaments ($133 in chips)
tomte999: posts small blind $1
ValeryRon: is sitting out
LolDnkaments: posts big blind $3
*** HOLE CARDS ***
ValeryRon leaves the table
tomte999: folds
Uncalled bet ($2) returned to LolDnkaments
LolDnkaments collected $2 from pot
LolDnkaments: doesn't show hand
*** SUMMARY ***
Total pot $2 | Rake $0
Seat 1: tomte999 (button) (small blind) folded before Flop
Seat 3: LolDnkaments (big blind) collected ($2)


PokerStars Hand #154341445780:  Hold'em Limit ($3/$6 USD) - 2016/06/05 16:31:04 ET
Table 'Iapetus' 6-max Seat #3 is the button
Seat 3: LolDnkaments ($134 in chips)
Seat 6: NiktheDon ($96 in chips)
LolDnkaments: posts small blind $1
NiktheDon: posts big blind $3
*** HOLE CARDS ***
LolDnkaments: raises $3 to $6
Siwy56 joins the table at seat #2
NiktheDon: folds
Uncalled bet ($3) returned to LolDnkaments
LolDnkaments collected $6 from pot
LolDnkaments: doesn't show hand
*** SUMMARY ***
Total pot $6 | Rake $0
Seat 3: LolDnkaments (button) (small blind) collected ($6)
Seat 6: NiktheDon (big blind) folded before Flop


PokerStars Hand #154344897102:  Hold'em Limit ($3/$6 USD) - 2016/06/05 17:32:53 ET
Table 'Iapetus' 6-max Seat #1 is the button
Seat 1: vestimokrec ($184.99 in chips)
Seat 4: stanbalcz ($127.06 in chips)
vestimokrec: posts small blind $1
ValeryRon: is sitting out
LolDnkaments: is sitting out
stanbalcz: posts big blind $3
*** HOLE CARDS ***
LolDnkaments leaves the table
vestimokrec: raises $3 to $6
stanbalcz: calls $3
*** FLOP *** [4d Jc Ks]
ValeryRon leaves the table
stanbalcz: checks
vestimokrec: bets $3
stanbalcz: folds
Uncalled bet ($3) returned to vestimokrec
vestimokrec collected $11.76 from pot
vestimokrec: doesn't show hand
*** SUMMARY ***
Total pot $12 | Rake $0.24
Board [4d Jc Ks]
Seat 1: vestimokrec (button) (small blind) collected ($11.76)
Seat 4: stanbalcz (big blind) folded on the Flop


