PokerStars Hand #163950467394:  Hold'em Limit ($3/$6 USD) - 2017/01/03 0:06:20 ET
Table 'Iapetus' 6-max Seat #1 is the button
Seat 1: LifeisagameX ($84.76 in chips)
Seat 6: sda.80.16 ($105.80 in chips)
LifeisagameX: posts small blind $1
sda.80.16: posts big blind $3
*** HOLE CARDS ***
LifeisagameX: raises $3 to $6
sda.80.16: calls $3
*** FLOP *** [9h 2s Kc]
sda.80.16: checks
LifeisagameX: checks
*** TURN *** [9h 2s Kc] [6c]
sda.80.16: bets $6
LifeisagameX: calls $6
*** RIVER *** [9h 2s Kc 6c] [Tc]
sda.80.16: bets $6
LifeisagameX: calls $6
*** SHOW DOWN ***
sda.80.16: shows [2c 4c] (a flush, King high)
LifeisagameX: mucks hand
sda.80.16 collected $35.50 from pot
*** SUMMARY ***
Total pot $36 | Rake $0.50
Board [9h 2s Kc 6c Tc]
Seat 1: LifeisagameX (button) (small blind) mucked
Seat 6: sda.80.16 (big blind) showed [2c 4c] and won ($35.50) with a flush, King high


PokerStars Hand #163950482141:  Hold'em Limit ($3/$6 USD) - 2017/01/03 0:07:12 ET
Table 'Iapetus' 6-max Seat #1 is the button
Seat 1: LifeisagameX ($84 in chips)
Seat 6: sda.80.16 ($129.06 in chips)
LifeisagameX: posts small blind $1
sda.80.16: posts big blind $3
*** HOLE CARDS ***
LifeisagameX: raises $3 to $6
sda.80.16: calls $3
*** FLOP *** [2c 8d 2s]
sda.80.16: checks
LifeisagameX: checks
*** TURN *** [2c 8d 2s] [3c]
sda.80.16: bets $6
LifeisagameX: calls $6
*** RIVER *** [2c 8d 2s 3c] [7h]
sda.80.16: bets $6
LifeisagameX: calls $6
*** SHOW DOWN ***
sda.80.16: shows [Js 2h] (three of a kind, Deuces)
LifeisagameX: mucks hand
sda.80.16 collected $35.50 from pot
*** SUMMARY ***
Total pot $36 | Rake $0.50
Board [2c 8d 2s 3c 7h]
Seat 1: LifeisagameX (button) (small blind) mucked
Seat 6: sda.80.16 (big blind) showed [Js 2h] and won ($35.50) with three of a kind, Deuces


PokerStars Hand #163950477129:  Hold'em Limit ($3/$6 USD) - 2017/01/03 0:06:55 ET
Table 'Iapetus' 6-max Seat #6 is the button
Seat 1: LifeisagameX ($84 in chips)
Seat 6: sda.80.16 ($123.30 in chips)
sda.80.16: posts small blind $1
LifeisagameX: posts big blind $3
*** HOLE CARDS ***
sda.80.16: raises $3 to $6
LifeisagameX: calls $3
*** FLOP *** [Th Js 4c]
LifeisagameX: checks
sda.80.16: bets $3
LifeisagameX: folds
Uncalled bet ($3) returned to sda.80.16
sda.80.16 collected $11.76 from pot
sda.80.16: doesn't show hand
*** SUMMARY ***
Total pot $12 | Rake $0.24
Board [Th Js 4c]
Seat 1: LifeisagameX (big blind) folded on the Flop
Seat 6: sda.80.16 (button) (small blind) collected ($11.76)


PokerStars Hand #163950489908:  Hold'em Limit ($3/$6 USD) - 2017/01/03 0:07:40 ET
Table 'Iapetus' 6-max Seat #6 is the button
Seat 1: LifeisagameX ($84 in chips)
Seat 6: sda.80.16 ($146.56 in chips)
sda.80.16: posts small blind $1
LifeisagameX: posts big blind $3
*** HOLE CARDS ***
sda.80.16: raises $3 to $6
LifeisagameX: calls $3
*** FLOP *** [7s Th 8d]
LifeisagameX: checks
sda.80.16: checks
*** TURN *** [7s Th 8d] [Td]
LifeisagameX: bets $6
sda.80.16: folds
Uncalled bet ($6) returned to LifeisagameX
LifeisagameX collected $11.76 from pot
LifeisagameX: doesn't show hand
*** SUMMARY ***
Total pot $12 | Rake $0.24
Board [7s Th 8d Td]
Seat 1: LifeisagameX (big blind) collected ($11.76)
Seat 6: sda.80.16 (button) (small blind) folded on the Turn


PokerStars Hand #163950494525:  Hold'em Limit ($3/$6 USD) - 2017/01/03 0:07:56 ET
Table 'Iapetus' 6-max Seat #1 is the button
Seat 1: LifeisagameX ($89.76 in chips)
Seat 6: sda.80.16 ($140.56 in chips)
LifeisagameX: posts small blind $1
sda.80.16: posts big blind $3
*** HOLE CARDS ***
LifeisagameX: raises $3 to $6
sda.80.16: raises $3 to $9
LifeisagameX: calls $3
*** FLOP *** [5s 2s 4c]
sda.80.16: bets $3
LifeisagameX: calls $3
*** TURN *** [5s 2s 4c] [Qc]
sda.80.16: bets $6
LifeisagameX: calls $6
*** RIVER *** [5s 2s 4c Qc] [3d]
sda.80.16: bets $6
LifeisagameX: calls $6
*** SHOW DOWN ***
sda.80.16: shows [Ah Kh] (a straight, Ace to Five)
LifeisagameX: mucks hand
sda.80.16 collected $47.50 from pot
*** SUMMARY ***
Total pot $48 | Rake $0.50
Board [5s 2s 4c Qc 3d]
Seat 1: LifeisagameX (button) (small blind) mucked
Seat 6: sda.80.16 (big blind) showed [Ah Kh] and won ($47.50) with a straight, Ace to Five


PokerStars Hand #163950503853:  Hold'em Limit ($3/$6 USD) - 2017/01/03 0:08:30 ET
Table 'Iapetus' 6-max Seat #6 is the button
Seat 1: LifeisagameX ($84 in chips)
Seat 6: sda.80.16 ($164.06 in chips)
sda.80.16: posts small blind $1
LifeisagameX: posts big blind $3
*** HOLE CARDS ***
sda.80.16: raises $3 to $6
LifeisagameX: calls $3
*** FLOP *** [8d 5d 2h]
LifeisagameX: checks
sda.80.16: bets $3
LifeisagameX: raises $3 to $6
sda.80.16: raises $3 to $9
LifeisagameX: calls $3
*** TURN *** [8d 5d 2h] [Ks]
LifeisagameX: checks
sda.80.16: bets $6
LifeisagameX: calls $6
*** RIVER *** [8d 5d 2h Ks] [4c]
LifeisagameX: checks
sda.80.16: bets $6
LifeisagameX: raises $6 to $12
sda.80.16: calls $6
*** SHOW DOWN ***
LifeisagameX: shows [8h 4h] (two pair, Eights and Fours)
sda.80.16: mucks hand
LifeisagameX collected $65.50 from pot
*** SUMMARY ***
Total pot $66 | Rake $0.50
Board [8d 5d 2h Ks 4c]
Seat 1: LifeisagameX (big blind) showed [8h 4h] and won ($65.50) with two pair, Eights and Fours
Seat 6: sda.80.16 (button) (small blind) mucked


PokerStars Hand #163950520847:  Hold'em Limit ($3/$6 USD) - 2017/01/03 0:09:30 ET
Table 'Iapetus' 6-max Seat #1 is the button
Seat 1: LifeisagameX ($116.50 in chips)
Seat 6: sda.80.16 ($131.06 in chips)
LifeisagameX: posts small blind $1
sda.80.16: posts big blind $3
*** HOLE CARDS ***
LifeisagameX: folds
Uncalled bet ($2) returned to sda.80.16
sda.80.16 collected $2 from pot
sda.80.16: doesn't show hand
*** SUMMARY ***
Total pot $2 | Rake $0
Seat 1: LifeisagameX (button) (small blind) folded before Flop
Seat 6: sda.80.16 (big blind) collected ($2)


PokerStars Hand #163950528180:  Hold'em Limit ($3/$6 USD) - 2017/01/03 0:09:56 ET
Table 'Iapetus' 6-max Seat #1 is the button
Seat 1: LifeisagameX ($109.50 in chips)
Seat 6: sda.80.16 ($137.82 in chips)
LifeisagameX: posts small blind $1
sda.80.16: posts big blind $3
*** HOLE CARDS ***
LifeisagameX: raises $3 to $6
sda.80.16: folds
Uncalled bet ($3) returned to LifeisagameX
LifeisagameX collected $6 from pot
LifeisagameX: doesn't show hand
*** SUMMARY ***
Total pot $6 | Rake $0
Seat 1: LifeisagameX (button) (small blind) collected ($6)
Seat 6: sda.80.16 (big blind) folded before Flop


PokerStars Hand #163950524799:  Hold'em Limit ($3/$6 USD) - 2017/01/03 0:09:44 ET
Table 'Iapetus' 6-max Seat #6 is the button
Seat 1: LifeisagameX ($115.50 in chips)
Seat 6: sda.80.16 ($132.06 in chips)
sda.80.16: posts small blind $1
LifeisagameX: posts big blind $3
*** HOLE CARDS ***
sda.80.16: raises $3 to $6
LifeisagameX: calls $3
*** FLOP *** [6h Jh 8h]
LifeisagameX: checks
sda.80.16: bets $3
LifeisagameX: folds
Uncalled bet ($3) returned to sda.80.16
sda.80.16 collected $11.76 from pot
sda.80.16: doesn't show hand
*** SUMMARY ***
Total pot $12 | Rake $0.24
Board [6h Jh 8h]
Seat 1: LifeisagameX (big blind) folded on the Flop
Seat 6: sda.80.16 (button) (small blind) collected ($11.76)


PokerStars Hand #163950530095:  Hold'em Limit ($3/$6 USD) - 2017/01/03 0:10:03 ET
Table 'Iapetus' 6-max Seat #6 is the button
Seat 1: LifeisagameX ($112.50 in chips)
Seat 6: sda.80.16 ($134.82 in chips)
sda.80.16: posts small blind $1
LifeisagameX: posts big blind $3
*** HOLE CARDS ***
sda.80.16: raises $3 to $6
LifeisagameX: calls $3
*** FLOP *** [Qc 4d 6s]
LifeisagameX: checks
sda.80.16: bets $3
LifeisagameX: calls $3
*** TURN *** [Qc 4d 6s] [9h]
LifeisagameX: checks
sda.80.16: bets $6
LifeisagameX: calls $6
*** RIVER *** [Qc 4d 6s 9h] [Th]
LifeisagameX: checks
sda.80.16: bets $6
LifeisagameX: calls $6
*** SHOW DOWN ***
sda.80.16: shows [7c 5d] (high card Queen)
LifeisagameX: shows [9d Ks] (a pair of Nines)
LifeisagameX collected $41.50 from pot
*** SUMMARY ***
Total pot $42 | Rake $0.50
Board [Qc 4d 6s 9h Th]
Seat 1: LifeisagameX (big blind) showed [9d Ks] and won ($41.50) with a pair of Nines
Seat 6: sda.80.16 (button) (small blind) showed [7c 5d] and lost with high card Queen


PokerStars Hand #163950547012:  Hold'em Limit ($3/$6 USD) - 2017/01/03 0:11:04 ET
Table 'Iapetus' 6-max Seat #1 is the button
Seat 1: LifeisagameX ($133 in chips)
Seat 6: sda.80.16 ($113.82 in chips)
LifeisagameX: posts small blind $1
sda.80.16: posts big blind $3
*** HOLE CARDS ***
LifeisagameX: raises $3 to $6
sda.80.16: calls $3
*** FLOP *** [2s Jh 7d]
sda.80.16: checks
LifeisagameX: bets $3
sda.80.16: calls $3
*** TURN *** [2s Jh 7d] [Ad]
sda.80.16: checks
LifeisagameX: bets $6
sda.80.16: calls $6
*** RIVER *** [2s Jh 7d Ad] [7h]
sda.80.16: checks
LifeisagameX: bets $6
sda.80.16: calls $6
*** SHOW DOWN ***
LifeisagameX: shows [Th Ah] (two pair, Aces and Sevens)
sda.80.16: mucks hand
LifeisagameX collected $41.50 from pot
*** SUMMARY ***
Total pot $42 | Rake $0.50
Board [2s Jh 7d Ad 7h]
Seat 1: LifeisagameX (button) (small blind) showed [Th Ah] and won ($41.50) with two pair, Aces and Sevens
Seat 6: sda.80.16 (big blind) mucked


PokerStars Hand #163950556349:  Hold'em Limit ($3/$6 USD) - 2017/01/03 0:11:37 ET
Table 'Iapetus' 6-max Seat #6 is the button
Seat 1: LifeisagameX ($153.50 in chips)
Seat 6: sda.80.16 ($92.82 in chips)
sda.80.16: posts small blind $1
LifeisagameX: posts big blind $3
*** HOLE CARDS ***
sda.80.16: raises $3 to $6
LifeisagameX: calls $3
*** FLOP *** [Kc Qc 5d]
LifeisagameX: checks
sda.80.16: bets $3
LifeisagameX: calls $3
*** TURN *** [Kc Qc 5d] [6h]
LifeisagameX: checks
sda.80.16: checks
*** RIVER *** [Kc Qc 5d 6h] [3c]
LifeisagameX: bets $6
sda.80.16: folds
Uncalled bet ($6) returned to LifeisagameX
LifeisagameX collected $17.64 from pot
LifeisagameX: doesn't show hand
*** SUMMARY ***
Total pot $18 | Rake $0.36
Board [Kc Qc 5d 6h 3c]
Seat 1: LifeisagameX (big blind) collected ($17.64)
Seat 6: sda.80.16 (button) (small blind) folded on the River


PokerStars Hand #163950566092:  Hold'em Limit ($3/$6 USD) - 2017/01/03 0:12:13 ET
Table 'Iapetus' 6-max Seat #1 is the button
Seat 1: LifeisagameX ($162.14 in chips)
Seat 6: sda.80.16 ($83.82 in chips)
LifeisagameX: posts small blind $1
sda.80.16: posts big blind $3
*** HOLE CARDS ***
LifeisagameX: raises $3 to $6
sda.80.16: calls $3
*** FLOP *** [9d 2c Th]
sda.80.16: checks
LifeisagameX: bets $3
sda.80.16: calls $3
*** TURN *** [9d 2c Th] [8d]
sda.80.16: checks
LifeisagameX: bets $6
sda.80.16: calls $6
*** RIVER *** [9d 2c Th 8d] [8c]
sda.80.16: checks
LifeisagameX: bets $6
sda.80.16: calls $6
*** SHOW DOWN ***
LifeisagameX: shows [Tc 4s] (two pair, Tens and Eights)
sda.80.16: shows [Td 4d] (two pair, Tens and Eights)
sda.80.16 collected $20.75 from pot
LifeisagameX collected $20.75 from pot
*** SUMMARY ***
Total pot $42 | Rake $0.50
Board [9d 2c Th 8d 8c]
Seat 1: LifeisagameX (button) (small blind) showed [Tc 4s] and won ($20.75) with two pair, Tens and Eights
Seat 6: sda.80.16 (big blind) showed [Td 4d] and won ($20.75) with two pair, Tens and Eights


PokerStars Hand #163950577884:  Hold'em Limit ($3/$6 USD) - 2017/01/03 0:12:55 ET
Table 'Iapetus' 6-max Seat #6 is the button
Seat 1: LifeisagameX ($161.89 in chips)
Seat 6: sda.80.16 ($83.57 in chips)
sda.80.16: posts small blind $1
LifeisagameX: posts big blind $3
*** HOLE CARDS ***
sda.80.16: raises $3 to $6
LifeisagameX: calls $3
*** FLOP *** [4h Jd 5d]
LifeisagameX: checks
sda.80.16: checks
*** TURN *** [4h Jd 5d] [8c]
LifeisagameX: bets $6
sda.80.16: calls $6
*** RIVER *** [4h Jd 5d 8c] [6h]
LifeisagameX: bets $6
sda.80.16: raises $6 to $12
LifeisagameX: calls $6
*** SHOW DOWN ***
sda.80.16: shows [7s 9h] (a straight, Five to Nine)
LifeisagameX: mucks hand
sda.80.16 collected $47.50 from pot
*** SUMMARY ***
Total pot $48 | Rake $0.50
Board [4h Jd 5d 8c 6h]
Seat 1: LifeisagameX (big blind) mucked
Seat 6: sda.80.16 (button) (small blind) showed [7s 9h] and won ($47.50) with a straight, Five to Nine


PokerStars Hand #163950592471:  Hold'em Limit ($3/$6 USD) - 2017/01/03 0:13:48 ET
Table 'Iapetus' 6-max Seat #1 is the button
Seat 1: LifeisagameX ($137.89 in chips)
Seat 6: sda.80.16 ($107.07 in chips)
LifeisagameX: posts small blind $1
sda.80.16: posts big blind $3
*** HOLE CARDS ***
LifeisagameX: raises $3 to $6
sda.80.16: raises $3 to $9
LifeisagameX: calls $3
*** FLOP *** [Td 9c 9d]
sda.80.16: bets $3
LifeisagameX: calls $3
*** TURN *** [Td 9c 9d] [2c]
sda.80.16: bets $6
LifeisagameX: calls $6
*** RIVER *** [Td 9c 9d 2c] [6d]
sda.80.16: bets $6
LifeisagameX: calls $6
*** SHOW DOWN ***
sda.80.16: shows [Ac 8h] (a pair of Nines)
LifeisagameX: mucks hand
sda.80.16 collected $47.50 from pot
*** SUMMARY ***
Total pot $48 | Rake $0.50
Board [Td 9c 9d 2c 6d]
Seat 1: LifeisagameX (button) (small blind) mucked
Seat 6: sda.80.16 (big blind) showed [Ac 8h] and won ($47.50) with a pair of Nines


PokerStars Hand #163950613535:  Hold'em Limit ($3/$6 USD) - 2017/01/03 0:15:05 ET
Table 'Iapetus' 6-max Seat #6 is the button
Seat 1: LifeisagameX ($113.89 in chips)
Seat 6: sda.80.16 ($130.57 in chips)
sda.80.16: posts small blind $1
LifeisagameX: posts big blind $3
*** HOLE CARDS ***
sda.80.16: raises $3 to $6
LifeisagameX: calls $3
*** FLOP *** [3s Tc Ks]
LifeisagameX: checks
sda.80.16: bets $3
LifeisagameX: folds
Uncalled bet ($3) returned to sda.80.16
sda.80.16 collected $11.76 from pot
sda.80.16: doesn't show hand
*** SUMMARY ***
Total pot $12 | Rake $0.24
Board [3s Tc Ks]
Seat 1: LifeisagameX (big blind) folded on the Flop
Seat 6: sda.80.16 (button) (small blind) collected ($11.76)


PokerStars Hand #163950630109:  Hold'em Limit ($3/$6 USD) - 2017/01/03 0:16:04 ET
Table 'Iapetus' 6-max Seat #1 is the button
Seat 1: LifeisagameX ($90.89 in chips)
Seat 6: sda.80.16 ($152.83 in chips)
LifeisagameX: posts small blind $1
sda.80.16: posts big blind $3
*** HOLE CARDS ***
LifeisagameX: raises $3 to $6
sda.80.16: calls $3
*** FLOP *** [3h Tc 9h]
sda.80.16: checks
LifeisagameX: bets $3
sda.80.16: calls $3
*** TURN *** [3h Tc 9h] [7d]
sda.80.16: checks
LifeisagameX: checks
*** RIVER *** [3h Tc 9h 7d] [2c]
sda.80.16: bets $6
LifeisagameX: calls $6
*** SHOW DOWN ***
sda.80.16: shows [3d 2s] (two pair, Threes and Deuces)
LifeisagameX: mucks hand
sda.80.16 collected $29.50 from pot
*** SUMMARY ***
Total pot $30 | Rake $0.50
Board [3h Tc 9h 7d 2c]
Seat 1: LifeisagameX (button) (small blind) mucked
Seat 6: sda.80.16 (big blind) showed [3d 2s] and won ($29.50) with two pair, Threes and Deuces


PokerStars Hand #163950628523:  Hold'em Limit ($3/$6 USD) - 2017/01/03 0:15:59 ET
Table 'Iapetus' 6-max Seat #6 is the button
Seat 1: LifeisagameX ($89.89 in chips)
Seat 6: sda.80.16 ($153.83 in chips)
sda.80.16: posts small blind $1
LifeisagameX: posts big blind $3
*** HOLE CARDS ***
sda.80.16: folds
Uncalled bet ($2) returned to LifeisagameX
LifeisagameX collected $2 from pot
LifeisagameX: doesn't show hand
*** SUMMARY ***
Total pot $2 | Rake $0
Seat 1: LifeisagameX (big blind) collected ($2)
Seat 6: sda.80.16 (button) (small blind) folded before Flop


PokerStars Hand #163950618911:  Hold'em Limit ($3/$6 USD) - 2017/01/03 0:15:24 ET
Table 'Iapetus' 6-max Seat #1 is the button
Seat 1: LifeisagameX ($107.89 in chips)
Seat 6: sda.80.16 ($136.33 in chips)
LifeisagameX: posts small blind $1
sda.80.16: posts big blind $3
*** HOLE CARDS ***
LifeisagameX: raises $3 to $6
sda.80.16: calls $3
*** FLOP *** [8h 7h 5s]
sda.80.16: checks
LifeisagameX: checks
*** TURN *** [8h 7h 5s] [Jd]
sda.80.16: bets $6
LifeisagameX: calls $6
*** RIVER *** [8h 7h 5s Jd] [4d]
sda.80.16: bets $6
LifeisagameX: calls $6
*** SHOW DOWN ***
sda.80.16: shows [Jc 9s] (a pair of Jacks)
LifeisagameX: mucks hand
sda.80.16 collected $35.50 from pot
*** SUMMARY ***
Total pot $36 | Rake $0.50
Board [8h 7h 5s Jd 4d]
Seat 1: LifeisagameX (button) (small blind) mucked
Seat 6: sda.80.16 (big blind) showed [Jc 9s] and won ($35.50) with a pair of Jacks


PokerStars Hand #163950642026:  Hold'em Limit ($3/$6 USD) - 2017/01/03 0:16:48 ET
Table 'Iapetus' 6-max Seat #6 is the button
Seat 1: LifeisagameX ($84 in chips)
Seat 6: sda.80.16 ($167.33 in chips)
sda.80.16: posts small blind $1
LifeisagameX: posts big blind $3
*** HOLE CARDS ***
sda.80.16: folds
Uncalled bet ($2) returned to LifeisagameX
LifeisagameX collected $2 from pot
LifeisagameX: doesn't show hand
*** SUMMARY ***
Total pot $2 | Rake $0
Seat 1: LifeisagameX (big blind) collected ($2)
Seat 6: sda.80.16 (button) (small blind) folded before Flop


PokerStars Hand #163950649171:  Hold'em Limit ($3/$6 USD) - 2017/01/03 0:17:14 ET
Table 'Iapetus' 6-max Seat #1 is the button
Seat 1: LifeisagameX ($84 in chips)
Seat 6: sda.80.16 ($170.33 in chips)
LifeisagameX: posts small blind $1
sda.80.16: posts big blind $3
*** HOLE CARDS ***
LifeisagameX: raises $3 to $6
sda.80.16: folds
Uncalled bet ($3) returned to LifeisagameX
LifeisagameX collected $6 from pot
LifeisagameX: doesn't show hand
*** SUMMARY ***
Total pot $6 | Rake $0
Seat 1: LifeisagameX (button) (small blind) collected ($6)
Seat 6: sda.80.16 (big blind) folded before Flop


PokerStars Hand #163950645731:  Hold'em Limit ($3/$6 USD) - 2017/01/03 0:17:01 ET
Table 'Iapetus' 6-max Seat #6 is the button
Seat 1: LifeisagameX ($84 in chips)
Seat 6: sda.80.16 ($167.33 in chips)
sda.80.16: posts small blind $1
LifeisagameX: posts big blind $3
*** HOLE CARDS ***
sda.80.16: raises $3 to $6
LifeisagameX: folds
Uncalled bet ($3) returned to sda.80.16
sda.80.16 collected $6 from pot
sda.80.16: doesn't show hand
*** SUMMARY ***
Total pot $6 | Rake $0
Seat 1: LifeisagameX (big blind) folded before Flop
Seat 6: sda.80.16 (button) (small blind) collected ($6)


PokerStars Hand #163950643861:  Hold'em Limit ($3/$6 USD) - 2017/01/03 0:16:54 ET
Table 'Iapetus' 6-max Seat #1 is the button
Seat 1: LifeisagameX ($85 in chips)
Seat 6: sda.80.16 ($166.33 in chips)
LifeisagameX: posts small blind $1
sda.80.16: posts big blind $3
*** HOLE CARDS ***
LifeisagameX: folds
Uncalled bet ($2) returned to sda.80.16
sda.80.16 collected $2 from pot
sda.80.16: doesn't show hand
*** SUMMARY ***
Total pot $2 | Rake $0
Seat 1: LifeisagameX (button) (small blind) folded before Flop
Seat 6: sda.80.16 (big blind) collected ($2)


PokerStars Hand #163950653192:  Hold'em Limit ($3/$6 USD) - 2017/01/03 0:17:28 ET
Table 'Iapetus' 6-max Seat #6 is the button
Seat 1: LifeisagameX ($87 in chips)
Seat 6: sda.80.16 ($167.33 in chips)
sda.80.16: posts small blind $1
LifeisagameX: posts big blind $3
*** HOLE CARDS ***
sda.80.16: raises $3 to $6
LifeisagameX: calls $3
*** FLOP *** [7c 4d 7h]
LifeisagameX: checks
sda.80.16: checks
*** TURN *** [7c 4d 7h] [3s]
LifeisagameX: checks
sda.80.16: bets $6
LifeisagameX: calls $6
*** RIVER *** [7c 4d 7h 3s] [5h]
LifeisagameX: checks
sda.80.16: bets $6
LifeisagameX: raises $6 to $12
sda.80.16: raises $6 to $18
LifeisagameX: calls $6
*** SHOW DOWN ***
sda.80.16: shows [9d 7s] (three of a kind, Sevens)
LifeisagameX: shows [Qc 6d] (a straight, Three to Seven)
LifeisagameX collected $59.50 from pot
*** SUMMARY ***
Total pot $60 | Rake $0.50
Board [7c 4d 7h 3s 5h]
Seat 1: LifeisagameX (big blind) showed [Qc 6d] and won ($59.50) with a straight, Three to Seven
Seat 6: sda.80.16 (button) (small blind) showed [9d 7s] and lost with three of a kind, Sevens


PokerStars Hand #163950666223:  Hold'em Limit ($3/$6 USD) - 2017/01/03 0:18:16 ET
Table 'Iapetus' 6-max Seat #1 is the button
Seat 1: LifeisagameX ($116.50 in chips)
Seat 6: sda.80.16 ($137.33 in chips)
LifeisagameX: posts small blind $1
sda.80.16: posts big blind $3
*** HOLE CARDS ***
LifeisagameX: raises $3 to $6
sda.80.16: raises $3 to $9
LifeisagameX: calls $3
*** FLOP *** [Ts Ad 4d]
sda.80.16: checks
LifeisagameX: bets $3
sda.80.16: raises $3 to $6
LifeisagameX: calls $3
*** TURN *** [Ts Ad 4d] [7d]
sda.80.16: bets $6
LifeisagameX: calls $6
*** RIVER *** [Ts Ad 4d 7d] [Kd]
sda.80.16: bets $6
LifeisagameX: calls $6
*** SHOW DOWN ***
sda.80.16: shows [As Ac] (three of a kind, Aces)
LifeisagameX: shows [9d 7s] (a flush, Ace high)
LifeisagameX collected $53.50 from pot
*** SUMMARY ***
Total pot $54 | Rake $0.50
Board [Ts Ad 4d 7d Kd]
Seat 1: LifeisagameX (button) (small blind) showed [9d 7s] and won ($53.50) with a flush, Ace high
Seat 6: sda.80.16 (big blind) showed [As Ac] and lost with three of a kind, Aces


PokerStars Hand #163950680528:  Hold'em Limit ($3/$6 USD) - 2017/01/03 0:19:07 ET
Table 'Iapetus' 6-max Seat #1 is the button
Seat 1: LifeisagameX ($140 in chips)
Seat 6: sda.80.16 ($113.33 in chips)
LifeisagameX: posts small blind $1
sda.80.16: posts big blind $3
*** HOLE CARDS ***
LifeisagameX: folds
Uncalled bet ($2) returned to sda.80.16
sda.80.16 collected $2 from pot
sda.80.16: doesn't show hand
*** SUMMARY ***
Total pot $2 | Rake $0
Seat 1: LifeisagameX (button) (small blind) folded before Flop
Seat 6: sda.80.16 (big blind) collected ($2)


PokerStars Hand #163950678005:  Hold'em Limit ($3/$6 USD) - 2017/01/03 0:18:58 ET
Table 'Iapetus' 6-max Seat #6 is the button
Seat 1: LifeisagameX ($143 in chips)
Seat 6: sda.80.16 ($110.33 in chips)
sda.80.16: posts small blind $1
LifeisagameX: posts big blind $3
*** HOLE CARDS ***
sda.80.16: raises $3 to $6
LifeisagameX: folds
Uncalled bet ($3) returned to sda.80.16
sda.80.16 collected $6 from pot
sda.80.16: doesn't show hand
*** SUMMARY ***
Total pot $6 | Rake $0
Seat 1: LifeisagameX (big blind) folded before Flop
Seat 6: sda.80.16 (button) (small blind) collected ($6)


PokerStars Hand #163950696668:  Hold'em Limit ($3/$6 USD) - 2017/01/03 0:20:06 ET
Table 'Iapetus' 6-max Seat #6 is the button
Seat 1: LifeisagameX ($149.52 in chips)
Seat 6: sda.80.16 ($103.33 in chips)
sda.80.16: posts small blind $1
LifeisagameX: posts big blind $3
*** HOLE CARDS ***
sda.80.16: raises $3 to $6
LifeisagameX: raises $3 to $9
sda.80.16: calls $3
*** FLOP *** [As 7c 3c]
LifeisagameX: bets $3
sda.80.16: folds
Uncalled bet ($3) returned to LifeisagameX
LifeisagameX collected $17.64 from pot
LifeisagameX: doesn't show hand
*** SUMMARY ***
Total pot $18 | Rake $0.36
Board [As 7c 3c]
Seat 1: LifeisagameX (big blind) collected ($17.64)
Seat 6: sda.80.16 (button) (small blind) folded on the Flop


PokerStars Hand #163950694978:  Hold'em Limit ($3/$6 USD) - 2017/01/03 0:19:59 ET
Table 'Iapetus' 6-max Seat #1 is the button
Seat 1: LifeisagameX ($150.52 in chips)
Seat 6: sda.80.16 ($102.33 in chips)
LifeisagameX: posts small blind $1
sda.80.16: posts big blind $3
*** HOLE CARDS ***
LifeisagameX: folds
Uncalled bet ($2) returned to sda.80.16
sda.80.16 collected $2 from pot
sda.80.16: doesn't show hand
*** SUMMARY ***
Total pot $2 | Rake $0
Seat 1: LifeisagameX (button) (small blind) folded before Flop
Seat 6: sda.80.16 (big blind) collected ($2)


PokerStars Hand #163950682413:  Hold'em Limit ($3/$6 USD) - 2017/01/03 0:19:14 ET
Table 'Iapetus' 6-max Seat #6 is the button
Seat 1: LifeisagameX ($139 in chips)
Seat 6: sda.80.16 ($114.33 in chips)
sda.80.16: posts small blind $1
LifeisagameX: posts big blind $3
*** HOLE CARDS ***
sda.80.16: raises $3 to $6
LifeisagameX: calls $3
*** FLOP *** [Js 2d Ah]
LifeisagameX: checks
sda.80.16: checks
*** TURN *** [Js 2d Ah] [Jh]
LifeisagameX: checks
sda.80.16: bets $6
LifeisagameX: calls $6
*** RIVER *** [Js 2d Ah Jh] [9c]
LifeisagameX: checks
sda.80.16: checks
*** SHOW DOWN ***
LifeisagameX: shows [Ts 2h] (two pair, Jacks and Deuces)
sda.80.16: mucks hand
LifeisagameX collected $23.52 from pot
*** SUMMARY ***
Total pot $24 | Rake $0.48
Board [Js 2d Ah Jh 9c]
Seat 1: LifeisagameX (big blind) showed [Ts 2h] and won ($23.52) with two pair, Jacks and Deuces
Seat 6: sda.80.16 (button) (small blind) mucked


PokerStars Hand #163950713175:  Hold'em Limit ($3/$6 USD) - 2017/01/03 0:21:06 ET
Table 'Iapetus' 6-max Seat #6 is the button
Seat 1: LifeisagameX ($175.66 in chips)
Seat 6: sda.80.16 ($76.33 in chips)
sda.80.16: posts small blind $1
LifeisagameX: posts big blind $3
*** HOLE CARDS ***
sda.80.16: raises $3 to $6
LifeisagameX: folds
Uncalled bet ($3) returned to sda.80.16
sda.80.16 collected $6 from pot
sda.80.16: doesn't show hand
*** SUMMARY ***
Total pot $6 | Rake $0
Seat 1: LifeisagameX (big blind) folded before Flop
Seat 6: sda.80.16 (button) (small blind) collected ($6)


PokerStars Hand #163950703181:  Hold'em Limit ($3/$6 USD) - 2017/01/03 0:20:29 ET
Table 'Iapetus' 6-max Seat #1 is the button
Seat 1: LifeisagameX ($158.16 in chips)
Seat 6: sda.80.16 ($94.33 in chips)
LifeisagameX: posts small blind $1
sda.80.16: posts big blind $3
*** HOLE CARDS ***
LifeisagameX: raises $3 to $6
sda.80.16: calls $3
*** FLOP *** [3d Jd 8s]
sda.80.16: bets $3
LifeisagameX: raises $3 to $6
sda.80.16: calls $3
*** TURN *** [3d Jd 8s] [6d]
sda.80.16: checks
LifeisagameX: checks
*** RIVER *** [3d Jd 8s 6d] [Ah]
sda.80.16: checks
LifeisagameX: bets $6
sda.80.16: calls $6
*** SHOW DOWN ***
LifeisagameX: shows [As 4s] (a pair of Aces)
sda.80.16: mucks hand
LifeisagameX collected $35.50 from pot
*** SUMMARY ***
Total pot $36 | Rake $0.50
Board [3d Jd 8s 6d Ah]
Seat 1: LifeisagameX (button) (small blind) showed [As 4s] and won ($35.50) with a pair of Aces
Seat 6: sda.80.16 (big blind) mucked


PokerStars Hand #163950723458:  Hold'em Limit ($3/$6 USD) - 2017/01/03 0:21:43 ET
Table 'Iapetus' 6-max Seat #6 is the button
Seat 1: LifeisagameX ($199.16 in chips)
Seat 6: sda.80.16 ($52.33 in chips)
sda.80.16: posts small blind $1
LifeisagameX: posts big blind $3
*** HOLE CARDS ***
sda.80.16: folds
Uncalled bet ($2) returned to LifeisagameX
LifeisagameX collected $2 from pot
LifeisagameX: doesn't show hand
*** SUMMARY ***
Total pot $2 | Rake $0
Seat 1: LifeisagameX (big blind) collected ($2)
Seat 6: sda.80.16 (button) (small blind) folded before Flop


PokerStars Hand #163950715851:  Hold'em Limit ($3/$6 USD) - 2017/01/03 0:21:15 ET
Table 'Iapetus' 6-max Seat #1 is the button
Seat 1: LifeisagameX ($172.66 in chips)
Seat 6: sda.80.16 ($79.33 in chips)
LifeisagameX: posts small blind $1
sda.80.16: posts big blind $3
*** HOLE CARDS ***
LifeisagameX: raises $3 to $6
sda.80.16: raises $3 to $9
LifeisagameX: calls $3
*** FLOP *** [2s 4s Ah]
sda.80.16: checks
LifeisagameX: checks
*** TURN *** [2s 4s Ah] [4d]
sda.80.16: bets $6
LifeisagameX: raises $6 to $12
sda.80.16: calls $6
*** RIVER *** [2s 4s Ah 4d] [7d]
sda.80.16: checks
LifeisagameX: bets $6
sda.80.16: calls $6
*** SHOW DOWN ***
LifeisagameX: shows [8h 4h] (three of a kind, Fours)
sda.80.16: mucks hand
LifeisagameX collected $53.50 from pot
*** SUMMARY ***
Total pot $54 | Rake $0.50
Board [2s 4s Ah 4d 7d]
Seat 1: LifeisagameX (button) (small blind) showed [8h 4h] and won ($53.50) with three of a kind, Fours
Seat 6: sda.80.16 (big blind) mucked


PokerStars Hand #163950724936:  Hold'em Limit ($3/$6 USD) - 2017/01/03 0:21:49 ET
Table 'Iapetus' 6-max Seat #1 is the button
Seat 1: LifeisagameX ($200.16 in chips)
Seat 6: sda.80.16 ($51.33 in chips)
LifeisagameX: posts small blind $1
sda.80.16: posts big blind $3
*** HOLE CARDS ***
LifeisagameX: raises $3 to $6
sda.80.16: calls $3
*** FLOP *** [4c Qh Th]
sda.80.16: checks
LifeisagameX: checks
*** TURN *** [4c Qh Th] [Ad]
sda.80.16: checks
LifeisagameX: bets $6
sda.80.16: calls $6
*** RIVER *** [4c Qh Th Ad] [3c]
sda.80.16: checks
LifeisagameX: bets $6
sda.80.16: folds
Uncalled bet ($6) returned to LifeisagameX
LifeisagameX collected $23.52 from pot
LifeisagameX: doesn't show hand
*** SUMMARY ***
Total pot $24 | Rake $0.48
Board [4c Qh Th Ad 3c]
Seat 1: LifeisagameX (button) (small blind) collected ($23.52)
Seat 6: sda.80.16 (big blind) folded on the River


PokerStars Hand #163950732619:  Hold'em Limit ($3/$6 USD) - 2017/01/03 0:22:17 ET
Table 'Iapetus' 6-max Seat #6 is the button
Seat 1: LifeisagameX ($211.68 in chips)
Seat 6: sda.80.16 ($39.33 in chips)
sda.80.16: posts small blind $1
LifeisagameX: posts big blind $3
*** HOLE CARDS ***
sda.80.16: folds
Uncalled bet ($2) returned to LifeisagameX
LifeisagameX collected $2 from pot
LifeisagameX: doesn't show hand
*** SUMMARY ***
Total pot $2 | Rake $0
Seat 1: LifeisagameX (big blind) collected ($2)
Seat 6: sda.80.16 (button) (small blind) folded before Flop


PokerStars Hand #163950734112:  Hold'em Limit ($3/$6 USD) - 2017/01/03 0:22:23 ET
Table 'Iapetus' 6-max Seat #1 is the button
Seat 1: LifeisagameX ($212.68 in chips)
Seat 6: sda.80.16 ($38.33 in chips)
LifeisagameX: posts small blind $1
sda.80.16: posts big blind $3
*** HOLE CARDS ***
LifeisagameX: raises $3 to $6
sda.80.16: calls $3
*** FLOP *** [3h 5d 2s]
sda.80.16: checks
LifeisagameX: bets $3
sda.80.16: calls $3
*** TURN *** [3h 5d 2s] [9c]
sda.80.16: checks
LifeisagameX: bets $6
sda.80.16: calls $6
*** RIVER *** [3h 5d 2s 9c] [Ad]
sda.80.16: checks
LifeisagameX: checks
*** SHOW DOWN ***
sda.80.16: shows [4d Kh] (a straight, Ace to Five)
LifeisagameX: mucks hand
sda.80.16 collected $29.50 from pot
*** SUMMARY ***
Total pot $30 | Rake $0.50
Board [3h 5d 2s 9c Ad]
Seat 1: LifeisagameX (button) (small blind) mucked
Seat 6: sda.80.16 (big blind) showed [4d Kh] and won ($29.50) with a straight, Ace to Five


PokerStars Hand #163950746088:  Hold'em Limit ($3/$6 USD) - 2017/01/03 0:23:07 ET
Table 'Iapetus' 6-max Seat #6 is the button
Seat 1: LifeisagameX ($197.68 in chips)
Seat 6: sda.80.16 ($52.83 in chips)
sda.80.16: posts small blind $1
LifeisagameX: posts big blind $3
*** HOLE CARDS ***
sda.80.16: raises $3 to $6
LifeisagameX: calls $3
*** FLOP *** [8h 9d Jc]
LifeisagameX: checks
sda.80.16: bets $3
LifeisagameX: raises $3 to $6
sda.80.16: raises $3 to $9
LifeisagameX: calls $3
*** TURN *** [8h 9d Jc] [Jh]
LifeisagameX: checks
sda.80.16: bets $6
LifeisagameX: folds
Uncalled bet ($6) returned to sda.80.16
sda.80.16 collected $29.50 from pot
sda.80.16: doesn't show hand
*** SUMMARY ***
Total pot $30 | Rake $0.50
Board [8h 9d Jc Jh]
Seat 1: LifeisagameX (big blind) folded on the Turn
Seat 6: sda.80.16 (button) (small blind) collected ($29.50)


PokerStars Hand #163950757848:  Hold'em Limit ($3/$6 USD) - 2017/01/03 0:23:49 ET
Table 'Iapetus' 6-max Seat #1 is the button
Seat 1: LifeisagameX ($182.68 in chips)
Seat 6: sda.80.16 ($67.33 in chips)
LifeisagameX: posts small blind $1
sda.80.16: posts big blind $3
*** HOLE CARDS ***
LifeisagameX: raises $3 to $6
sda.80.16: calls $3
*** FLOP *** [Tc 6s Ks]
sda.80.16: checks
LifeisagameX: checks
*** TURN *** [Tc 6s Ks] [Ts]
sda.80.16: checks
LifeisagameX: bets $6
sda.80.16: folds
Uncalled bet ($6) returned to LifeisagameX
LifeisagameX collected $11.76 from pot
LifeisagameX: doesn't show hand
*** SUMMARY ***
Total pot $12 | Rake $0.24
Board [Tc 6s Ks Ts]
Seat 1: LifeisagameX (button) (small blind) collected ($11.76)
Seat 6: sda.80.16 (big blind) folded on the Turn


PokerStars Hand #163950767391:  Hold'em Limit ($3/$6 USD) - 2017/01/03 0:24:24 ET
Table 'Iapetus' 6-max Seat #6 is the button
Seat 1: LifeisagameX ($188.44 in chips)
Seat 6: sda.80.16 ($61.33 in chips)
sda.80.16: posts small blind $1
LifeisagameX: posts big blind $3
*** HOLE CARDS ***
sda.80.16: raises $3 to $6
LifeisagameX: calls $3
*** FLOP *** [3c Qs 3s]
LifeisagameX: checks
sda.80.16: bets $3
LifeisagameX: folds
Uncalled bet ($3) returned to sda.80.16
sda.80.16 collected $11.76 from pot
sda.80.16: doesn't show hand
*** SUMMARY ***
Total pot $12 | Rake $0.24
Board [3c Qs 3s]
Seat 1: LifeisagameX (big blind) folded on the Flop
Seat 6: sda.80.16 (button) (small blind) collected ($11.76)


PokerStars Hand #163950775820:  Hold'em Limit ($3/$6 USD) - 2017/01/03 0:24:55 ET
Table 'Iapetus' 6-max Seat #1 is the button
Seat 1: LifeisagameX ($182.44 in chips)
Seat 6: sda.80.16 ($67.09 in chips)
LifeisagameX: posts small blind $1
sda.80.16: posts big blind $3
*** HOLE CARDS ***
LifeisagameX: raises $3 to $6
sda.80.16: raises $3 to $9
LifeisagameX: calls $3
*** FLOP *** [6s 6h 2h]
sda.80.16: bets $3
LifeisagameX: calls $3
*** TURN *** [6s 6h 2h] [2d]
sda.80.16: bets $6
LifeisagameX: calls $6
*** RIVER *** [6s 6h 2h 2d] [2s]
sda.80.16: bets $6
LifeisagameX: calls $6
*** SHOW DOWN ***
sda.80.16: shows [Ad Qc] (a full house, Deuces full of Sixes)
LifeisagameX: shows [Jc 9c] (a full house, Deuces full of Sixes)
sda.80.16 collected $23.75 from pot
LifeisagameX collected $23.75 from pot
*** SUMMARY ***
Total pot $48 | Rake $0.50
Board [6s 6h 2h 2d 2s]
Seat 1: LifeisagameX (button) (small blind) showed [Jc 9c] and won ($23.75) with a full house, Deuces full of Sixes
Seat 6: sda.80.16 (big blind) showed [Ad Qc] and won ($23.75) with a full house, Deuces full of Sixes


PokerStars Hand #163950795653:  Hold'em Limit ($3/$6 USD) - 2017/01/03 0:26:08 ET
Table 'Iapetus' 6-max Seat #6 is the button
Seat 1: LifeisagameX ($182.19 in chips)
Seat 6: sda.80.16 ($66.84 in chips)
sda.80.16: posts small blind $1
LifeisagameX: posts big blind $3
*** HOLE CARDS ***
sda.80.16: folds
Uncalled bet ($2) returned to LifeisagameX
LifeisagameX collected $2 from pot
LifeisagameX: doesn't show hand
*** SUMMARY ***
Total pot $2 | Rake $0
Seat 1: LifeisagameX (big blind) collected ($2)
Seat 6: sda.80.16 (button) (small blind) folded before Flop


PokerStars Hand #163950797143:  Hold'em Limit ($3/$6 USD) - 2017/01/03 0:26:14 ET
Table 'Iapetus' 6-max Seat #1 is the button
Seat 1: LifeisagameX ($183.19 in chips)
Seat 6: sda.80.16 ($65.84 in chips)
LifeisagameX: posts small blind $1
sda.80.16: posts big blind $3
*** HOLE CARDS ***
LifeisagameX: raises $3 to $6
sda.80.16: calls $3
*** FLOP *** [8s 8c Qd]
sda.80.16: checks
LifeisagameX: bets $3
sda.80.16: folds
Uncalled bet ($3) returned to LifeisagameX
LifeisagameX collected $11.76 from pot
LifeisagameX: doesn't show hand
*** SUMMARY ***
Total pot $12 | Rake $0.24
Board [8s 8c Qd]
Seat 1: LifeisagameX (button) (small blind) collected ($11.76)
Seat 6: sda.80.16 (big blind) folded on the Flop


PokerStars Hand #163950811570:  Hold'em Limit ($3/$6 USD) - 2017/01/03 0:26:52 ET
Table 'Iapetus' 6-max Seat #6 is the button
Seat 1: LifeisagameX ($188.95 in chips)
Seat 6: sda.80.16 ($59.84 in chips)
sda.80.16: posts small blind $1
LifeisagameX: posts big blind $3
*** HOLE CARDS ***
sda.80.16: raises $3 to $6
LifeisagameX: calls $3
*** FLOP *** [Td 8d Qc]
LifeisagameX: checks
sda.80.16: checks
*** TURN *** [Td 8d Qc] [Kc]
LifeisagameX: checks
sda.80.16: checks
*** RIVER *** [Td 8d Qc Kc] [Qh]
LifeisagameX: bets $6
sda.80.16: calls $6
*** SHOW DOWN ***
LifeisagameX: shows [5s 4c] (a pair of Queens)
sda.80.16: shows [2s Ah] (a pair of Queens - Ace kicker)
sda.80.16 collected $23.52 from pot
*** SUMMARY ***
Total pot $24 | Rake $0.48
Board [Td 8d Qc Kc Qh]
Seat 1: LifeisagameX (big blind) showed [5s 4c] and lost with a pair of Queens
Seat 6: sda.80.16 (button) (small blind) showed [2s Ah] and won ($23.52) with a pair of Queens


PokerStars Hand #163950828892:  Hold'em Limit ($3/$6 USD) - 2017/01/03 0:27:57 ET
Table 'Iapetus' 6-max Seat #6 is the button
Seat 1: LifeisagameX ($182.71 in chips)
Seat 6: sda.80.16 ($65.36 in chips)
sda.80.16: posts small blind $1
LifeisagameX: posts big blind $3
*** HOLE CARDS ***
sda.80.16: raises $3 to $6
LifeisagameX: calls $3
*** FLOP *** [8d 2s Ah]
LifeisagameX: checks
sda.80.16: bets $3
LifeisagameX: calls $3
*** TURN *** [8d 2s Ah] [Kc]
LifeisagameX: checks
sda.80.16: bets $6
LifeisagameX: calls $6
*** RIVER *** [8d 2s Ah Kc] [4c]
LifeisagameX: checks
sda.80.16: bets $6
LifeisagameX: calls $6
*** SHOW DOWN ***
sda.80.16: shows [9c 5d] (high card Ace)
LifeisagameX: shows [Kh 9d] (a pair of Kings)
LifeisagameX collected $41.50 from pot
*** SUMMARY ***
Total pot $42 | Rake $0.50
Board [8d 2s Ah Kc 4c]
Seat 1: LifeisagameX (big blind) showed [Kh 9d] and won ($41.50) with a pair of Kings
Seat 6: sda.80.16 (button) (small blind) showed [9c 5d] and lost with high card Ace


PokerStars Hand #163950824480:  Hold'em Limit ($3/$6 USD) - 2017/01/03 0:27:41 ET
Table 'Iapetus' 6-max Seat #1 is the button
Seat 1: LifeisagameX ($176.95 in chips)
Seat 6: sda.80.16 ($71.36 in chips)
LifeisagameX: posts small blind $1
sda.80.16: posts big blind $3
*** HOLE CARDS ***
LifeisagameX: raises $3 to $6
sda.80.16: calls $3
*** FLOP *** [8d As Kd]
sda.80.16: checks
LifeisagameX: bets $3
sda.80.16: folds
Uncalled bet ($3) returned to LifeisagameX
LifeisagameX collected $11.76 from pot
LifeisagameX: doesn't show hand
*** SUMMARY ***
Total pot $12 | Rake $0.24
Board [8d As Kd]
Seat 1: LifeisagameX (button) (small blind) collected ($11.76)
Seat 6: sda.80.16 (big blind) folded on the Flop


PokerStars Hand #163950859639:  Hold'em Limit ($3/$6 USD) - 2017/01/03 0:29:53 ET
Table 'Iapetus' 6-max Seat #6 is the button
Seat 1: LifeisagameX ($176.21 in chips)
Seat 6: sda.80.16 ($70.86 in chips)
sda.80.16: posts small blind $1
LifeisagameX: posts big blind $3
*** HOLE CARDS ***
sda.80.16: calls $2
LifeisagameX: checks
*** FLOP *** [8h 9d 2h]
LifeisagameX: checks
sda.80.16: checks
*** TURN *** [8h 9d 2h] [9h]
LifeisagameX: checks
sda.80.16: checks
*** RIVER *** [8h 9d 2h 9h] [4d]
LifeisagameX: bets $6
sda.80.16: folds
Uncalled bet ($6) returned to LifeisagameX
LifeisagameX collected $5.88 from pot
LifeisagameX: doesn't show hand
*** SUMMARY ***
Total pot $6 | Rake $0.12
Board [8h 9d 2h 9h 4d]
Seat 1: LifeisagameX (big blind) collected ($5.88)
Seat 6: sda.80.16 (button) (small blind) folded on the River


PokerStars Hand #163950843167:  Hold'em Limit ($3/$6 USD) - 2017/01/03 0:28:51 ET
Table 'Iapetus' 6-max Seat #1 is the button
Seat 1: LifeisagameX ($203.21 in chips)
Seat 6: sda.80.16 ($44.36 in chips)
LifeisagameX: posts small blind $1
sda.80.16: posts big blind $3
*** HOLE CARDS ***
LifeisagameX: raises $3 to $6
sda.80.16: raises $3 to $9
LifeisagameX: calls $3
*** FLOP *** [4h 7h 6d]
sda.80.16: bets $3
LifeisagameX: raises $3 to $6
sda.80.16: calls $3
*** TURN *** [4h 7h 6d] [3c]
sda.80.16: checks
LifeisagameX: bets $6
sda.80.16: calls $6
*** RIVER *** [4h 7h 6d 3c] [Ac]
sda.80.16: checks
LifeisagameX: bets $6
sda.80.16: calls $6
*** SHOW DOWN ***
LifeisagameX: shows [Js 8s] (high card Ace)
sda.80.16: shows [Ah 6s] (two pair, Aces and Sixes)
sda.80.16 collected $53.50 from pot
*** SUMMARY ***
Total pot $54 | Rake $0.50
Board [4h 7h 6d 3c Ac]
Seat 1: LifeisagameX (button) (small blind) showed [Js 8s] and lost with high card Ace
Seat 6: sda.80.16 (big blind) showed [Ah 6s] and won ($53.50) with two pair, Aces and Sixes


PokerStars Hand #163950873222:  Hold'em Limit ($3/$6 USD) - 2017/01/03 0:30:44 ET
Table 'Iapetus' 6-max Seat #1 is the button
Seat 1: LifeisagameX ($179.09 in chips)
Seat 6: sda.80.16 ($67.86 in chips)
LifeisagameX: posts small blind $1
sda.80.16: posts big blind $3
*** HOLE CARDS ***
LifeisagameX: raises $3 to $6
sda.80.16: calls $3
*** FLOP *** [Ts 7h Jh]
sda.80.16: checks
LifeisagameX: bets $3
sda.80.16: folds
Uncalled bet ($3) returned to LifeisagameX
LifeisagameX collected $11.76 from pot
LifeisagameX: doesn't show hand
*** SUMMARY ***
Total pot $12 | Rake $0.24
Board [Ts 7h Jh]
Seat 1: LifeisagameX (button) (small blind) collected ($11.76)
Seat 6: sda.80.16 (big blind) folded on the Flop


PokerStars Hand #163950899974:  Hold'em Limit ($3/$6 USD) - 2017/01/03 0:32:25 ET
Table 'Iapetus' 6-max Seat #1 is the button
Seat 1: LifeisagameX ($214.35 in chips)
Seat 6: sda.80.16 ($31.86 in chips)
LifeisagameX: posts small blind $1
sda.80.16: posts big blind $3
*** HOLE CARDS ***
LifeisagameX: raises $3 to $6
sda.80.16: calls $3
*** FLOP *** [3s Qc 6h]
sda.80.16: checks
LifeisagameX: bets $3
sda.80.16: folds
Uncalled bet ($3) returned to LifeisagameX
LifeisagameX collected $11.76 from pot
LifeisagameX: doesn't show hand
*** SUMMARY ***
Total pot $12 | Rake $0.24
Board [3s Qc 6h]
Seat 1: LifeisagameX (button) (small blind) collected ($11.76)
Seat 6: sda.80.16 (big blind) folded on the Flop


PokerStars Hand #163950880511:  Hold'em Limit ($3/$6 USD) - 2017/01/03 0:31:12 ET
Table 'Iapetus' 6-max Seat #6 is the button
Seat 1: LifeisagameX ($184.85 in chips)
Seat 6: sda.80.16 ($61.86 in chips)
sda.80.16: posts small blind $1
LifeisagameX: posts big blind $3
*** HOLE CARDS ***
sda.80.16: raises $3 to $6
LifeisagameX: raises $3 to $9
sda.80.16: raises $3 to $12
Betting is capped
LifeisagameX: calls $3
*** FLOP *** [7s Td 5s]
LifeisagameX: checks
sda.80.16: bets $3
LifeisagameX: raises $3 to $6
sda.80.16: calls $3
*** TURN *** [7s Td 5s] [Jh]
LifeisagameX: bets $6
sda.80.16: calls $6
*** RIVER *** [7s Td 5s Jh] [5c]
LifeisagameX: bets $6
sda.80.16: calls $6
*** SHOW DOWN ***
LifeisagameX: shows [Kd Kc] (two pair, Kings and Fives)
sda.80.16: mucks hand
LifeisagameX collected $59.50 from pot
*** SUMMARY ***
Total pot $60 | Rake $0.50
Board [7s Td 5s Jh 5c]
Seat 1: LifeisagameX (big blind) showed [Kd Kc] and won ($59.50) with two pair, Kings and Fives
Seat 6: sda.80.16 (button) (small blind) mucked


PokerStars Hand #163950906410:  Hold'em Limit ($3/$6 USD) - 2017/01/03 0:32:48 ET
Table 'Iapetus' 6-max Seat #6 is the button
Seat 1: LifeisagameX ($220.11 in chips)
Seat 6: sda.80.16 ($25.86 in chips)
sda.80.16: posts small blind $1
LifeisagameX: posts big blind $3
*** HOLE CARDS ***
sda.80.16: raises $3 to $6
LifeisagameX: raises $3 to $9
sda.80.16: calls $3
*** FLOP *** [5h Qs 3c]
LifeisagameX: bets $3
sda.80.16: folds
Uncalled bet ($3) returned to LifeisagameX
LifeisagameX collected $17.64 from pot
LifeisagameX: doesn't show hand
*** SUMMARY ***
Total pot $18 | Rake $0.36
Board [5h Qs 3c]
Seat 1: LifeisagameX (big blind) collected ($17.64)
Seat 6: sda.80.16 (button) (small blind) folded on the Flop


PokerStars Hand #163950914348:  Hold'em Limit ($3/$6 USD) - 2017/01/03 0:33:19 ET
Table 'Iapetus' 6-max Seat #1 is the button
Seat 1: LifeisagameX ($228.75 in chips)
Seat 6: sda.80.16 ($16.86 in chips)
LifeisagameX: posts small blind $1
sda.80.16: posts big blind $3
*** HOLE CARDS ***
LifeisagameX: raises $3 to $6
sda.80.16: calls $3
*** FLOP *** [Qd Jh 5h]
sda.80.16: checks
LifeisagameX: bets $3
sda.80.16: calls $3
*** TURN *** [Qd Jh 5h] [8h]
sda.80.16: checks
LifeisagameX: bets $6
sda.80.16: calls $6
*** RIVER *** [Qd Jh 5h 8h] [8s]
sda.80.16: checks
LifeisagameX: bets $6
sda.80.16: calls $1.86 and is all-in
Uncalled bet ($4.14) returned to LifeisagameX
*** SHOW DOWN ***
LifeisagameX: shows [9d Qs] (two pair, Queens and Eights)
sda.80.16: shows [4h 5d] (two pair, Eights and Fives)
LifeisagameX collected $33.22 from pot
*** SUMMARY ***
Total pot $33.72 | Rake $0.50
Board [Qd Jh 5h 8h 8s]
Seat 1: LifeisagameX (button) (small blind) showed [9d Qs] and won ($33.22) with two pair, Queens and Eights
Seat 6: sda.80.16 (big blind) showed [4h 5d] and lost with two pair, Eights and Fives


