PokerStars Hand #155572047523:  Hold'em Limit ($3/$6 USD) - 2016/07/04 19:06:49 ET
Table 'Ibarruri' 6-max Seat #4 is the button
Seat 2: Chessnok ($117 in chips)
Seat 4: Zubasa07 ($475 in chips)
kieran449 will be allowed to play after the button
Zubasa07: posts small blind $1
Kaissou2222 joins the table at seat #1
Henry201622: is sitting out
bugsbubble: is sitting out
Chessnok: posts big blind $3
*** HOLE CARDS ***
Zubasa07: raises $3 to $6
Henry201622 leaves the table
Chessnok: calls $3
*** FLOP *** [2c Jc 5d]
Chessnok: checks
Zubasa07: bets $3
ValeryRon joins the table at seat #5
Chessnok: folds
Uncalled bet ($3) returned to Zubasa07
Zubasa07 collected $11.76 from pot
Zubasa07: doesn't show hand
*** SUMMARY ***
Total pot $12 | Rake $0.24
Board [2c Jc 5d]
Seat 2: Chessnok (big blind) folded on the Flop
Seat 4: Zubasa07 (button) (small blind) collected ($11.76)


PokerStars Hand #155573223889:  Hold'em Limit ($3/$6 USD) - 2016/07/04 19:41:39 ET
Table 'Ibarruri' 6-max Seat #3 is the button
Seat 1: Kaissou2222 ($69 in chips)
Seat 3: Necromadx ($120 in chips)
Necromadx: posts small blind $1
Zubasa07: is sitting out
ValeryRon: is sitting out
Kaissou2222: posts big blind $3
*** HOLE CARDS ***
Zubasa07 leaves the table
Necromadx: raises $3 to $6
Kaissou2222: calls $3
*** FLOP *** [2s Qs 2d]
Zubasa07 joins the table at seat #2
ValeryRon leaves the table
Kaissou2222: checks
Necromadx: bets $3
Kaissou2222: folds
Uncalled bet ($3) returned to Necromadx
Necromadx collected $11.76 from pot
Necromadx: doesn't show hand
*** SUMMARY ***
Total pot $12 | Rake $0.24
Board [2s Qs 2d]
Seat 1: Kaissou2222 (big blind) folded on the Flop
Seat 3: Necromadx (button) (small blind) collected ($11.76)


