PokerStars Hand #145663850836:  Hold'em Limit ($3/$6 USD) - 2015/12/20 18:45:44 ET
Table 'Ibarruri' 6-max Seat #1 is the button
Seat 1: Zubasa07 ($488 in chips)
Seat 2: Brama Br ($125.63 in chips)
Zubasa07: posts small blind $1
Brama Br: posts big blind $3
*** HOLE CARDS ***
Zubasa07: folds
Uncalled bet ($2) returned to Brama Br
Brama Br collected $2 from pot
Brama Br: doesn't show hand
*** SUMMARY ***
Total pot $2 | Rake $0
Seat 1: Zubasa07 (button) (small blind) folded before Flop
Seat 2: Brama Br (big blind) collected ($2)


PokerStars Hand #145663806916:  Hold'em Limit ($3/$6 USD) - 2015/12/20 18:44:48 ET
Table 'Ibarruri' 6-max Seat #2 is the button
Seat 1: Zubasa07 ($503 in chips)
Seat 2: Brama Br ($111.13 in chips)
Brama Br: posts small blind $1
Zubasa07: posts big blind $3
*** HOLE CARDS ***
Brama Br: raises $3 to $6
LukaSteel joins the table at seat #3
Zubasa07: calls $3
*** FLOP *** [Js 5d Qs]
Necromadx joins the table at seat #4
Zubasa07: checks
Brama Br: bets $3
Zubasa07: calls $3
*** TURN *** [Js 5d Qs] [Qc]
Zubasa07: checks
Brama Br: bets $6
Zubasa07: calls $6
*** RIVER *** [Js 5d Qs Qc] [Jd]
Zubasa07: checks
Brama Br: bets $6
Zubasa07: folds
Uncalled bet ($6) returned to Brama Br
Brama Br collected $29.50 from pot
Brama Br: doesn't show hand
*** SUMMARY ***
Total pot $30 | Rake $0.50
Board [Js 5d Qs Qc Jd]
Seat 1: Zubasa07 (big blind) folded on the River
Seat 2: Brama Br (button) (small blind) collected ($29.50)


