PokerStars Hand #169512131232:  Hold'em Limit ($3/$6 USD) - 2017/04/24 17:36:36 ET
Table 'Ibarruri' 6-max Seat #5 is the button
Seat 3: Dron21200 ($119 in chips)
Seat 5: TinaTurner72 ($121 in chips)
TinaTurner72: posts small blind $1
Dron21200: posts big blind $3
*** HOLE CARDS ***
TinaTurner72: raises $3 to $6
Dron21200: raises $3 to $9
TinaTurner72: calls $3
*** FLOP *** [7d Ts 9c]
Dron21200: bets $3
TinaTurner72: calls $3
*** TURN *** [7d Ts 9c] [2h]
Dron21200: bets $6
TinaTurner72: folds
Uncalled bet ($6) returned to Dron21200
Dron21200 collected $23.52 from pot
Dron21200: doesn't show hand
*** SUMMARY ***
Total pot $24 | Rake $0.48
Board [7d Ts 9c 2h]
Seat 3: Dron21200 (big blind) collected ($23.52)
Seat 5: TinaTurner72 (button) (small blind) folded on the Turn


PokerStars Hand #169512331219:  Hold'em Limit ($3/$6 USD) - 2017/04/24 17:40:47 ET
Table 'Ibarruri' 6-max Seat #2 is the button
Seat 2: Zubasa07 ($279 in chips)
Seat 6: CobraTorsten ($120 in chips)
Zubasa07: posts small blind $1
CobraTorsten: posts big blind $3
*** HOLE CARDS ***
Zubasa07: raises $3 to $6
CobraTorsten: calls $3
*** FLOP *** [4c 6d 9c]
CobraTorsten: checks
Zubasa07: bets $3
skadkhodian joins the table at seat #5
CobraTorsten: calls $3
*** TURN *** [4c 6d 9c] [Qc]
CobraTorsten: bets $6
Zubasa07: calls $6
*** RIVER *** [4c 6d 9c Qc] [6s]
CobraTorsten: bets $6
Zubasa07: calls $6
*** SHOW DOWN ***
CobraTorsten: shows [5h 7h] (a pair of Sixes)
Zubasa07: shows [Ac Ts] (a pair of Sixes - Ace kicker)
Zubasa07 collected $41.50 from pot
*** SUMMARY ***
Total pot $42 | Rake $0.50
Board [4c 6d 9c Qc 6s]
Seat 2: Zubasa07 (button) (small blind) showed [Ac Ts] and won ($41.50) with a pair of Sixes
Seat 6: CobraTorsten (big blind) showed [5h 7h] and lost with a pair of Sixes


PokerStars Hand #169512379481:  Hold'em Limit ($3/$6 USD) - 2017/04/24 17:41:46 ET
Table 'Ibarruri' 6-max Seat #6 is the button
Seat 2: Zubasa07 ($299.50 in chips)
Seat 6: CobraTorsten ($99 in chips)
CobraTorsten: posts small blind $1
Zubasa07: posts big blind $3
*** HOLE CARDS ***
CobraTorsten: raises $3 to $6
Zubasa07: raises $3 to $9
CobraTorsten: calls $3
*** FLOP *** [8c 9s Th]
Zubasa07: bets $3
Dron21200 is disconnected
CobraTorsten: calls $3
*** TURN *** [8c 9s Th] [Td]
Zubasa07: checks
CobraTorsten: checks
*** RIVER *** [8c 9s Th Td] [5s]
Zubasa07: bets $6
CobraTorsten: folds
Uncalled bet ($6) returned to Zubasa07
Zubasa07 collected $23.52 from pot
Zubasa07: doesn't show hand
*** SUMMARY ***
Total pot $24 | Rake $0.48
Board [8c 9s Th Td 5s]
Seat 2: Zubasa07 (big blind) collected ($23.52)
Seat 6: CobraTorsten (button) (small blind) folded on the River


PokerStars Hand #169514285566:  Hold'em Limit ($3/$6 USD) - 2017/04/24 18:25:10 ET
Table 'Ibarruri' 6-max Seat #6 is the button
Seat 2: RaisemyNut$ ($68.89 in chips)
Seat 6: B_loJkl ($153.35 in chips)
B_loJkl: posts small blind $1
RaisemyNut$: posts big blind $3
*** HOLE CARDS ***
B_loJkl: raises $3 to $6
RaisemyNut$: folds
Uncalled bet ($3) returned to B_loJkl
B_loJkl collected $6 from pot
B_loJkl: doesn't show hand
*** SUMMARY ***
Total pot $6 | Rake $0
Seat 2: RaisemyNut$ (big blind) folded before Flop
Seat 6: B_loJkl (button) (small blind) collected ($6)


PokerStars Hand #169514329112:  Hold'em Limit ($3/$6 USD) - 2017/04/24 18:26:12 ET
Table 'Ibarruri' 6-max Seat #6 is the button
Seat 2: RaisemyNut$ ($60 in chips)
Seat 6: B_loJkl ($176.85 in chips)
B_loJkl: posts small blind $1
RaisemyNut$: posts big blind $3
*** HOLE CARDS ***
B_loJkl: raises $3 to $6
RaisemyNut$: raises $3 to $9
B_loJkl: calls $3
*** FLOP *** [Ah 5d 9c]
RaisemyNut$: bets $3
B_loJkl: calls $3
*** TURN *** [Ah 5d 9c] [8s]
RaisemyNut$: bets $6
B_loJkl: calls $6
*** RIVER *** [Ah 5d 9c 8s] [Qh]
RaisemyNut$: checks
B_loJkl: checks
*** SHOW DOWN ***
RaisemyNut$: shows [2d 2h] (a pair of Deuces)
B_loJkl: shows [9d 7h] (a pair of Nines)
B_loJkl collected $35.50 from pot
*** SUMMARY ***
Total pot $36 | Rake $0.50
Board [Ah 5d 9c 8s Qh]
Seat 2: RaisemyNut$ (big blind) showed [2d 2h] and lost with a pair of Deuces
Seat 6: B_loJkl (button) (small blind) showed [9d 7h] and won ($35.50) with a pair of Nines


PokerStars Hand #169514296815:  Hold'em Limit ($3/$6 USD) - 2017/04/24 18:25:26 ET
Table 'Ibarruri' 6-max Seat #2 is the button
Seat 2: RaisemyNut$ ($65.89 in chips)
Seat 6: B_loJkl ($156.35 in chips)
RaisemyNut$: posts small blind $1
B_loJkl: posts big blind $3
*** HOLE CARDS ***
RaisemyNut$: raises $3 to $6
B_loJkl: calls $3
*** FLOP *** [3d Qd Td]
B_loJkl: checks
RaisemyNut$: bets $3
B_loJkl: calls $3
*** TURN *** [3d Qd Td] [5h]
B_loJkl: checks
RaisemyNut$: bets $6
B_loJkl: calls $6
*** RIVER *** [3d Qd Td 5h] [Qs]
B_loJkl: checks
RaisemyNut$: bets $6
B_loJkl: calls $6
*** SHOW DOWN ***
RaisemyNut$: shows [5d Jh] (two pair, Queens and Fives)
B_loJkl: shows [9s Th] (two pair, Queens and Tens)
B_loJkl collected $41.50 from pot
*** SUMMARY ***
Total pot $42 | Rake $0.50
Board [3d Qd Td 5h Qs]
Seat 2: RaisemyNut$ (button) (small blind) showed [5d Jh] and lost with two pair, Queens and Fives
Seat 6: B_loJkl (big blind) showed [9s Th] and won ($41.50) with two pair, Queens and Tens


PokerStars Hand #169514689508:  Hold'em Limit ($3/$6 USD) - 2017/04/24 18:34:46 ET
Table 'Ibarruri' 6-max Seat #2 is the button
Seat 2: RaisemyNut$ ($60 in chips)
Seat 5: camille21 ($120 in chips)
RaisemyNut$: posts small blind $1
camille21: posts big blind $3
*** HOLE CARDS ***
RaisemyNut$: raises $3 to $6
camille21: calls $3
*** FLOP *** [Jc As 6d]
camille21: checks
RaisemyNut$: bets $3
camille21: folds
Uncalled bet ($3) returned to RaisemyNut$
RaisemyNut$ collected $11.76 from pot
RaisemyNut$: doesn't show hand
*** SUMMARY ***
Total pot $12 | Rake $0.24
Board [Jc As 6d]
Seat 2: RaisemyNut$ (button) (small blind) collected ($11.76)
Seat 5: camille21 (big blind) folded on the Flop


PokerStars Hand #169514734452:  Hold'em Limit ($3/$6 USD) - 2017/04/24 18:35:53 ET
Table 'Ibarruri' 6-max Seat #5 is the button
Seat 2: RaisemyNut$ ($60 in chips)
Seat 5: camille21 ($140.50 in chips)
camille21: posts small blind $1
RaisemyNut$: posts big blind $3
*** HOLE CARDS ***
camille21: raises $3 to $6
RaisemyNut$: folds
Uncalled bet ($3) returned to camille21
camille21 collected $6 from pot
camille21: doesn't show hand
*** SUMMARY ***
Total pot $6 | Rake $0
Seat 2: RaisemyNut$ (big blind) folded before Flop
Seat 5: camille21 (button) (small blind) collected ($6)


PokerStars Hand #169514708512:  Hold'em Limit ($3/$6 USD) - 2017/04/24 18:35:14 ET
Table 'Ibarruri' 6-max Seat #2 is the button
Seat 2: RaisemyNut$ ($62.76 in chips)
Seat 5: camille21 ($117 in chips)
RaisemyNut$: posts small blind $1
camille21: posts big blind $3
*** HOLE CARDS ***
RaisemyNut$: raises $3 to $6
camille21: raises $3 to $9
RaisemyNut$: calls $3
*** FLOP *** [Qd Js 8s]
camille21: bets $3
RaisemyNut$: calls $3
*** TURN *** [Qd Js 8s] [9c]
camille21: bets $6
RaisemyNut$: calls $6
*** RIVER *** [Qd Js 8s 9c] [2h]
camille21: bets $6
RaisemyNut$: calls $6
*** SHOW DOWN ***
camille21: shows [Qs Ah] (a pair of Queens)
RaisemyNut$: mucks hand
camille21 collected $47.50 from pot
*** SUMMARY ***
Total pot $48 | Rake $0.50
Board [Qd Js 8s 9c 2h]
Seat 2: RaisemyNut$ (button) (small blind) mucked
Seat 5: camille21 (big blind) showed [Qs Ah] and won ($47.50) with a pair of Queens


PokerStars Hand #169514702546:  Hold'em Limit ($3/$6 USD) - 2017/04/24 18:35:05 ET
Table 'Ibarruri' 6-max Seat #5 is the button
Seat 2: RaisemyNut$ ($65.76 in chips)
Seat 5: camille21 ($114 in chips)
camille21: posts small blind $1
RaisemyNut$: posts big blind $3
*** HOLE CARDS ***
camille21: raises $3 to $6
RaisemyNut$: folds
Uncalled bet ($3) returned to camille21
camille21 collected $6 from pot
camille21: doesn't show hand
*** SUMMARY ***
Total pot $6 | Rake $0
Seat 2: RaisemyNut$ (big blind) folded before Flop
Seat 5: camille21 (button) (small blind) collected ($6)


PokerStars Hand #169514758936:  Hold'em Limit ($3/$6 USD) - 2017/04/24 18:36:28 ET
Table 'Ibarruri' 6-max Seat #5 is the button
Seat 2: RaisemyNut$ ($60 in chips)
Seat 5: camille21 ($167 in chips)
camille21: posts small blind $1
RaisemyNut$: posts big blind $3
*** HOLE CARDS ***
camille21: raises $3 to $6
RaisemyNut$: folds
Uncalled bet ($3) returned to camille21
camille21 collected $6 from pot
camille21: doesn't show hand
*** SUMMARY ***
Total pot $6 | Rake $0
Seat 2: RaisemyNut$ (big blind) folded before Flop
Seat 5: camille21 (button) (small blind) collected ($6)


PokerStars Hand #169514763310:  Hold'em Limit ($3/$6 USD) - 2017/04/24 18:36:35 ET
Table 'Ibarruri' 6-max Seat #2 is the button
Seat 2: RaisemyNut$ ($60 in chips)
Seat 5: camille21 ($170 in chips)
RaisemyNut$: posts small blind $1
camille21: posts big blind $3
*** HOLE CARDS ***
RaisemyNut$: raises $3 to $6
camille21: calls $3
*** FLOP *** [Tc 5h 6s]
camille21: checks
RaisemyNut$: bets $3
camille21: calls $3
*** TURN *** [Tc 5h 6s] [9h]
camille21: checks
RaisemyNut$: bets $6
camille21: calls $6
*** RIVER *** [Tc 5h 6s 9h] [3h]
camille21: checks
RaisemyNut$: checks
*** SHOW DOWN ***
camille21: shows [2c 5c] (a pair of Fives)
RaisemyNut$: mucks hand
camille21 collected $29.50 from pot
*** SUMMARY ***
Total pot $30 | Rake $0.50
Board [Tc 5h 6s 9h 3h]
Seat 2: RaisemyNut$ (button) (small blind) mucked
Seat 5: camille21 (big blind) showed [2c 5c] and won ($29.50) with a pair of Fives


PokerStars Hand #169514738949:  Hold'em Limit ($3/$6 USD) - 2017/04/24 18:35:59 ET
Table 'Ibarruri' 6-max Seat #2 is the button
Seat 2: RaisemyNut$ ($60 in chips)
Seat 5: camille21 ($143.50 in chips)
RaisemyNut$: posts small blind $1
camille21: posts big blind $3
*** HOLE CARDS ***
RaisemyNut$: raises $3 to $6
camille21: calls $3
*** FLOP *** [Ad 4h 9h]
camille21: checks
RaisemyNut$: bets $3
camille21: raises $3 to $6
RaisemyNut$: calls $3
*** TURN *** [Ad 4h 9h] [3c]
camille21: bets $6
RaisemyNut$: calls $6
*** RIVER *** [Ad 4h 9h 3c] [4d]
camille21: bets $6
RaisemyNut$: calls $6
*** SHOW DOWN ***
camille21: shows [7s Ah] (two pair, Aces and Fours)
RaisemyNut$: mucks hand
camille21 collected $47.50 from pot
*** SUMMARY ***
Total pot $48 | Rake $0.50
Board [Ad 4h 9h 3c 4d]
Seat 2: RaisemyNut$ (button) (small blind) mucked
Seat 5: camille21 (big blind) showed [7s Ah] and won ($47.50) with two pair, Aces and Fours


PokerStars Hand #169514754990:  Hold'em Limit ($3/$6 USD) - 2017/04/24 18:36:23 ET
Table 'Ibarruri' 6-max Seat #2 is the button
Seat 2: RaisemyNut$ ($61 in chips)
Seat 5: camille21 ($166 in chips)
RaisemyNut$: posts small blind $1
camille21: posts big blind $3
*** HOLE CARDS ***
RaisemyNut$: folds
Uncalled bet ($2) returned to camille21
camille21 collected $2 from pot
camille21: doesn't show hand
*** SUMMARY ***
Total pot $2 | Rake $0
Seat 2: RaisemyNut$ (button) (small blind) folded before Flop
Seat 5: camille21 (big blind) collected ($2)


PokerStars Hand #169514751814:  Hold'em Limit ($3/$6 USD) - 2017/04/24 18:36:18 ET
Table 'Ibarruri' 6-max Seat #5 is the button
Seat 2: RaisemyNut$ ($60 in chips)
Seat 5: camille21 ($167 in chips)
camille21: posts small blind $1
RaisemyNut$: posts big blind $3
*** HOLE CARDS ***
camille21: folds
Uncalled bet ($2) returned to RaisemyNut$
RaisemyNut$ collected $2 from pot
RaisemyNut$: doesn't show hand
*** SUMMARY ***
Total pot $2 | Rake $0
Seat 2: RaisemyNut$ (big blind) collected ($2)
Seat 5: camille21 (button) (small blind) folded before Flop


PokerStars Hand #169514776593:  Hold'em Limit ($3/$6 USD) - 2017/04/24 18:36:55 ET
Table 'Ibarruri' 6-max Seat #5 is the button
Seat 2: RaisemyNut$ ($60 in chips)
Seat 5: camille21 ($184.50 in chips)
camille21: posts small blind $1
RaisemyNut$: posts big blind $3
*** HOLE CARDS ***
camille21: raises $3 to $6
RaisemyNut$: calls $3
*** FLOP *** [Jd Tc 3d]
RaisemyNut$: checks
camille21: bets $3
RaisemyNut$: raises $3 to $6
camille21: calls $3
*** TURN *** [Jd Tc 3d] [7c]
RaisemyNut$: bets $6
camille21: calls $6
*** RIVER *** [Jd Tc 3d 7c] [Ad]
RaisemyNut$: checks
camille21: checks
*** SHOW DOWN ***
RaisemyNut$: shows [7h 9d] (a pair of Sevens)
camille21: shows [8d Ts] (a pair of Tens)
camille21 collected $35.50 from pot
*** SUMMARY ***
Total pot $36 | Rake $0.50
Board [Jd Tc 3d 7c Ad]
Seat 2: RaisemyNut$ (big blind) showed [7h 9d] and lost with a pair of Sevens
Seat 5: camille21 (button) (small blind) showed [8d Ts] and won ($35.50) with a pair of Tens


PokerStars Hand #169514811485:  Hold'em Limit ($3/$6 USD) - 2017/04/24 18:37:46 ET
Table 'Ibarruri' 6-max Seat #2 is the button
Seat 2: RaisemyNut$ ($60 in chips)
Seat 5: camille21 ($202 in chips)
RaisemyNut$: posts small blind $1
camille21: posts big blind $3
*** HOLE CARDS ***
RaisemyNut$: raises $3 to $6
camille21: calls $3
*** FLOP *** [5h 7h 5s]
camille21: checks
RaisemyNut$: bets $3
camille21: calls $3
*** TURN *** [5h 7h 5s] [7s]
camille21: checks
RaisemyNut$: bets $6
camille21: raises $6 to $12
RaisemyNut$: calls $6
*** RIVER *** [5h 7h 5s 7s] [8d]
camille21: bets $6
RaisemyNut$: folds
Uncalled bet ($6) returned to camille21
camille21 collected $41.50 from pot
camille21: doesn't show hand
*** SUMMARY ***
Total pot $42 | Rake $0.50
Board [5h 7h 5s 7s 8d]
Seat 2: RaisemyNut$ (button) (small blind) folded on the River
Seat 5: camille21 (big blind) collected ($41.50)


PokerStars Hand #169514828438:  Hold'em Limit ($3/$6 USD) - 2017/04/24 18:38:11 ET
Table 'Ibarruri' 6-max Seat #5 is the button
Seat 2: RaisemyNut$ ($60 in chips)
Seat 5: camille21 ($222.50 in chips)
camille21: posts small blind $1
RaisemyNut$: posts big blind $3
*** HOLE CARDS ***
camille21: raises $3 to $6
RaisemyNut$: calls $3
*** FLOP *** [9h 3d 5h]
RaisemyNut$: bets $3
camille21: calls $3
*** TURN *** [9h 3d 5h] [3h]
RaisemyNut$: bets $6
camille21: calls $6
*** RIVER *** [9h 3d 5h 3h] [3c]
RaisemyNut$: checks
camille21: bets $6
RaisemyNut$: calls $6
*** SHOW DOWN ***
camille21: shows [9c 8d] (a full house, Threes full of Nines)
RaisemyNut$: mucks hand
camille21 collected $41.50 from pot
*** SUMMARY ***
Total pot $42 | Rake $0.50
Board [9h 3d 5h 3h 3c]
Seat 2: RaisemyNut$ (big blind) mucked
Seat 5: camille21 (button) (small blind) showed [9c 8d] and won ($41.50) with a full house, Threes full of Nines


PokerStars Hand #169514864462:  Hold'em Limit ($3/$6 USD) - 2017/04/24 18:39:04 ET
Table 'Ibarruri' 6-max Seat #5 is the button
Seat 2: RaisemyNut$ ($65.76 in chips)
Seat 5: camille21 ($237 in chips)
camille21: posts small blind $1
RaisemyNut$: posts big blind $3
*** HOLE CARDS ***
camille21: folds
Uncalled bet ($2) returned to RaisemyNut$
RaisemyNut$ collected $2 from pot
RaisemyNut$: doesn't show hand
*** SUMMARY ***
Total pot $2 | Rake $0
Seat 2: RaisemyNut$ (big blind) collected ($2)
Seat 5: camille21 (button) (small blind) folded before Flop


PokerStars Hand #169514857189:  Hold'em Limit ($3/$6 USD) - 2017/04/24 18:38:54 ET
Table 'Ibarruri' 6-max Seat #2 is the button
Seat 2: RaisemyNut$ ($60 in chips)
Seat 5: camille21 ($243 in chips)
RaisemyNut$: posts small blind $1
camille21: posts big blind $3
*** HOLE CARDS ***
RaisemyNut$: raises $3 to $6
camille21: calls $3
*** FLOP *** [9h 7h 7c]
camille21: checks
RaisemyNut$: bets $3
camille21: folds
Uncalled bet ($3) returned to RaisemyNut$
RaisemyNut$ collected $11.76 from pot
RaisemyNut$: doesn't show hand
*** SUMMARY ***
Total pot $12 | Rake $0.24
Board [9h 7h 7c]
Seat 2: RaisemyNut$ (button) (small blind) collected ($11.76)
Seat 5: camille21 (big blind) folded on the Flop


PokerStars Hand #169514867844:  Hold'em Limit ($3/$6 USD) - 2017/04/24 18:39:09 ET
Table 'Ibarruri' 6-max Seat #2 is the button
Seat 2: RaisemyNut$ ($66.76 in chips)
Seat 5: camille21 ($236 in chips)
RaisemyNut$: posts small blind $1
camille21: posts big blind $3
*** HOLE CARDS ***
RaisemyNut$: raises $3 to $6
camille21: calls $3
*** FLOP *** [Qs 4h 3s]
camille21: checks
RaisemyNut$: bets $3
camille21: calls $3
*** TURN *** [Qs 4h 3s] [Qd]
camille21: checks
RaisemyNut$: bets $6
camille21: calls $6
*** RIVER *** [Qs 4h 3s Qd] [Jc]
camille21: checks
RaisemyNut$: bets $6
camille21: folds
Uncalled bet ($6) returned to RaisemyNut$
RaisemyNut$ collected $29.50 from pot
RaisemyNut$: doesn't show hand
*** SUMMARY ***
Total pot $30 | Rake $0.50
Board [Qs 4h 3s Qd Jc]
Seat 2: RaisemyNut$ (button) (small blind) collected ($29.50)
Seat 5: camille21 (big blind) folded on the River


PokerStars Hand #169514884596:  Hold'em Limit ($3/$6 USD) - 2017/04/24 18:39:34 ET
Table 'Ibarruri' 6-max Seat #5 is the button
Seat 2: RaisemyNut$ ($81.26 in chips)
Seat 5: camille21 ($221 in chips)
camille21: posts small blind $1
RaisemyNut$: posts big blind $3
*** HOLE CARDS ***
camille21: raises $3 to $6
RaisemyNut$: calls $3
*** FLOP *** [2d Th 3h]
RaisemyNut$: checks
camille21: bets $3
RaisemyNut$: raises $3 to $6
camille21: calls $3
*** TURN *** [2d Th 3h] [As]
RaisemyNut$: bets $6
camille21: raises $6 to $12
RaisemyNut$: calls $6
*** RIVER *** [2d Th 3h As] [5d]
RaisemyNut$: checks
camille21: bets $6
RaisemyNut$: calls $6
*** SHOW DOWN ***
camille21: shows [4d 5h] (a straight, Ace to Five)
RaisemyNut$: mucks hand
camille21 collected $59.50 from pot
*** SUMMARY ***
Total pot $60 | Rake $0.50
Board [2d Th 3h As 5d]
Seat 2: RaisemyNut$ (big blind) mucked
Seat 5: camille21 (button) (small blind) showed [4d 5h] and won ($59.50) with a straight, Ace to Five


PokerStars Hand #169514925660:  Hold'em Limit ($3/$6 USD) - 2017/04/24 18:40:36 ET
Table 'Ibarruri' 6-max Seat #2 is the button
Seat 2: RaisemyNut$ ($61 in chips)
Seat 5: camille21 ($264 in chips)
RaisemyNut$: posts small blind $1
camille21: posts big blind $3
*** HOLE CARDS ***
RaisemyNut$: raises $3 to $6
camille21: folds
Uncalled bet ($3) returned to RaisemyNut$
RaisemyNut$ collected $6 from pot
RaisemyNut$: doesn't show hand
*** SUMMARY ***
Total pot $6 | Rake $0
Seat 2: RaisemyNut$ (button) (small blind) collected ($6)
Seat 5: camille21 (big blind) folded before Flop


PokerStars Hand #169514921595:  Hold'em Limit ($3/$6 USD) - 2017/04/24 18:40:30 ET
Table 'Ibarruri' 6-max Seat #5 is the button
Seat 2: RaisemyNut$ ($64 in chips)
Seat 5: camille21 ($261 in chips)
camille21: posts small blind $1
RaisemyNut$: posts big blind $3
*** HOLE CARDS ***
camille21: raises $3 to $6
RaisemyNut$: folds
Uncalled bet ($3) returned to camille21
camille21 collected $6 from pot
camille21: doesn't show hand
*** SUMMARY ***
Total pot $6 | Rake $0
Seat 2: RaisemyNut$ (big blind) folded before Flop
Seat 5: camille21 (button) (small blind) collected ($6)


PokerStars Hand #169514917879:  Hold'em Limit ($3/$6 USD) - 2017/04/24 18:40:24 ET
Table 'Ibarruri' 6-max Seat #2 is the button
Seat 2: RaisemyNut$ ($61 in chips)
Seat 5: camille21 ($264 in chips)
RaisemyNut$: posts small blind $1
camille21: posts big blind $3
*** HOLE CARDS ***
RaisemyNut$: raises $3 to $6
camille21: folds
Uncalled bet ($3) returned to RaisemyNut$
RaisemyNut$ collected $6 from pot
RaisemyNut$: doesn't show hand
*** SUMMARY ***
Total pot $6 | Rake $0
Seat 2: RaisemyNut$ (button) (small blind) collected ($6)
Seat 5: camille21 (big blind) folded before Flop


PokerStars Hand #169514914624:  Hold'em Limit ($3/$6 USD) - 2017/04/24 18:40:20 ET
Table 'Ibarruri' 6-max Seat #5 is the button
Seat 2: RaisemyNut$ ($60 in chips)
Seat 5: camille21 ($265 in chips)
camille21: posts small blind $1
RaisemyNut$: posts big blind $3
*** HOLE CARDS ***
camille21: folds
Uncalled bet ($2) returned to RaisemyNut$
RaisemyNut$ collected $2 from pot
RaisemyNut$: doesn't show hand
*** SUMMARY ***
Total pot $2 | Rake $0
Seat 2: RaisemyNut$ (big blind) collected ($2)
Seat 5: camille21 (button) (small blind) folded before Flop


PokerStars Hand #169514901091:  Hold'em Limit ($3/$6 USD) - 2017/04/24 18:39:59 ET
Table 'Ibarruri' 6-max Seat #2 is the button
Seat 2: RaisemyNut$ ($60 in chips)
Seat 5: camille21 ($250.50 in chips)
RaisemyNut$: posts small blind $1
camille21: posts big blind $3
*** HOLE CARDS ***
RaisemyNut$: raises $3 to $6
camille21: calls $3
*** FLOP *** [5c Td 7h]
camille21: checks
RaisemyNut$: bets $3
camille21: calls $3
*** TURN *** [5c Td 7h] [8d]
camille21: checks
RaisemyNut$: bets $6
camille21: raises $6 to $12
RaisemyNut$: folds
Uncalled bet ($6) returned to camille21
camille21 collected $29.50 from pot
camille21: doesn't show hand
*** SUMMARY ***
Total pot $30 | Rake $0.50
Board [5c Td 7h 8d]
Seat 2: RaisemyNut$ (button) (small blind) folded on the Turn
Seat 5: camille21 (big blind) collected ($29.50)


PokerStars Hand #169514929626:  Hold'em Limit ($3/$6 USD) - 2017/04/24 18:40:42 ET
Table 'Ibarruri' 6-max Seat #5 is the button
Seat 2: RaisemyNut$ ($64 in chips)
Seat 5: camille21 ($261 in chips)
camille21: posts small blind $1
RaisemyNut$: posts big blind $3
*** HOLE CARDS ***
camille21: folds
Uncalled bet ($2) returned to RaisemyNut$
RaisemyNut$ collected $2 from pot
RaisemyNut$: doesn't show hand
*** SUMMARY ***
Total pot $2 | Rake $0
Seat 2: RaisemyNut$ (big blind) collected ($2)
Seat 5: camille21 (button) (small blind) folded before Flop


PokerStars Hand #169514966907:  Hold'em Limit ($3/$6 USD) - 2017/04/24 18:41:38 ET
Table 'Ibarruri' 6-max Seat #5 is the button
Seat 2: RaisemyNut$ ($63 in chips)
Seat 5: camille21 ($274.50 in chips)
camille21: posts small blind $1
RaisemyNut$: posts big blind $3
*** HOLE CARDS ***
camille21: raises $3 to $6
RaisemyNut$: calls $3
*** FLOP *** [2c Ah Tc]
RaisemyNut$: checks
cbarnes joins the table at seat #6
camille21: bets $3
RaisemyNut$: folds
Uncalled bet ($3) returned to camille21
camille21 collected $11.76 from pot
B_loJkl joins the table at seat #1
camille21: doesn't show hand
*** SUMMARY ***
Total pot $12 | Rake $0.24
Board [2c Ah Tc]
Seat 2: RaisemyNut$ (big blind) folded on the Flop
Seat 5: camille21 (button) (small blind) collected ($11.76)


PokerStars Hand #169514957005:  Hold'em Limit ($3/$6 USD) - 2017/04/24 18:41:23 ET
Table 'Ibarruri' 6-max Seat #5 is the button
Seat 2: RaisemyNut$ ($60 in chips)
Seat 5: camille21 ($274.50 in chips)
camille21: posts small blind $1
RaisemyNut$: posts big blind $3
*** HOLE CARDS ***
camille21: raises $3 to $6
RaisemyNut$: folds
Uncalled bet ($3) returned to camille21
camille21 collected $6 from pot
camille21: doesn't show hand
*** SUMMARY ***
Total pot $6 | Rake $0
Seat 2: RaisemyNut$ (big blind) folded before Flop
Seat 5: camille21 (button) (small blind) collected ($6)


PokerStars Hand #169514962957:  Hold'em Limit ($3/$6 USD) - 2017/04/24 18:41:32 ET
Table 'Ibarruri' 6-max Seat #2 is the button
Seat 2: RaisemyNut$ ($60 in chips)
Seat 5: camille21 ($277.50 in chips)
RaisemyNut$: posts small blind $1
camille21: posts big blind $3
*** HOLE CARDS ***
RaisemyNut$: raises $3 to $6
camille21: folds
Uncalled bet ($3) returned to RaisemyNut$
RaisemyNut$ collected $6 from pot
RaisemyNut$: doesn't show hand
*** SUMMARY ***
Total pot $6 | Rake $0
Seat 2: RaisemyNut$ (button) (small blind) collected ($6)
Seat 5: camille21 (big blind) folded before Flop


PokerStars Hand #169514932748:  Hold'em Limit ($3/$6 USD) - 2017/04/24 18:40:47 ET
Table 'Ibarruri' 6-max Seat #2 is the button
Seat 2: RaisemyNut$ ($65 in chips)
Seat 5: camille21 ($260 in chips)
RaisemyNut$: posts small blind $1
camille21: posts big blind $3
*** HOLE CARDS ***
RaisemyNut$: raises $3 to $6
camille21: calls $3
*** FLOP *** [Ts 7c 5d]
camille21: checks
RaisemyNut$: bets $3
camille21: calls $3
*** TURN *** [Ts 7c 5d] [9h]
camille21: checks
RaisemyNut$: bets $6
camille21: calls $6
*** RIVER *** [Ts 7c 5d 9h] [3h]
camille21: checks
RaisemyNut$: checks
*** SHOW DOWN ***
camille21: shows [Jd Qd] (high card Queen)
RaisemyNut$: mucks hand
camille21 collected $29.50 from pot
*** SUMMARY ***
Total pot $30 | Rake $0.50
Board [Ts 7c 5d 9h 3h]
Seat 2: RaisemyNut$ (button) (small blind) mucked
Seat 5: camille21 (big blind) showed [Jd Qd] and won ($29.50) with high card Queen


PokerStars Hand #169514974986:  Hold'em Limit ($3/$6 USD) - 2017/04/24 18:41:50 ET
Table 'Ibarruri' 6-max Seat #2 is the button
Seat 2: RaisemyNut$ ($60 in chips)
Seat 5: camille21 ($280.26 in chips)
RaisemyNut$: posts small blind $1
camille21: posts big blind $3
*** HOLE CARDS ***
RaisemyNut$: raises $3 to $6
camille21: calls $3
*** FLOP *** [8d Tc 5s]
camille21: checks
RaisemyNut$: bets $3
camille21: calls $3
*** TURN *** [8d Tc 5s] [8s]
camille21: checks
RaisemyNut$: bets $6
camille21: raises $6 to $12
RaisemyNut$: folds
Uncalled bet ($6) returned to camille21
camille21 collected $29.50 from pot
camille21: doesn't show hand
*** SUMMARY ***
Total pot $30 | Rake $0.50
Board [8d Tc 5s 8s]
Seat 2: RaisemyNut$ (button) (small blind) folded on the Turn
Seat 5: camille21 (big blind) collected ($29.50)


PokerStars Hand #169515561587:  Hold'em Limit ($3/$6 USD) - 2017/04/24 18:57:16 ET
Table 'Ibarruri' 6-max Seat #5 is the button
Seat 2: RaisemyNut$ ($87.94 in chips)
Seat 5: augsburg1 ($110.45 in chips)
augsburg1: posts small blind $1
RaisemyNut$: posts big blind $3
*** HOLE CARDS ***
B_loJkl joins the table at seat #6
augsburg1: raises $3 to $6
RaisemyNut$: folds
Uncalled bet ($3) returned to augsburg1
augsburg1 collected $6 from pot
augsburg1: doesn't show hand
*** SUMMARY ***
Total pot $6 | Rake $0
Seat 2: RaisemyNut$ (big blind) folded before Flop
Seat 5: augsburg1 (button) (small blind) collected ($6)


PokerStars Hand #169515566468:  Hold'em Limit ($3/$6 USD) - 2017/04/24 18:57:25 ET
Table 'Ibarruri' 6-max Seat #2 is the button
Seat 2: RaisemyNut$ ($84.94 in chips)
Seat 5: augsburg1 ($113.45 in chips)
RaisemyNut$: posts small blind $1
augsburg1: posts big blind $3
*** HOLE CARDS ***
RaisemyNut$: folds
Uncalled bet ($2) returned to augsburg1
augsburg1 collected $2 from pot
augsburg1: doesn't show hand
*** SUMMARY ***
Total pot $2 | Rake $0
Seat 2: RaisemyNut$ (button) (small blind) folded before Flop
Seat 5: augsburg1 (big blind) collected ($2)


