PokerStars Hand #167720913923:  Hold'em Limit ($3/$6 USD) - 2017/03/17 15:40:15 ET
Table 'Ibarruri' 6-max Seat #1 is the button
Seat 1: majekk ($231.37 in chips)
Seat 2: hairy1961 ($50 in chips)
majekk: posts small blind $1
hairy1961: posts big blind $3
*** HOLE CARDS ***
zxkz joins the table at seat #3
Chessnok joins the table at seat #4
majekk: raises $3 to $6
hairy1961: calls $3
*** FLOP *** [6d 9c 3s]
hairy1961: checks
majekk: checks
*** TURN *** [6d 9c 3s] [Kh]
hairy1961: bets $6
majekk: folds
Uncalled bet ($6) returned to hairy1961
hairy1961 collected $11.76 from pot
*** SUMMARY ***
Total pot $12 | Rake $0.24
Board [6d 9c 3s Kh]
Seat 1: majekk (button) (small blind) folded on the Turn
Seat 2: hairy1961 (big blind) collected ($11.76)


PokerStars Hand #167722222495:  Hold'em Limit ($3/$6 USD) - 2017/03/17 16:07:35 ET
Table 'Ibarruri' 6-max Seat #2 is the button
Seat 2: boogi ($112.39 in chips)
Seat 4: Chessnok ($101.28 in chips)
boogi: posts small blind $1
Chessnok: posts big blind $3
*** HOLE CARDS ***
boogi: raises $3 to $6
Chessnok: calls $3
*** FLOP *** [Td 9s 2h]
Chessnok: checks
boogi: bets $3
Chessnok: calls $3
*** TURN *** [Td 9s 2h] [2d]
Chessnok: checks
boogi: bets $6
Chessnok: folds
Uncalled bet ($6) returned to boogi
boogi collected $17.64 from pot
boogi: doesn't show hand
*** SUMMARY ***
Total pot $18 | Rake $0.36
Board [Td 9s 2h 2d]
Seat 2: boogi (button) (small blind) collected ($17.64)
Seat 4: Chessnok (big blind) folded on the Turn


PokerStars Hand #167722540099:  Hold'em Limit ($3/$6 USD) - 2017/03/17 16:13:48 ET
Table 'Ibarruri' 6-max Seat #6 is the button
Seat 5: DragonT55 ($124 in chips)
Seat 6: zxkz ($86 in chips)
zxkz: posts small blind $1
DragonT55: posts big blind $3
*** HOLE CARDS ***
zxkz: raises $3 to $6
DragonT55: folds
Uncalled bet ($3) returned to zxkz
zxkz collected $6 from pot
zxkz: doesn't show hand
*** SUMMARY ***
Total pot $6 | Rake $0
Seat 5: DragonT55 (big blind) folded before Flop
Seat 6: zxkz (button) (small blind) collected ($6)


PokerStars Hand #167722533686:  Hold'em Limit ($3/$6 USD) - 2017/03/17 16:13:40 ET
Table 'Ibarruri' 6-max Seat #5 is the button
Seat 5: DragonT55 ($121 in chips)
Seat 6: zxkz ($89 in chips)
DragonT55: posts small blind $1
zxkz: posts big blind $3
*** HOLE CARDS ***
DragonT55: raises $3 to $6
zxkz: folds
Uncalled bet ($3) returned to DragonT55
DragonT55 collected $6 from pot
*** SUMMARY ***
Total pot $6 | Rake $0
Seat 5: DragonT55 (button) (small blind) collected ($6)
Seat 6: zxkz (big blind) folded before Flop


PokerStars Hand #167722528191:  Hold'em Limit ($3/$6 USD) - 2017/03/17 16:13:34 ET
Table 'Ibarruri' 6-max Seat #6 is the button
Seat 5: DragonT55 ($120 in chips)
Seat 6: zxkz ($90 in chips)
zxkz: posts small blind $1
Chessnok: is sitting out
DragonT55: posts big blind $3
*** HOLE CARDS ***
zxkz: folds
Uncalled bet ($2) returned to DragonT55
DragonT55 collected $2 from pot
*** SUMMARY ***
Total pot $2 | Rake $0
Seat 5: DragonT55 (big blind) collected ($2)
Seat 6: zxkz (button) (small blind) folded before Flop


PokerStars Hand #167722569668:  Hold'em Limit ($3/$6 USD) - 2017/03/17 16:14:24 ET
Table 'Ibarruri' 6-max Seat #6 is the button
Seat 5: DragonT55 ($100 in chips)
Seat 6: zxkz ($109.50 in chips)
zxkz: posts small blind $1
DragonT55: posts big blind $3
*** HOLE CARDS ***
zxkz: raises $3 to $6
DragonT55: calls $3
*** FLOP *** [3c 3d Td]
DragonT55: bets $3
zxkz: calls $3
*** TURN *** [3c 3d Td] [8s]
DragonT55: bets $6
zxkz: raises $6 to $12
DragonT55: calls $6
*** RIVER *** [3c 3d Td 8s] [Kd]
DragonT55: bets $6
Krazy90 joins the table at seat #2
zxkz: raises $6 to $12
DragonT55: calls $6
*** SHOW DOWN ***
zxkz: shows [6h 3s] (three of a kind, Threes)
DragonT55: mucks hand
zxkz collected $65.50 from pot
*** SUMMARY ***
Total pot $66 | Rake $0.50
Board [3c 3d Td 8s Kd]
Seat 5: DragonT55 (big blind) mucked
Seat 6: zxkz (button) (small blind) showed [6h 3s] and won ($65.50) with three of a kind, Threes


PokerStars Hand #167722547208:  Hold'em Limit ($3/$6 USD) - 2017/03/17 16:13:56 ET
Table 'Ibarruri' 6-max Seat #5 is the button
Seat 5: DragonT55 ($121 in chips)
Seat 6: zxkz ($89 in chips)
DragonT55: posts small blind $1
zxkz: posts big blind $3
*** HOLE CARDS ***
DragonT55: calls $2
zxkz: raises $3 to $6
DragonT55: calls $3
*** FLOP *** [4c 9d Qd]
zxkz: bets $3
DragonT55: calls $3
*** TURN *** [4c 9d Qd] [Qc]
zxkz: bets $6
DragonT55: raises $6 to $12
zxkz: raises $6 to $18
DragonT55: folds
Uncalled bet ($6) returned to zxkz
zxkz collected $41.50 from pot
zxkz: doesn't show hand
*** SUMMARY ***
Total pot $42 | Rake $0.50
Board [4c 9d Qd Qc]
Seat 5: DragonT55 (button) (small blind) folded on the Turn
Seat 6: zxkz (big blind) collected ($41.50)


PokerStars Hand #167722600167:  Hold'em Limit ($3/$6 USD) - 2017/03/17 16:15:00 ET
Table 'Ibarruri' 6-max Seat #5 is the button
Seat 5: DragonT55 ($67 in chips)
Seat 6: zxkz ($142 in chips)
DragonT55: posts small blind $1
zxkz: posts big blind $3
*** HOLE CARDS ***
DragonT55: raises $3 to $6
zxkz: calls $3
*** FLOP *** [Ac Kd Js]
zxkz: checks
DragonT55: bets $3
zxkz: calls $3
*** TURN *** [Ac Kd Js] [Qd]
zxkz: checks
DragonT55: checks
*** RIVER *** [Ac Kd Js Qd] [4c]
zxkz: bets $6
DragonT55: raises $6 to $12
zxkz: folds
Uncalled bet ($6) returned to DragonT55
DragonT55 collected $29.50 from pot
*** SUMMARY ***
Total pot $30 | Rake $0.50
Board [Ac Kd Js Qd 4c]
Seat 5: DragonT55 (button) (small blind) collected ($29.50)
Seat 6: zxkz (big blind) folded on the River


PokerStars Hand #167723901783:  Hold'em Limit ($3/$6 USD) - 2017/03/17 16:39:12 ET
Table 'Ibarruri' 6-max Seat #5 is the button
Seat 1: grek34 ($183.10 in chips)
Seat 5: Chessnok ($62.73 in chips)
Chessnok: posts small blind $1
grek34: posts big blind $3
*** HOLE CARDS ***
Chessnok: raises $3 to $6
grek34: folds
Uncalled bet ($3) returned to Chessnok
Chessnok collected $6 from pot
Chessnok: doesn't show hand
*** SUMMARY ***
Total pot $6 | Rake $0
Seat 1: grek34 (big blind) folded before Flop
Seat 5: Chessnok (button) (small blind) collected ($6)


PokerStars Hand #167723894703:  Hold'em Limit ($3/$6 USD) - 2017/03/17 16:39:04 ET
Table 'Ibarruri' 6-max Seat #1 is the button
Seat 1: grek34 ($180.10 in chips)
Seat 5: Chessnok ($65.73 in chips)
grek34: posts small blind $1
Chessnok: posts big blind $3
*** HOLE CARDS ***
grek34: raises $3 to $6
Chessnok: folds
Uncalled bet ($3) returned to grek34
grek34 collected $6 from pot
grek34: doesn't show hand
*** SUMMARY ***
Total pot $6 | Rake $0
Seat 1: grek34 (button) (small blind) collected ($6)
Seat 5: Chessnok (big blind) folded before Flop


PokerStars Hand #167723887505:  Hold'em Limit ($3/$6 USD) - 2017/03/17 16:38:55 ET
Table 'Ibarruri' 6-max Seat #5 is the button
Seat 1: grek34 ($183.10 in chips)
Seat 5: Chessnok ($62.73 in chips)
Chessnok: posts small blind $1
grek34: posts big blind $3
*** HOLE CARDS ***
Chessnok: raises $3 to $6
grek34: folds
Uncalled bet ($3) returned to Chessnok
Chessnok collected $6 from pot
Chessnok: doesn't show hand
*** SUMMARY ***
Total pot $6 | Rake $0
Seat 1: grek34 (big blind) folded before Flop
Seat 5: Chessnok (button) (small blind) collected ($6)


PokerStars Hand #167723882258:  Hold'em Limit ($3/$6 USD) - 2017/03/17 16:38:50 ET
Table 'Ibarruri' 6-max Seat #1 is the button
Seat 1: grek34 ($184.10 in chips)
Seat 5: Chessnok ($61.73 in chips)
grek34: posts small blind $1
Krazy90: is sitting out
Chessnok: posts big blind $3
*** HOLE CARDS ***
Krazy90 leaves the table
grek34: folds
Uncalled bet ($2) returned to Chessnok
Chessnok collected $2 from pot
Chessnok: doesn't show hand
*** SUMMARY ***
Total pot $2 | Rake $0
Seat 1: grek34 (button) (small blind) folded before Flop
Seat 5: Chessnok (big blind) collected ($2)


PokerStars Hand #167723959742:  Hold'em Limit ($3/$6 USD) - 2017/03/17 16:40:19 ET
Table 'Ibarruri' 6-max Seat #5 is the button
Seat 1: grek34 ($217.10 in chips)
Seat 5: Chessnok ($61 in chips)
Chessnok: posts small blind $1
grek34: posts big blind $3
*** HOLE CARDS ***
Chessnok: folds
Uncalled bet ($2) returned to grek34
grek34 collected $2 from pot
grek34: doesn't show hand
*** SUMMARY ***
Total pot $2 | Rake $0
Seat 1: grek34 (big blind) collected ($2)
Seat 5: Chessnok (button) (small blind) folded before Flop


PokerStars Hand #167723955113:  Hold'em Limit ($3/$6 USD) - 2017/03/17 16:40:13 ET
Table 'Ibarruri' 6-max Seat #1 is the button
Seat 1: grek34 ($218.10 in chips)
Seat 5: Chessnok ($60 in chips)
grek34: posts small blind $1
Chessnok: posts big blind $3
*** HOLE CARDS ***
grek34: folds
Uncalled bet ($2) returned to Chessnok
Chessnok collected $2 from pot
Chessnok: doesn't show hand
*** SUMMARY ***
Total pot $2 | Rake $0
Seat 1: grek34 (button) (small blind) folded before Flop
Seat 5: Chessnok (big blind) collected ($2)


PokerStars Hand #167723932329:  Hold'em Limit ($3/$6 USD) - 2017/03/17 16:39:47 ET
Table 'Ibarruri' 6-max Seat #5 is the button
Seat 1: grek34 ($200.60 in chips)
Seat 5: Chessnok ($60 in chips)
Chessnok: posts small blind $1
grek34: posts big blind $3
*** HOLE CARDS ***
Chessnok: raises $3 to $6
grek34: raises $3 to $9
Chessnok: calls $3
*** FLOP *** [7s As 4h]
grek34: bets $3
Chessnok: calls $3
*** TURN *** [7s As 4h] [7h]
grek34: bets $6
Chessnok: calls $6
*** RIVER *** [7s As 4h 7h] [Kd]
grek34: checks
Chessnok: checks
*** SHOW DOWN ***
grek34: shows [Jc Jh] (two pair, Jacks and Sevens)
Chessnok: mucks hand
grek34 collected $35.50 from pot
*** SUMMARY ***
Total pot $36 | Rake $0.50
Board [7s As 4h 7h Kd]
Seat 1: grek34 (big blind) showed [Jc Jh] and won ($35.50) with two pair, Jacks and Sevens
Seat 5: Chessnok (button) (small blind) mucked


PokerStars Hand #167723907496:  Hold'em Limit ($3/$6 USD) - 2017/03/17 16:39:18 ET
Table 'Ibarruri' 6-max Seat #1 is the button
Seat 1: grek34 ($180.10 in chips)
Seat 5: Chessnok ($65.73 in chips)
grek34: posts small blind $1
Chessnok: posts big blind $3
*** HOLE CARDS ***
grek34: raises $3 to $6
Chessnok: raises $3 to $9
grek34: calls $3
*** FLOP *** [6d 4h Ah]
Chessnok: bets $3
grek34: raises $3 to $6
Chessnok: calls $3
*** TURN *** [6d 4h Ah] [3h]
Chessnok: checks
grek34: bets $6
Chessnok: calls $6
*** RIVER *** [6d 4h Ah 3h] [3d]
Chessnok: checks
grek34: checks
*** SHOW DOWN ***
Chessnok: shows [9d 9c] (two pair, Nines and Threes)
grek34: shows [Ac 4s] (two pair, Aces and Fours)
grek34 collected $41.50 from pot
*** SUMMARY ***
Total pot $42 | Rake $0.50
Board [6d 4h Ah 3h 3d]
Seat 1: grek34 (button) (small blind) showed [Ac 4s] and won ($41.50) with two pair, Aces and Fours
Seat 5: Chessnok (big blind) showed [9d 9c] and lost with two pair, Nines and Threes


PokerStars Hand #167723971446:  Hold'em Limit ($3/$6 USD) - 2017/03/17 16:40:32 ET
Table 'Ibarruri' 6-max Seat #5 is the button
Seat 1: grek34 ($217.10 in chips)
Seat 5: Chessnok ($61 in chips)
Chessnok: posts small blind $1
grek34: posts big blind $3
*** HOLE CARDS ***
Chessnok: raises $3 to $6
uglyghost101 joins the table at seat #2
grek34: folds
Uncalled bet ($3) returned to Chessnok
Chessnok collected $6 from pot
Chessnok: doesn't show hand
*** SUMMARY ***
Total pot $6 | Rake $0
Seat 1: grek34 (big blind) folded before Flop
Seat 5: Chessnok (button) (small blind) collected ($6)


PokerStars Hand #167723967229:  Hold'em Limit ($3/$6 USD) - 2017/03/17 16:40:27 ET
Table 'Ibarruri' 6-max Seat #1 is the button
Seat 1: grek34 ($218.10 in chips)
Seat 5: Chessnok ($60 in chips)
grek34: posts small blind $1
Chessnok: posts big blind $3
*** HOLE CARDS ***
grek34: folds
Uncalled bet ($2) returned to Chessnok
Chessnok collected $2 from pot
Chessnok: doesn't show hand
*** SUMMARY ***
Total pot $2 | Rake $0
Seat 1: grek34 (button) (small blind) folded before Flop
Seat 5: Chessnok (big blind) collected ($2)


PokerStars Hand #167729650032:  Hold'em Limit ($3/$6 USD) - 2017/03/17 18:36:28 ET
Table 'Ibarruri' 6-max Seat #1 is the button
Seat 1: Don_Alling ($133.49 in chips)
Seat 5: Chessnok ($64 in chips)
Don_Alling: posts small blind $1
Chessnok: posts big blind $3
*** HOLE CARDS ***
Don_Alling: folds
Uncalled bet ($2) returned to Chessnok
Chessnok collected $2 from pot
Chessnok: doesn't show hand
*** SUMMARY ***
Total pot $2 | Rake $0
Seat 1: Don_Alling (button) (small blind) folded before Flop
Seat 5: Chessnok (big blind) collected ($2)


PokerStars Hand #167729638113:  Hold'em Limit ($3/$6 USD) - 2017/03/17 18:36:13 ET
Table 'Ibarruri' 6-max Seat #1 is the button
Seat 1: Don_Alling ($137.49 in chips)
Seat 5: Chessnok ($60 in chips)
vouqvou2009 will be allowed to play after the button
Don_Alling: posts small blind $1
LuckyScal: is sitting out
Chessnok: posts big blind $3
*** HOLE CARDS ***
Don_Alling: folds
Uncalled bet ($2) returned to Chessnok
vouqvou2009 leaves the table
Chessnok collected $2 from pot
Chessnok: doesn't show hand
*** SUMMARY ***
Total pot $2 | Rake $0
Seat 1: Don_Alling (button) (small blind) folded before Flop
Seat 5: Chessnok (big blind) collected ($2)


PokerStars Hand #167729645409:  Hold'em Limit ($3/$6 USD) - 2017/03/17 18:36:22 ET
Table 'Ibarruri' 6-max Seat #5 is the button
Seat 1: Don_Alling ($136.49 in chips)
Seat 5: Chessnok ($61 in chips)
Chessnok: posts small blind $1
Don_Alling: posts big blind $3
*** HOLE CARDS ***
Chessnok: raises $3 to $6
Don_Alling: folds
Uncalled bet ($3) returned to Chessnok
Chessnok collected $6 from pot
Chessnok: doesn't show hand
*** SUMMARY ***
Total pot $6 | Rake $0
Seat 1: Don_Alling (big blind) folded before Flop
Seat 5: Chessnok (button) (small blind) collected ($6)


PokerStars Hand #167729665332:  Hold'em Limit ($3/$6 USD) - 2017/03/17 18:36:37 ET
Table 'Ibarruri' 6-max Seat #5 is the button
Seat 1: Don_Alling ($132.49 in chips)
Seat 5: Chessnok ($65 in chips)
Chessnok: posts small blind $1
Don_Alling: posts big blind $3
*** HOLE CARDS ***
Chessnok: raises $3 to $6
Don_Alling: raises $3 to $9
Chessnok: calls $3
*** FLOP *** [Ah Qs 3s]
Don_Alling: bets $3
Chessnok: folds
Uncalled bet ($3) returned to Don_Alling
Don_Alling collected $17.64 from pot
Don_Alling: doesn't show hand
*** SUMMARY ***
Total pot $18 | Rake $0.36
Board [Ah Qs 3s]
Seat 1: Don_Alling (big blind) collected ($17.64)
Seat 5: Chessnok (button) (small blind) folded on the Flop


PokerStars Hand #167729676357:  Hold'em Limit ($3/$6 USD) - 2017/03/17 18:36:51 ET
Table 'Ibarruri' 6-max Seat #1 is the button
Seat 1: Don_Alling ($141.13 in chips)
Seat 5: Chessnok ($60 in chips)
Don_Alling: posts small blind $1
Chessnok: posts big blind $3
*** HOLE CARDS ***
Don_Alling: raises $3 to $6
Chessnok: calls $3
*** FLOP *** [Tc 7c 2s]
Chessnok: checks
Don_Alling: checks
*** TURN *** [Tc 7c 2s] [9c]
Chessnok: checks
Don_Alling: checks
*** RIVER *** [Tc 7c 2s 9c] [Ac]
Chessnok: checks
Don_Alling: checks
*** SHOW DOWN ***
Chessnok: shows [As 8d] (a pair of Aces)
Don_Alling: mucks hand
Chessnok collected $11.76 from pot
*** SUMMARY ***
Total pot $12 | Rake $0.24
Board [Tc 7c 2s 9c Ac]
Seat 1: Don_Alling (button) (small blind) mucked
Seat 5: Chessnok (big blind) showed [As 8d] and won ($11.76) with a pair of Aces


PokerStars Hand #167729692593:  Hold'em Limit ($3/$6 USD) - 2017/03/17 18:37:12 ET
Table 'Ibarruri' 6-max Seat #5 is the button
Seat 1: Don_Alling ($135.13 in chips)
Seat 5: Chessnok ($65.76 in chips)
Chessnok: posts small blind $1
Don_Alling: posts big blind $3
*** HOLE CARDS ***
Chessnok: raises $3 to $6
Don_Alling: calls $3
*** FLOP *** [6s 5d 8c]
Don_Alling: bets $3
Chessnok: calls $3
*** TURN *** [6s 5d 8c] [Ks]
Don_Alling: bets $6
Chessnok: calls $6
*** RIVER *** [6s 5d 8c Ks] [Kd]
Don_Alling: bets $6
Chessnok: calls $6
*** SHOW DOWN ***
Don_Alling: shows [7h 9h] (a straight, Five to Nine)
Chessnok: mucks hand
Don_Alling collected $41.50 from pot
*** SUMMARY ***
Total pot $42 | Rake $0.50
Board [6s 5d 8c Ks Kd]
Seat 1: Don_Alling (big blind) showed [7h 9h] and won ($41.50) with a straight, Five to Nine
Seat 5: Chessnok (button) (small blind) mucked


PokerStars Hand #167729705192:  Hold'em Limit ($3/$6 USD) - 2017/03/17 18:37:29 ET
Table 'Ibarruri' 6-max Seat #1 is the button
Seat 1: Don_Alling ($155.63 in chips)
Seat 5: Chessnok ($60 in chips)
Don_Alling: posts small blind $1
Chessnok: posts big blind $3
*** HOLE CARDS ***
Don_Alling: raises $3 to $6
Chessnok: raises $3 to $9
Don_Alling: raises $3 to $12
Betting is capped
Chessnok: calls $3
*** FLOP *** [4s Kc 2d]
Chessnok: checks
Don_Alling: bets $3
Chessnok: calls $3
*** TURN *** [4s Kc 2d] [4h]
Chessnok: checks
Don_Alling: checks
*** RIVER *** [4s Kc 2d 4h] [3h]
Chessnok: checks
Don_Alling: bets $6
Chessnok: calls $6
*** SHOW DOWN ***
Don_Alling: shows [8s 8d] (two pair, Eights and Fours)
Chessnok: mucks hand
Don_Alling collected $41.50 from pot
*** SUMMARY ***
Total pot $42 | Rake $0.50
Board [4s Kc 2d 4h 3h]
Seat 1: Don_Alling (button) (small blind) showed [8s 8d] and won ($41.50) with two pair, Eights and Fours
Seat 5: Chessnok (big blind) mucked


PokerStars Hand #167729732997:  Hold'em Limit ($3/$6 USD) - 2017/03/17 18:38:05 ET
Table 'Ibarruri' 6-max Seat #1 is the button
Seat 1: Don_Alling ($158.13 in chips)
Seat 5: Chessnok ($77.50 in chips)
Don_Alling: posts small blind $1
Chessnok: posts big blind $3
*** HOLE CARDS ***
Don_Alling: raises $3 to $6
Chessnok: calls $3
*** FLOP *** [9c 8h 5h]
Chessnok: checks
Don_Alling: bets $3
Chessnok: calls $3
*** TURN *** [9c 8h 5h] [Jh]
Chessnok: checks
Don_Alling: checks
*** RIVER *** [9c 8h 5h Jh] [3c]
Chessnok: bets $6
Don_Alling: calls $6
*** SHOW DOWN ***
Chessnok: shows [5s 3s] (two pair, Fives and Threes)
Don_Alling: mucks hand
Chessnok collected $29.50 from pot
*** SUMMARY ***
Total pot $30 | Rake $0.50
Board [9c 8h 5h Jh 3c]
Seat 1: Don_Alling (button) (small blind) mucked
Seat 5: Chessnok (big blind) showed [5s 3s] and won ($29.50) with two pair, Fives and Threes


PokerStars Hand #167729719013:  Hold'em Limit ($3/$6 USD) - 2017/03/17 18:37:47 ET
Table 'Ibarruri' 6-max Seat #5 is the button
Seat 1: Don_Alling ($176.13 in chips)
Seat 5: Chessnok ($60 in chips)
Chessnok: posts small blind $1
Don_Alling: posts big blind $3
*** HOLE CARDS ***
Chessnok: raises $3 to $6
Don_Alling: raises $3 to $9
Chessnok: calls $3
*** FLOP *** [8c 5s 8h]
Don_Alling: bets $3
Chessnok: calls $3
*** TURN *** [8c 5s 8h] [6s]
Don_Alling: checks
Chessnok: bets $6
Don_Alling: calls $6
*** RIVER *** [8c 5s 8h 6s] [2s]
Don_Alling: checks
Chessnok: bets $6
Don_Alling: folds
Uncalled bet ($6) returned to Chessnok
Chessnok collected $35.50 from pot
Chessnok: doesn't show hand
*** SUMMARY ***
Total pot $36 | Rake $0.50
Board [8c 5s 8h 6s 2s]
Seat 1: Don_Alling (big blind) folded on the River
Seat 5: Chessnok (button) (small blind) collected ($35.50)


PokerStars Hand #167729753683:  Hold'em Limit ($3/$6 USD) - 2017/03/17 18:38:31 ET
Table 'Ibarruri' 6-max Seat #1 is the button
Seat 1: Don_Alling ($137.13 in chips)
Seat 5: Chessnok ($97.76 in chips)
Don_Alling: posts small blind $1
Chessnok: posts big blind $3
*** HOLE CARDS ***
Don_Alling: raises $3 to $6
Chessnok: folds
Uncalled bet ($3) returned to Don_Alling
Don_Alling collected $6 from pot
Don_Alling: doesn't show hand
*** SUMMARY ***
Total pot $6 | Rake $0
Seat 1: Don_Alling (button) (small blind) collected ($6)
Seat 5: Chessnok (big blind) folded before Flop


PokerStars Hand #167729745258:  Hold'em Limit ($3/$6 USD) - 2017/03/17 18:38:20 ET
Table 'Ibarruri' 6-max Seat #5 is the button
Seat 1: Don_Alling ($143.13 in chips)
Seat 5: Chessnok ($92 in chips)
Chessnok: posts small blind $1
Don_Alling: posts big blind $3
*** HOLE CARDS ***
Chessnok: raises $3 to $6
Don_Alling: calls $3
*** FLOP *** [2h 4s Jd]
Don_Alling: checks
Chessnok: bets $3
Don_Alling: folds
Uncalled bet ($3) returned to Chessnok
Chessnok collected $11.76 from pot
Chessnok: doesn't show hand
*** SUMMARY ***
Total pot $12 | Rake $0.24
Board [2h 4s Jd]
Seat 1: Don_Alling (big blind) folded on the Flop
Seat 5: Chessnok (button) (small blind) collected ($11.76)


PokerStars Hand #167729789819:  Hold'em Limit ($3/$6 USD) - 2017/03/17 18:39:18 ET
Table 'Ibarruri' 6-max Seat #1 is the button
Seat 1: Don_Alling ($110.13 in chips)
Seat 5: Chessnok ($124.26 in chips)
Don_Alling: posts small blind $1
Chessnok: posts big blind $3
*** HOLE CARDS ***
rammerjr joins the table at seat #6
Don_Alling: folds
Uncalled bet ($2) returned to Chessnok
Chessnok collected $2 from pot
Chessnok: doesn't show hand
*** SUMMARY ***
Total pot $2 | Rake $0
Seat 1: Don_Alling (button) (small blind) folded before Flop
Seat 5: Chessnok (big blind) collected ($2)


PokerStars Hand #167729769933:  Hold'em Limit ($3/$6 USD) - 2017/03/17 18:38:52 ET
Table 'Ibarruri' 6-max Seat #5 is the button
Seat 1: Don_Alling ($140.13 in chips)
Seat 5: Chessnok ($94.76 in chips)
Chessnok: posts small blind $1
Don_Alling: posts big blind $3
*** HOLE CARDS ***
Chessnok: raises $3 to $6
Don_Alling: raises $3 to $9
Chessnok: calls $3
*** FLOP *** [4h 9c As]
Don_Alling: bets $3
Chessnok: calls $3
*** TURN *** [4h 9c As] [Jc]
Don_Alling: bets $6
Chessnok: raises $6 to $12
Don_Alling: calls $6
*** RIVER *** [4h 9c As Jc] [3c]
Don_Alling: checks
Chessnok: bets $6
Don_Alling: calls $6
*** SHOW DOWN ***
Chessnok: shows [Js Ad] (two pair, Aces and Jacks)
Don_Alling: mucks hand
Chessnok collected $59.50 from pot
*** SUMMARY ***
Total pot $60 | Rake $0.50
Board [4h 9c As Jc 3c]
Seat 1: Don_Alling (big blind) mucked
Seat 5: Chessnok (button) (small blind) showed [Js Ad] and won ($59.50) with two pair, Aces and Jacks


PokerStars Hand #167729766676:  Hold'em Limit ($3/$6 USD) - 2017/03/17 18:38:48 ET
Table 'Ibarruri' 6-max Seat #1 is the button
Seat 1: Don_Alling ($141.13 in chips)
Seat 5: Chessnok ($93.76 in chips)
Don_Alling: posts small blind $1
Chessnok: posts big blind $3
*** HOLE CARDS ***
Don_Alling: folds
Uncalled bet ($2) returned to Chessnok
Chessnok collected $2 from pot
Chessnok: doesn't show hand
*** SUMMARY ***
Total pot $2 | Rake $0
Seat 1: Don_Alling (button) (small blind) folded before Flop
Seat 5: Chessnok (big blind) collected ($2)


PokerStars Hand #167729762864:  Hold'em Limit ($3/$6 USD) - 2017/03/17 18:38:43 ET
Table 'Ibarruri' 6-max Seat #5 is the button
Seat 1: Don_Alling ($140.13 in chips)
Seat 5: Chessnok ($94.76 in chips)
Chessnok: posts small blind $1
Don_Alling: posts big blind $3
*** HOLE CARDS ***
Chessnok: folds
Uncalled bet ($2) returned to Don_Alling
Don_Alling collected $2 from pot
Don_Alling: doesn't show hand
*** SUMMARY ***
Total pot $2 | Rake $0
Seat 1: Don_Alling (big blind) collected ($2)
Seat 5: Chessnok (button) (small blind) folded before Flop


