PokerStars Hand #166580171400:  Hold'em Limit ($3/$6 USD) - 2017/02/21 19:44:10 ET
Table 'Icarion' 10-max Seat #7 is the button
Seat 1: GAMBIT XMAN ($59 in chips)
Seat 7: Actionni13 ($151 in chips)
Actionni13: posts small blind $1
GAMBIT XMAN: posts big blind $3
*** HOLE CARDS ***
Actionni13: raises $3 to $6
GAMBIT XMAN: raises $3 to $9
Actionni13: calls $3
*** FLOP *** [4c Ts 9c]
GAMBIT XMAN: bets $3
Actionni13: calls $3
*** TURN *** [4c Ts 9c] [7c]
GAMBIT XMAN: checks
Actionni13: bets $6
GAMBIT XMAN: calls $6
*** RIVER *** [4c Ts 9c 7c] [Tc]
GAMBIT XMAN: checks
Actionni13: checks
*** SHOW DOWN ***
GAMBIT XMAN: shows [6d 6h] (two pair, Tens and Sixes)
Actionni13: shows [9s Ks] (two pair, Tens and Nines)
Actionni13 collected $35.50 from pot
*** SUMMARY ***
Total pot $36 | Rake $0.50
Board [4c Ts 9c 7c Tc]
Seat 1: GAMBIT XMAN (big blind) showed [6d 6h] and lost with two pair, Tens and Sixes
Seat 7: Actionni13 (button) (small blind) showed [9s Ks] and won ($35.50) with two pair, Tens and Nines


PokerStars Hand #166580186260:  Hold'em Limit ($3/$6 USD) - 2017/02/21 19:44:35 ET
Table 'Icarion' 10-max Seat #1 is the button
Seat 1: GAMBIT XMAN ($41 in chips)
Seat 7: Actionni13 ($168.50 in chips)
GAMBIT XMAN: posts small blind $1
Actionni13: posts big blind $3
*** HOLE CARDS ***
GAMBIT XMAN: raises $3 to $6
Actionni13: calls $3
*** FLOP *** [7d As Ah]
Actionni13: checks
GAMBIT XMAN: bets $3
Actionni13: calls $3
*** TURN *** [7d As Ah] [4c]
Actionni13: checks
GAMBIT XMAN: checks
*** RIVER *** [7d As Ah 4c] [Js]
Actionni13: checks
GAMBIT XMAN: bets $6
Actionni13: folds
Uncalled bet ($6) returned to GAMBIT XMAN
GAMBIT XMAN collected $17.64 from pot
GAMBIT XMAN: doesn't show hand
*** SUMMARY ***
Total pot $18 | Rake $0.36
Board [7d As Ah 4c Js]
Seat 1: GAMBIT XMAN (button) (small blind) collected ($17.64)
Seat 7: Actionni13 (big blind) folded on the River


PokerStars Hand #166580200283:  Hold'em Limit ($3/$6 USD) - 2017/02/21 19:45:00 ET
Table 'Icarion' 10-max Seat #7 is the button
Seat 1: GAMBIT XMAN ($49.64 in chips)
Seat 7: Actionni13 ($159.50 in chips)
Actionni13: posts small blind $1
GAMBIT XMAN: posts big blind $3
*** HOLE CARDS ***
Actionni13: raises $3 to $6
GAMBIT XMAN: raises $3 to $9
Actionni13: calls $3
*** FLOP *** [Jd Ac Ah]
GAMBIT XMAN: bets $3
Actionni13: folds
Uncalled bet ($3) returned to GAMBIT XMAN
GAMBIT XMAN collected $17.64 from pot
*** SUMMARY ***
Total pot $18 | Rake $0.36
Board [Jd Ac Ah]
Seat 1: GAMBIT XMAN (big blind) collected ($17.64)
Seat 7: Actionni13 (button) (small blind) folded on the Flop


PokerStars Hand #166580209199:  Hold'em Limit ($3/$6 USD) - 2017/02/21 19:45:15 ET
Table 'Icarion' 10-max Seat #1 is the button
Seat 1: GAMBIT XMAN ($58.28 in chips)
Seat 7: Actionni13 ($150.50 in chips)
GAMBIT XMAN: posts small blind $1
Actionni13: posts big blind $3
*** HOLE CARDS ***
GAMBIT XMAN: raises $3 to $6
Actionni13: calls $3
*** FLOP *** [2d 2c Js]
Actionni13: checks
GAMBIT XMAN: bets $3
Actionni13: calls $3
*** TURN *** [2d 2c Js] [Jh]
Actionni13: checks
GAMBIT XMAN: bets $6
Actionni13: folds
Uncalled bet ($6) returned to GAMBIT XMAN
GAMBIT XMAN collected $17.64 from pot
*** SUMMARY ***
Total pot $18 | Rake $0.36
Board [2d 2c Js Jh]
Seat 1: GAMBIT XMAN (button) (small blind) collected ($17.64)
Seat 7: Actionni13 (big blind) folded on the Turn


PokerStars Hand #166580220556:  Hold'em Limit ($3/$6 USD) - 2017/02/21 19:45:35 ET
Table 'Icarion' 10-max Seat #7 is the button
Seat 1: GAMBIT XMAN ($66.92 in chips)
Seat 7: Actionni13 ($150 in chips)
Actionni13: posts small blind $1
GAMBIT XMAN: posts big blind $3
*** HOLE CARDS ***
Actionni13: folds
Uncalled bet ($2) returned to GAMBIT XMAN
GAMBIT XMAN collected $2 from pot
GAMBIT XMAN: doesn't show hand
*** SUMMARY ***
Total pot $2 | Rake $0
Seat 1: GAMBIT XMAN (big blind) collected ($2)
Seat 7: Actionni13 (button) (small blind) folded before Flop


PokerStars Hand #166580223597:  Hold'em Limit ($3/$6 USD) - 2017/02/21 19:45:40 ET
Table 'Icarion' 10-max Seat #1 is the button
Seat 1: GAMBIT XMAN ($67.92 in chips)
Seat 7: Actionni13 ($150 in chips)
GAMBIT XMAN: posts small blind $1
Actionni13: posts big blind $3
*** HOLE CARDS ***
GAMBIT XMAN: raises $3 to $6
Actionni13: calls $3
*** FLOP *** [6h Kh Qh]
Actionni13: checks
GAMBIT XMAN: bets $3
Actionni13: folds
Uncalled bet ($3) returned to GAMBIT XMAN
GAMBIT XMAN collected $11.76 from pot
GAMBIT XMAN: doesn't show hand
*** SUMMARY ***
Total pot $12 | Rake $0.24
Board [6h Kh Qh]
Seat 1: GAMBIT XMAN (button) (small blind) collected ($11.76)
Seat 7: Actionni13 (big blind) folded on the Flop


PokerStars Hand #166580236745:  Hold'em Limit ($3/$6 USD) - 2017/02/21 19:46:03 ET
Table 'Icarion' 10-max Seat #1 is the button
Seat 1: GAMBIT XMAN ($82.32 in chips)
Seat 7: Actionni13 ($150 in chips)
GAMBIT XMAN: posts small blind $1
Actionni13: posts big blind $3
*** HOLE CARDS ***
GAMBIT XMAN: raises $3 to $6
Actionni13: calls $3
*** FLOP *** [Qd Jd 2h]
Actionni13: checks
GAMBIT XMAN: bets $3
Actionni13: folds
Uncalled bet ($3) returned to GAMBIT XMAN
GAMBIT XMAN collected $11.76 from pot
*** SUMMARY ***
Total pot $12 | Rake $0.24
Board [Qd Jd 2h]
Seat 1: GAMBIT XMAN (button) (small blind) collected ($11.76)
Seat 7: Actionni13 (big blind) folded on the Flop


PokerStars Hand #166580251483:  Hold'em Limit ($3/$6 USD) - 2017/02/21 19:46:29 ET
Table 'Icarion' 10-max Seat #1 is the button
Seat 1: GAMBIT XMAN ($82.08 in chips)
Seat 7: Actionni13 ($155.76 in chips)
GAMBIT XMAN: posts small blind $1
Actionni13: posts big blind $3
*** HOLE CARDS ***
GAMBIT XMAN: raises $3 to $6
Actionni13: calls $3
*** FLOP *** [6c 2h Js]
Actionni13: checks
GAMBIT XMAN: checks
*** TURN *** [6c 2h Js] [Ks]
Actionni13: checks
GAMBIT XMAN: bets $6
Actionni13: calls $6
*** RIVER *** [6c 2h Js Ks] [4h]
Actionni13: checks
GAMBIT XMAN: checks
*** SHOW DOWN ***
Actionni13: shows [Qd 6s] (a pair of Sixes)
GAMBIT XMAN: mucks hand
Actionni13 collected $23.52 from pot
*** SUMMARY ***
Total pot $24 | Rake $0.48
Board [6c 2h Js Ks 4h]
Seat 1: GAMBIT XMAN (button) (small blind) mucked
Seat 7: Actionni13 (big blind) showed [Qd 6s] and won ($23.52) with a pair of Sixes


PokerStars Hand #166580245530:  Hold'em Limit ($3/$6 USD) - 2017/02/21 19:46:18 ET
Table 'Icarion' 10-max Seat #7 is the button
Seat 1: GAMBIT XMAN ($88.08 in chips)
Seat 7: Actionni13 ($150 in chips)
Actionni13: posts small blind $1
GAMBIT XMAN: posts big blind $3
*** HOLE CARDS ***
Actionni13: raises $3 to $6
GAMBIT XMAN: calls $3
*** FLOP *** [Ac 4s Jc]
GAMBIT XMAN: checks
Actionni13: bets $3
GAMBIT XMAN: folds
Uncalled bet ($3) returned to Actionni13
Actionni13 collected $11.76 from pot
Actionni13: doesn't show hand
*** SUMMARY ***
Total pot $12 | Rake $0.24
Board [Ac 4s Jc]
Seat 1: GAMBIT XMAN (big blind) folded on the Flop
Seat 7: Actionni13 (button) (small blind) collected ($11.76)


PokerStars Hand #166580281791:  Hold'em Limit ($3/$6 USD) - 2017/02/21 19:47:22 ET
Table 'Icarion' 10-max Seat #1 is the button
Seat 1: GAMBIT XMAN ($87.58 in chips)
Seat 7: Actionni13 ($150 in chips)
GAMBIT XMAN: posts small blind $1
Actionni13: posts big blind $3
*** HOLE CARDS ***
GAMBIT XMAN: raises $3 to $6
Actionni13: calls $3
*** FLOP *** [6d 8h Kd]
Actionni13: checks
GAMBIT XMAN: bets $3
Actionni13: raises $3 to $6
GAMBIT XMAN: folds
Uncalled bet ($3) returned to Actionni13
Actionni13 collected $17.64 from pot
Actionni13: doesn't show hand
*** SUMMARY ***
Total pot $18 | Rake $0.36
Board [6d 8h Kd]
Seat 1: GAMBIT XMAN (button) (small blind) folded on the Flop
Seat 7: Actionni13 (big blind) collected ($17.64)


PokerStars Hand #166580289333:  Hold'em Limit ($3/$6 USD) - 2017/02/21 19:47:35 ET
Table 'Icarion' 10-max Seat #7 is the button
Seat 1: GAMBIT XMAN ($78.58 in chips)
Seat 7: Actionni13 ($158.64 in chips)
Actionni13: posts small blind $1
GAMBIT XMAN: posts big blind $3
*** HOLE CARDS ***
Actionni13: raises $3 to $6
GAMBIT XMAN: calls $3
*** FLOP *** [8d Jd 3c]
GAMBIT XMAN: checks
Actionni13: bets $3
GAMBIT XMAN: raises $3 to $6
Actionni13: calls $3
*** TURN *** [8d Jd 3c] [6h]
GAMBIT XMAN: bets $6
Actionni13: raises $6 to $12
GAMBIT XMAN: raises $6 to $18
Actionni13: calls $6
*** RIVER *** [8d Jd 3c 6h] [5s]
GAMBIT XMAN: bets $6
Actionni13: calls $6
*** SHOW DOWN ***
GAMBIT XMAN: shows [8s 6s] (two pair, Eights and Sixes)
Actionni13: mucks hand
GAMBIT XMAN collected $71.50 from pot
*** SUMMARY ***
Total pot $72 | Rake $0.50
Board [8d Jd 3c 6h 5s]
Seat 1: GAMBIT XMAN (big blind) showed [8s 6s] and won ($71.50) with two pair, Eights and Sixes
Seat 7: Actionni13 (button) (small blind) mucked


PokerStars Hand #166580263771:  Hold'em Limit ($3/$6 USD) - 2017/02/21 19:46:50 ET
Table 'Icarion' 10-max Seat #7 is the button
Seat 1: GAMBIT XMAN ($70.08 in chips)
Seat 7: Actionni13 ($167.28 in chips)
Actionni13: posts small blind $1
GAMBIT XMAN: posts big blind $3
*** HOLE CARDS ***
Actionni13: raises $3 to $6
GAMBIT XMAN: raises $3 to $9
Actionni13: calls $3
*** FLOP *** [3d 4s 9s]
GAMBIT XMAN: bets $3
Actionni13: calls $3
*** TURN *** [3d 4s 9s] [Tc]
GAMBIT XMAN: checks
Actionni13: checks
*** RIVER *** [3d 4s 9s Tc] [3h]
GAMBIT XMAN: bets $6
Actionni13: calls $6
*** SHOW DOWN ***
GAMBIT XMAN: shows [4d Ad] (two pair, Fours and Threes)
Actionni13: mucks hand
GAMBIT XMAN collected $35.50 from pot
*** SUMMARY ***
Total pot $36 | Rake $0.50
Board [3d 4s 9s Tc 3h]
Seat 1: GAMBIT XMAN (big blind) showed [4d Ad] and won ($35.50) with two pair, Fours and Threes
Seat 7: Actionni13 (button) (small blind) mucked


PokerStars Hand #166580305623:  Hold'em Limit ($3/$6 USD) - 2017/02/21 19:48:03 ET
Table 'Icarion' 10-max Seat #1 is the button
Seat 1: GAMBIT XMAN ($114.08 in chips)
Seat 7: Actionni13 ($150 in chips)
GAMBIT XMAN: posts small blind $1
Actionni13: posts big blind $3
*** HOLE CARDS ***
GAMBIT XMAN: raises $3 to $6
Actionni13: raises $3 to $9
GAMBIT XMAN: calls $3
*** FLOP *** [7s Tc Jh]
Actionni13: bets $3
GAMBIT XMAN: folds
Uncalled bet ($3) returned to Actionni13
Actionni13 collected $17.64 from pot
Actionni13: doesn't show hand
*** SUMMARY ***
Total pot $18 | Rake $0.36
Board [7s Tc Jh]
Seat 1: GAMBIT XMAN (button) (small blind) folded on the Flop
Seat 7: Actionni13 (big blind) collected ($17.64)


PokerStars Hand #166580326565:  Hold'em Limit ($3/$6 USD) - 2017/02/21 19:48:40 ET
Table 'Icarion' 10-max Seat #1 is the button
Seat 1: GAMBIT XMAN ($125.58 in chips)
Seat 7: Actionni13 ($150 in chips)
GAMBIT XMAN: posts small blind $1
Actionni13: posts big blind $3
*** HOLE CARDS ***
GAMBIT XMAN: folds
Uncalled bet ($2) returned to Actionni13
Actionni13 collected $2 from pot
Actionni13: doesn't show hand
*** SUMMARY ***
Total pot $2 | Rake $0
Seat 1: GAMBIT XMAN (button) (small blind) folded before Flop
Seat 7: Actionni13 (big blind) collected ($2)


