PokerStars Hand #158237427430:  Hold'em Limit ($3/$6 USD) - 2016/09/06 9:55:41 ET
Table 'Icarus II' 10-max Seat #7 is the button
Seat 7: beaupaco ($120 in chips)
Seat 8: B_loJkl ($150 in chips)
beaupaco: posts small blind $1
B_loJkl: posts big blind $3
*** HOLE CARDS ***
beaupaco: raises $3 to $6
B_loJkl: calls $3
*** FLOP *** [5h Jh Qs]
B_loJkl: checks
beaupaco: bets $3
B_loJkl: calls $3
*** TURN *** [5h Jh Qs] [8c]
B_loJkl: checks
beaupaco: checks
*** RIVER *** [5h Jh Qs 8c] [6h]
B_loJkl: checks
beaupaco: bets $6
B_loJkl: folds
Uncalled bet ($6) returned to beaupaco
beaupaco collected $17.64 from pot
*** SUMMARY ***
Total pot $18 | Rake $0.36
Board [5h Jh Qs 8c 6h]
Seat 7: beaupaco (button) (small blind) collected ($17.64)
Seat 8: B_loJkl (big blind) folded on the River


PokerStars Hand #158237458965:  Hold'em Limit ($3/$6 USD) - 2016/09/06 9:56:47 ET
Table 'Icarus II' 10-max Seat #8 is the button
Seat 7: beaupaco ($128.64 in chips)
Seat 8: B_loJkl ($141 in chips)
B_loJkl: posts small blind $1
beaupaco: posts big blind $3
*** HOLE CARDS ***
B_loJkl: raises $3 to $6
beaupaco: calls $3
*** FLOP *** [6c 2c 5d]
beaupaco: checks
B_loJkl: checks
*** TURN *** [6c 2c 5d] [2h]
beaupaco: bets $6
B_loJkl: calls $6
*** RIVER *** [6c 2c 5d 2h] [Qc]
beaupaco: bets $6
B_loJkl: calls $6
*** SHOW DOWN ***
beaupaco: shows [Kc 6s] (two pair, Sixes and Deuces)
B_loJkl: shows [3d Qh] (two pair, Queens and Deuces)
B_loJkl collected $35.50 from pot
*** SUMMARY ***
Total pot $36 | Rake $0.50
Board [6c 2c 5d 2h Qc]
Seat 7: beaupaco (big blind) showed [Kc 6s] and lost with two pair, Sixes and Deuces
Seat 8: B_loJkl (button) (small blind) showed [3d Qh] and won ($35.50) with two pair, Queens and Deuces


PokerStars Hand #158237484436:  Hold'em Limit ($3/$6 USD) - 2016/09/06 9:57:40 ET
Table 'Icarus II' 10-max Seat #7 is the button
Seat 7: beaupaco ($110.64 in chips)
Seat 8: B_loJkl ($158.50 in chips)
beaupaco: posts small blind $1
B_loJkl: posts big blind $3
*** HOLE CARDS ***
beaupaco: raises $3 to $6
B_loJkl: calls $3
*** FLOP *** [2h Jc 5d]
B_loJkl: checks
beaupaco: bets $3
B_loJkl: calls $3
*** TURN *** [2h Jc 5d] [9h]
B_loJkl: checks
beaupaco: checks
*** RIVER *** [2h Jc 5d 9h] [Qs]
B_loJkl: bets $6
beaupaco: raises $6 to $12
B_loJkl: calls $6
*** SHOW DOWN ***
beaupaco: shows [5c Qh] (two pair, Queens and Fives)
B_loJkl: mucks hand
beaupaco collected $41.50 from pot
*** SUMMARY ***
Total pot $42 | Rake $0.50
Board [2h Jc 5d 9h Qs]
Seat 7: beaupaco (button) (small blind) showed [5c Qh] and won ($41.50) with two pair, Queens and Fives
Seat 8: B_loJkl (big blind) mucked


PokerStars Hand #158237503800:  Hold'em Limit ($3/$6 USD) - 2016/09/06 9:58:19 ET
Table 'Icarus II' 10-max Seat #8 is the button
Seat 7: beaupaco ($131.14 in chips)
Seat 8: B_loJkl ($137.50 in chips)
B_loJkl: posts small blind $1
beaupaco: posts big blind $3
*** HOLE CARDS ***
B_loJkl: raises $3 to $6
beaupaco: calls $3
*** FLOP *** [6h 2d Ad]
beaupaco: checks
B_loJkl: bets $3
beaupaco: folds
Uncalled bet ($3) returned to B_loJkl
B_loJkl collected $11.76 from pot
B_loJkl: doesn't show hand
*** SUMMARY ***
Total pot $12 | Rake $0.24
Board [6h 2d Ad]
Seat 7: beaupaco (big blind) folded on the Flop
Seat 8: B_loJkl (button) (small blind) collected ($11.76)


PokerStars Hand #158237515644:  Hold'em Limit ($3/$6 USD) - 2016/09/06 9:58:44 ET
Table 'Icarus II' 10-max Seat #7 is the button
Seat 7: beaupaco ($125.14 in chips)
Seat 8: B_loJkl ($143.26 in chips)
beaupaco: posts small blind $1
B_loJkl: posts big blind $3
*** HOLE CARDS ***
beaupaco: raises $3 to $6
B_loJkl: calls $3
*** FLOP *** [Ad 5s Jh]
B_loJkl: checks
beaupaco: bets $3
B_loJkl: folds
Uncalled bet ($3) returned to beaupaco
beaupaco collected $11.76 from pot
*** SUMMARY ***
Total pot $12 | Rake $0.24
Board [Ad 5s Jh]
Seat 7: beaupaco (button) (small blind) collected ($11.76)
Seat 8: B_loJkl (big blind) folded on the Flop


PokerStars Hand #158237527034:  Hold'em Limit ($3/$6 USD) - 2016/09/06 9:59:07 ET
Table 'Icarus II' 10-max Seat #8 is the button
Seat 7: beaupaco ($130.90 in chips)
Seat 8: B_loJkl ($137.26 in chips)
B_loJkl: posts small blind $1
beaupaco: posts big blind $3
*** HOLE CARDS ***
B_loJkl: raises $3 to $6
beaupaco: calls $3
*** FLOP *** [5h 6c 8h]
beaupaco: checks
B_loJkl: bets $3
beaupaco: calls $3
*** TURN *** [5h 6c 8h] [2h]
beaupaco: checks
B_loJkl: checks
*** RIVER *** [5h 6c 8h 2h] [4d]
beaupaco: bets $6
B_loJkl: raises $6 to $12
beaupaco: folds
Uncalled bet ($6) returned to B_loJkl
B_loJkl collected $29.50 from pot
B_loJkl: doesn't show hand
*** SUMMARY ***
Total pot $30 | Rake $0.50
Board [5h 6c 8h 2h 4d]
Seat 7: beaupaco (big blind) folded on the River
Seat 8: B_loJkl (button) (small blind) collected ($29.50)


PokerStars Hand #158237541170:  Hold'em Limit ($3/$6 USD) - 2016/09/06 9:59:36 ET
Table 'Icarus II' 10-max Seat #7 is the button
Seat 7: beaupaco ($115.90 in chips)
Seat 8: B_loJkl ($151.76 in chips)
beaupaco: posts small blind $1
B_loJkl: posts big blind $3
*** HOLE CARDS ***
beaupaco: raises $3 to $6
B_loJkl: calls $3
*** FLOP *** [2h Js 8h]
B_loJkl: checks
beaupaco: bets $3
B_loJkl: calls $3
*** TURN *** [2h Js 8h] [2c]
B_loJkl: checks
beaupaco: bets $6
B_loJkl: folds
Uncalled bet ($6) returned to beaupaco
beaupaco collected $17.64 from pot
*** SUMMARY ***
Total pot $18 | Rake $0.36
Board [2h Js 8h 2c]
Seat 7: beaupaco (button) (small blind) collected ($17.64)
Seat 8: B_loJkl (big blind) folded on the Turn


PokerStars Hand #158237551217:  Hold'em Limit ($3/$6 USD) - 2016/09/06 9:59:57 ET
Table 'Icarus II' 10-max Seat #8 is the button
Seat 7: beaupaco ($124.54 in chips)
Seat 8: B_loJkl ($142.76 in chips)
B_loJkl: posts small blind $1
beaupaco: posts big blind $3
*** HOLE CARDS ***
B_loJkl: raises $3 to $6
beaupaco: calls $3
*** FLOP *** [3c 2s 6h]
beaupaco: checks
B_loJkl: bets $3
beaupaco: calls $3
*** TURN *** [3c 2s 6h] [7d]
beaupaco: checks
B_loJkl: bets $6
beaupaco: raises $6 to $12
B_loJkl: calls $6
*** RIVER *** [3c 2s 6h 7d] [Jh]
beaupaco: bets $6
B_loJkl: calls $6
*** SHOW DOWN ***
beaupaco: shows [6s 3h] (two pair, Sixes and Threes)
B_loJkl: mucks hand
beaupaco collected $53.50 from pot
*** SUMMARY ***
Total pot $54 | Rake $0.50
Board [3c 2s 6h 7d Jh]
Seat 7: beaupaco (big blind) showed [6s 3h] and won ($53.50) with two pair, Sixes and Threes
Seat 8: B_loJkl (button) (small blind) mucked


PokerStars Hand #158237586925:  Hold'em Limit ($3/$6 USD) - 2016/09/06 10:01:05 ET
Table 'Icarus II' 10-max Seat #7 is the button
Seat 7: beaupaco ($151.04 in chips)
Seat 8: B_loJkl ($115.76 in chips)
beaupaco: posts small blind $1
B_loJkl: posts big blind $3
*** HOLE CARDS ***
beaupaco: raises $3 to $6
B_loJkl: calls $3
*** FLOP *** [2d 8d 7c]
B_loJkl: checks
beaupaco: checks
*** TURN *** [2d 8d 7c] [3s]
B_loJkl: bets $6
beaupaco: calls $6
*** RIVER *** [2d 8d 7c 3s] [5s]
B_loJkl: bets $6
beaupaco: calls $6
*** SHOW DOWN ***
B_loJkl: shows [2s Qs] (a pair of Deuces)
beaupaco: shows [5h 6s] (a pair of Fives)
beaupaco collected $35.50 from pot
*** SUMMARY ***
Total pot $36 | Rake $0.50
Board [2d 8d 7c 3s 5s]
Seat 7: beaupaco (button) (small blind) showed [5h 6s] and won ($35.50) with a pair of Fives
Seat 8: B_loJkl (big blind) showed [2s Qs] and lost with a pair of Deuces


PokerStars Hand #158237604199:  Hold'em Limit ($3/$6 USD) - 2016/09/06 10:01:37 ET
Table 'Icarus II' 10-max Seat #8 is the button
Seat 7: beaupaco ($168.54 in chips)
Seat 8: B_loJkl ($97.76 in chips)
B_loJkl: posts small blind $1
beaupaco: posts big blind $3
*** HOLE CARDS ***
B_loJkl: folds
Uncalled bet ($2) returned to beaupaco
beaupaco collected $2 from pot
*** SUMMARY ***
Total pot $2 | Rake $0
Seat 7: beaupaco (big blind) collected ($2)
Seat 8: B_loJkl (button) (small blind) folded before Flop


PokerStars Hand #158237606999:  Hold'em Limit ($3/$6 USD) - 2016/09/06 10:01:42 ET
Table 'Icarus II' 10-max Seat #7 is the button
Seat 7: beaupaco ($169.54 in chips)
Seat 8: B_loJkl ($96.76 in chips)
beaupaco: posts small blind $1
B_loJkl: posts big blind $3
*** HOLE CARDS ***
beaupaco: raises $3 to $6
B_loJkl: calls $3
*** FLOP *** [4s Jh 6s]
B_loJkl: checks
beaupaco: checks
*** TURN *** [4s Jh 6s] [Td]
B_loJkl: bets $6
beaupaco: folds
Uncalled bet ($6) returned to B_loJkl
B_loJkl collected $11.76 from pot
B_loJkl: doesn't show hand
*** SUMMARY ***
Total pot $12 | Rake $0.24
Board [4s Jh 6s Td]
Seat 7: beaupaco (button) (small blind) folded on the Turn
Seat 8: B_loJkl (big blind) collected ($11.76)


PokerStars Hand #158237614644:  Hold'em Limit ($3/$6 USD) - 2016/09/06 10:01:56 ET
Table 'Icarus II' 10-max Seat #8 is the button
Seat 7: beaupaco ($163.54 in chips)
Seat 8: B_loJkl ($102.52 in chips)
B_loJkl: posts small blind $1
beaupaco: posts big blind $3
*** HOLE CARDS ***
B_loJkl: raises $3 to $6
beaupaco: calls $3
*** FLOP *** [Td Kc 5h]
beaupaco: checks
B_loJkl: bets $3
beaupaco: calls $3
*** TURN *** [Td Kc 5h] [Jh]
beaupaco: checks
B_loJkl: checks
*** RIVER *** [Td Kc 5h Jh] [4s]
beaupaco: checks
B_loJkl: bets $6
beaupaco: calls $6
*** SHOW DOWN ***
B_loJkl: shows [9s Ts] (a pair of Tens)
beaupaco: shows [Ks 7c] (a pair of Kings)
beaupaco collected $29.50 from pot
*** SUMMARY ***
Total pot $30 | Rake $0.50
Board [Td Kc 5h Jh 4s]
Seat 7: beaupaco (big blind) showed [Ks 7c] and won ($29.50) with a pair of Kings
Seat 8: B_loJkl (button) (small blind) showed [9s Ts] and lost with a pair of Tens


PokerStars Hand #158237630438:  Hold'em Limit ($3/$6 USD) - 2016/09/06 10:02:23 ET
Table 'Icarus II' 10-max Seat #7 is the button
Seat 7: beaupaco ($178.04 in chips)
Seat 8: B_loJkl ($87.52 in chips)
beaupaco: posts small blind $1
B_loJkl: posts big blind $3
*** HOLE CARDS ***
beaupaco: folds
Uncalled bet ($2) returned to B_loJkl
B_loJkl collected $2 from pot
B_loJkl: doesn't show hand
*** SUMMARY ***
Total pot $2 | Rake $0
Seat 7: beaupaco (button) (small blind) folded before Flop
Seat 8: B_loJkl (big blind) collected ($2)


PokerStars Hand #158237633376:  Hold'em Limit ($3/$6 USD) - 2016/09/06 10:02:29 ET
Table 'Icarus II' 10-max Seat #8 is the button
Seat 7: beaupaco ($177.04 in chips)
Seat 8: B_loJkl ($88.52 in chips)
B_loJkl: posts small blind $1
beaupaco: posts big blind $3
*** HOLE CARDS ***
B_loJkl: raises $3 to $6
beaupaco: calls $3
*** FLOP *** [6d 4h Kc]
beaupaco: checks
B_loJkl: bets $3
beaupaco: folds
Uncalled bet ($3) returned to B_loJkl
B_loJkl collected $11.76 from pot
*** SUMMARY ***
Total pot $12 | Rake $0.24
Board [6d 4h Kc]
Seat 7: beaupaco (big blind) folded on the Flop
Seat 8: B_loJkl (button) (small blind) collected ($11.76)


PokerStars Hand #158237645727:  Hold'em Limit ($3/$6 USD) - 2016/09/06 10:02:50 ET
Table 'Icarus II' 10-max Seat #7 is the button
Seat 7: beaupaco ($171.04 in chips)
Seat 8: B_loJkl ($94.28 in chips)
beaupaco: posts small blind $1
B_loJkl: posts big blind $3
*** HOLE CARDS ***
beaupaco: raises $3 to $6
B_loJkl: folds
Uncalled bet ($3) returned to beaupaco
beaupaco collected $6 from pot
*** SUMMARY ***
Total pot $6 | Rake $0
Seat 7: beaupaco (button) (small blind) collected ($6)
Seat 8: B_loJkl (big blind) folded before Flop


PokerStars Hand #158237650760:  Hold'em Limit ($3/$6 USD) - 2016/09/06 10:02:59 ET
Table 'Icarus II' 10-max Seat #8 is the button
Seat 7: beaupaco ($174.04 in chips)
Seat 8: B_loJkl ($91.28 in chips)
B_loJkl: posts small blind $1
beaupaco: posts big blind $3
*** HOLE CARDS ***
B_loJkl: raises $3 to $6
beaupaco: calls $3
*** FLOP *** [Ac 5c Qh]
beaupaco: checks
B_loJkl: bets $3
beaupaco: calls $3
*** TURN *** [Ac 5c Qh] [4c]
beaupaco: checks
B_loJkl: bets $6
beaupaco: calls $6
*** RIVER *** [Ac 5c Qh 4c] [7s]
beaupaco: checks
B_loJkl: bets $6
beaupaco: calls $6
*** SHOW DOWN ***
B_loJkl: shows [4s 7d] (two pair, Sevens and Fours)
beaupaco: mucks hand
B_loJkl collected $41.50 from pot
*** SUMMARY ***
Total pot $42 | Rake $0.50
Board [Ac 5c Qh 4c 7s]
Seat 7: beaupaco (big blind) mucked
Seat 8: B_loJkl (button) (small blind) showed [4s 7d] and won ($41.50) with two pair, Sevens and Fours


PokerStars Hand #158237671228:  Hold'em Limit ($3/$6 USD) - 2016/09/06 10:03:35 ET
Table 'Icarus II' 10-max Seat #7 is the button
Seat 7: beaupaco ($153.04 in chips)
Seat 8: B_loJkl ($111.78 in chips)
beaupaco: posts small blind $1
B_loJkl: posts big blind $3
*** HOLE CARDS ***
beaupaco: raises $3 to $6
B_loJkl: calls $3
*** FLOP *** [2h Ks Qs]
B_loJkl: checks
beaupaco: checks
*** TURN *** [2h Ks Qs] [Ah]
B_loJkl: checks
beaupaco: checks
*** RIVER *** [2h Ks Qs Ah] [5s]
B_loJkl: bets $6
beaupaco: calls $6
*** SHOW DOWN ***
B_loJkl: shows [8s Kc] (a pair of Kings)
beaupaco: mucks hand
B_loJkl collected $23.52 from pot
*** SUMMARY ***
Total pot $24 | Rake $0.48
Board [2h Ks Qs Ah 5s]
Seat 7: beaupaco (button) (small blind) mucked
Seat 8: B_loJkl (big blind) showed [8s Kc] and won ($23.52) with a pair of Kings


PokerStars Hand #158237703186:  Hold'em Limit ($3/$6 USD) - 2016/09/06 10:04:32 ET
Table 'Icarus II' 10-max Seat #7 is the button
Seat 7: beaupaco ($135.04 in chips)
Seat 8: B_loJkl ($129.06 in chips)
beaupaco: posts small blind $1
B_loJkl: posts big blind $3
*** HOLE CARDS ***
beaupaco: folds
Uncalled bet ($2) returned to B_loJkl
B_loJkl collected $2 from pot
B_loJkl: doesn't show hand
*** SUMMARY ***
Total pot $2 | Rake $0
Seat 7: beaupaco (button) (small blind) folded before Flop
Seat 8: B_loJkl (big blind) collected ($2)


PokerStars Hand #158237694497:  Hold'em Limit ($3/$6 USD) - 2016/09/06 10:04:16 ET
Table 'Icarus II' 10-max Seat #8 is the button
Seat 7: beaupaco ($141.04 in chips)
Seat 8: B_loJkl ($123.30 in chips)
B_loJkl: posts small blind $1
beaupaco: posts big blind $3
*** HOLE CARDS ***
B_loJkl: raises $3 to $6
beaupaco: calls $3
*** FLOP *** [Jc 2s 8s]
beaupaco: checks
B_loJkl: bets $3
beaupaco: folds
Uncalled bet ($3) returned to B_loJkl
B_loJkl collected $11.76 from pot
B_loJkl: doesn't show hand
*** SUMMARY ***
Total pot $12 | Rake $0.24
Board [Jc 2s 8s]
Seat 7: beaupaco (big blind) folded on the Flop
Seat 8: B_loJkl (button) (small blind) collected ($11.76)


PokerStars Hand #158237709031:  Hold'em Limit ($3/$6 USD) - 2016/09/06 10:04:42 ET
Table 'Icarus II' 10-max Seat #8 is the button
Seat 7: beaupaco ($134.04 in chips)
Seat 8: B_loJkl ($130.06 in chips)
B_loJkl: posts small blind $1
beaupaco: posts big blind $3
*** HOLE CARDS ***
B_loJkl: raises $3 to $6
beaupaco: calls $3
*** FLOP *** [7s Qd 6s]
beaupaco: checks
B_loJkl: checks
*** TURN *** [7s Qd 6s] [7h]
beaupaco: checks
B_loJkl: checks
*** RIVER *** [7s Qd 6s 7h] [4d]
beaupaco: bets $6
B_loJkl: calls $6
*** SHOW DOWN ***
beaupaco: shows [3d 5d] (a straight, Three to Seven)
B_loJkl: mucks hand
beaupaco collected $23.52 from pot
*** SUMMARY ***
Total pot $24 | Rake $0.48
Board [7s Qd 6s 7h 4d]
Seat 7: beaupaco (big blind) showed [3d 5d] and won ($23.52) with a straight, Three to Seven
Seat 8: B_loJkl (button) (small blind) mucked


PokerStars Hand #158237725407:  Hold'em Limit ($3/$6 USD) - 2016/09/06 10:05:10 ET
Table 'Icarus II' 10-max Seat #7 is the button
Seat 7: beaupaco ($145.56 in chips)
Seat 8: B_loJkl ($118.06 in chips)
beaupaco: posts small blind $1
B_loJkl: posts big blind $3
*** HOLE CARDS ***
beaupaco: raises $3 to $6
B_loJkl: calls $3
*** FLOP *** [5d Jc Ah]
B_loJkl: checks
beaupaco: bets $3
B_loJkl: folds
Uncalled bet ($3) returned to beaupaco
beaupaco collected $11.76 from pot
*** SUMMARY ***
Total pot $12 | Rake $0.24
Board [5d Jc Ah]
Seat 7: beaupaco (button) (small blind) collected ($11.76)
Seat 8: B_loJkl (big blind) folded on the Flop


PokerStars Hand #158237745250:  Hold'em Limit ($3/$6 USD) - 2016/09/06 10:05:45 ET
Table 'Icarus II' 10-max Seat #7 is the button
Seat 7: beaupaco ($148.32 in chips)
Seat 8: B_loJkl ($115.06 in chips)
beaupaco: posts small blind $1
B_loJkl: posts big blind $3
*** HOLE CARDS ***
beaupaco: raises $3 to $6
B_loJkl: folds
Uncalled bet ($3) returned to beaupaco
beaupaco collected $6 from pot
*** SUMMARY ***
Total pot $6 | Rake $0
Seat 7: beaupaco (button) (small blind) collected ($6)
Seat 8: B_loJkl (big blind) folded before Flop


PokerStars Hand #158237738689:  Hold'em Limit ($3/$6 USD) - 2016/09/06 10:05:34 ET
Table 'Icarus II' 10-max Seat #8 is the button
Seat 7: beaupaco ($151.32 in chips)
Seat 8: B_loJkl ($112.06 in chips)
B_loJkl: posts small blind $1
beaupaco: posts big blind $3
*** HOLE CARDS ***
B_loJkl: raises $3 to $6
beaupaco: folds
Uncalled bet ($3) returned to B_loJkl
B_loJkl collected $6 from pot
B_loJkl: doesn't show hand
*** SUMMARY ***
Total pot $6 | Rake $0
Seat 7: beaupaco (big blind) folded before Flop
Seat 8: B_loJkl (button) (small blind) collected ($6)


PokerStars Hand #158237750152:  Hold'em Limit ($3/$6 USD) - 2016/09/06 10:05:54 ET
Table 'Icarus II' 10-max Seat #8 is the button
Seat 7: beaupaco ($151.32 in chips)
Seat 8: B_loJkl ($112.06 in chips)
B_loJkl: posts small blind $1
beaupaco: posts big blind $3
*** HOLE CARDS ***
B_loJkl: raises $3 to $6
beaupaco: calls $3
*** FLOP *** [Qc 5c Js]
beaupaco: checks
B_loJkl: bets $3
beaupaco: calls $3
*** TURN *** [Qc 5c Js] [9s]
beaupaco: checks
B_loJkl: bets $6
beaupaco: calls $6
*** RIVER *** [Qc 5c Js 9s] [4c]
beaupaco: checks
B_loJkl: bets $6
beaupaco: calls $6
*** SHOW DOWN ***
B_loJkl: shows [3d Jc] (a pair of Jacks)
beaupaco: shows [Qd Td] (a pair of Queens)
beaupaco collected $41.50 from pot
*** SUMMARY ***
Total pot $42 | Rake $0.50
Board [Qc 5c Js 9s 4c]
Seat 7: beaupaco (big blind) showed [Qd Td] and won ($41.50) with a pair of Queens
Seat 8: B_loJkl (button) (small blind) showed [3d Jc] and lost with a pair of Jacks


PokerStars Hand #158237771985:  Hold'em Limit ($3/$6 USD) - 2016/09/06 10:06:32 ET
Table 'Icarus II' 10-max Seat #7 is the button
Seat 7: beaupaco ($171.82 in chips)
Seat 8: B_loJkl ($91.06 in chips)
beaupaco: posts small blind $1
B_loJkl: posts big blind $3
*** HOLE CARDS ***
beaupaco: raises $3 to $6
B_loJkl: calls $3
*** FLOP *** [Jc 2s 9d]
B_loJkl: checks
beaupaco: checks
*** TURN *** [Jc 2s 9d] [4h]
B_loJkl: checks
beaupaco: checks
*** RIVER *** [Jc 2s 9d 4h] [Jh]
B_loJkl: checks
beaupaco: checks
*** SHOW DOWN ***
B_loJkl: shows [Qc 6s] (a pair of Jacks)
beaupaco: shows [8s Ac] (a pair of Jacks - Ace kicker)
beaupaco collected $11.76 from pot
*** SUMMARY ***
Total pot $12 | Rake $0.24
Board [Jc 2s 9d 4h Jh]
Seat 7: beaupaco (button) (small blind) showed [8s Ac] and won ($11.76) with a pair of Jacks
Seat 8: B_loJkl (big blind) showed [Qc 6s] and lost with a pair of Jacks


PokerStars Hand #158237794035:  Hold'em Limit ($3/$6 USD) - 2016/09/06 10:07:11 ET
Table 'Icarus II' 10-max Seat #8 is the button
Seat 7: beaupaco ($177.58 in chips)
Seat 8: B_loJkl ($85.06 in chips)
B_loJkl: posts small blind $1
beaupaco: posts big blind $3
*** HOLE CARDS ***
B_loJkl: raises $3 to $6
beaupaco: folds
Uncalled bet ($3) returned to B_loJkl
B_loJkl collected $6 from pot
B_loJkl: doesn't show hand
*** SUMMARY ***
Total pot $6 | Rake $0
Seat 7: beaupaco (big blind) folded before Flop
Seat 8: B_loJkl (button) (small blind) collected ($6)


PokerStars Hand #158237820296:  Hold'em Limit ($3/$6 USD) - 2016/09/06 10:07:57 ET
Table 'Icarus II' 10-max Seat #7 is the button
Seat 7: beaupaco ($174.34 in chips)
Seat 8: B_loJkl ($87.82 in chips)
beaupaco: posts small blind $1
B_loJkl: posts big blind $3
*** HOLE CARDS ***
beaupaco: raises $3 to $6
B_loJkl: calls $3
*** FLOP *** [Qs 7d 6d]
B_loJkl: checks
beaupaco: bets $3
B_loJkl: raises $3 to $6
beaupaco: calls $3
*** TURN *** [Qs 7d 6d] [8s]
B_loJkl: bets $6
beaupaco: calls $6
*** RIVER *** [Qs 7d 6d 8s] [7s]
B_loJkl: bets $6
beaupaco: calls $6
*** SHOW DOWN ***
B_loJkl: shows [Qh As] (two pair, Queens and Sevens)
beaupaco: mucks hand
B_loJkl collected $47.50 from pot
*** SUMMARY ***
Total pot $48 | Rake $0.50
Board [Qs 7d 6d 8s 7s]
Seat 7: beaupaco (button) (small blind) mucked
Seat 8: B_loJkl (big blind) showed [Qh As] and won ($47.50) with two pair, Queens and Sevens


PokerStars Hand #158237797803:  Hold'em Limit ($3/$6 USD) - 2016/09/06 10:07:17 ET
Table 'Icarus II' 10-max Seat #7 is the button
Seat 7: beaupaco ($174.58 in chips)
Seat 8: B_loJkl ($88.06 in chips)
beaupaco: posts small blind $1
B_loJkl: posts big blind $3
*** HOLE CARDS ***
beaupaco: raises $3 to $6
B_loJkl: calls $3
*** FLOP *** [Kc Qc 2h]
B_loJkl: checks
beaupaco: bets $3
B_loJkl: folds
Uncalled bet ($3) returned to beaupaco
beaupaco collected $11.76 from pot
*** SUMMARY ***
Total pot $12 | Rake $0.24
Board [Kc Qc 2h]
Seat 7: beaupaco (button) (small blind) collected ($11.76)
Seat 8: B_loJkl (big blind) folded on the Flop


PokerStars Hand #158237809163:  Hold'em Limit ($3/$6 USD) - 2016/09/06 10:07:37 ET
Table 'Icarus II' 10-max Seat #8 is the button
Seat 7: beaupaco ($180.34 in chips)
Seat 8: B_loJkl ($82.06 in chips)
B_loJkl: posts small blind $1
beaupaco: posts big blind $3
*** HOLE CARDS ***
B_loJkl: raises $3 to $6
beaupaco: calls $3
*** FLOP *** [7h Kd 2h]
beaupaco: checks
B_loJkl: bets $3
beaupaco: folds
Uncalled bet ($3) returned to B_loJkl
B_loJkl collected $11.76 from pot
B_loJkl: doesn't show hand
*** SUMMARY ***
Total pot $12 | Rake $0.24
Board [7h Kd 2h]
Seat 7: beaupaco (big blind) folded on the Flop
Seat 8: B_loJkl (button) (small blind) collected ($11.76)


PokerStars Hand #158237834454:  Hold'em Limit ($3/$6 USD) - 2016/09/06 10:08:22 ET
Table 'Icarus II' 10-max Seat #8 is the button
Seat 7: beaupaco ($150.34 in chips)
Seat 8: B_loJkl ($111.32 in chips)
B_loJkl: posts small blind $1
beaupaco: posts big blind $3
*** HOLE CARDS ***
B_loJkl: raises $3 to $6
beaupaco: calls $3
*** FLOP *** [Kd 3s 9h]
beaupaco: checks
B_loJkl: bets $3
beaupaco: folds
Uncalled bet ($3) returned to B_loJkl
B_loJkl collected $11.76 from pot
B_loJkl: doesn't show hand
*** SUMMARY ***
Total pot $12 | Rake $0.24
Board [Kd 3s 9h]
Seat 7: beaupaco (big blind) folded on the Flop
Seat 8: B_loJkl (button) (small blind) collected ($11.76)


PokerStars Hand #158237843889:  Hold'em Limit ($3/$6 USD) - 2016/09/06 10:08:39 ET
Table 'Icarus II' 10-max Seat #7 is the button
Seat 7: beaupaco ($144.34 in chips)
Seat 8: B_loJkl ($117.08 in chips)
beaupaco: posts small blind $1
B_loJkl: posts big blind $3
*** HOLE CARDS ***
beaupaco: raises $3 to $6
B_loJkl: folds
Uncalled bet ($3) returned to beaupaco
beaupaco collected $6 from pot
*** SUMMARY ***
Total pot $6 | Rake $0
Seat 7: beaupaco (button) (small blind) collected ($6)
Seat 8: B_loJkl (big blind) folded before Flop


PokerStars Hand #158237847846:  Hold'em Limit ($3/$6 USD) - 2016/09/06 10:08:46 ET
Table 'Icarus II' 10-max Seat #8 is the button
Seat 7: beaupaco ($147.34 in chips)
Seat 8: B_loJkl ($114.08 in chips)
B_loJkl: posts small blind $1
beaupaco: posts big blind $3
*** HOLE CARDS ***
B_loJkl: raises $3 to $6
beaupaco: calls $3
*** FLOP *** [Td Kc 3s]
beaupaco: checks
B_loJkl: bets $3
beaupaco: folds
Uncalled bet ($3) returned to B_loJkl
B_loJkl collected $11.76 from pot
B_loJkl: doesn't show hand
*** SUMMARY ***
Total pot $12 | Rake $0.24
Board [Td Kc 3s]
Seat 7: beaupaco (big blind) folded on the Flop
Seat 8: B_loJkl (button) (small blind) collected ($11.76)


PokerStars Hand #158237860968:  Hold'em Limit ($3/$6 USD) - 2016/09/06 10:09:09 ET
Table 'Icarus II' 10-max Seat #7 is the button
Seat 7: beaupaco ($141.34 in chips)
Seat 8: B_loJkl ($119.84 in chips)
beaupaco: posts small blind $1
B_loJkl: posts big blind $3
*** HOLE CARDS ***
beaupaco: raises $3 to $6
B_loJkl: calls $3
*** FLOP *** [Kc 9s 3c]
B_loJkl: checks
beaupaco: bets $3
B_loJkl: calls $3
*** TURN *** [Kc 9s 3c] [Kd]
B_loJkl: checks
beaupaco: checks
*** RIVER *** [Kc 9s 3c Kd] [8h]
B_loJkl: checks
beaupaco: checks
*** SHOW DOWN ***
B_loJkl: shows [Qs 4s] (a pair of Kings)
beaupaco: mucks hand
B_loJkl collected $17.64 from pot
*** SUMMARY ***
Total pot $18 | Rake $0.36
Board [Kc 9s 3c Kd 8h]
Seat 7: beaupaco (button) (small blind) mucked
Seat 8: B_loJkl (big blind) showed [Qs 4s] and won ($17.64) with a pair of Kings


PokerStars Hand #158237870592:  Hold'em Limit ($3/$6 USD) - 2016/09/06 10:09:25 ET
Table 'Icarus II' 10-max Seat #8 is the button
Seat 7: beaupaco ($132.34 in chips)
Seat 8: B_loJkl ($128.48 in chips)
B_loJkl: posts small blind $1
beaupaco: posts big blind $3
ChipsKoenig joins the table at seat #6
*** HOLE CARDS ***
B_loJkl: folds
Uncalled bet ($2) returned to beaupaco
beaupaco collected $2 from pot
*** SUMMARY ***
Total pot $2 | Rake $0
Seat 7: beaupaco (big blind) collected ($2)
Seat 8: B_loJkl (button) (small blind) folded before Flop


PokerStars Hand #158237876003:  Hold'em Limit ($3/$6 USD) - 2016/09/06 10:09:35 ET
Table 'Icarus II' 10-max Seat #7 is the button
Seat 7: beaupaco ($133.34 in chips)
Seat 8: B_loJkl ($127.48 in chips)
beaupaco: posts small blind $1
B_loJkl: posts big blind $3
*** HOLE CARDS ***
beaupaco: raises $3 to $6
B_loJkl: calls $3
*** FLOP *** [3d Ah 5d]
B_loJkl: checks
beaupaco: bets $3
B_loJkl: calls $3
*** TURN *** [3d Ah 5d] [6s]
B_loJkl: checks
beaupaco: bets $6
B_loJkl: calls $6
*** RIVER *** [3d Ah 5d 6s] [5c]
B_loJkl: checks
beaupaco: bets $6
B_loJkl: calls $6
*** SHOW DOWN ***
beaupaco: shows [As 4s] (two pair, Aces and Fives)
B_loJkl: mucks hand
beaupaco collected $41.50 from pot
*** SUMMARY ***
Total pot $42 | Rake $0.50
Board [3d Ah 5d 6s 5c]
Seat 7: beaupaco (button) (small blind) showed [As 4s] and won ($41.50) with two pair, Aces and Fives
Seat 8: B_loJkl (big blind) mucked


PokerStars Hand #158238209362:  Hold'em Limit ($3/$6 USD) - 2016/09/06 10:19:06 ET
Table 'Icarus II' 10-max Seat #8 is the button
Seat 7: beaupaco ($188.49 in chips)
Seat 8: B_loJkl ($65.53 in chips)
B_loJkl: posts small blind $1
beaupaco: posts big blind $3
*** HOLE CARDS ***
B_loJkl: raises $3 to $6
beaupaco: calls $3
*** FLOP *** [8h 2s 3c]
beaupaco: checks
B_loJkl: bets $3
beaupaco: calls $3
*** TURN *** [8h 2s 3c] [3d]
beaupaco: checks
B_loJkl: checks
*** RIVER *** [8h 2s 3c 3d] [Td]
beaupaco: checks
B_loJkl: bets $6
beaupaco: folds
Uncalled bet ($6) returned to B_loJkl
B_loJkl collected $17.64 from pot
B_loJkl: doesn't show hand
*** SUMMARY ***
Total pot $18 | Rake $0.36
Board [8h 2s 3c 3d Td]
Seat 7: beaupaco (big blind) folded on the River
Seat 8: B_loJkl (button) (small blind) collected ($17.64)


PokerStars Hand #158238260113:  Hold'em Limit ($3/$6 USD) - 2016/09/06 10:20:32 ET
Table 'Icarus II' 10-max Seat #8 is the button
Seat 7: beaupaco ($185.25 in chips)
Seat 8: B_loJkl ($68.17 in chips)
B_loJkl: posts small blind $1
beaupaco: posts big blind $3
*** HOLE CARDS ***
B_loJkl: raises $3 to $6
beaupaco: folds
Uncalled bet ($3) returned to B_loJkl
B_loJkl collected $6 from pot
B_loJkl: doesn't show hand
*** SUMMARY ***
Total pot $6 | Rake $0
Seat 7: beaupaco (big blind) folded before Flop
Seat 8: B_loJkl (button) (small blind) collected ($6)


PokerStars Hand #158238295245:  Hold'em Limit ($3/$6 USD) - 2016/09/06 10:21:32 ET
Table 'Icarus II' 10-max Seat #8 is the button
Seat 7: beaupaco ($190.89 in chips)
Seat 8: B_loJkl ($62.17 in chips)
B_loJkl: posts small blind $1
beaupaco: posts big blind $3
*** HOLE CARDS ***
B_loJkl: raises $3 to $6
beaupaco: calls $3
*** FLOP *** [Ts 5c Ks]
beaupaco: checks
B_loJkl: bets $3
beaupaco: calls $3
*** TURN *** [Ts 5c Ks] [8s]
beaupaco: checks
B_loJkl: checks
*** RIVER *** [Ts 5c Ks 8s] [Td]
beaupaco: bets $6
B_loJkl: folds
Uncalled bet ($6) returned to beaupaco
beaupaco collected $17.64 from pot
*** SUMMARY ***
Total pot $18 | Rake $0.36
Board [Ts 5c Ks 8s Td]
Seat 7: beaupaco (big blind) collected ($17.64)
Seat 8: B_loJkl (button) (small blind) folded on the River


PokerStars Hand #158238265843:  Hold'em Limit ($3/$6 USD) - 2016/09/06 10:20:42 ET
Table 'Icarus II' 10-max Seat #7 is the button
Seat 7: beaupaco ($182.25 in chips)
Seat 8: B_loJkl ($71.17 in chips)
beaupaco: posts small blind $1
B_loJkl: posts big blind $3
*** HOLE CARDS ***
beaupaco: raises $3 to $6
B_loJkl: calls $3
*** FLOP *** [4h 6h 3c]
B_loJkl: checks
beaupaco: bets $3
B_loJkl: calls $3
*** TURN *** [4h 6h 3c] [8d]
B_loJkl: checks
beaupaco: bets $6
B_loJkl: folds
Uncalled bet ($6) returned to beaupaco
beaupaco collected $17.64 from pot
*** SUMMARY ***
Total pot $18 | Rake $0.36
Board [4h 6h 3c 8d]
Seat 7: beaupaco (button) (small blind) collected ($17.64)
Seat 8: B_loJkl (big blind) folded on the Turn


PokerStars Hand #158238320781:  Hold'em Limit ($3/$6 USD) - 2016/09/06 10:22:16 ET
Table 'Icarus II' 10-max Seat #7 is the button
Seat 7: beaupaco ($199.53 in chips)
Seat 8: B_loJkl ($53.17 in chips)
beaupaco: posts small blind $1
B_loJkl: posts big blind $3
*** HOLE CARDS ***
beaupaco: raises $3 to $6
B_loJkl: calls $3
*** FLOP *** [7c Ah Ks]
B_loJkl: checks
beaupaco: bets $3
B_loJkl: folds
Uncalled bet ($3) returned to beaupaco
beaupaco collected $11.76 from pot
*** SUMMARY ***
Total pot $12 | Rake $0.24
Board [7c Ah Ks]
Seat 7: beaupaco (button) (small blind) collected ($11.76)
Seat 8: B_loJkl (big blind) folded on the Flop


PokerStars Hand #158238338092:  Hold'em Limit ($3/$6 USD) - 2016/09/06 10:22:45 ET
Table 'Icarus II' 10-max Seat #8 is the button
Seat 7: beaupaco ($205.29 in chips)
Seat 8: B_loJkl ($47.17 in chips)
B_loJkl: posts small blind $1
beaupaco: posts big blind $3
*** HOLE CARDS ***
B_loJkl: folds
Uncalled bet ($2) returned to beaupaco
beaupaco collected $2 from pot
*** SUMMARY ***
Total pot $2 | Rake $0
Seat 7: beaupaco (big blind) collected ($2)
Seat 8: B_loJkl (button) (small blind) folded before Flop


PokerStars Hand #158238380576:  Hold'em Limit ($3/$6 USD) - 2016/09/06 10:23:57 ET
Table 'Icarus II' 10-max Seat #8 is the button
Seat 7: beaupaco ($197.29 in chips)
Seat 8: B_loJkl ($54.81 in chips)
B_loJkl: posts small blind $1
beaupaco: posts big blind $3
*** HOLE CARDS ***
B_loJkl: folds
Uncalled bet ($2) returned to beaupaco
beaupaco collected $2 from pot
*** SUMMARY ***
Total pot $2 | Rake $0
Seat 7: beaupaco (big blind) collected ($2)
Seat 8: B_loJkl (button) (small blind) folded before Flop


PokerStars Hand #158238344701:  Hold'em Limit ($3/$6 USD) - 2016/09/06 10:22:56 ET
Table 'Icarus II' 10-max Seat #7 is the button
Seat 7: beaupaco ($206.29 in chips)
Seat 8: B_loJkl ($46.17 in chips)
beaupaco: posts small blind $1
B_loJkl: posts big blind $3
*** HOLE CARDS ***
beaupaco: raises $3 to $6
B_loJkl: calls $3
*** FLOP *** [9d 6c 7s]
B_loJkl: checks
beaupaco: bets $3
B_loJkl: calls $3
*** TURN *** [9d 6c 7s] [5h]
B_loJkl: bets $6
beaupaco: folds
Uncalled bet ($6) returned to B_loJkl
B_loJkl collected $17.64 from pot
B_loJkl: doesn't show hand
*** SUMMARY ***
Total pot $18 | Rake $0.36
Board [9d 6c 7s 5h]
Seat 7: beaupaco (button) (small blind) folded on the Turn
Seat 8: B_loJkl (big blind) collected ($17.64)


