PokerStars Hand #152095494290:  Hold'em Limit ($3/$6 USD) - 2016/04/18 10:38:47 ET
Table 'Icarion' 6-max Seat #2 is the button
Seat 2: 72bestcard ($208.46 in chips)
Seat 6: B_loJkl ($140.89 in chips)
72bestcard: posts small blind $1
Ale4o: is sitting out
B_loJkl: posts big blind $3
*** HOLE CARDS ***
72bestcard: raises $3 to $6
americano777 leaves the table
Ale4o leaves the table
B_loJkl: calls $3
*** FLOP *** [Th 3s Ac]
B_loJkl: checks
72bestcard: bets $3
B_loJkl: folds
Uncalled bet ($3) returned to 72bestcard
72bestcard collected $11.76 from pot
72bestcard: doesn't show hand
*** SUMMARY ***
Total pot $12 | Rake $0.24
Board [Th 3s Ac]
Seat 2: 72bestcard (button) (small blind) collected ($11.76)
Seat 6: B_loJkl (big blind) folded on the Flop


PokerStars Hand #152095487218:  Hold'em Limit ($3/$6 USD) - 2016/04/18 10:38:36 ET
Table 'Icarion' 6-max Seat #5 is the button
Seat 5: Ale4o ($89.62 in chips)
Seat 6: B_loJkl ($140.89 in chips)
72bestcard will be allowed to play after the button
Ale4o: posts small blind $1
B_loJkl: posts big blind $3
*** HOLE CARDS ***
Ale4o: folds
Uncalled bet ($2) returned to B_loJkl
B_loJkl collected $2 from pot
B_loJkl: doesn't show hand
*** SUMMARY ***
Total pot $2 | Rake $0
Seat 5: Ale4o (button) (small blind) folded before Flop
Seat 6: B_loJkl (big blind) collected ($2)


