PokerStars Hand #165183052851:  Hold'em Limit ($3/$6 USD) - 2017/01/26 3:37:07 ET
Table 'Icarion' 6-max Seat #1 is the button
Seat 1: kaz2y5 ($88.02 in chips)
Seat 3: BugerDV ($72 in chips)
kaz2y5: posts small blind $1
BugerDV: posts big blind $3
*** HOLE CARDS ***
kaz2y5: raises $3 to $6
BugerDV: raises $3 to $9
kaz2y5: calls $3
*** FLOP *** [9s 5h 7h]
BugerDV: bets $3
kaz2y5: calls $3
*** TURN *** [9s 5h 7h] [6c]
BugerDV: checks
kaz2y5: checks
*** RIVER *** [9s 5h 7h 6c] [4d]
BugerDV: bets $6
kaz2y5: calls $6
*** SHOW DOWN ***
BugerDV: shows [9d As] (a pair of Nines)
kaz2y5: mucks hand
BugerDV collected $35.50 from pot
*** SUMMARY ***
Total pot $36 | Rake $0.50
Board [9s 5h 7h 6c 4d]
Seat 1: kaz2y5 (button) (small blind) mucked
Seat 3: BugerDV (big blind) showed [9d As] and won ($35.50) with a pair of Nines


PokerStars Hand #165183073101:  Hold'em Limit ($3/$6 USD) - 2017/01/26 3:38:11 ET
Table 'Icarion' 6-max Seat #3 is the button
Seat 1: kaz2y5 ($76.78 in chips)
Seat 3: BugerDV ($82.50 in chips)
BugerDV: posts small blind $1
kaz2y5: posts big blind $3
*** HOLE CARDS ***
BugerDV: raises $3 to $6
kaz2y5: folds
Uncalled bet ($3) returned to BugerDV
BugerDV collected $6 from pot
BugerDV: doesn't show hand
*** SUMMARY ***
Total pot $6 | Rake $0
Seat 1: kaz2y5 (big blind) folded before Flop
Seat 3: BugerDV (button) (small blind) collected ($6)


PokerStars Hand #165183061236:  Hold'em Limit ($3/$6 USD) - 2017/01/26 3:37:34 ET
Table 'Icarion' 6-max Seat #3 is the button
Seat 1: kaz2y5 ($70.02 in chips)
Seat 3: BugerDV ($89.50 in chips)
BugerDV: posts small blind $1
kaz2y5: posts big blind $3
*** HOLE CARDS ***
BugerDV: folds
Uncalled bet ($2) returned to kaz2y5
kaz2y5 collected $2 from pot
kaz2y5: doesn't show hand
*** SUMMARY ***
Total pot $2 | Rake $0
Seat 1: kaz2y5 (big blind) collected ($2)
Seat 3: BugerDV (button) (small blind) folded before Flop


PokerStars Hand #165183064502:  Hold'em Limit ($3/$6 USD) - 2017/01/26 3:37:44 ET
Table 'Icarion' 6-max Seat #1 is the button
Seat 1: kaz2y5 ($71.02 in chips)
Seat 3: BugerDV ($88.50 in chips)
kaz2y5: posts small blind $1
BugerDV: posts big blind $3
*** HOLE CARDS ***
kaz2y5: raises $3 to $6
BugerDV: calls $3
*** FLOP *** [As Kd 6d]
BugerDV: checks
kaz2y5: bets $3
BugerDV: folds
Uncalled bet ($3) returned to kaz2y5
kaz2y5 collected $11.76 from pot
*** SUMMARY ***
Total pot $12 | Rake $0.24
Board [As Kd 6d]
Seat 1: kaz2y5 (button) (small blind) collected ($11.76)
Seat 3: BugerDV (big blind) folded on the Flop


PokerStars Hand #165183075778:  Hold'em Limit ($3/$6 USD) - 2017/01/26 3:38:19 ET
Table 'Icarion' 6-max Seat #1 is the button
Seat 1: kaz2y5 ($73.78 in chips)
Seat 3: BugerDV ($85.50 in chips)
kaz2y5: posts small blind $1
BugerDV: posts big blind $3
*** HOLE CARDS ***
kaz2y5: raises $3 to $6
BugerDV: calls $3
*** FLOP *** [3c 6s Ks]
BugerDV: checks
kaz2y5: bets $3
BugerDV: raises $3 to $6
kaz2y5: calls $3
*** TURN *** [3c 6s Ks] [Qh]
BugerDV: bets $6
kaz2y5: raises $6 to $12
BugerDV: folds
Uncalled bet ($6) returned to kaz2y5
kaz2y5 collected $35.50 from pot
kaz2y5: doesn't show hand
*** SUMMARY ***
Total pot $36 | Rake $0.50
Board [3c 6s Ks Qh]
Seat 1: kaz2y5 (button) (small blind) collected ($35.50)
Seat 3: BugerDV (big blind) folded on the Turn


PokerStars Hand #165183089666:  Hold'em Limit ($3/$6 USD) - 2017/01/26 3:39:01 ET
Table 'Icarion' 6-max Seat #3 is the button
Seat 1: kaz2y5 ($91.28 in chips)
Seat 3: BugerDV ($67.50 in chips)
BugerDV: posts small blind $1
kaz2y5: posts big blind $3
*** HOLE CARDS ***
BugerDV: raises $3 to $6
kaz2y5: calls $3
*** FLOP *** [5h 3d 3h]
kaz2y5: checks
BugerDV: checks
*** TURN *** [5h 3d 3h] [Ks]
kaz2y5: checks
BugerDV: bets $6
kaz2y5: calls $6
*** RIVER *** [5h 3d 3h Ks] [3c]
kaz2y5: checks
BugerDV: bets $6
kaz2y5: calls $6
*** SHOW DOWN ***
BugerDV: shows [9s Ts] (three of a kind, Threes)
kaz2y5: shows [6c 5s] (a full house, Threes full of Fives)
kaz2y5 collected $35.50 from pot
*** SUMMARY ***
Total pot $36 | Rake $0.50
Board [5h 3d 3h Ks 3c]
Seat 1: kaz2y5 (big blind) showed [6c 5s] and won ($35.50) with a full house, Threes full of Fives
Seat 3: BugerDV (button) (small blind) showed [9s Ts] and lost with three of a kind, Threes


PokerStars Hand #165183097410:  Hold'em Limit ($3/$6 USD) - 2017/01/26 3:39:25 ET
Table 'Icarion' 6-max Seat #1 is the button
Seat 1: kaz2y5 ($108.78 in chips)
Seat 3: BugerDV ($49.50 in chips)
kaz2y5: posts small blind $1
BugerDV: posts big blind $3
*** HOLE CARDS ***
kaz2y5: raises $3 to $6
BugerDV: raises $3 to $9
kaz2y5: calls $3
*** FLOP *** [Kh Kd 5s]
BugerDV: bets $3
kaz2y5: raises $3 to $6
BugerDV: calls $3
*** TURN *** [Kh Kd 5s] [5h]
BugerDV: checks
kaz2y5: bets $6
BugerDV: calls $6
*** RIVER *** [Kh Kd 5s 5h] [6d]
BugerDV: checks
kaz2y5: checks
*** SHOW DOWN ***
BugerDV: shows [9h Jh] (two pair, Kings and Fives)
kaz2y5: shows [Jd 7c] (two pair, Kings and Fives)
BugerDV collected $20.75 from pot
kaz2y5 collected $20.75 from pot
*** SUMMARY ***
Total pot $42 | Rake $0.50
Board [Kh Kd 5s 5h 6d]
Seat 1: kaz2y5 (button) (small blind) showed [Jd 7c] and won ($20.75) with two pair, Kings and Fives
Seat 3: BugerDV (big blind) showed [9h Jh] and won ($20.75) with two pair, Kings and Fives


PokerStars Hand #165183107896:  Hold'em Limit ($3/$6 USD) - 2017/01/26 3:39:57 ET
Table 'Icarion' 6-max Seat #3 is the button
Seat 1: kaz2y5 ($108.53 in chips)
Seat 3: BugerDV ($49.25 in chips)
BugerDV: posts small blind $1
kaz2y5: posts big blind $3
*** HOLE CARDS ***
BugerDV: raises $3 to $6
kaz2y5: folds
Uncalled bet ($3) returned to BugerDV
BugerDV collected $6 from pot
BugerDV: doesn't show hand
*** SUMMARY ***
Total pot $6 | Rake $0
Seat 1: kaz2y5 (big blind) folded before Flop
Seat 3: BugerDV (button) (small blind) collected ($6)


PokerStars Hand #165183116232:  Hold'em Limit ($3/$6 USD) - 2017/01/26 3:40:23 ET
Table 'Icarion' 6-max Seat #3 is the button
Seat 1: kaz2y5 ($111.29 in chips)
Seat 3: BugerDV ($46.25 in chips)
BugerDV: posts small blind $1
kaz2y5: posts big blind $3
*** HOLE CARDS ***
BugerDV: folds
Uncalled bet ($2) returned to kaz2y5
kaz2y5 collected $2 from pot
*** SUMMARY ***
Total pot $2 | Rake $0
Seat 1: kaz2y5 (big blind) collected ($2)
Seat 3: BugerDV (button) (small blind) folded before Flop


PokerStars Hand #165183110319:  Hold'em Limit ($3/$6 USD) - 2017/01/26 3:40:05 ET
Table 'Icarion' 6-max Seat #1 is the button
Seat 1: kaz2y5 ($105.53 in chips)
Seat 3: BugerDV ($52.25 in chips)
kaz2y5: posts small blind $1
BugerDV: posts big blind $3
*** HOLE CARDS ***
kaz2y5: raises $3 to $6
BugerDV: calls $3
*** FLOP *** [9h 5d 5s]
BugerDV: checks
kaz2y5: bets $3
BugerDV: folds
Uncalled bet ($3) returned to kaz2y5
kaz2y5 collected $11.76 from pot
kaz2y5: doesn't show hand
*** SUMMARY ***
Total pot $12 | Rake $0.24
Board [9h 5d 5s]
Seat 1: kaz2y5 (button) (small blind) collected ($11.76)
Seat 3: BugerDV (big blind) folded on the Flop


PokerStars Hand #165183118434:  Hold'em Limit ($3/$6 USD) - 2017/01/26 3:40:29 ET
Table 'Icarion' 6-max Seat #1 is the button
Seat 1: kaz2y5 ($112.29 in chips)
Seat 3: BugerDV ($45.25 in chips)
kaz2y5: posts small blind $1
BugerDV: posts big blind $3
*** HOLE CARDS ***
kaz2y5: raises $3 to $6
BugerDV: calls $3
*** FLOP *** [8s 6s Js]
BugerDV: checks
kaz2y5: bets $3
BugerDV: folds
Uncalled bet ($3) returned to kaz2y5
kaz2y5 collected $11.76 from pot
kaz2y5: doesn't show hand
*** SUMMARY ***
Total pot $12 | Rake $0.24
Board [8s 6s Js]
Seat 1: kaz2y5 (button) (small blind) collected ($11.76)
Seat 3: BugerDV (big blind) folded on the Flop


PokerStars Hand #165183123091:  Hold'em Limit ($3/$6 USD) - 2017/01/26 3:40:44 ET
Table 'Icarion' 6-max Seat #3 is the button
Seat 1: kaz2y5 ($118.05 in chips)
Seat 3: BugerDV ($39.25 in chips)
BugerDV: posts small blind $1
kaz2y5: posts big blind $3
*** HOLE CARDS ***
BugerDV: raises $3 to $6
kaz2y5: folds
Uncalled bet ($3) returned to BugerDV
BugerDV collected $6 from pot
BugerDV: doesn't show hand
*** SUMMARY ***
Total pot $6 | Rake $0
Seat 1: kaz2y5 (big blind) folded before Flop
Seat 3: BugerDV (button) (small blind) collected ($6)


PokerStars Hand #165183125406:  Hold'em Limit ($3/$6 USD) - 2017/01/26 3:40:51 ET
Table 'Icarion' 6-max Seat #1 is the button
Seat 1: kaz2y5 ($115.05 in chips)
Seat 3: BugerDV ($42.25 in chips)
kaz2y5: posts small blind $1
BugerDV: posts big blind $3
*** HOLE CARDS ***
kaz2y5: raises $3 to $6
BugerDV: raises $3 to $9
kaz2y5: calls $3
*** FLOP *** [6h 6s 2d]
BugerDV: bets $3
kaz2y5: calls $3
*** TURN *** [6h 6s 2d] [Js]
BugerDV: bets $6
kaz2y5: raises $6 to $12
BugerDV: calls $6
*** RIVER *** [6h 6s 2d Js] [3c]
BugerDV: checks
kaz2y5: bets $6
BugerDV: calls $6
*** SHOW DOWN ***
kaz2y5: shows [2h Jc] (two pair, Jacks and Sixes)
BugerDV: mucks hand
kaz2y5 collected $59.50 from pot
*** SUMMARY ***
Total pot $60 | Rake $0.50
Board [6h 6s 2d Js 3c]
Seat 1: kaz2y5 (button) (small blind) showed [2h Jc] and won ($59.50) with two pair, Jacks and Sixes
Seat 3: BugerDV (big blind) mucked


PokerStars Hand #165183138755:  Hold'em Limit ($3/$6 USD) - 2017/01/26 3:41:31 ET
Table 'Icarion' 6-max Seat #1 is the button
Seat 1: kaz2y5 ($141.55 in chips)
Seat 3: BugerDV ($75.25 in chips)
kaz2y5: posts small blind $1
BugerDV: posts big blind $3
*** HOLE CARDS ***
kaz2y5: folds
Uncalled bet ($2) returned to BugerDV
BugerDV collected $2 from pot
BugerDV: doesn't show hand
*** SUMMARY ***
Total pot $2 | Rake $0
Seat 1: kaz2y5 (button) (small blind) folded before Flop
Seat 3: BugerDV (big blind) collected ($2)


PokerStars Hand #165183136450:  Hold'em Limit ($3/$6 USD) - 2017/01/26 3:41:24 ET
Table 'Icarion' 6-max Seat #3 is the button
Seat 1: kaz2y5 ($144.55 in chips)
Seat 3: BugerDV ($72.25 in chips)
BugerDV: posts small blind $1
kaz2y5: posts big blind $3
*** HOLE CARDS ***
BugerDV: raises $3 to $6
kaz2y5: folds
Uncalled bet ($3) returned to BugerDV
BugerDV collected $6 from pot
BugerDV: doesn't show hand
*** SUMMARY ***
Total pot $6 | Rake $0
Seat 1: kaz2y5 (big blind) folded before Flop
Seat 3: BugerDV (button) (small blind) collected ($6)


PokerStars Hand #165183141166:  Hold'em Limit ($3/$6 USD) - 2017/01/26 3:41:39 ET
Table 'Icarion' 6-max Seat #3 is the button
Seat 1: kaz2y5 ($140.55 in chips)
Seat 3: BugerDV ($76.25 in chips)
BugerDV: posts small blind $1
kaz2y5: posts big blind $3
*** HOLE CARDS ***
BugerDV: raises $3 to $6
kaz2y5: folds
Uncalled bet ($3) returned to BugerDV
BugerDV collected $6 from pot
BugerDV: doesn't show hand
*** SUMMARY ***
Total pot $6 | Rake $0
Seat 1: kaz2y5 (big blind) folded before Flop
Seat 3: BugerDV (button) (small blind) collected ($6)


PokerStars Hand #165183143501:  Hold'em Limit ($3/$6 USD) - 2017/01/26 3:41:46 ET
Table 'Icarion' 6-max Seat #1 is the button
Seat 1: kaz2y5 ($137.55 in chips)
Seat 3: BugerDV ($79.25 in chips)
kaz2y5: posts small blind $1
BugerDV: posts big blind $3
*** HOLE CARDS ***
kaz2y5: raises $3 to $6
BugerDV: calls $3
*** FLOP *** [7d 5s Qs]
BugerDV: checks
kaz2y5: bets $3
BugerDV: calls $3
*** TURN *** [7d 5s Qs] [Td]
BugerDV: checks
kaz2y5: checks
*** RIVER *** [7d 5s Qs Td] [5c]
BugerDV: bets $6
kaz2y5: folds
Uncalled bet ($6) returned to BugerDV
BugerDV collected $17.64 from pot
BugerDV: doesn't show hand
*** SUMMARY ***
Total pot $18 | Rake $0.36
Board [7d 5s Qs Td 5c]
Seat 1: kaz2y5 (button) (small blind) folded on the River
Seat 3: BugerDV (big blind) collected ($17.64)


PokerStars Hand #165183150700:  Hold'em Limit ($3/$6 USD) - 2017/01/26 3:42:08 ET
Table 'Icarion' 6-max Seat #3 is the button
Seat 1: kaz2y5 ($128.55 in chips)
Seat 3: BugerDV ($87.89 in chips)
BugerDV: posts small blind $1
kaz2y5: posts big blind $3
*** HOLE CARDS ***
BugerDV: raises $3 to $6
kaz2y5: calls $3
*** FLOP *** [6c 4c 5h]
kaz2y5: checks
BugerDV: bets $3
kaz2y5: calls $3
*** TURN *** [6c 4c 5h] [5c]
kaz2y5: checks
BugerDV: bets $6
kaz2y5: calls $6
*** RIVER *** [6c 4c 5h 5c] [Qc]
kaz2y5: bets $6
BugerDV: calls $6
*** SHOW DOWN ***
kaz2y5: shows [9h 8s] (a pair of Fives)
BugerDV: shows [5s 7d] (three of a kind, Fives)
BugerDV collected $41.50 from pot
*** SUMMARY ***
Total pot $42 | Rake $0.50
Board [6c 4c 5h 5c Qc]
Seat 1: kaz2y5 (big blind) showed [9h 8s] and lost with a pair of Fives
Seat 3: BugerDV (button) (small blind) showed [5s 7d] and won ($41.50) with three of a kind, Fives


PokerStars Hand #165183167444:  Hold'em Limit ($3/$6 USD) - 2017/01/26 3:42:59 ET
Table 'Icarion' 6-max Seat #3 is the button
Seat 1: kaz2y5 ($125.05 in chips)
Seat 3: BugerDV ($90.39 in chips)
BugerDV: posts small blind $1
kaz2y5: posts big blind $3
*** HOLE CARDS ***
BugerDV: raises $3 to $6
kaz2y5: raises $3 to $9
BugerDV: calls $3
*** FLOP *** [4h 2s 2h]
kaz2y5: bets $3
BugerDV: calls $3
*** TURN *** [4h 2s 2h] [Kc]
kaz2y5: bets $6
BugerDV: raises $6 to $12
kaz2y5: raises $6 to $18
BugerDV: calls $6
*** RIVER *** [4h 2s 2h Kc] [3s]
kaz2y5: bets $6
BugerDV: folds
Uncalled bet ($6) returned to kaz2y5
kaz2y5 collected $59.50 from pot
kaz2y5: doesn't show hand
*** SUMMARY ***
Total pot $60 | Rake $0.50
Board [4h 2s 2h Kc 3s]
Seat 1: kaz2y5 (big blind) collected ($59.50)
Seat 3: BugerDV (button) (small blind) folded on the River


PokerStars Hand #165187050338:  Hold'em Limit ($3/$6 USD) - 2017/01/26 6:24:57 ET
Table 'Icarion' 6-max Seat #1 is the button
Seat 1: Luanto 14 ($252.98 in chips)
Seat 2: Faqquer ($111.67 in chips)
Luanto 14: posts small blind $1
Faqquer: posts big blind $3
*** HOLE CARDS ***
Luanto 14: folds
Uncalled bet ($2) returned to Faqquer
Faqquer collected $2 from pot
Faqquer: doesn't show hand
*** SUMMARY ***
Total pot $2 | Rake $0
Seat 1: Luanto 14 (button) (small blind) folded before Flop
Seat 2: Faqquer (big blind) collected ($2)


PokerStars Hand #165187063767:  Hold'em Limit ($3/$6 USD) - 2017/01/26 6:25:27 ET
Table 'Icarion' 6-max Seat #2 is the button
Seat 1: Luanto 14 ($261.62 in chips)
Seat 2: Faqquer ($102.67 in chips)
Faqquer: posts small blind $1
Luanto 14: posts big blind $3
*** HOLE CARDS ***
Faqquer: folds
Uncalled bet ($2) returned to Luanto 14
Luanto 14 collected $2 from pot
Luanto 14: doesn't show hand
*** SUMMARY ***
Total pot $2 | Rake $0
Seat 1: Luanto 14 (big blind) collected ($2)
Seat 2: Faqquer (button) (small blind) folded before Flop


PokerStars Hand #165187055123:  Hold'em Limit ($3/$6 USD) - 2017/01/26 6:25:07 ET
Table 'Icarion' 6-max Seat #1 is the button
Seat 1: Luanto 14 ($252.98 in chips)
Seat 2: Faqquer ($111.67 in chips)
Luanto 14: posts small blind $1
Faqquer: posts big blind $3
*** HOLE CARDS ***
Luanto 14: raises $3 to $6
Faqquer: calls $3
*** FLOP *** [Th 6s 3s]
Faqquer: checks
Luanto 14: bets $3
Faqquer: calls $3
*** TURN *** [Th 6s 3s] [Ad]
Faqquer: checks
Luanto 14: bets $6
Faqquer: folds
Uncalled bet ($6) returned to Luanto 14
Luanto 14 collected $17.64 from pot
Luanto 14: doesn't show hand
*** SUMMARY ***
Total pot $18 | Rake $0.36
Board [Th 6s 3s Ad]
Seat 1: Luanto 14 (button) (small blind) collected ($17.64)
Seat 2: Faqquer (big blind) folded on the Turn


PokerStars Hand #165187066537:  Hold'em Limit ($3/$6 USD) - 2017/01/26 6:25:33 ET
Table 'Icarion' 6-max Seat #1 is the button
Seat 1: Luanto 14 ($262.62 in chips)
Seat 2: Faqquer ($101.67 in chips)
Luanto 14: posts small blind $1
Faqquer: posts big blind $3
*** HOLE CARDS ***
Luanto 14: raises $3 to $6
Faqquer: calls $3
*** FLOP *** [Td 5s Jc]
Faqquer: checks
Luanto 14: bets $3
Faqquer: raises $3 to $6
Luanto 14: folds
Uncalled bet ($3) returned to Faqquer
Faqquer collected $17.64 from pot
Faqquer: doesn't show hand
*** SUMMARY ***
Total pot $18 | Rake $0.36
Board [Td 5s Jc]
Seat 1: Luanto 14 (button) (small blind) folded on the Flop
Seat 2: Faqquer (big blind) collected ($17.64)


PokerStars Hand #165187052475:  Hold'em Limit ($3/$6 USD) - 2017/01/26 6:25:01 ET
Table 'Icarion' 6-max Seat #2 is the button
Seat 1: Luanto 14 ($251.98 in chips)
Seat 2: Faqquer ($112.67 in chips)
Faqquer: posts small blind $1
thegarage705 was removed from the table for failing to post
Luanto 14: posts big blind $3
*** HOLE CARDS ***
beng_51 leaves the table
Faqquer: folds
Uncalled bet ($2) returned to Luanto 14
Luanto 14 collected $2 from pot
Luanto 14: doesn't show hand
*** SUMMARY ***
Total pot $2 | Rake $0
Seat 1: Luanto 14 (big blind) collected ($2)
Seat 2: Faqquer (button) (small blind) folded before Flop


PokerStars Hand #165187308750:  Hold'em Limit ($3/$6 USD) - 2017/01/26 6:34:06 ET
Table 'Icarion' 6-max Seat #2 is the button
Seat 1: Luanto 14 ($247.18 in chips)
Seat 2: Faqquer ($108.65 in chips)
Faqquer: posts small blind $1
volkovsky: is sitting out
Luanto 14: posts big blind $3
*** HOLE CARDS ***
volkovsky leaves the table
Faqquer: raises $3 to $6
Luanto 14: calls $3
*** FLOP *** [Td 7h 5s]
Luanto 14: checks
Faqquer: bets $3
Luanto 14: calls $3
*** TURN *** [Td 7h 5s] [Ts]
Luanto 14: checks
Faqquer: bets $6
Luanto 14: folds
Uncalled bet ($6) returned to Faqquer
Faqquer collected $17.64 from pot
Faqquer: doesn't show hand
*** SUMMARY ***
Total pot $18 | Rake $0.36
Board [Td 7h 5s Ts]
Seat 1: Luanto 14 (big blind) folded on the Turn
Seat 2: Faqquer (button) (small blind) collected ($17.64)


PokerStars Hand #165187318818:  Hold'em Limit ($3/$6 USD) - 2017/01/26 6:34:27 ET
Table 'Icarion' 6-max Seat #1 is the button
Seat 1: Luanto 14 ($238.18 in chips)
Seat 2: Faqquer ($117.29 in chips)
Luanto 14: posts small blind $1
Faqquer: posts big blind $3
*** HOLE CARDS ***
Luanto 14: raises $3 to $6
Faqquer: calls $3
*** FLOP *** [7s 2c 3d]
Faqquer: checks
Luanto 14: bets $3
Faqquer: raises $3 to $6
Luanto 14: calls $3
*** TURN *** [7s 2c 3d] [8d]
Faqquer: checks
Luanto 14: checks
*** RIVER *** [7s 2c 3d 8d] [6d]
Faqquer: bets $6
Luanto 14: calls $6
*** SHOW DOWN ***
Faqquer: shows [Ad 7c] (a pair of Sevens)
Luanto 14: mucks hand
Faqquer collected $35.50 from pot
*** SUMMARY ***
Total pot $36 | Rake $0.50
Board [7s 2c 3d 8d 6d]
Seat 1: Luanto 14 (button) (small blind) mucked
Seat 2: Faqquer (big blind) showed [Ad 7c] and won ($35.50) with a pair of Sevens


PokerStars Hand #165187329610:  Hold'em Limit ($3/$6 USD) - 2017/01/26 6:34:49 ET
Table 'Icarion' 6-max Seat #2 is the button
Seat 1: Luanto 14 ($220.18 in chips)
Seat 2: Faqquer ($134.79 in chips)
Faqquer: posts small blind $1
Luanto 14: posts big blind $3
*** HOLE CARDS ***
Faqquer: calls $2
Luanto 14: raises $3 to $6
Faqquer: calls $3
*** FLOP *** [7s 6c 3d]
Luanto 14: bets $3
Faqquer: raises $3 to $6
Luanto 14: raises $3 to $9
Faqquer: calls $3
*** TURN *** [7s 6c 3d] [3h]
Luanto 14: bets $6
Faqquer: calls $6
*** RIVER *** [7s 6c 3d 3h] [9s]
Luanto 14: bets $6
Faqquer: calls $6
*** SHOW DOWN ***
Luanto 14: shows [Ah 7c] (two pair, Sevens and Threes)
Faqquer: mucks hand
Luanto 14 collected $53.50 from pot
*** SUMMARY ***
Total pot $54 | Rake $0.50
Board [7s 6c 3d 3h 9s]
Seat 1: Luanto 14 (big blind) showed [Ah 7c] and won ($53.50) with two pair, Sevens and Threes
Seat 2: Faqquer (button) (small blind) mucked


PokerStars Hand #165187340702:  Hold'em Limit ($3/$6 USD) - 2017/01/26 6:35:13 ET
Table 'Icarion' 6-max Seat #1 is the button
Seat 1: Luanto 14 ($246.68 in chips)
Seat 2: Faqquer ($107.79 in chips)
Luanto 14: posts small blind $1
Faqquer: posts big blind $3
*** HOLE CARDS ***
Luanto 14: folds
Uncalled bet ($2) returned to Faqquer
Faqquer collected $2 from pot
Faqquer: doesn't show hand
*** SUMMARY ***
Total pot $2 | Rake $0
Seat 1: Luanto 14 (button) (small blind) folded before Flop
Seat 2: Faqquer (big blind) collected ($2)


PokerStars Hand #165187342838:  Hold'em Limit ($3/$6 USD) - 2017/01/26 6:35:17 ET
Table 'Icarion' 6-max Seat #2 is the button
Seat 1: Luanto 14 ($245.68 in chips)
Seat 2: Faqquer ($108.79 in chips)
Faqquer: posts small blind $1
Luanto 14: posts big blind $3
*** HOLE CARDS ***
Faqquer: raises $3 to $6
Luanto 14: calls $3
*** FLOP *** [Qd 5h 4s]
Luanto 14: checks
Faqquer: checks
*** TURN *** [Qd 5h 4s] [3c]
Luanto 14: checks
Faqquer: bets $6
Luanto 14: raises $6 to $12
Faqquer: folds
Uncalled bet ($6) returned to Luanto 14
Luanto 14 collected $23.52 from pot
Luanto 14: doesn't show hand
*** SUMMARY ***
Total pot $24 | Rake $0.48
Board [Qd 5h 4s 3c]
Seat 1: Luanto 14 (big blind) collected ($23.52)
Seat 2: Faqquer (button) (small blind) folded on the Turn


PokerStars Hand #165187350118:  Hold'em Limit ($3/$6 USD) - 2017/01/26 6:35:32 ET
Table 'Icarion' 6-max Seat #1 is the button
Seat 1: Luanto 14 ($257.20 in chips)
Seat 2: Faqquer ($96.79 in chips)
Luanto 14: posts small blind $1
Faqquer: posts big blind $3
*** HOLE CARDS ***
Luanto 14: folds
Uncalled bet ($2) returned to Faqquer
Faqquer collected $2 from pot
*** SUMMARY ***
Total pot $2 | Rake $0
Seat 1: Luanto 14 (button) (small blind) folded before Flop
Seat 2: Faqquer (big blind) collected ($2)


PokerStars Hand #165187363118:  Hold'em Limit ($3/$6 USD) - 2017/01/26 6:36:00 ET
Table 'Icarion' 6-max Seat #1 is the button
Seat 1: Luanto 14 ($267.72 in chips)
Seat 2: Faqquer ($85.79 in chips)
Luanto 14: posts small blind $1
Faqquer: posts big blind $3
*** HOLE CARDS ***
Luanto 14: raises $3 to $6
Faqquer: calls $3
*** FLOP *** [5h As 2c]
Faqquer: checks
Luanto 14: bets $3
Faqquer: calls $3
*** TURN *** [5h As 2c] [7c]
Faqquer: checks
Luanto 14: bets $6
Faqquer: raises $6 to $12
Luanto 14: calls $6
*** RIVER *** [5h As 2c 7c] [Ah]
Faqquer: bets $6
Luanto 14: calls $6
*** SHOW DOWN ***
Faqquer: shows [5d Ad] (a full house, Aces full of Fives)
Luanto 14: mucks hand
Faqquer collected $53.50 from pot
*** SUMMARY ***
Total pot $54 | Rake $0.50
Board [5h As 2c 7c Ah]
Seat 1: Luanto 14 (button) (small blind) mucked
Seat 2: Faqquer (big blind) showed [5d Ad] and won ($53.50) with a full house, Aces full of Fives


PokerStars Hand #165187352311:  Hold'em Limit ($3/$6 USD) - 2017/01/26 6:35:37 ET
Table 'Icarion' 6-max Seat #2 is the button
Seat 1: Luanto 14 ($256.20 in chips)
Seat 2: Faqquer ($97.79 in chips)
Faqquer: posts small blind $1
Luanto 14: posts big blind $3
*** HOLE CARDS ***
Faqquer: calls $2
Luanto 14: checks
*** FLOP *** [Jc Qs Ts]
Luanto 14: bets $3
Faqquer: calls $3
*** TURN *** [Jc Qs Ts] [3c]
Luanto 14: bets $6
Faqquer: calls $6
*** RIVER *** [Jc Qs Ts 3c] [4h]
Luanto 14: bets $6
Faqquer: folds
Uncalled bet ($6) returned to Luanto 14
Luanto 14 collected $23.52 from pot
Luanto 14: doesn't show hand
*** SUMMARY ***
Total pot $24 | Rake $0.48
Board [Jc Qs Ts 3c 4h]
Seat 1: Luanto 14 (big blind) collected ($23.52)
Seat 2: Faqquer (button) (small blind) folded on the River


PokerStars Hand #165187415006:  Hold'em Limit ($3/$6 USD) - 2017/01/26 6:37:49 ET
Table 'Icarion' 6-max Seat #1 is the button
Seat 1: Luanto 14 ($243.60 in chips)
Seat 2: Faqquer ($109.29 in chips)
Luanto 14: posts small blind $1
Faqquer: posts big blind $3
*** HOLE CARDS ***
Luanto 14: raises $3 to $6
Faqquer: folds
Uncalled bet ($3) returned to Luanto 14
Luanto 14 collected $6 from pot
Luanto 14: doesn't show hand
*** SUMMARY ***
Total pot $6 | Rake $0
Seat 1: Luanto 14 (button) (small blind) collected ($6)
Seat 2: Faqquer (big blind) folded before Flop


PokerStars Hand #165187376540:  Hold'em Limit ($3/$6 USD) - 2017/01/26 6:36:28 ET
Table 'Icarion' 6-max Seat #2 is the button
Seat 1: Luanto 14 ($240.72 in chips)
Seat 2: Faqquer ($112.29 in chips)
Faqquer: posts small blind $1
Luanto 14: posts big blind $3
*** HOLE CARDS ***
Faqquer: calls $2
Luanto 14: checks
*** FLOP *** [Jd Qd 5s]
Luanto 14: checks
Faqquer: checks
*** TURN *** [Jd Qd 5s] [2d]
Luanto 14: checks
Faqquer: checks
*** RIVER *** [Jd Qd 5s 2d] [Kd]
Luanto 14: checks
Faqquer: checks
*** SHOW DOWN ***
Luanto 14: shows [Ks 7d] (a flush, King high)
Faqquer: mucks hand
Luanto 14 collected $5.88 from pot
*** SUMMARY ***
Total pot $6 | Rake $0.12
Board [Jd Qd 5s 2d Kd]
Seat 1: Luanto 14 (big blind) showed [Ks 7d] and won ($5.88) with a flush, King high
Seat 2: Faqquer (button) (small blind) mucked


PokerStars Hand #165187420564:  Hold'em Limit ($3/$6 USD) - 2017/01/26 6:38:00 ET
Table 'Icarion' 6-max Seat #1 is the button
Seat 1: Luanto 14 ($247.60 in chips)
Seat 2: Faqquer ($105.29 in chips)
Luanto 14: posts small blind $1
Faqquer: posts big blind $3
*** HOLE CARDS ***
Luanto 14: raises $3 to $6
Faqquer: calls $3
*** FLOP *** [6d 5c Jd]
Faqquer: checks
Luanto 14: bets $3
Faqquer: raises $3 to $6
Luanto 14: folds
Uncalled bet ($3) returned to Faqquer
Faqquer collected $17.64 from pot
Faqquer: doesn't show hand
*** SUMMARY ***
Total pot $18 | Rake $0.36
Board [6d 5c Jd]
Seat 1: Luanto 14 (button) (small blind) folded on the Flop
Seat 2: Faqquer (big blind) collected ($17.64)


PokerStars Hand #165187417946:  Hold'em Limit ($3/$6 USD) - 2017/01/26 6:37:55 ET
Table 'Icarion' 6-max Seat #2 is the button
Seat 1: Luanto 14 ($246.60 in chips)
Seat 2: Faqquer ($106.29 in chips)
pokertriss joins the table at seat #3
Faqquer: posts small blind $1
Luanto 14: posts big blind $3
*** HOLE CARDS ***
Faqquer: folds
Uncalled bet ($2) returned to Luanto 14
Luanto 14 collected $2 from pot
Luanto 14: doesn't show hand
*** SUMMARY ***
Total pot $2 | Rake $0
Seat 1: Luanto 14 (big blind) collected ($2)
Seat 2: Faqquer (button) (small blind) folded before Flop


PokerStars Hand #165189777107:  Hold'em Limit ($3/$6 USD) - 2017/01/26 7:54:04 ET
Table 'Icarion' 6-max Seat #2 is the button
Seat 1: ribban4747 ($77.89 in chips)
Seat 2: volkovsky ($147 in chips)
volkovsky: posts small blind $1
RockKillerTY: is sitting out
vestimokrec: is sitting out
ribban4747: posts big blind $3
*** HOLE CARDS ***
volkovsky: raises $3 to $6
ribban4747: calls $3
*** FLOP *** [7s 9d 5s]
ribban4747: bets $3
vestimokrec leaves the table
volkovsky: calls $3
*** TURN *** [7s 9d 5s] [4c]
ribban4747: bets $6
volkovsky: calls $6
*** RIVER *** [7s 9d 5s 4c] [9h]
ribban4747: bets $6
volkovsky: calls $6
*** SHOW DOWN ***
ribban4747: shows [5h 6h] (two pair, Nines and Fives)
volkovsky: mucks hand
ribban4747 collected $41.50 from pot
*** SUMMARY ***
Total pot $42 | Rake $0.50
Board [7s 9d 5s 4c 9h]
Seat 1: ribban4747 (big blind) showed [5h 6h] and won ($41.50) with two pair, Nines and Fives
Seat 2: volkovsky (button) (small blind) mucked


PokerStars Hand #165189810755:  Hold'em Limit ($3/$6 USD) - 2017/01/26 7:55:05 ET
Table 'Icarion' 6-max Seat #2 is the button
Seat 1: ribban4747 ($92.39 in chips)
Seat 2: volkovsky ($131.76 in chips)
volkovsky: posts small blind $1
ribban4747: posts big blind $3
*** HOLE CARDS ***
volkovsky: folds
Uncalled bet ($2) returned to ribban4747
ribban4747 collected $2 from pot
*** SUMMARY ***
Total pot $2 | Rake $0
Seat 1: ribban4747 (big blind) collected ($2)
Seat 2: volkovsky (button) (small blind) folded before Flop


PokerStars Hand #165189797249:  Hold'em Limit ($3/$6 USD) - 2017/01/26 7:54:41 ET
Table 'Icarion' 6-max Seat #1 is the button
Seat 1: ribban4747 ($98.39 in chips)
Seat 2: volkovsky ($126 in chips)
ribban4747: posts small blind $1
volkovsky: posts big blind $3
*** HOLE CARDS ***
ribban4747: calls $2
volkovsky: checks
*** FLOP *** [7d Qc 3d]
volkovsky: bets $3
ribban4747: calls $3
*** TURN *** [7d Qc 3d] [As]
volkovsky: checks
ribban4747: checks
*** RIVER *** [7d Qc 3d As] [5d]
volkovsky: bets $6
ribban4747: folds
Uncalled bet ($6) returned to volkovsky
volkovsky collected $11.76 from pot
volkovsky: doesn't show hand
*** SUMMARY ***
Total pot $12 | Rake $0.24
Board [7d Qc 3d As 5d]
Seat 1: ribban4747 (button) (small blind) folded on the River
Seat 2: volkovsky (big blind) collected ($11.76)


PokerStars Hand #165189828565:  Hold'em Limit ($3/$6 USD) - 2017/01/26 7:55:42 ET
Table 'Icarion' 6-max Seat #1 is the button
Seat 1: ribban4747 ($111.89 in chips)
Seat 2: volkovsky ($111.76 in chips)
ribban4747: posts small blind $1
volkovsky: posts big blind $3
*** HOLE CARDS ***
ribban4747: folds
Uncalled bet ($2) returned to volkovsky
volkovsky collected $2 from pot
volkovsky: doesn't show hand
*** SUMMARY ***
Total pot $2 | Rake $0
Seat 1: ribban4747 (button) (small blind) folded before Flop
Seat 2: volkovsky (big blind) collected ($2)


PokerStars Hand #165189825891:  Hold'em Limit ($3/$6 USD) - 2017/01/26 7:55:36 ET
Table 'Icarion' 6-max Seat #2 is the button
Seat 1: ribban4747 ($110.89 in chips)
Seat 2: volkovsky ($112.76 in chips)
volkovsky: posts small blind $1
ribban4747: posts big blind $3
*** HOLE CARDS ***
volkovsky: folds
Uncalled bet ($2) returned to ribban4747
ribban4747 collected $2 from pot
*** SUMMARY ***
Total pot $2 | Rake $0
Seat 1: ribban4747 (big blind) collected ($2)
Seat 2: volkovsky (button) (small blind) folded before Flop


PokerStars Hand #165189813560:  Hold'em Limit ($3/$6 USD) - 2017/01/26 7:55:11 ET
Table 'Icarion' 6-max Seat #1 is the button
Seat 1: ribban4747 ($93.39 in chips)
Seat 2: volkovsky ($130.76 in chips)
ribban4747: posts small blind $1
volkovsky: posts big blind $3
*** HOLE CARDS ***
ribban4747: calls $2
volkovsky: checks
*** FLOP *** [Ts Kc 3c]
volkovsky: bets $3
ribban4747: calls $3
*** TURN *** [Ts Kc 3c] [6d]
volkovsky: bets $6
ribban4747: calls $6
*** RIVER *** [Ts Kc 3c 6d] [Ks]
volkovsky: bets $6
ribban4747: calls $6
*** SHOW DOWN ***
volkovsky: shows [4c 5c] (a pair of Kings)
ribban4747: shows [4d 3d] (two pair, Kings and Threes)
ribban4747 collected $35.50 from pot
*** SUMMARY ***
Total pot $36 | Rake $0.50
Board [Ts Kc 3c 6d Ks]
Seat 1: ribban4747 (button) (small blind) showed [4d 3d] and won ($35.50) with two pair, Kings and Threes
Seat 2: volkovsky (big blind) showed [4c 5c] and lost with a pair of Kings


PokerStars Hand #165189839641:  Hold'em Limit ($3/$6 USD) - 2017/01/26 7:56:04 ET
Table 'Icarion' 6-max Seat #2 is the button
Seat 1: ribban4747 ($107.89 in chips)
Seat 2: volkovsky ($115.52 in chips)
volkovsky: posts small blind $1
ribban4747: posts big blind $3
*** HOLE CARDS ***
volkovsky: raises $3 to $6
ribban4747: folds
Uncalled bet ($3) returned to volkovsky
volkovsky collected $6 from pot
volkovsky: doesn't show hand
*** SUMMARY ***
Total pot $6 | Rake $0
Seat 1: ribban4747 (big blind) folded before Flop
Seat 2: volkovsky (button) (small blind) collected ($6)


PokerStars Hand #165189836780:  Hold'em Limit ($3/$6 USD) - 2017/01/26 7:55:58 ET
Table 'Icarion' 6-max Seat #1 is the button
Seat 1: ribban4747 ($104.89 in chips)
Seat 2: volkovsky ($118.52 in chips)
ribban4747: posts small blind $1
volkovsky: posts big blind $3
*** HOLE CARDS ***
ribban4747: raises $3 to $6
volkovsky: folds
Uncalled bet ($3) returned to ribban4747
ribban4747 collected $6 from pot
*** SUMMARY ***
Total pot $6 | Rake $0
Seat 1: ribban4747 (button) (small blind) collected ($6)
Seat 2: volkovsky (big blind) folded before Flop


PokerStars Hand #165189831367:  Hold'em Limit ($3/$6 USD) - 2017/01/26 7:55:47 ET
Table 'Icarion' 6-max Seat #2 is the button
Seat 1: ribban4747 ($110.89 in chips)
Seat 2: volkovsky ($112.76 in chips)
volkovsky: posts small blind $1
ribban4747: posts big blind $3
*** HOLE CARDS ***
volkovsky: raises $3 to $6
ribban4747: calls $3
*** FLOP *** [9d Ks Ah]
ribban4747: checks
volkovsky: bets $3
ribban4747: folds
Uncalled bet ($3) returned to volkovsky
volkovsky collected $11.76 from pot
volkovsky: doesn't show hand
*** SUMMARY ***
Total pot $12 | Rake $0.24
Board [9d Ks Ah]
Seat 1: ribban4747 (big blind) folded on the Flop
Seat 2: volkovsky (button) (small blind) collected ($11.76)


PokerStars Hand #165189842335:  Hold'em Limit ($3/$6 USD) - 2017/01/26 7:56:10 ET
Table 'Icarion' 6-max Seat #1 is the button
Seat 1: ribban4747 ($104.89 in chips)
Seat 2: volkovsky ($118.52 in chips)
ribban4747: posts small blind $1
volkovsky: posts big blind $3
*** HOLE CARDS ***
ribban4747: calls $2
volkovsky: checks
*** FLOP *** [5h Ac 6d]
volkovsky: bets $3
ribban4747: calls $3
*** TURN *** [5h Ac 6d] [2d]
volkovsky: checks
ribban4747: checks
*** RIVER *** [5h Ac 6d 2d] [6h]
volkovsky: checks
ribban4747: checks
*** SHOW DOWN ***
volkovsky: shows [5d 3c] (two pair, Sixes and Fives)
ribban4747: mucks hand
volkovsky collected $11.76 from pot
*** SUMMARY ***
Total pot $12 | Rake $0.24
Board [5h Ac 6d 2d 6h]
Seat 1: ribban4747 (button) (small blind) mucked
Seat 2: volkovsky (big blind) showed [5d 3c] and won ($11.76) with two pair, Sixes and Fives


