PokerStars Hand #168112690121:  Hold'em Limit ($3/$6 USD) - 2017/03/25 19:47:01 ET
Table 'Icarus' 6-max Seat #1 is the button
Seat 1: Velbor107 ($300 in chips)
Seat 6: Brama Br ($120 in chips)
FHstyles: is sitting out
FHstyles leaves the table
Velbor107: posts small blind $1
Brama Br: posts big blind $3
*** HOLE CARDS ***
Velbor107: raises $3 to $6
Brama Br: calls $3
*** FLOP *** [4s 3d Jd]
Brama Br: checks
Velbor107: bets $3
Brama Br: raises $3 to $6
Velbor107: calls $3
*** TURN *** [4s 3d Jd] [Tc]
Brama Br: bets $6
Velbor107: raises $6 to $12
Brama Br: calls $6
*** RIVER *** [4s 3d Jd Tc] [3h]
Brama Br: checks
Velbor107: bets $6
Brama Br: calls $6
*** SHOW DOWN ***
Velbor107: shows [Ac Jh] (two pair, Jacks and Threes)
Brama Br: mucks hand
Velbor107 collected $59.50 from pot
*** SUMMARY ***
Total pot $60 | Rake $0.50
Board [4s 3d Jd Tc 3h]
Seat 1: Velbor107 (button) (small blind) showed [Ac Jh] and won ($59.50) with two pair, Jacks and Threes
Seat 6: Brama Br (big blind) mucked


PokerStars Hand #168112725462:  Hold'em Limit ($3/$6 USD) - 2017/03/25 19:47:56 ET
Table 'Icarus' 6-max Seat #6 is the button
Seat 1: Velbor107 ($329.50 in chips)
Seat 6: Brama Br ($90 in chips)
Brama Br: posts small blind $1
Velbor107: posts big blind $3
*** HOLE CARDS ***
Brama Br: raises $3 to $6
Velbor107: raises $3 to $9
Brama Br: calls $3
*** FLOP *** [2h 6s 4d]
Velbor107: bets $3
Brama Br: calls $3
*** TURN *** [2h 6s 4d] [4c]
Velbor107: bets $6
Brama Br: calls $6
*** RIVER *** [2h 6s 4d 4c] [6h]
Velbor107: bets $6
Brama Br: calls $6
*** SHOW DOWN ***
Velbor107: shows [Ac 7c] (two pair, Sixes and Fours)
Brama Br: mucks hand
Velbor107 collected $47.50 from pot
*** SUMMARY ***
Total pot $48 | Rake $0.50
Board [2h 6s 4d 4c 6h]
Seat 1: Velbor107 (big blind) showed [Ac 7c] and won ($47.50) with two pair, Sixes and Fours
Seat 6: Brama Br (button) (small blind) mucked


PokerStars Hand #168112747065:  Hold'em Limit ($3/$6 USD) - 2017/03/25 19:48:29 ET
Table 'Icarus' 6-max Seat #1 is the button
Seat 1: Velbor107 ($353 in chips)
Seat 6: Brama Br ($66 in chips)
Velbor107: posts small blind $1
Brama Br: posts big blind $3
*** HOLE CARDS ***
Velbor107: raises $3 to $6
Brama Br: calls $3
*** FLOP *** [4d 5s 6c]
Brama Br: checks
Velbor107: bets $3
Brama Br: calls $3
*** TURN *** [4d 5s 6c] [Ad]
Brama Br: checks
Velbor107: bets $6
Brama Br: calls $6
*** RIVER *** [4d 5s 6c Ad] [Jd]
Brama Br: checks
Velbor107: bets $6
Brama Br: folds
Uncalled bet ($6) returned to Velbor107
Velbor107 collected $29.50 from pot
*** SUMMARY ***
Total pot $30 | Rake $0.50
Board [4d 5s 6c Ad Jd]
Seat 1: Velbor107 (button) (small blind) collected ($29.50)
Seat 6: Brama Br (big blind) folded on the River


PokerStars Hand #168112767464:  Hold'em Limit ($3/$6 USD) - 2017/03/25 19:49:01 ET
Table 'Icarus' 6-max Seat #6 is the button
Seat 1: Velbor107 ($367.50 in chips)
Seat 6: Brama Br ($51 in chips)
Brama Br: posts small blind $1
Velbor107: posts big blind $3
*** HOLE CARDS ***
callme888now joins the table at seat #4
Brama Br: folds
Uncalled bet ($2) returned to Velbor107
Velbor107 collected $2 from pot
*** SUMMARY ***
Total pot $2 | Rake $0
Seat 1: Velbor107 (big blind) collected ($2)
Seat 6: Brama Br (button) (small blind) folded before Flop


