PokerStars Hand #160828657470:  Hold'em Limit ($3/$6 USD) - 2016/11/03 6:23:14 ET
Table 'Ida' 6-max Seat #3 is the button
Seat 3: aabeatenby23 ($155.74 in chips)
Seat 4: Agrotait ($72 in chips)
aabeatenby23: posts small blind $1
Agrotait: posts big blind $3
*** HOLE CARDS ***
aabeatenby23: raises $3 to $6
Agrotait: calls $3
*** FLOP *** [2c 3c 2s]
Agrotait: checks
aabeatenby23: checks
*** TURN *** [2c 3c 2s] [9d]
Agrotait: bets $6
aabeatenby23: raises $6 to $12
Agrotait: calls $6
*** RIVER *** [2c 3c 2s 9d] [6s]
Agrotait: checks
aabeatenby23: bets $6
Agrotait: calls $6
*** SHOW DOWN ***
aabeatenby23: shows [7d 9s] (two pair, Nines and Deuces)
Agrotait: mucks hand
aabeatenby23 collected $47.50 from pot
*** SUMMARY ***
Total pot $48 | Rake $0.50
Board [2c 3c 2s 9d 6s]
Seat 3: aabeatenby23 (button) (small blind) showed [7d 9s] and won ($47.50) with two pair, Nines and Deuces
Seat 4: Agrotait (big blind) mucked


PokerStars Hand #160828688483:  Hold'em Limit ($3/$6 USD) - 2016/11/03 6:24:31 ET
Table 'Ida' 6-max Seat #4 is the button
Seat 3: aabeatenby23 ($140.24 in chips)
Seat 4: Agrotait ($110 in chips)
Agrotait: posts small blind $1
aabeatenby23: posts big blind $3
*** HOLE CARDS ***
Agrotait: raises $3 to $6
aabeatenby23: raises $3 to $9
Agrotait: calls $3
*** FLOP *** [7h Js Ah]
aabeatenby23: bets $3
Agrotait: calls $3
*** TURN *** [7h Js Ah] [Ks]
aabeatenby23: bets $6
Agrotait: raises $6 to $12
aabeatenby23: calls $6
*** RIVER *** [7h Js Ah Ks] [3s]
aabeatenby23: checks
Agrotait: bets $6
aabeatenby23: calls $6
*** SHOW DOWN ***
Agrotait: shows [Qc Td] (a straight, Ten to Ace)
aabeatenby23: mucks hand
Agrotait collected $59.50 from pot
*** SUMMARY ***
Total pot $60 | Rake $0.50
Board [7h Js Ah Ks 3s]
Seat 3: aabeatenby23 (big blind) mucked
Seat 4: Agrotait (button) (small blind) showed [Qc Td] and won ($59.50) with a straight, Ten to Ace


PokerStars Hand #160828681031:  Hold'em Limit ($3/$6 USD) - 2016/11/03 6:24:12 ET
Table 'Ida' 6-max Seat #3 is the button
Seat 3: aabeatenby23 ($155.24 in chips)
Seat 4: Agrotait ($95.50 in chips)
aabeatenby23: posts small blind $1
Agrotait: posts big blind $3
*** HOLE CARDS ***
aabeatenby23: raises $3 to $6
Agrotait: calls $3
*** FLOP *** [6h 7d 5c]
Agrotait: bets $3
aabeatenby23: calls $3
*** TURN *** [6h 7d 5c] [As]
Agrotait: bets $6
aabeatenby23: calls $6
*** RIVER *** [6h 7d 5c As] [Js]
Agrotait: checks
aabeatenby23: checks
*** SHOW DOWN ***
Agrotait: shows [Kc 3h] (high card Ace)
aabeatenby23: mucks hand
Agrotait collected $29.50 from pot
*** SUMMARY ***
Total pot $30 | Rake $0.50
Board [6h 7d 5c As Js]
Seat 3: aabeatenby23 (button) (small blind) mucked
Seat 4: Agrotait (big blind) showed [Kc 3h] and won ($29.50) with high card Ace


PokerStars Hand #160828669801:  Hold'em Limit ($3/$6 USD) - 2016/11/03 6:23:44 ET
Table 'Ida' 6-max Seat #4 is the button
Seat 3: aabeatenby23 ($179.24 in chips)
Seat 4: Agrotait ($72 in chips)
Agrotait: posts small blind $1
aabeatenby23: posts big blind $3
*** HOLE CARDS ***
Agrotait: raises $3 to $6
aabeatenby23: raises $3 to $9
Agrotait: calls $3
*** FLOP *** [8d 7s 9h]
aabeatenby23: checks
Agrotait: bets $3
aabeatenby23: calls $3
*** TURN *** [8d 7s 9h] [7c]
aabeatenby23: checks
Agrotait: bets $6
aabeatenby23: calls $6
*** RIVER *** [8d 7s 9h 7c] [Ks]
aabeatenby23: checks
Agrotait: bets $6
aabeatenby23: calls $6
*** SHOW DOWN ***
Agrotait: shows [6s 9c] (two pair, Nines and Sevens)
aabeatenby23: mucks hand
Agrotait collected $47.50 from pot
*** SUMMARY ***
Total pot $48 | Rake $0.50
Board [8d 7s 9h 7c Ks]
Seat 3: aabeatenby23 (big blind) mucked
Seat 4: Agrotait (button) (small blind) showed [6s 9c] and won ($47.50) with two pair, Nines and Sevens


PokerStars Hand #160828710064:  Hold'em Limit ($3/$6 USD) - 2016/11/03 6:25:25 ET
Table 'Ida' 6-max Seat #3 is the button
Seat 3: aabeatenby23 ($95.24 in chips)
Seat 4: Agrotait ($153.90 in chips)
aabeatenby23: posts small blind $1
Agrotait: posts big blind $3
*** HOLE CARDS ***
aabeatenby23: folds
Uncalled bet ($2) returned to Agrotait
Agrotait collected $2 from pot
Agrotait: doesn't show hand
*** SUMMARY ***
Total pot $2 | Rake $0
Seat 3: aabeatenby23 (button) (small blind) folded before Flop
Seat 4: Agrotait (big blind) collected ($2)


PokerStars Hand #160828705461:  Hold'em Limit ($3/$6 USD) - 2016/11/03 6:25:13 ET
Table 'Ida' 6-max Seat #4 is the button
Seat 3: aabeatenby23 ($101.24 in chips)
Seat 4: Agrotait ($148.14 in chips)
Agrotait: posts small blind $1
aabeatenby23: posts big blind $3
*** HOLE CARDS ***
Agrotait: raises $3 to $6
aabeatenby23: calls $3
*** FLOP *** [Td 9h Tc]
aabeatenby23: checks
Agrotait: bets $3
aabeatenby23: folds
Uncalled bet ($3) returned to Agrotait
Agrotait collected $11.76 from pot
Agrotait: doesn't show hand
*** SUMMARY ***
Total pot $12 | Rake $0.24
Board [Td 9h Tc]
Seat 3: aabeatenby23 (big blind) folded on the Flop
Seat 4: Agrotait (button) (small blind) collected ($11.76)


PokerStars Hand #160828700761:  Hold'em Limit ($3/$6 USD) - 2016/11/03 6:25:02 ET
Table 'Ida' 6-max Seat #3 is the button
Seat 3: aabeatenby23 ($110.24 in chips)
Seat 4: Agrotait ($139.50 in chips)
aabeatenby23: posts small blind $1
Agrotait: posts big blind $3
*** HOLE CARDS ***
aabeatenby23: raises $3 to $6
Agrotait: raises $3 to $9
aabeatenby23: calls $3
*** FLOP *** [Kc Ad 8c]
Agrotait: bets $3
aabeatenby23: folds
Uncalled bet ($3) returned to Agrotait
Agrotait collected $17.64 from pot
Agrotait: doesn't show hand
*** SUMMARY ***
Total pot $18 | Rake $0.36
Board [Kc Ad 8c]
Seat 3: aabeatenby23 (button) (small blind) folded on the Flop
Seat 4: Agrotait (big blind) collected ($17.64)


PokerStars Hand #160828724280:  Hold'em Limit ($3/$6 USD) - 2016/11/03 6:26:00 ET
Table 'Ida' 6-max Seat #3 is the button
Seat 3: aabeatenby23 ($105.76 in chips)
Seat 4: Agrotait ($142.90 in chips)
aabeatenby23: posts small blind $1
Agrotait: posts big blind $3
*** HOLE CARDS ***
aabeatenby23: raises $3 to $6
Agrotait: calls $3
*** FLOP *** [9d Qh 8h]
Agrotait: checks
aabeatenby23: bets $3
Agrotait: calls $3
*** TURN *** [9d Qh 8h] [Kh]
Agrotait: checks
aabeatenby23: bets $6
Agrotait: calls $6
*** RIVER *** [9d Qh 8h Kh] [Ah]
Agrotait: bets $6
aabeatenby23: calls $6
*** SHOW DOWN ***
Agrotait: shows [2d Jh] (a flush, Ace high)
aabeatenby23: mucks hand
Agrotait collected $41.50 from pot
*** SUMMARY ***
Total pot $42 | Rake $0.50
Board [9d Qh 8h Kh Ah]
Seat 3: aabeatenby23 (button) (small blind) mucked
Seat 4: Agrotait (big blind) showed [2d Jh] and won ($41.50) with a flush, Ace high


PokerStars Hand #160828760151:  Hold'em Limit ($3/$6 USD) - 2016/11/03 6:27:29 ET
Table 'Ida' 6-max Seat #3 is the button
Seat 3: aabeatenby23 ($102.26 in chips)
Seat 4: Agrotait ($145.40 in chips)
aabeatenby23: posts small blind $1
Agrotait: posts big blind $3
*** HOLE CARDS ***
aabeatenby23: folds
Uncalled bet ($2) returned to Agrotait
Agrotait collected $2 from pot
Agrotait: doesn't show hand
*** SUMMARY ***
Total pot $2 | Rake $0
Seat 3: aabeatenby23 (button) (small blind) folded before Flop
Seat 4: Agrotait (big blind) collected ($2)


PokerStars Hand #160828735308:  Hold'em Limit ($3/$6 USD) - 2016/11/03 6:26:28 ET
Table 'Ida' 6-max Seat #4 is the button
Seat 3: aabeatenby23 ($84.76 in chips)
Seat 4: Agrotait ($163.40 in chips)
Agrotait: posts small blind $1
aabeatenby23: posts big blind $3
*** HOLE CARDS ***
Agrotait: raises $3 to $6
aabeatenby23: raises $3 to $9
Agrotait: calls $3
*** FLOP *** [8h 6s 5s]
aabeatenby23: bets $3
Agrotait: calls $3
*** TURN *** [8h 6s 5s] [Qc]
aabeatenby23: bets $6
Agrotait: calls $6
*** RIVER *** [8h 6s 5s Qc] [5d]
aabeatenby23: checks
Agrotait: checks
*** SHOW DOWN ***
aabeatenby23: shows [6h 6c] (a full house, Sixes full of Fives)
Agrotait: mucks hand
aabeatenby23 collected $35.50 from pot
*** SUMMARY ***
Total pot $36 | Rake $0.50
Board [8h 6s 5s Qc 5d]
Seat 3: aabeatenby23 (big blind) showed [6h 6c] and won ($35.50) with a full house, Sixes full of Fives
Seat 4: Agrotait (button) (small blind) mucked


PokerStars Hand #160828818956:  Hold'em Limit ($3/$6 USD) - 2016/11/03 6:29:54 ET
Table 'Ida' 6-max Seat #3 is the button
Seat 3: aabeatenby23 ($115.26 in chips)
Seat 4: Agrotait ($130.90 in chips)
aabeatenby23: posts small blind $1
Agrotait: posts big blind $3
*** HOLE CARDS ***
aabeatenby23: folds
Uncalled bet ($2) returned to Agrotait
Agrotait collected $2 from pot
Agrotait: doesn't show hand
*** SUMMARY ***
Total pot $2 | Rake $0
Seat 3: aabeatenby23 (button) (small blind) folded before Flop
Seat 4: Agrotait (big blind) collected ($2)


PokerStars Hand #160828803465:  Hold'em Limit ($3/$6 USD) - 2016/11/03 6:29:16 ET
Table 'Ida' 6-max Seat #4 is the button
Seat 3: aabeatenby23 ($130.26 in chips)
Seat 4: Agrotait ($116.40 in chips)
Agrotait: posts small blind $1
aabeatenby23: posts big blind $3
*** HOLE CARDS ***
Agrotait: raises $3 to $6
aabeatenby23: calls $3
*** FLOP *** [Kc 7s As]
aabeatenby23: checks
Agrotait: bets $3
aabeatenby23: calls $3
*** TURN *** [Kc 7s As] [5c]
aabeatenby23: checks
Agrotait: checks
*** RIVER *** [Kc 7s As 5c] [Th]
aabeatenby23: checks
Agrotait: bets $6
aabeatenby23: calls $6
*** SHOW DOWN ***
Agrotait: shows [Kd 6s] (a pair of Kings)
aabeatenby23: mucks hand
Agrotait collected $29.50 from pot
*** SUMMARY ***
Total pot $30 | Rake $0.50
Board [Kc 7s As 5c Th]
Seat 3: aabeatenby23 (big blind) mucked
Seat 4: Agrotait (button) (small blind) showed [Kd 6s] and won ($29.50) with a pair of Kings


PokerStars Hand #160828783549:  Hold'em Limit ($3/$6 USD) - 2016/11/03 6:28:26 ET
Table 'Ida' 6-max Seat #3 is the button
Seat 3: aabeatenby23 ($115.76 in chips)
Seat 4: Agrotait ($131.40 in chips)
aabeatenby23: posts small blind $1
Agrotait: posts big blind $3
*** HOLE CARDS ***
aabeatenby23: raises $3 to $6
Agrotait: calls $3
*** FLOP *** [8d 6s 5c]
Agrotait: checks
aabeatenby23: bets $3
Agrotait: raises $3 to $6
aabeatenby23: raises $3 to $9
Agrotait: calls $3
*** TURN *** [8d 6s 5c] [4s]
Agrotait: checks
aabeatenby23: checks
*** RIVER *** [8d 6s 5c 4s] [6d]
Agrotait: checks
aabeatenby23: checks
*** SHOW DOWN ***
Agrotait: shows [8h 5d] (two pair, Eights and Sixes)
aabeatenby23: shows [8s Ah] (two pair, Eights and Sixes - Ace kicker)
aabeatenby23 collected $29.50 from pot
*** SUMMARY ***
Total pot $30 | Rake $0.50
Board [8d 6s 5c 4s 6d]
Seat 3: aabeatenby23 (button) (small blind) showed [8s Ah] and won ($29.50) with two pair, Eights and Sixes
Seat 4: Agrotait (big blind) showed [8h 5d] and lost with two pair, Eights and Sixes


PokerStars Hand #160828821482:  Hold'em Limit ($3/$6 USD) - 2016/11/03 6:30:00 ET
Table 'Ida' 6-max Seat #4 is the button
Seat 3: aabeatenby23 ($114.26 in chips)
Seat 4: Agrotait ($131.90 in chips)
Agrotait: posts small blind $1
aabeatenby23: posts big blind $3
*** HOLE CARDS ***
Agrotait: raises $3 to $6
aabeatenby23: calls $3
*** FLOP *** [Kc 8s 6d]
aabeatenby23: checks
Agrotait: bets $3
aabeatenby23: calls $3
*** TURN *** [Kc 8s 6d] [8h]
aabeatenby23: checks
Agrotait: checks
*** RIVER *** [Kc 8s 6d 8h] [4h]
aabeatenby23: bets $6
Agrotait: calls $6
*** SHOW DOWN ***
aabeatenby23: shows [8d Jd] (three of a kind, Eights)
Agrotait: mucks hand
aabeatenby23 collected $29.50 from pot
*** SUMMARY ***
Total pot $30 | Rake $0.50
Board [Kc 8s 6d 8h 4h]
Seat 3: aabeatenby23 (big blind) showed [8d Jd] and won ($29.50) with three of a kind, Eights
Seat 4: Agrotait (button) (small blind) mucked


PokerStars Hand #160828830259:  Hold'em Limit ($3/$6 USD) - 2016/11/03 6:30:21 ET
Table 'Ida' 6-max Seat #3 is the button
Seat 3: aabeatenby23 ($128.76 in chips)
Seat 4: Agrotait ($116.90 in chips)
aabeatenby23: posts small blind $1
Agrotait: posts big blind $3
*** HOLE CARDS ***
aabeatenby23: raises $3 to $6
Agrotait: raises $3 to $9
aabeatenby23: calls $3
*** FLOP *** [Qs Js 8c]
Agrotait: bets $3
aabeatenby23: calls $3
*** TURN *** [Qs Js 8c] [5h]
Agrotait: bets $6
aabeatenby23: calls $6
*** RIVER *** [Qs Js 8c 5h] [Th]
Agrotait: bets $6
aabeatenby23: calls $6
*** SHOW DOWN ***
Agrotait: shows [Kc Qh] (a pair of Queens)
aabeatenby23: mucks hand
Agrotait collected $47.50 from pot
*** SUMMARY ***
Total pot $48 | Rake $0.50
Board [Qs Js 8c 5h Th]
Seat 3: aabeatenby23 (button) (small blind) mucked
Seat 4: Agrotait (big blind) showed [Kc Qh] and won ($47.50) with a pair of Queens


PokerStars Hand #160828842122:  Hold'em Limit ($3/$6 USD) - 2016/11/03 6:30:50 ET
Table 'Ida' 6-max Seat #4 is the button
Seat 3: aabeatenby23 ($104.76 in chips)
Seat 4: Agrotait ($140.40 in chips)
Agrotait: posts small blind $1
aabeatenby23: posts big blind $3
*** HOLE CARDS ***
Agrotait: raises $3 to $6
aabeatenby23: raises $3 to $9
Agrotait: calls $3
*** FLOP *** [7s 9h 8s]
aabeatenby23: bets $3
Agrotait: calls $3
*** TURN *** [7s 9h 8s] [Ah]
aabeatenby23: bets $6
Agrotait: folds
Uncalled bet ($6) returned to aabeatenby23
aabeatenby23 collected $23.52 from pot
aabeatenby23: doesn't show hand
*** SUMMARY ***
Total pot $24 | Rake $0.48
Board [7s 9h 8s Ah]
Seat 3: aabeatenby23 (big blind) collected ($23.52)
Seat 4: Agrotait (button) (small blind) folded on the Turn


PokerStars Hand #160828850416:  Hold'em Limit ($3/$6 USD) - 2016/11/03 6:31:11 ET
Table 'Ida' 6-max Seat #3 is the button
Seat 3: aabeatenby23 ($116.28 in chips)
Seat 4: Agrotait ($128.40 in chips)
aabeatenby23: posts small blind $1
Agrotait: posts big blind $3
*** HOLE CARDS ***
aabeatenby23: raises $3 to $6
Agrotait: calls $3
*** FLOP *** [3h 9h Td]
Agrotait: checks
aabeatenby23: bets $3
Agrotait: calls $3
*** TURN *** [3h 9h Td] [Ad]
Agrotait: checks
aabeatenby23: bets $6
Agrotait: calls $6
*** RIVER *** [3h 9h Td Ad] [Qd]
Agrotait: checks
aabeatenby23: bets $6
Agrotait: calls $6
*** SHOW DOWN ***
aabeatenby23: shows [9d 6d] (a flush, Ace high)
Agrotait: mucks hand
aabeatenby23 collected $41.50 from pot
*** SUMMARY ***
Total pot $42 | Rake $0.50
Board [3h 9h Td Ad Qd]
Seat 3: aabeatenby23 (button) (small blind) showed [9d 6d] and won ($41.50) with a flush, Ace high
Seat 4: Agrotait (big blind) mucked


PokerStars Hand #160828882553:  Hold'em Limit ($3/$6 USD) - 2016/11/03 6:32:29 ET
Table 'Ida' 6-max Seat #3 is the button
Seat 3: aabeatenby23 ($109.78 in chips)
Seat 4: Agrotait ($133.90 in chips)
aabeatenby23: posts small blind $1
Agrotait: posts big blind $3
*** HOLE CARDS ***
aabeatenby23: raises $3 to $6
Agrotait: calls $3
*** FLOP *** [9h 6c 3c]
Agrotait: checks
aabeatenby23: bets $3
Agrotait: calls $3
*** TURN *** [9h 6c 3c] [5s]
Agrotait: checks
aabeatenby23: checks
*** RIVER *** [9h 6c 3c 5s] [3h]
Agrotait: bets $6
aabeatenby23: calls $6
*** SHOW DOWN ***
Agrotait: shows [3d As] (three of a kind, Threes)
aabeatenby23: mucks hand
Agrotait collected $29.50 from pot
*** SUMMARY ***
Total pot $30 | Rake $0.50
Board [9h 6c 3c 5s 3h]
Seat 3: aabeatenby23 (button) (small blind) mucked
Seat 4: Agrotait (big blind) showed [3d As] and won ($29.50) with three of a kind, Threes


PokerStars Hand #160828869911:  Hold'em Limit ($3/$6 USD) - 2016/11/03 6:31:59 ET
Table 'Ida' 6-max Seat #4 is the button
Seat 3: aabeatenby23 ($136.78 in chips)
Seat 4: Agrotait ($107.40 in chips)
Agrotait: posts small blind $1
aabeatenby23: posts big blind $3
*** HOLE CARDS ***
Agrotait: raises $3 to $6
aabeatenby23: raises $3 to $9
Agrotait: calls $3
*** FLOP *** [9c 8h Ks]
aabeatenby23: checks
Agrotait: bets $3
aabeatenby23: raises $3 to $6
Agrotait: calls $3
*** TURN *** [9c 8h Ks] [4d]
aabeatenby23: bets $6
Agrotait: calls $6
*** RIVER *** [9c 8h Ks 4d] [Kc]
aabeatenby23: checks
Agrotait: bets $6
aabeatenby23: calls $6
*** SHOW DOWN ***
Agrotait: shows [7d Kd] (three of a kind, Kings)
aabeatenby23: mucks hand
sinsadir joins the table at seat #5
Agrotait collected $53.50 from pot
*** SUMMARY ***
Total pot $54 | Rake $0.50
Board [9c 8h Ks 4d Kc]
Seat 3: aabeatenby23 (big blind) mucked
Seat 4: Agrotait (button) (small blind) showed [7d Kd] and won ($53.50) with three of a kind, Kings


