PokerStars Hand #145141876123:  Hold'em Limit ($3/$6 USD) - 2015/12/10 16:12:19 ET
Table 'Idaios' 6-max Seat #2 is the button
Seat 1: parnishka11 ($33.71 in chips)
Seat 2: SashaYuvelir ($93.50 in chips)
SashaYuvelir: posts small blind $1
parnishka11: posts big blind $3
*** HOLE CARDS ***
SashaYuvelir: folds
Uncalled bet ($2) returned to parnishka11
scorpio04 joins the table at seat #3
parnishka11 collected $2 from pot
parnishka11: doesn't show hand
*** SUMMARY ***
Total pot $2 | Rake $0
Seat 1: parnishka11 (big blind) collected ($2)
Seat 2: SashaYuvelir (button) (small blind) folded before Flop


PokerStars Hand #145141870812:  Hold'em Limit ($3/$6 USD) - 2015/12/10 16:12:13 ET
Table 'Idaios' 6-max Seat #1 is the button
Seat 1: parnishka11 ($34.71 in chips)
Seat 2: SashaYuvelir ($92.50 in chips)
parnishka11: posts small blind $1
SashaYuvelir: posts big blind $3
*** HOLE CARDS ***
parnishka11: folds
Uncalled bet ($2) returned to SashaYuvelir
SashaYuvelir collected $2 from pot
SashaYuvelir: doesn't show hand
*** SUMMARY ***
Total pot $2 | Rake $0
Seat 1: parnishka11 (button) (small blind) folded before Flop
Seat 2: SashaYuvelir (big blind) collected ($2)


PokerStars Hand #145141844232:  Hold'em Limit ($3/$6 USD) - 2015/12/10 16:11:47 ET
Table 'Idaios' 6-max Seat #2 is the button
Seat 1: parnishka11 ($55.71 in chips)
Seat 2: SashaYuvelir ($72 in chips)
SashaYuvelir: posts small blind $1
parnishka11: posts big blind $3
*** HOLE CARDS ***
SashaYuvelir: raises $3 to $6
parnishka11: calls $3
*** FLOP *** [4d Tc 2s]
parnishka11: checks
SashaYuvelir: bets $3
parnishka11: calls $3
*** TURN *** [4d Tc 2s] [Ac]
parnishka11: checks
SashaYuvelir: bets $6
parnishka11: calls $6
*** RIVER *** [4d Tc 2s Ac] [2d]
parnishka11: checks
SashaYuvelir: bets $6
parnishka11: calls $6
*** SHOW DOWN ***
SashaYuvelir: shows [Th Qd] (two pair, Tens and Deuces)
parnishka11: mucks hand
SashaYuvelir collected $41.50 from pot
*** SUMMARY ***
Total pot $42 | Rake $0.50
Board [4d Tc 2s Ac 2d]
Seat 1: parnishka11 (big blind) mucked
Seat 2: SashaYuvelir (button) (small blind) showed [Th Qd] and won ($41.50) with two pair, Tens and Deuces


PokerStars Hand #145141794548:  Hold'em Limit ($3/$6 USD) - 2015/12/10 16:10:56 ET
Table 'Idaios' 6-max Seat #4 is the button
Seat 2: SashaYuvelir ($80.46 in chips)
Seat 4: Karpik09 ($81 in chips)
Karpik09: posts small blind $1
SashaYuvelir: posts big blind $3
*** HOLE CARDS ***
Karpik09: raises $3 to $6
SashaYuvelir: calls $3
*** FLOP *** [8d 6c 7s]
SashaYuvelir: checks
parnishka11 joins the table at seat #1
Karpik09: bets $3
SashaYuvelir: raises $3 to $6
Karpik09: calls $3
*** TURN *** [8d 6c 7s] [5s]
SashaYuvelir: checks
Karpik09: bets $6
SashaYuvelir: calls $6
*** RIVER *** [8d 6c 7s 5s] [9d]
SashaYuvelir: checks
Karpik09: bets $6
SashaYuvelir: calls $6
*** SHOW DOWN ***
Karpik09: shows [Ts 9c] (a straight, Six to Ten)
SashaYuvelir: mucks hand
Karpik09 collected $47.50 from pot
*** SUMMARY ***
Total pot $48 | Rake $0.50
Board [8d 6c 7s 5s 9d]
Seat 2: SashaYuvelir (big blind) mucked
Seat 4: Karpik09 (button) (small blind) showed [Ts 9c] and won ($47.50) with a straight, Six to Ten


PokerStars Hand #145141880690:  Hold'em Limit ($3/$6 USD) - 2015/12/10 16:12:23 ET
Table 'Idaios' 6-max Seat #1 is the button
Seat 1: parnishka11 ($34.71 in chips)
Seat 2: SashaYuvelir ($92.50 in chips)
parnishka11: posts small blind $1
SashaYuvelir: posts big blind $3
*** HOLE CARDS ***
parnishka11: raises $3 to $6
SashaYuvelir: calls $3
*** FLOP *** [Jc 2h 8s]
SashaYuvelir: checks
parnishka11: bets $3
SashaYuvelir: calls $3
*** TURN *** [Jc 2h 8s] [7h]
SashaYuvelir: checks
Lillafisen joins the table at seat #4
parnishka11: bets $6
SashaYuvelir: calls $6
*** RIVER *** [Jc 2h 8s 7h] [Qs]
SashaYuvelir: checks
parnishka11: bets $6
SashaYuvelir: calls $6
*** SHOW DOWN ***
parnishka11: shows [4h 6s] (high card Queen)
SashaYuvelir: shows [3d 2d] (a pair of Deuces)
SashaYuvelir collected $41.50 from pot
*** SUMMARY ***
Total pot $42 | Rake $0.50
Board [Jc 2h 8s 7h Qs]
Seat 1: parnishka11 (button) (small blind) showed [4h 6s] and lost with high card Queen
Seat 2: SashaYuvelir (big blind) showed [3d 2d] and won ($41.50) with a pair of Deuces


PokerStars Hand #145142475766:  Hold'em Limit ($3/$6 USD) - 2015/12/10 16:22:24 ET
Table 'Idaios' 6-max Seat #6 is the button
Seat 3: scorpio04 ($72 in chips)
Seat 6: MTails ($120.61 in chips)
MTails: posts small blind $1
SashaYuvelir: is sitting out
scorpio04: posts big blind $3
*** HOLE CARDS ***
SashaYuvelir leaves the table
MTails: folds
Uncalled bet ($2) returned to scorpio04
scorpio04 collected $2 from pot
scorpio04: doesn't show hand
*** SUMMARY ***
Total pot $2 | Rake $0
Seat 3: scorpio04 (big blind) collected ($2)
Seat 6: MTails (button) (small blind) folded before Flop


