PokerStars Hand #171679465989:  Hold'em Limit ($3/$6 USD) - 2017/06/12 10:45:38 ET
Table 'Idaios II' 6-max Seat #3 is the button
Seat 3: ppricha003 ($31.87 in chips)
Seat 4: MTails ($120 in chips)
ppricha003: posts small blind $1
MTails: posts big blind $3
*** HOLE CARDS ***
ppricha003: calls $2
MTails: raises $3 to $6
ppricha003: calls $3
*** FLOP *** [9s 6c 8d]
MTails: bets $3
ppricha003: calls $3
*** TURN *** [9s 6c 8d] [7s]
MTails: bets $6
ppricha003: folds
Uncalled bet ($6) returned to MTails
MTails collected $17.64 from pot
*** SUMMARY ***
Total pot $18 | Rake $0.36
Board [9s 6c 8d 7s]
Seat 3: ppricha003 (button) (small blind) folded on the Turn
Seat 4: MTails (big blind) collected ($17.64)


PokerStars Hand #171679479976:  Hold'em Limit ($3/$6 USD) - 2017/06/12 10:46:03 ET
Table 'Idaios II' 6-max Seat #4 is the button
Seat 3: ppricha003 ($22.87 in chips)
Seat 4: MTails ($128.64 in chips)
MTails: posts small blind $1
ppricha003: posts big blind $3
*** HOLE CARDS ***
MTails: raises $3 to $6
ppricha003: calls $3
*** FLOP *** [6c Kc 3d]
ppricha003: checks
MTails: bets $3
ppricha003: folds
Uncalled bet ($3) returned to MTails
MTails collected $11.76 from pot
*** SUMMARY ***
Total pot $12 | Rake $0.24
Board [6c Kc 3d]
Seat 3: ppricha003 (big blind) folded on the Flop
Seat 4: MTails (button) (small blind) collected ($11.76)


PokerStars Hand #171679486213:  Hold'em Limit ($3/$6 USD) - 2017/06/12 10:46:13 ET
Table 'Idaios II' 6-max Seat #3 is the button
Seat 3: ppricha003 ($16.87 in chips)
Seat 4: MTails ($134.40 in chips)
ppricha003: posts small blind $1
MTails: posts big blind $3
*** HOLE CARDS ***
ppricha003: folds
Uncalled bet ($2) returned to MTails
MTails collected $2 from pot
MTails: doesn't show hand
*** SUMMARY ***
Total pot $2 | Rake $0
Seat 3: ppricha003 (button) (small blind) folded before Flop
Seat 4: MTails (big blind) collected ($2)


PokerStars Hand #171679489327:  Hold'em Limit ($3/$6 USD) - 2017/06/12 10:46:19 ET
Table 'Idaios II' 6-max Seat #4 is the button
Seat 3: ppricha003 ($15.87 in chips)
Seat 4: MTails ($135.40 in chips)
MTails: posts small blind $1
ppricha003: posts big blind $3
*** HOLE CARDS ***
MTails: raises $3 to $6
ppricha003: calls $3
*** FLOP *** [4c Qc 6d]
ppricha003: checks
MTails: bets $3
ppricha003: folds
Uncalled bet ($3) returned to MTails
MTails collected $11.76 from pot
*** SUMMARY ***
Total pot $12 | Rake $0.24
Board [4c Qc 6d]
Seat 3: ppricha003 (big blind) folded on the Flop
Seat 4: MTails (button) (small blind) collected ($11.76)


PokerStars Hand #171679495104:  Hold'em Limit ($3/$6 USD) - 2017/06/12 10:46:29 ET
Table 'Idaios II' 6-max Seat #3 is the button
Seat 3: ppricha003 ($9.87 in chips)
Seat 4: MTails ($141.16 in chips)
ppricha003: posts small blind $1
MTails: posts big blind $3
*** HOLE CARDS ***
ppricha003: raises $3 to $6
MTails: raises $3 to $9
ppricha003: raises $0.87 to $9.87 and is all-in
Betting is capped
MTails: calls $0.87
*** FLOP *** [9h 3h 9d]
*** TURN *** [9h 3h 9d] [Tc]
*** RIVER *** [9h 3h 9d Tc] [Jd]
*** SHOW DOWN ***
MTails: shows [6c 7d] (a pair of Nines)
ppricha003: shows [Ts Td] (a full house, Tens full of Nines)
ppricha003 collected $19.35 from pot
*** SUMMARY ***
Total pot $19.74 | Rake $0.39
Board [9h 3h 9d Tc Jd]
Seat 3: ppricha003 (button) (small blind) showed [Ts Td] and won ($19.35) with a full house, Tens full of Nines
Seat 4: MTails (big blind) showed [6c 7d] and lost with a pair of Nines


PokerStars Hand #171679503979:  Hold'em Limit ($3/$6 USD) - 2017/06/12 10:46:44 ET
Table 'Idaios II' 6-max Seat #4 is the button
Seat 3: ppricha003 ($19.35 in chips)
Seat 4: MTails ($131.29 in chips)
MTails: posts small blind $1
ppricha003: posts big blind $3
*** HOLE CARDS ***
MTails: raises $3 to $6
ppricha003: calls $3
*** FLOP *** [As Qh Ah]
ppricha003: checks
MTails: bets $3
ppricha003: folds
Uncalled bet ($3) returned to MTails
MTails collected $11.76 from pot
*** SUMMARY ***
Total pot $12 | Rake $0.24
Board [As Qh Ah]
Seat 3: ppricha003 (big blind) folded on the Flop
Seat 4: MTails (button) (small blind) collected ($11.76)


PokerStars Hand #171679509810:  Hold'em Limit ($3/$6 USD) - 2017/06/12 10:46:55 ET
Table 'Idaios II' 6-max Seat #3 is the button
Seat 3: ppricha003 ($13.35 in chips)
Seat 4: MTails ($137.05 in chips)
ppricha003: posts small blind $1
MTails: posts big blind $3
*** HOLE CARDS ***
ppricha003: folds
Uncalled bet ($2) returned to MTails
MTails collected $2 from pot
MTails: doesn't show hand
*** SUMMARY ***
Total pot $2 | Rake $0
Seat 3: ppricha003 (button) (small blind) folded before Flop
Seat 4: MTails (big blind) collected ($2)


PokerStars Hand #171679513070:  Hold'em Limit ($3/$6 USD) - 2017/06/12 10:47:00 ET
Table 'Idaios II' 6-max Seat #4 is the button
Seat 3: ppricha003 ($12.35 in chips)
Seat 4: MTails ($138.05 in chips)
MTails: posts small blind $1
ppricha003: posts big blind $3
*** HOLE CARDS ***
MTails: raises $3 to $6
ppricha003: calls $3
*** FLOP *** [Js 3c 7d]
ppricha003: bets $3
MTails: calls $3
*** TURN *** [Js 3c 7d] [Kd]
ppricha003: bets $3.35 and is all-in
MTails: calls $3.35
*** RIVER *** [Js 3c 7d Kd] [4c]
*** SHOW DOWN ***
ppricha003: shows [2h 2c] (a pair of Deuces)
MTails: shows [Ts Kh] (a pair of Kings)
MTails collected $24.21 from pot
*** SUMMARY ***
Total pot $24.70 | Rake $0.49
Board [Js 3c 7d Kd 4c]
Seat 3: ppricha003 (big blind) showed [2h 2c] and lost with a pair of Deuces
Seat 4: MTails (button) (small blind) showed [Ts Kh] and won ($24.21) with a pair of Kings


