PokerStars Hand #148086079902:  Hold'em Limit ($3/$6 USD) - 2016/02/01 20:12:48 ET
Table 'Idelsonia' 2-max Seat #1 is the button
Seat 1: AutoCalll ($140.14 in chips)
Seat 2: ChrisTuff ($123 in chips)
AutoCalll: posts small blind $1
ChrisTuff: posts big blind $3
*** HOLE CARDS ***
AutoCalll: raises $3 to $6
ChrisTuff: raises $3 to $9
AutoCalll: calls $3
*** FLOP *** [Qh 7d Kc]
ChrisTuff: bets $3
AutoCalll: calls $3
*** TURN *** [Qh 7d Kc] [7h]
ChrisTuff: bets $6
AutoCalll: calls $6
*** RIVER *** [Qh 7d Kc 7h] [5d]
ChrisTuff: bets $6
AutoCalll: raises $6 to $12
ChrisTuff: folds
Uncalled bet ($6) returned to AutoCalll
AutoCalll collected $47.50 from pot
AutoCalll: shows [Ac 7s] (three of a kind, Sevens)
*** SUMMARY ***
Total pot $48 | Rake $0.50
Board [Qh 7d Kc 7h 5d]
Seat 1: AutoCalll (button) (small blind) collected ($47.50)
Seat 2: ChrisTuff (big blind) folded on the River


PokerStars Hand #148086077031:  Hold'em Limit ($3/$6 USD) - 2016/02/01 20:12:43 ET
Table 'Idelsonia' 2-max Seat #2 is the button
Seat 1: AutoCalll ($143.14 in chips)
Seat 2: ChrisTuff ($120 in chips)
ChrisTuff: posts small blind $1
AutoCalll: posts big blind $3
*** HOLE CARDS ***
ChrisTuff: raises $3 to $6
AutoCalll: folds
Uncalled bet ($3) returned to ChrisTuff
ChrisTuff collected $6 from pot
ChrisTuff: doesn't show hand
*** SUMMARY ***
Total pot $6 | Rake $0
Seat 1: AutoCalll (big blind) folded before Flop
Seat 2: ChrisTuff (button) (small blind) collected ($6)


PokerStars Hand #148086069466:  Hold'em Limit ($3/$6 USD) - 2016/02/01 20:12:30 ET
Table 'Idelsonia' 2-max Seat #1 is the button
Seat 1: AutoCalll ($134.50 in chips)
Seat 2: ChrisTuff ($120 in chips)
AutoCalll: posts small blind $1
ChrisTuff: posts big blind $3
*** HOLE CARDS ***
AutoCalll: raises $3 to $6
ChrisTuff: calls $3
*** FLOP *** [Qd 5h 7h]
ChrisTuff: checks
AutoCalll: bets $3
ChrisTuff: calls $3
*** TURN *** [Qd 5h 7h] [Ad]
ChrisTuff: checks
AutoCalll: bets $6
ChrisTuff: folds
Uncalled bet ($6) returned to AutoCalll
AutoCalll collected $17.64 from pot
*** SUMMARY ***
Total pot $18 | Rake $0.36
Board [Qd 5h 7h Ad]
Seat 1: AutoCalll (button) (small blind) collected ($17.64)
Seat 2: ChrisTuff (big blind) folded on the Turn


PokerStars Hand #148086054568:  Hold'em Limit ($3/$6 USD) - 2016/02/01 20:12:05 ET
Table 'Idelsonia' 2-max Seat #2 is the button
Seat 1: AutoCalll ($120 in chips)
Seat 2: ChrisTuff ($120 in chips)
ChrisTuff: posts small blind $1
AutoCalll: posts big blind $3
*** HOLE CARDS ***
ChrisTuff: raises $3 to $6
AutoCalll: raises $3 to $9
ChrisTuff: calls $3
*** FLOP *** [2d Kh 9h]
AutoCalll: checks
ChrisTuff: checks
*** TURN *** [2d Kh 9h] [Ad]
AutoCalll: bets $6
ChrisTuff: calls $6
*** RIVER *** [2d Kh 9h Ad] [4s]
AutoCalll: bets $6
ChrisTuff: folds
Uncalled bet ($6) returned to AutoCalll
AutoCalll collected $29.50 from pot
AutoCalll: shows [Kc Kd] (three of a kind, Kings)
*** SUMMARY ***
Total pot $30 | Rake $0.50
Board [2d Kh 9h Ad 4s]
Seat 1: AutoCalll (big blind) collected ($29.50)
Seat 2: ChrisTuff (button) (small blind) folded on the River


PokerStars Hand #148086127281:  Hold'em Limit ($3/$6 USD) - 2016/02/01 20:14:08 ET
Table 'Idelsonia' 2-max Seat #2 is the button
Seat 1: AutoCalll ($136.14 in chips)
Seat 2: ChrisTuff ($145.76 in chips)
ChrisTuff: posts small blind $1
AutoCalll: posts big blind $3
*** HOLE CARDS ***
ChrisTuff: raises $3 to $6
AutoCalll: calls $3
*** FLOP *** [Jc 6h 9h]
AutoCalll: checks
ChrisTuff: bets $3
AutoCalll: calls $3
*** TURN *** [Jc 6h 9h] [4c]
AutoCalll: checks
ChrisTuff: bets $6
AutoCalll: folds
Uncalled bet ($6) returned to ChrisTuff
ChrisTuff collected $17.64 from pot
ChrisTuff: doesn't show hand
*** SUMMARY ***
Total pot $18 | Rake $0.36
Board [Jc 6h 9h 4c]
Seat 1: AutoCalll (big blind) folded on the Turn
Seat 2: ChrisTuff (button) (small blind) collected ($17.64)


PokerStars Hand #148086123562:  Hold'em Limit ($3/$6 USD) - 2016/02/01 20:14:01 ET
Table 'Idelsonia' 2-max Seat #1 is the button
Seat 1: AutoCalll ($133.14 in chips)
Seat 2: ChrisTuff ($148.76 in chips)
AutoCalll: posts small blind $1
ChrisTuff: posts big blind $3
*** HOLE CARDS ***
AutoCalll: raises $3 to $6
ChrisTuff: folds
Uncalled bet ($3) returned to AutoCalll
AutoCalll collected $6 from pot
AutoCalll: doesn't show hand
*** SUMMARY ***
Total pot $6 | Rake $0
Seat 1: AutoCalll (button) (small blind) collected ($6)
Seat 2: ChrisTuff (big blind) folded before Flop


PokerStars Hand #148086119636:  Hold'em Limit ($3/$6 USD) - 2016/02/01 20:13:55 ET
Table 'Idelsonia' 2-max Seat #2 is the button
Seat 1: AutoCalll ($136.14 in chips)
Seat 2: ChrisTuff ($145.76 in chips)
ChrisTuff: posts small blind $1
AutoCalll: posts big blind $3
*** HOLE CARDS ***
ChrisTuff: raises $3 to $6
AutoCalll: folds
Uncalled bet ($3) returned to ChrisTuff
ChrisTuff collected $6 from pot
ChrisTuff: doesn't show hand
*** SUMMARY ***
Total pot $6 | Rake $0
Seat 1: AutoCalll (big blind) folded before Flop
Seat 2: ChrisTuff (button) (small blind) collected ($6)


PokerStars Hand #148086112461:  Hold'em Limit ($3/$6 USD) - 2016/02/01 20:13:43 ET
Table 'Idelsonia' 2-max Seat #1 is the button
Seat 1: AutoCalll ($115.64 in chips)
Seat 2: ChrisTuff ($166.76 in chips)
AutoCalll: posts small blind $1
ChrisTuff: posts big blind $3
*** HOLE CARDS ***
AutoCalll: raises $3 to $6
ChrisTuff: calls $3
*** FLOP *** [7h 3s 2d]
ChrisTuff: checks
AutoCalll: bets $3
ChrisTuff: calls $3
*** TURN *** [7h 3s 2d] [Kc]
ChrisTuff: checks
AutoCalll: bets $6
ChrisTuff: calls $6
*** RIVER *** [7h 3s 2d Kc] [Tc]
ChrisTuff: checks
AutoCalll: bets $6
ChrisTuff: calls $6
*** SHOW DOWN ***
AutoCalll: shows [Ks Qs] (a pair of Kings)
ChrisTuff: mucks hand
AutoCalll collected $41.50 from pot
*** SUMMARY ***
Total pot $42 | Rake $0.50
Board [7h 3s 2d Kc Tc]
Seat 1: AutoCalll (button) (small blind) showed [Ks Qs] and won ($41.50) with a pair of Kings
Seat 2: ChrisTuff (big blind) mucked


PokerStars Hand #148086108028:  Hold'em Limit ($3/$6 USD) - 2016/02/01 20:13:35 ET
Table 'Idelsonia' 2-max Seat #2 is the button
Seat 1: AutoCalll ($121.64 in chips)
Seat 2: ChrisTuff ($161 in chips)
ChrisTuff: posts small blind $1
AutoCalll: posts big blind $3
*** HOLE CARDS ***
ChrisTuff: raises $3 to $6
AutoCalll: calls $3
*** FLOP *** [6c Ks Qh]
AutoCalll: checks
ChrisTuff: bets $3
AutoCalll: folds
Uncalled bet ($3) returned to ChrisTuff
ChrisTuff collected $11.76 from pot
ChrisTuff: doesn't show hand
*** SUMMARY ***
Total pot $12 | Rake $0.24
Board [6c Ks Qh]
Seat 1: AutoCalll (big blind) folded on the Flop
Seat 2: ChrisTuff (button) (small blind) collected ($11.76)


PokerStars Hand #148086099545:  Hold'em Limit ($3/$6 USD) - 2016/02/01 20:13:21 ET
Table 'Idelsonia' 2-max Seat #1 is the button
Seat 1: AutoCalll ($142.64 in chips)
Seat 2: ChrisTuff ($140.50 in chips)
AutoCalll: posts small blind $1
ChrisTuff: posts big blind $3
*** HOLE CARDS ***
AutoCalll: raises $3 to $6
ChrisTuff: calls $3
*** FLOP *** [Tc 7h 9h]
ChrisTuff: checks
AutoCalll: bets $3
ChrisTuff: calls $3
*** TURN *** [Tc 7h 9h] [Jd]
ChrisTuff: bets $6
AutoCalll: calls $6
*** RIVER *** [Tc 7h 9h Jd] [7s]
ChrisTuff: bets $6
AutoCalll: calls $6
*** SHOW DOWN ***
ChrisTuff: shows [8s As] (a straight, Seven to Jack)
AutoCalll: mucks hand
ChrisTuff collected $41.50 from pot
*** SUMMARY ***
Total pot $42 | Rake $0.50
Board [Tc 7h 9h Jd 7s]
Seat 1: AutoCalll (button) (small blind) mucked
Seat 2: ChrisTuff (big blind) showed [8s As] and won ($41.50) with a straight, Seven to Jack


PokerStars Hand #148086089637:  Hold'em Limit ($3/$6 USD) - 2016/02/01 20:13:04 ET
Table 'Idelsonia' 2-max Seat #2 is the button
Seat 1: AutoCalll ($163.64 in chips)
Seat 2: ChrisTuff ($120 in chips)
ChrisTuff: posts small blind $1
AutoCalll: posts big blind $3
*** HOLE CARDS ***
ChrisTuff: raises $3 to $6
AutoCalll: calls $3
*** FLOP *** [3h Jh 8s]
AutoCalll: checks
ChrisTuff: bets $3
AutoCalll: calls $3
*** TURN *** [3h Jh 8s] [Ah]
AutoCalll: checks
ChrisTuff: bets $6
AutoCalll: raises $6 to $12
ChrisTuff: raises $6 to $18
AutoCalll: folds
Uncalled bet ($6) returned to ChrisTuff
ChrisTuff collected $41.50 from pot
ChrisTuff: doesn't show hand
*** SUMMARY ***
Total pot $42 | Rake $0.50
Board [3h Jh 8s Ah]
Seat 1: AutoCalll (big blind) folded on the Turn
Seat 2: ChrisTuff (button) (small blind) collected ($41.50)


PokerStars Hand #148086156652:  Hold'em Limit ($3/$6 USD) - 2016/02/01 20:14:57 ET
Table 'Idelsonia' 2-max Seat #1 is the button
Seat 1: AutoCalll ($72.14 in chips)
Seat 2: ChrisTuff ($208.16 in chips)
AutoCalll: posts small blind $1
ChrisTuff: posts big blind $3
*** HOLE CARDS ***
AutoCalll: raises $3 to $6
ChrisTuff: calls $3
*** FLOP *** [2c Kh 6c]
ChrisTuff: checks
AutoCalll: bets $3
ChrisTuff: calls $3
*** TURN *** [2c Kh 6c] [6d]
ChrisTuff: checks
AutoCalll: bets $6
ChrisTuff: folds
Uncalled bet ($6) returned to AutoCalll
AutoCalll collected $17.64 from pot
*** SUMMARY ***
Total pot $18 | Rake $0.36
Board [2c Kh 6c 6d]
Seat 1: AutoCalll (button) (small blind) collected ($17.64)
Seat 2: ChrisTuff (big blind) folded on the Turn


PokerStars Hand #148086152337:  Hold'em Limit ($3/$6 USD) - 2016/02/01 20:14:50 ET
Table 'Idelsonia' 2-max Seat #2 is the button
Seat 1: AutoCalll ($78.14 in chips)
Seat 2: ChrisTuff ($202.40 in chips)
ChrisTuff: posts small blind $1
AutoCalll: posts big blind $3
*** HOLE CARDS ***
ChrisTuff: raises $3 to $6
AutoCalll: calls $3
*** FLOP *** [7d Ks Ad]
AutoCalll: checks
ChrisTuff: bets $3
AutoCalll: folds
Uncalled bet ($3) returned to ChrisTuff
ChrisTuff collected $11.76 from pot
ChrisTuff: doesn't show hand
*** SUMMARY ***
Total pot $12 | Rake $0.24
Board [7d Ks Ad]
Seat 1: AutoCalll (big blind) folded on the Flop
Seat 2: ChrisTuff (button) (small blind) collected ($11.76)


PokerStars Hand #148086149380:  Hold'em Limit ($3/$6 USD) - 2016/02/01 20:14:45 ET
Table 'Idelsonia' 2-max Seat #1 is the button
Seat 1: AutoCalll ($79.14 in chips)
Seat 2: ChrisTuff ($201.40 in chips)
AutoCalll: posts small blind $1
ChrisTuff: posts big blind $3
*** HOLE CARDS ***
AutoCalll: folds
Uncalled bet ($2) returned to ChrisTuff
ChrisTuff collected $2 from pot
ChrisTuff: doesn't show hand
*** SUMMARY ***
Total pot $2 | Rake $0
Seat 1: AutoCalll (button) (small blind) folded before Flop
Seat 2: ChrisTuff (big blind) collected ($2)


PokerStars Hand #148086142537:  Hold'em Limit ($3/$6 USD) - 2016/02/01 20:14:33 ET
Table 'Idelsonia' 2-max Seat #2 is the button
Seat 1: AutoCalll ($94.14 in chips)
Seat 2: ChrisTuff ($186.90 in chips)
ChrisTuff: posts small blind $1
AutoCalll: posts big blind $3
*** HOLE CARDS ***
ChrisTuff: raises $3 to $6
AutoCalll: calls $3
*** FLOP *** [4s Js Ks]
AutoCalll: checks
ChrisTuff: bets $3
AutoCalll: calls $3
*** TURN *** [4s Js Ks] [8c]
AutoCalll: checks
ChrisTuff: checks
*** RIVER *** [4s Js Ks 8c] [6d]
AutoCalll: checks
ChrisTuff: bets $6
AutoCalll: calls $6
*** SHOW DOWN ***
ChrisTuff: shows [9c 9s] (a pair of Nines)
AutoCalll: mucks hand
ChrisTuff collected $29.50 from pot
*** SUMMARY ***
Total pot $30 | Rake $0.50
Board [4s Js Ks 8c 6d]
Seat 1: AutoCalll (big blind) mucked
Seat 2: ChrisTuff (button) (small blind) showed [9c 9s] and won ($29.50) with a pair of Nines


PokerStars Hand #148086133371:  Hold'em Limit ($3/$6 USD) - 2016/02/01 20:14:18 ET
Table 'Idelsonia' 2-max Seat #1 is the button
Seat 1: AutoCalll ($127.14 in chips)
Seat 2: ChrisTuff ($154.40 in chips)
AutoCalll: posts small blind $1
ChrisTuff: posts big blind $3
*** HOLE CARDS ***
AutoCalll: raises $3 to $6
ChrisTuff: raises $3 to $9
AutoCalll: calls $3
*** FLOP *** [Ac 6c Th]
ChrisTuff: bets $3
AutoCalll: raises $3 to $6
ChrisTuff: calls $3
*** TURN *** [Ac 6c Th] [8s]
ChrisTuff: checks
AutoCalll: bets $6
ChrisTuff: calls $6
*** RIVER *** [Ac 6c Th 8s] [Js]
ChrisTuff: checks
AutoCalll: bets $6
ChrisTuff: raises $6 to $12
AutoCalll: calls $6
*** SHOW DOWN ***
ChrisTuff: shows [Qc Kh] (a straight, Ten to Ace)
AutoCalll: mucks hand
ChrisTuff collected $65.50 from pot
*** SUMMARY ***
Total pot $66 | Rake $0.50
Board [Ac 6c Th 8s Js]
Seat 1: AutoCalll (button) (small blind) mucked
Seat 2: ChrisTuff (big blind) showed [Qc Kh] and won ($65.50) with a straight, Ten to Ace


PokerStars Hand #148086201479:  Hold'em Limit ($3/$6 USD) - 2016/02/01 20:16:13 ET
Table 'Idelsonia' 2-max Seat #1 is the button
Seat 1: AutoCalll ($192.10 in chips)
Seat 2: ChrisTuff ($186.42 in chips)
AutoCalll: posts small blind $1
ChrisTuff: posts big blind $3
*** HOLE CARDS ***
AutoCalll: folds
Uncalled bet ($2) returned to ChrisTuff
ChrisTuff collected $2 from pot
ChrisTuff: doesn't show hand
*** SUMMARY ***
Total pot $2 | Rake $0
Seat 1: AutoCalll (button) (small blind) folded before Flop
Seat 2: ChrisTuff (big blind) collected ($2)


PokerStars Hand #148086194317:  Hold'em Limit ($3/$6 USD) - 2016/02/01 20:16:01 ET
Table 'Idelsonia' 2-max Seat #2 is the button
Seat 1: AutoCalll ($171.60 in chips)
Seat 2: ChrisTuff ($207.42 in chips)
ChrisTuff: posts small blind $1
AutoCalll: posts big blind $3
*** HOLE CARDS ***
ChrisTuff: raises $3 to $6
AutoCalll: raises $3 to $9
ChrisTuff: calls $3
*** FLOP *** [Ks Ac 9h]
AutoCalll: checks
ChrisTuff: checks
*** TURN *** [Ks Ac 9h] [8d]
AutoCalll: bets $6
ChrisTuff: calls $6
*** RIVER *** [Ks Ac 9h 8d] [Jh]
AutoCalll: bets $6
ChrisTuff: calls $6
*** SHOW DOWN ***
AutoCalll: shows [7c Ah] (a pair of Aces)
ChrisTuff: mucks hand
AutoCalll collected $41.50 from pot
*** SUMMARY ***
Total pot $42 | Rake $0.50
Board [Ks Ac 9h 8d Jh]
Seat 1: AutoCalll (big blind) showed [7c Ah] and won ($41.50) with a pair of Aces
Seat 2: ChrisTuff (button) (small blind) mucked


PokerStars Hand #148086186171:  Hold'em Limit ($3/$6 USD) - 2016/02/01 20:15:47 ET
Table 'Idelsonia' 2-max Seat #1 is the button
Seat 1: AutoCalll ($148.10 in chips)
Seat 2: ChrisTuff ($231.42 in chips)
AutoCalll: posts small blind $1
ChrisTuff: posts big blind $3
*** HOLE CARDS ***
AutoCalll: raises $3 to $6
ChrisTuff: calls $3
*** FLOP *** [6s 4d Jh]
ChrisTuff: checks
AutoCalll: bets $3
ChrisTuff: raises $3 to $6
AutoCalll: calls $3
*** TURN *** [6s 4d Jh] [8s]
ChrisTuff: bets $6
AutoCalll: calls $6
*** RIVER *** [6s 4d Jh 8s] [3h]
ChrisTuff: bets $6
AutoCalll: calls $6
*** SHOW DOWN ***
ChrisTuff: shows [5c 8c] (a pair of Eights)
AutoCalll: shows [Js 7d] (a pair of Jacks)
AutoCalll collected $47.50 from pot
*** SUMMARY ***
Total pot $48 | Rake $0.50
Board [6s 4d Jh 8s 3h]
Seat 1: AutoCalll (button) (small blind) showed [Js 7d] and won ($47.50) with a pair of Jacks
Seat 2: ChrisTuff (big blind) showed [5c 8c] and lost with a pair of Eights


PokerStars Hand #148086179108:  Hold'em Limit ($3/$6 USD) - 2016/02/01 20:15:35 ET
Table 'Idelsonia' 2-max Seat #2 is the button
Seat 1: AutoCalll ($139.46 in chips)
Seat 2: ChrisTuff ($240.42 in chips)
ChrisTuff: posts small blind $1
AutoCalll: posts big blind $3
*** HOLE CARDS ***
ChrisTuff: raises $3 to $6
AutoCalll: raises $3 to $9
ChrisTuff: calls $3
*** FLOP *** [Qs 3c Jc]
AutoCalll: checks
ChrisTuff: checks
*** TURN *** [Qs 3c Jc] [7c]
AutoCalll: bets $6
ChrisTuff: folds
Uncalled bet ($6) returned to AutoCalll
AutoCalll collected $17.64 from pot
*** SUMMARY ***
Total pot $18 | Rake $0.36
Board [Qs 3c Jc 7c]
Seat 1: AutoCalll (big blind) collected ($17.64)
Seat 2: ChrisTuff (button) (small blind) folded on the Turn


PokerStars Hand #148086162836:  Hold'em Limit ($3/$6 USD) - 2016/02/01 20:15:08 ET
Table 'Idelsonia' 2-max Seat #2 is the button
Seat 1: AutoCalll ($80.78 in chips)
Seat 2: ChrisTuff ($199.16 in chips)
ChrisTuff: posts small blind $1
AutoCalll: posts big blind $3
*** HOLE CARDS ***
ChrisTuff: raises $3 to $6
AutoCalll: raises $3 to $9
ChrisTuff: calls $3
*** FLOP *** [Th 8d 6s]
AutoCalll: bets $3
ChrisTuff: calls $3
*** TURN *** [Th 8d 6s] [Jd]
AutoCalll: bets $6
ChrisTuff: raises $6 to $12
AutoCalll: raises $6 to $18
ChrisTuff: calls $6
*** RIVER *** [Th 8d 6s Jd] [8h]
AutoCalll: bets $6
ChrisTuff: calls $6
*** SHOW DOWN ***
AutoCalll: shows [5d Kd] (a pair of Eights)
ChrisTuff: shows [Jh Qd] (two pair, Jacks and Eights)
ChrisTuff collected $71.50 from pot
*** SUMMARY ***
Total pot $72 | Rake $0.50
Board [Th 8d 6s Jd 8h]
Seat 1: AutoCalll (big blind) showed [5d Kd] and lost with a pair of Eights
Seat 2: ChrisTuff (button) (small blind) showed [Jh Qd] and won ($71.50) with two pair, Jacks and Eights


PokerStars Hand #148086170942:  Hold'em Limit ($3/$6 USD) - 2016/02/01 20:15:21 ET
Table 'Idelsonia' 2-max Seat #1 is the button
Seat 1: AutoCalll ($44.78 in chips)
Seat 2: ChrisTuff ($234.66 in chips)
AutoCalll: posts small blind $1
ChrisTuff: posts big blind $3
*** HOLE CARDS ***
AutoCalll: calls $2
ChrisTuff: raises $3 to $6
AutoCalll: calls $3
*** FLOP *** [6d As 2h]
ChrisTuff: bets $3
AutoCalll: folds
Uncalled bet ($3) returned to ChrisTuff
ChrisTuff collected $11.76 from pot
ChrisTuff: doesn't show hand
*** SUMMARY ***
Total pot $12 | Rake $0.24
Board [6d As 2h]
Seat 1: AutoCalll (button) (small blind) folded on the Flop
Seat 2: ChrisTuff (big blind) collected ($11.76)


PokerStars Hand #148086228622:  Hold'em Limit ($3/$6 USD) - 2016/02/01 20:16:59 ET
Table 'Idelsonia' 2-max Seat #1 is the button
Seat 1: AutoCalll ($190.60 in chips)
Seat 2: ChrisTuff ($186.92 in chips)
AutoCalll: posts small blind $1
ChrisTuff: posts big blind $3
*** HOLE CARDS ***
AutoCalll: folds
Uncalled bet ($2) returned to ChrisTuff
ChrisTuff collected $2 from pot
ChrisTuff: doesn't show hand
*** SUMMARY ***
Total pot $2 | Rake $0
Seat 1: AutoCalll (button) (small blind) folded before Flop
Seat 2: ChrisTuff (big blind) collected ($2)


PokerStars Hand #148086225647:  Hold'em Limit ($3/$6 USD) - 2016/02/01 20:16:54 ET
Table 'Idelsonia' 2-max Seat #2 is the button
Seat 1: AutoCalll ($189.60 in chips)
Seat 2: ChrisTuff ($187.92 in chips)
ChrisTuff: posts small blind $1
AutoCalll: posts big blind $3
*** HOLE CARDS ***
ChrisTuff: folds
Uncalled bet ($2) returned to AutoCalll
AutoCalll collected $2 from pot
*** SUMMARY ***
Total pot $2 | Rake $0
Seat 1: AutoCalll (big blind) collected ($2)
Seat 2: ChrisTuff (button) (small blind) folded before Flop


PokerStars Hand #148086222867:  Hold'em Limit ($3/$6 USD) - 2016/02/01 20:16:49 ET
Table 'Idelsonia' 2-max Seat #1 is the button
Seat 1: AutoCalll ($190.60 in chips)
Seat 2: ChrisTuff ($186.92 in chips)
AutoCalll: posts small blind $1
ChrisTuff: posts big blind $3
*** HOLE CARDS ***
AutoCalll: folds
Uncalled bet ($2) returned to ChrisTuff
ChrisTuff collected $2 from pot
ChrisTuff: doesn't show hand
*** SUMMARY ***
Total pot $2 | Rake $0
Seat 1: AutoCalll (button) (small blind) folded before Flop
Seat 2: ChrisTuff (big blind) collected ($2)


PokerStars Hand #148086215846:  Hold'em Limit ($3/$6 USD) - 2016/02/01 20:16:37 ET
Table 'Idelsonia' 2-max Seat #2 is the button
Seat 1: AutoCalll ($211.60 in chips)
Seat 2: ChrisTuff ($166.42 in chips)
ChrisTuff: posts small blind $1
AutoCalll: posts big blind $3
*** HOLE CARDS ***
ChrisTuff: raises $3 to $6
AutoCalll: raises $3 to $9
ChrisTuff: calls $3
*** FLOP *** [Ks Jh Th]
AutoCalll: checks
ChrisTuff: checks
*** TURN *** [Ks Jh Th] [Ah]
AutoCalll: bets $6
ChrisTuff: calls $6
*** RIVER *** [Ks Jh Th Ah] [6d]
AutoCalll: bets $6
ChrisTuff: calls $6
*** SHOW DOWN ***
AutoCalll: shows [7c Kd] (a pair of Kings)
ChrisTuff: shows [2s As] (a pair of Aces)
ChrisTuff collected $41.50 from pot
*** SUMMARY ***
Total pot $42 | Rake $0.50
Board [Ks Jh Th Ah 6d]
Seat 1: AutoCalll (big blind) showed [7c Kd] and lost with a pair of Kings
Seat 2: ChrisTuff (button) (small blind) showed [2s As] and won ($41.50) with a pair of Aces


PokerStars Hand #148086204240:  Hold'em Limit ($3/$6 USD) - 2016/02/01 20:16:17 ET
Table 'Idelsonia' 2-max Seat #2 is the button
Seat 1: AutoCalll ($191.10 in chips)
Seat 2: ChrisTuff ($187.42 in chips)
ChrisTuff: posts small blind $1
AutoCalll: posts big blind $3
*** HOLE CARDS ***
ChrisTuff: raises $3 to $6
AutoCalll: folds
Uncalled bet ($3) returned to ChrisTuff
ChrisTuff collected $6 from pot
ChrisTuff: doesn't show hand
*** SUMMARY ***
Total pot $6 | Rake $0
Seat 1: AutoCalll (big blind) folded before Flop
Seat 2: ChrisTuff (button) (small blind) collected ($6)


PokerStars Hand #148086206790:  Hold'em Limit ($3/$6 USD) - 2016/02/01 20:16:22 ET
Table 'Idelsonia' 2-max Seat #1 is the button
Seat 1: AutoCalll ($188.10 in chips)
Seat 2: ChrisTuff ($190.42 in chips)
AutoCalll: posts small blind $1
ChrisTuff: posts big blind $3
*** HOLE CARDS ***
AutoCalll: raises $3 to $6
ChrisTuff: calls $3
*** FLOP *** [7d Jd 9h]
ChrisTuff: checks
AutoCalll: bets $3
ChrisTuff: raises $3 to $6
AutoCalll: calls $3
*** TURN *** [7d Jd 9h] [Kh]
ChrisTuff: bets $6
AutoCalll: calls $6
*** RIVER *** [7d Jd 9h Kh] [8d]
ChrisTuff: checks
AutoCalll: bets $6
ChrisTuff: calls $6
*** SHOW DOWN ***
AutoCalll: shows [9s Ad] (a pair of Nines)
ChrisTuff: mucks hand
AutoCalll collected $47.50 from pot
*** SUMMARY ***
Total pot $48 | Rake $0.50
Board [7d Jd 9h Kh 8d]
Seat 1: AutoCalll (button) (small blind) showed [9s Ad] and won ($47.50) with a pair of Nines
Seat 2: ChrisTuff (big blind) mucked


PokerStars Hand #148086263808:  Hold'em Limit ($3/$6 USD) - 2016/02/01 20:17:58 ET
Table 'Idelsonia' 2-max Seat #2 is the button
Seat 1: AutoCalll ($158.62 in chips)
Seat 2: ChrisTuff ($217.42 in chips)
ChrisTuff: posts small blind $1
AutoCalll: posts big blind $3
*** HOLE CARDS ***
ChrisTuff: raises $3 to $6
AutoCalll: calls $3
*** FLOP *** [Js 7d 4d]
AutoCalll: checks
ChrisTuff: bets $3
AutoCalll: calls $3
*** TURN *** [Js 7d 4d] [Qh]
AutoCalll: checks
ChrisTuff: checks
*** RIVER *** [Js 7d 4d Qh] [5d]
AutoCalll: checks
ChrisTuff: checks
*** SHOW DOWN ***
AutoCalll: shows [9c 8s] (high card Queen)
ChrisTuff: shows [8c Td] (high card Queen - Jack+Ten kicker)
ChrisTuff collected $17.64 from pot
*** SUMMARY ***
Total pot $18 | Rake $0.36
Board [Js 7d 4d Qh 5d]
Seat 1: AutoCalll (big blind) showed [9c 8s] and lost with high card Queen
Seat 2: ChrisTuff (button) (small blind) showed [8c Td] and won ($17.64) with high card Queen


PokerStars Hand #148086231348:  Hold'em Limit ($3/$6 USD) - 2016/02/01 20:17:04 ET
Table 'Idelsonia' 2-max Seat #2 is the button
Seat 1: AutoCalll ($189.60 in chips)
Seat 2: ChrisTuff ($187.92 in chips)
ChrisTuff: posts small blind $1
AutoCalll: posts big blind $3
*** HOLE CARDS ***
ChrisTuff: raises $3 to $6
AutoCalll: raises $3 to $9
ChrisTuff: calls $3
*** FLOP *** [3d Ts 4c]
AutoCalll: checks
ChrisTuff: bets $3
AutoCalll: calls $3
*** TURN *** [3d Ts 4c] [Jd]
AutoCalll: checks
ChrisTuff: bets $6
AutoCalll: raises $6 to $12
ChrisTuff: raises $6 to $18
AutoCalll: raises $6 to $24
Betting is capped
ChrisTuff: calls $6
*** RIVER *** [3d Ts 4c Jd] [2d]
AutoCalll: bets $6
ChrisTuff: raises $6 to $12
AutoCalll: raises $6 to $18
ChrisTuff: raises $6 to $24
Betting is capped
AutoCalll: calls $6
*** SHOW DOWN ***
ChrisTuff: shows [Ad Td] (a flush, Ace high)
AutoCalll: mucks hand
ChrisTuff collected $119.50 from pot
*** SUMMARY ***
Total pot $120 | Rake $0.50
Board [3d Ts 4c Jd 2d]
Seat 1: AutoCalll (big blind) mucked
Seat 2: ChrisTuff (button) (small blind) showed [Ad Td] and won ($119.50) with a flush, Ace high


PokerStars Hand #148086244133:  Hold'em Limit ($3/$6 USD) - 2016/02/01 20:17:25 ET
Table 'Idelsonia' 2-max Seat #1 is the button
Seat 1: AutoCalll ($129.60 in chips)
Seat 2: ChrisTuff ($247.42 in chips)
AutoCalll: posts small blind $1
ChrisTuff: posts big blind $3
*** HOLE CARDS ***
AutoCalll: raises $3 to $6
ChrisTuff: calls $3
*** FLOP *** [7s Ah Kh]
ChrisTuff: checks
AutoCalll: bets $3
ChrisTuff: folds
Uncalled bet ($3) returned to AutoCalll
AutoCalll collected $11.76 from pot
AutoCalll: doesn't show hand
*** SUMMARY ***
Total pot $12 | Rake $0.24
Board [7s Ah Kh]
Seat 1: AutoCalll (button) (small blind) collected ($11.76)
Seat 2: ChrisTuff (big blind) folded on the Flop


PokerStars Hand #148086249381:  Hold'em Limit ($3/$6 USD) - 2016/02/01 20:17:34 ET
Table 'Idelsonia' 2-max Seat #2 is the button
Seat 1: AutoCalll ($135.36 in chips)
Seat 2: ChrisTuff ($241.42 in chips)
ChrisTuff: posts small blind $1
AutoCalll: posts big blind $3
*** HOLE CARDS ***
ChrisTuff: raises $3 to $6
AutoCalll: raises $3 to $9
ChrisTuff: calls $3
*** FLOP *** [Td 6d Tc]
AutoCalll: bets $3
ChrisTuff: calls $3
*** TURN *** [Td 6d Tc] [3s]
AutoCalll: checks
ChrisTuff: checks
*** RIVER *** [Td 6d Tc 3s] [Js]
AutoCalll: bets $6
ChrisTuff: calls $6
*** SHOW DOWN ***
AutoCalll: shows [Jd Qc] (two pair, Jacks and Tens)
ChrisTuff: mucks hand
AutoCalll collected $35.50 from pot
*** SUMMARY ***
Total pot $36 | Rake $0.50
Board [Td 6d Tc 3s Js]
Seat 1: AutoCalll (big blind) showed [Jd Qc] and won ($35.50) with two pair, Jacks and Tens
Seat 2: ChrisTuff (button) (small blind) mucked


PokerStars Hand #148086257052:  Hold'em Limit ($3/$6 USD) - 2016/02/01 20:17:47 ET
Table 'Idelsonia' 2-max Seat #1 is the button
Seat 1: AutoCalll ($152.86 in chips)
Seat 2: ChrisTuff ($223.42 in chips)
AutoCalll: posts small blind $1
ChrisTuff: posts big blind $3
*** HOLE CARDS ***
AutoCalll: raises $3 to $6
ChrisTuff: calls $3
*** FLOP *** [4h 6s 9h]
ChrisTuff: checks
AutoCalll: checks
*** TURN *** [4h 6s 9h] [As]
ChrisTuff: checks
AutoCalll: bets $6
ChrisTuff: folds
Uncalled bet ($6) returned to AutoCalll
AutoCalll collected $11.76 from pot
*** SUMMARY ***
Total pot $12 | Rake $0.24
Board [4h 6s 9h As]
Seat 1: AutoCalll (button) (small blind) collected ($11.76)
Seat 2: ChrisTuff (big blind) folded on the Turn


PokerStars Hand #148086271103:  Hold'em Limit ($3/$6 USD) - 2016/02/01 20:18:11 ET
Table 'Idelsonia' 2-max Seat #1 is the button
Seat 1: AutoCalll ($149.62 in chips)
Seat 2: ChrisTuff ($226.06 in chips)
AutoCalll: posts small blind $1
ChrisTuff: posts big blind $3
*** HOLE CARDS ***
AutoCalll: raises $3 to $6
ChrisTuff: raises $3 to $9
AutoCalll: calls $3
*** FLOP *** [Jd As Td]
ChrisTuff: bets $3
AutoCalll: raises $3 to $6
ChrisTuff: calls $3
*** TURN *** [Jd As Td] [2c]
ChrisTuff: checks
AutoCalll: bets $6
ChrisTuff: raises $6 to $12
AutoCalll: raises $6 to $18
ChrisTuff: raises $6 to $24
Betting is capped
AutoCalll: calls $6
*** RIVER *** [Jd As Td 2c] [4c]
ChrisTuff: bets $6
AutoCalll: raises $6 to $12
ChrisTuff: raises $6 to $18
AutoCalll: calls $6
*** SHOW DOWN ***
ChrisTuff: shows [Qc Ks] (a straight, Ten to Ace)
AutoCalll: mucks hand
ChrisTuff collected $113.50 from pot
*** SUMMARY ***
Total pot $114 | Rake $0.50
Board [Jd As Td 2c 4c]
Seat 1: AutoCalll (button) (small blind) mucked
Seat 2: ChrisTuff (big blind) showed [Qc Ks] and won ($113.50) with a straight, Ten to Ace


PokerStars Hand #148086284362:  Hold'em Limit ($3/$6 USD) - 2016/02/01 20:18:33 ET
Table 'Idelsonia' 2-max Seat #2 is the button
Seat 1: AutoCalll ($92.62 in chips)
Seat 2: ChrisTuff ($282.56 in chips)
ChrisTuff: posts small blind $1
AutoCalll: posts big blind $3
*** HOLE CARDS ***
ChrisTuff: raises $3 to $6
AutoCalll: calls $3
*** FLOP *** [4s 8s 8c]
AutoCalll: checks
ChrisTuff: bets $3
AutoCalll: calls $3
*** TURN *** [4s 8s 8c] [4c]
AutoCalll: checks
ChrisTuff: bets $6
AutoCalll: raises $6 to $12
ChrisTuff: calls $6
*** RIVER *** [4s 8s 8c 4c] [Ks]
AutoCalll: bets $6
ChrisTuff: calls $6
*** SHOW DOWN ***
AutoCalll: shows [Qd 8d] (a full house, Eights full of Fours)
ChrisTuff: mucks hand
AutoCalll collected $53.50 from pot
*** SUMMARY ***
Total pot $54 | Rake $0.50
Board [4s 8s 8c 4c Ks]
Seat 1: AutoCalll (big blind) showed [Qd 8d] and won ($53.50) with a full house, Eights full of Fours
Seat 2: ChrisTuff (button) (small blind) mucked


PokerStars Hand #148086292382:  Hold'em Limit ($3/$6 USD) - 2016/02/01 20:18:47 ET
Table 'Idelsonia' 2-max Seat #1 is the button
Seat 1: AutoCalll ($119.12 in chips)
Seat 2: ChrisTuff ($255.56 in chips)
AutoCalll: posts small blind $1
ChrisTuff: posts big blind $3
*** HOLE CARDS ***
AutoCalll: raises $3 to $6
ChrisTuff: calls $3
*** FLOP *** [2c 8s 8d]
ChrisTuff: checks
AutoCalll: checks
*** TURN *** [2c 8s 8d] [9h]
ChrisTuff: checks
AutoCalll: bets $6
ChrisTuff: folds
Uncalled bet ($6) returned to AutoCalll
AutoCalll collected $11.76 from pot
*** SUMMARY ***
Total pot $12 | Rake $0.24
Board [2c 8s 8d 9h]
Seat 1: AutoCalll (button) (small blind) collected ($11.76)
Seat 2: ChrisTuff (big blind) folded on the Turn


PokerStars Hand #148086299053:  Hold'em Limit ($3/$6 USD) - 2016/02/01 20:18:58 ET
Table 'Idelsonia' 2-max Seat #2 is the button
Seat 1: AutoCalll ($124.88 in chips)
Seat 2: ChrisTuff ($249.56 in chips)
ChrisTuff: posts small blind $1
AutoCalll: posts big blind $3
*** HOLE CARDS ***
ChrisTuff: raises $3 to $6
AutoCalll: calls $3
*** FLOP *** [Jc 3s 7h]
AutoCalll: checks
ChrisTuff: bets $3
AutoCalll: calls $3
*** TURN *** [Jc 3s 7h] [Kc]
AutoCalll: checks
ChrisTuff: checks
*** RIVER *** [Jc 3s 7h Kc] [8s]
AutoCalll: checks
ChrisTuff: bets $6
AutoCalll: folds
Uncalled bet ($6) returned to ChrisTuff
ChrisTuff collected $17.64 from pot
ChrisTuff: doesn't show hand
*** SUMMARY ***
Total pot $18 | Rake $0.36
Board [Jc 3s 7h Kc 8s]
Seat 1: AutoCalll (big blind) folded on the River
Seat 2: ChrisTuff (button) (small blind) collected ($17.64)


PokerStars Hand #148086312403:  Hold'em Limit ($3/$6 USD) - 2016/02/01 20:19:21 ET
Table 'Idelsonia' 2-max Seat #2 is the button
Seat 1: AutoCalll ($103.88 in chips)
Seat 2: ChrisTuff ($269.72 in chips)
ChrisTuff: posts small blind $1
AutoCalll: posts big blind $3
*** HOLE CARDS ***
ChrisTuff: folds
Uncalled bet ($2) returned to AutoCalll
AutoCalll collected $2 from pot
AutoCalll: doesn't show hand
*** SUMMARY ***
Total pot $2 | Rake $0
Seat 1: AutoCalll (big blind) collected ($2)
Seat 2: ChrisTuff (button) (small blind) folded before Flop


PokerStars Hand #148086306392:  Hold'em Limit ($3/$6 USD) - 2016/02/01 20:19:10 ET
Table 'Idelsonia' 2-max Seat #1 is the button
Seat 1: AutoCalll ($115.88 in chips)
Seat 2: ChrisTuff ($258.20 in chips)
AutoCalll: posts small blind $1
ChrisTuff: posts big blind $3
*** HOLE CARDS ***
AutoCalll: raises $3 to $6
ChrisTuff: raises $3 to $9
AutoCalll: calls $3
*** FLOP *** [2s Ts 6h]
ChrisTuff: bets $3
AutoCalll: calls $3
*** TURN *** [2s Ts 6h] [Qc]
ChrisTuff: bets $6
AutoCalll: folds
Uncalled bet ($6) returned to ChrisTuff
ChrisTuff collected $23.52 from pot
ChrisTuff: doesn't show hand
*** SUMMARY ***
Total pot $24 | Rake $0.48
Board [2s Ts 6h Qc]
Seat 1: AutoCalll (button) (small blind) folded on the Turn
Seat 2: ChrisTuff (big blind) collected ($23.52)


PokerStars Hand #148086315102:  Hold'em Limit ($3/$6 USD) - 2016/02/01 20:19:25 ET
Table 'Idelsonia' 2-max Seat #1 is the button
Seat 1: AutoCalll ($104.88 in chips)
Seat 2: ChrisTuff ($268.72 in chips)
AutoCalll: posts small blind $1
ChrisTuff: posts big blind $3
*** HOLE CARDS ***
AutoCalll: raises $3 to $6
ChrisTuff: calls $3
*** FLOP *** [2c 2h 7d]
ChrisTuff: checks
AutoCalll: checks
*** TURN *** [2c 2h 7d] [3h]
ChrisTuff: bets $6
AutoCalll: calls $6
*** RIVER *** [2c 2h 7d 3h] [2s]
ChrisTuff: checks
AutoCalll: bets $6
ChrisTuff: folds
Uncalled bet ($6) returned to AutoCalll
AutoCalll collected $23.52 from pot
*** SUMMARY ***
Total pot $24 | Rake $0.48
Board [2c 2h 7d 3h 2s]
Seat 1: AutoCalll (button) (small blind) collected ($23.52)
Seat 2: ChrisTuff (big blind) folded on the River


PokerStars Hand #148086324011:  Hold'em Limit ($3/$6 USD) - 2016/02/01 20:19:40 ET
Table 'Idelsonia' 2-max Seat #2 is the button
Seat 1: AutoCalll ($116.40 in chips)
Seat 2: ChrisTuff ($256.72 in chips)
ChrisTuff: posts small blind $1
AutoCalll: posts big blind $3
*** HOLE CARDS ***
ChrisTuff: raises $3 to $6
AutoCalll: raises $3 to $9
ChrisTuff: calls $3
*** FLOP *** [Ac Js 7d]
AutoCalll: checks
ChrisTuff: bets $3
AutoCalll: calls $3
*** TURN *** [Ac Js 7d] [4h]
AutoCalll: checks
ChrisTuff: bets $6
AutoCalll: calls $6
*** RIVER *** [Ac Js 7d 4h] [7s]
AutoCalll: checks
ChrisTuff: bets $6
AutoCalll: calls $6
*** SHOW DOWN ***
ChrisTuff: shows [Ah 7c] (a full house, Sevens full of Aces)
AutoCalll: mucks hand
ChrisTuff collected $47.50 from pot
*** SUMMARY ***
Total pot $48 | Rake $0.50
Board [Ac Js 7d 4h 7s]
Seat 1: AutoCalll (big blind) mucked
Seat 2: ChrisTuff (button) (small blind) showed [Ah 7c] and won ($47.50) with a full house, Sevens full of Aces


PokerStars Hand #148086333151:  Hold'em Limit ($3/$6 USD) - 2016/02/01 20:19:56 ET
Table 'Idelsonia' 2-max Seat #1 is the button
Seat 1: AutoCalll ($92.40 in chips)
Seat 2: ChrisTuff ($280.22 in chips)
AutoCalll: posts small blind $1
ChrisTuff: posts big blind $3
*** HOLE CARDS ***
AutoCalll: raises $3 to $6
ChrisTuff: calls $3
*** FLOP *** [Ks 5s 2d]
ChrisTuff: checks
AutoCalll: checks
*** TURN *** [Ks 5s 2d] [4s]
ChrisTuff: checks
AutoCalll: checks
*** RIVER *** [Ks 5s 2d 4s] [Ts]
ChrisTuff: bets $6
AutoCalll: raises $6 to $12
ChrisTuff: calls $6
*** SHOW DOWN ***
AutoCalll: shows [As 6h] (a flush, Ace high)
ChrisTuff: mucks hand
AutoCalll collected $35.50 from pot
*** SUMMARY ***
Total pot $36 | Rake $0.50
Board [Ks 5s 2d 4s Ts]
Seat 1: AutoCalll (button) (small blind) showed [As 6h] and won ($35.50) with a flush, Ace high
Seat 2: ChrisTuff (big blind) mucked


PokerStars Hand #148086341652:  Hold'em Limit ($3/$6 USD) - 2016/02/01 20:20:11 ET
Table 'Idelsonia' 2-max Seat #2 is the button
Seat 1: AutoCalll ($109.90 in chips)
Seat 2: ChrisTuff ($262.22 in chips)
ChrisTuff: posts small blind $1
AutoCalll: posts big blind $3
*** HOLE CARDS ***
ChrisTuff: raises $3 to $6
AutoCalll: calls $3
*** FLOP *** [9d 2s 6s]
AutoCalll: checks
ChrisTuff: bets $3
AutoCalll: calls $3
*** TURN *** [9d 2s 6s] [7d]
AutoCalll: checks
ChrisTuff: bets $6
AutoCalll: raises $6 to $12
ChrisTuff: calls $6
*** RIVER *** [9d 2s 6s 7d] [8c]
AutoCalll: bets $6
ChrisTuff: raises $6 to $12
AutoCalll: raises $6 to $18
ChrisTuff: calls $6
*** SHOW DOWN ***
AutoCalll: shows [8d Th] (a straight, Six to Ten)
ChrisTuff: mucks hand
AutoCalll collected $77.50 from pot
*** SUMMARY ***
Total pot $78 | Rake $0.50
Board [9d 2s 6s 7d 8c]
Seat 1: AutoCalll (big blind) showed [8d Th] and won ($77.50) with a straight, Six to Ten
Seat 2: ChrisTuff (button) (small blind) mucked


PokerStars Hand #148086361508:  Hold'em Limit ($3/$6 USD) - 2016/02/01 20:20:45 ET
Table 'Idelsonia' 2-max Seat #1 is the button
Seat 1: AutoCalll ($152.28 in chips)
Seat 2: ChrisTuff ($219.22 in chips)
AutoCalll: posts small blind $1
ChrisTuff: posts big blind $3
*** HOLE CARDS ***
AutoCalll: folds
Uncalled bet ($2) returned to ChrisTuff
ChrisTuff collected $2 from pot
ChrisTuff: doesn't show hand
*** SUMMARY ***
Total pot $2 | Rake $0
Seat 1: AutoCalll (button) (small blind) folded before Flop
Seat 2: ChrisTuff (big blind) collected ($2)


PokerStars Hand #148086352269:  Hold'em Limit ($3/$6 USD) - 2016/02/01 20:20:29 ET
Table 'Idelsonia' 2-max Seat #1 is the button
Seat 1: AutoCalll ($148.40 in chips)
Seat 2: ChrisTuff ($223.22 in chips)
AutoCalll: posts small blind $1
ChrisTuff: posts big blind $3
*** HOLE CARDS ***
AutoCalll: calls $2
ChrisTuff: checks
*** FLOP *** [9d 7s 9s]
ChrisTuff: checks
AutoCalll: checks
*** TURN *** [9d 7s 9s] [9c]
ChrisTuff: checks
AutoCalll: bets $6
ChrisTuff: folds
Uncalled bet ($6) returned to AutoCalll
AutoCalll collected $5.88 from pot
*** SUMMARY ***
Total pot $6 | Rake $0.12
Board [9d 7s 9s 9c]
Seat 1: AutoCalll (button) (small blind) collected ($5.88)
Seat 2: ChrisTuff (big blind) folded on the Turn


PokerStars Hand #148086371686:  Hold'em Limit ($3/$6 USD) - 2016/02/01 20:21:03 ET
Table 'Idelsonia' 2-max Seat #1 is the button
Seat 1: AutoCalll ($130.28 in chips)
Seat 2: ChrisTuff ($240.72 in chips)
AutoCalll: posts small blind $1
ChrisTuff: posts big blind $3
*** HOLE CARDS ***
AutoCalll: folds
Uncalled bet ($2) returned to ChrisTuff
ChrisTuff collected $2 from pot
ChrisTuff: doesn't show hand
*** SUMMARY ***
Total pot $2 | Rake $0
Seat 1: AutoCalll (button) (small blind) folded before Flop
Seat 2: ChrisTuff (big blind) collected ($2)


PokerStars Hand #148086364188:  Hold'em Limit ($3/$6 USD) - 2016/02/01 20:20:50 ET
Table 'Idelsonia' 2-max Seat #2 is the button
Seat 1: AutoCalll ($151.28 in chips)
Seat 2: ChrisTuff ($220.22 in chips)
ChrisTuff: posts small blind $1
AutoCalll: posts big blind $3
*** HOLE CARDS ***
ChrisTuff: raises $3 to $6
AutoCalll: calls $3
*** FLOP *** [2h 2s 2d]
AutoCalll: checks
ChrisTuff: bets $3
AutoCalll: calls $3
*** TURN *** [2h 2s 2d] [Jd]
AutoCalll: checks
ChrisTuff: bets $6
AutoCalll: calls $6
*** RIVER *** [2h 2s 2d Jd] [8h]
AutoCalll: checks
ChrisTuff: bets $6
AutoCalll: calls $6
*** SHOW DOWN ***
ChrisTuff: shows [9h Jh] (a full house, Deuces full of Jacks)
AutoCalll: mucks hand
ChrisTuff collected $41.50 from pot
*** SUMMARY ***
Total pot $42 | Rake $0.50
Board [2h 2s 2d Jd 8h]
Seat 1: AutoCalll (big blind) mucked
Seat 2: ChrisTuff (button) (small blind) showed [9h Jh] and won ($41.50) with a full house, Deuces full of Jacks


PokerStars Hand #148086374289:  Hold'em Limit ($3/$6 USD) - 2016/02/01 20:21:07 ET
Table 'Idelsonia' 2-max Seat #2 is the button
Seat 1: AutoCalll ($129.28 in chips)
Seat 2: ChrisTuff ($241.72 in chips)
ChrisTuff: posts small blind $1
AutoCalll: posts big blind $3
*** HOLE CARDS ***
ChrisTuff: folds
Uncalled bet ($2) returned to AutoCalll
AutoCalll collected $2 from pot
*** SUMMARY ***
Total pot $2 | Rake $0
Seat 1: AutoCalll (big blind) collected ($2)
Seat 2: ChrisTuff (button) (small blind) folded before Flop


PokerStars Hand #148086383746:  Hold'em Limit ($3/$6 USD) - 2016/02/01 20:21:24 ET
Table 'Idelsonia' 2-max Seat #2 is the button
Seat 1: AutoCalll ($147.78 in chips)
Seat 2: ChrisTuff ($222.72 in chips)
ChrisTuff: posts small blind $1
AutoCalll: posts big blind $3
*** HOLE CARDS ***
ChrisTuff: folds
Uncalled bet ($2) returned to AutoCalll
AutoCalll collected $2 from pot
*** SUMMARY ***
Total pot $2 | Rake $0
Seat 1: AutoCalll (big blind) collected ($2)
Seat 2: ChrisTuff (button) (small blind) folded before Flop


PokerStars Hand #148086377005:  Hold'em Limit ($3/$6 USD) - 2016/02/01 20:21:12 ET
Table 'Idelsonia' 2-max Seat #1 is the button
Seat 1: AutoCalll ($130.28 in chips)
Seat 2: ChrisTuff ($240.72 in chips)
AutoCalll: posts small blind $1
ChrisTuff: posts big blind $3
*** HOLE CARDS ***
AutoCalll: raises $3 to $6
ChrisTuff: calls $3
*** FLOP *** [Ts 5c 4h]
ChrisTuff: checks
AutoCalll: checks
*** TURN *** [Ts 5c 4h] [3s]
ChrisTuff: bets $6
AutoCalll: calls $6
*** RIVER *** [Ts 5c 4h 3s] [Js]
ChrisTuff: bets $6
AutoCalll: calls $6
*** SHOW DOWN ***
ChrisTuff: shows [7h 8c] (high card Jack)
AutoCalll: shows [4d Kc] (a pair of Fours)
AutoCalll collected $35.50 from pot
*** SUMMARY ***
Total pot $36 | Rake $0.50
Board [Ts 5c 4h 3s Js]
Seat 1: AutoCalll (button) (small blind) showed [4d Kc] and won ($35.50) with a pair of Fours
Seat 2: ChrisTuff (big blind) showed [7h 8c] and lost with high card Jack


PokerStars Hand #148086386314:  Hold'em Limit ($3/$6 USD) - 2016/02/01 20:21:28 ET
Table 'Idelsonia' 2-max Seat #1 is the button
Seat 1: AutoCalll ($148.78 in chips)
Seat 2: ChrisTuff ($221.72 in chips)
AutoCalll: posts small blind $1
ChrisTuff: posts big blind $3
*** HOLE CARDS ***
AutoCalll: calls $2
ChrisTuff: checks
*** FLOP *** [7d Ah 4s]
ChrisTuff: bets $3
AutoCalll: calls $3
*** TURN *** [7d Ah 4s] [Ks]
ChrisTuff: bets $6
AutoCalll: calls $6
*** RIVER *** [7d Ah 4s Ks] [6h]
ChrisTuff: checks
AutoCalll: bets $6
ChrisTuff: calls $6
*** SHOW DOWN ***
AutoCalll: shows [Qh Qd] (a pair of Queens)
ChrisTuff: mucks hand
AutoCalll collected $35.50 from pot
*** SUMMARY ***
Total pot $36 | Rake $0.50
Board [7d Ah 4s Ks 6h]
Seat 1: AutoCalll (button) (small blind) showed [Qh Qd] and won ($35.50) with a pair of Queens
Seat 2: ChrisTuff (big blind) mucked


PokerStars Hand #148086394123:  Hold'em Limit ($3/$6 USD) - 2016/02/01 20:21:42 ET
Table 'Idelsonia' 2-max Seat #2 is the button
Seat 1: AutoCalll ($166.28 in chips)
Seat 2: ChrisTuff ($203.72 in chips)
ChrisTuff: posts small blind $1
AutoCalll: posts big blind $3
*** HOLE CARDS ***
ChrisTuff: raises $3 to $6
AutoCalll: calls $3
*** FLOP *** [Ad 4h 7d]
AutoCalll: checks
ChrisTuff: bets $3
AutoCalll: calls $3
*** TURN *** [Ad 4h 7d] [3s]
AutoCalll: checks
ChrisTuff: bets $6
AutoCalll: raises $6 to $12
ChrisTuff: calls $6
*** RIVER *** [Ad 4h 7d 3s] [Kd]
AutoCalll: bets $6
ChrisTuff: calls $6
*** SHOW DOWN ***
AutoCalll: shows [9h Ah] (a pair of Aces)
ChrisTuff: mucks hand
AutoCalll collected $53.50 from pot
*** SUMMARY ***
Total pot $54 | Rake $0.50
Board [Ad 4h 7d 3s Kd]
Seat 1: AutoCalll (big blind) showed [9h Ah] and won ($53.50) with a pair of Aces
Seat 2: ChrisTuff (button) (small blind) mucked


PokerStars Hand #148086402002:  Hold'em Limit ($3/$6 USD) - 2016/02/01 20:21:56 ET
Table 'Idelsonia' 2-max Seat #1 is the button
Seat 1: AutoCalll ($192.78 in chips)
Seat 2: ChrisTuff ($176.72 in chips)
AutoCalll: posts small blind $1
ChrisTuff: posts big blind $3
*** HOLE CARDS ***
AutoCalll: folds
Uncalled bet ($2) returned to ChrisTuff
ChrisTuff collected $2 from pot
ChrisTuff: doesn't show hand
*** SUMMARY ***
Total pot $2 | Rake $0
Seat 1: AutoCalll (button) (small blind) folded before Flop
Seat 2: ChrisTuff (big blind) collected ($2)


PokerStars Hand #148086413288:  Hold'em Limit ($3/$6 USD) - 2016/02/01 20:22:15 ET
Table 'Idelsonia' 2-max Seat #1 is the button
Seat 1: AutoCalll ($170.78 in chips)
Seat 2: ChrisTuff ($198.22 in chips)
AutoCalll: posts small blind $1
ChrisTuff: posts big blind $3
*** HOLE CARDS ***
AutoCalll: raises $3 to $6
ChrisTuff: raises $3 to $9
AutoCalll: calls $3
*** FLOP *** [4s 2c 6h]
ChrisTuff: bets $3
AutoCalll: calls $3
*** TURN *** [4s 2c 6h] [5h]
ChrisTuff: bets $6
AutoCalll: calls $6
*** RIVER *** [4s 2c 6h 5h] [2d]
ChrisTuff: checks
AutoCalll: checks
*** SHOW DOWN ***
ChrisTuff: shows [Jh Kd] (a pair of Deuces)
AutoCalll: shows [8s Ah] (a pair of Deuces - Ace kicker)
AutoCalll collected $35.50 from pot
*** SUMMARY ***
Total pot $36 | Rake $0.50
Board [4s 2c 6h 5h 2d]
Seat 1: AutoCalll (button) (small blind) showed [8s Ah] and won ($35.50) with a pair of Deuces
Seat 2: ChrisTuff (big blind) showed [Jh Kd] and lost with a pair of Deuces


PokerStars Hand #148086420633:  Hold'em Limit ($3/$6 USD) - 2016/02/01 20:22:28 ET
Table 'Idelsonia' 2-max Seat #2 is the button
Seat 1: AutoCalll ($188.28 in chips)
Seat 2: ChrisTuff ($180.22 in chips)
ChrisTuff: posts small blind $1
AutoCalll: posts big blind $3
*** HOLE CARDS ***
ChrisTuff: raises $3 to $6
AutoCalll: calls $3
*** FLOP *** [Ac 5c 2h]
AutoCalll: checks
ChrisTuff: bets $3
AutoCalll: calls $3
*** TURN *** [Ac 5c 2h] [Jh]
AutoCalll: checks
ChrisTuff: checks
*** RIVER *** [Ac 5c 2h Jh] [Tc]
AutoCalll: checks
ChrisTuff: checks
*** SHOW DOWN ***
AutoCalll: shows [Ks 7c] (high card Ace)
ChrisTuff: shows [4s 4c] (a pair of Fours)
ChrisTuff collected $17.64 from pot
*** SUMMARY ***
Total pot $18 | Rake $0.36
Board [Ac 5c 2h Jh Tc]
Seat 1: AutoCalll (big blind) showed [Ks 7c] and lost with high card Ace
Seat 2: ChrisTuff (button) (small blind) showed [4s 4c] and won ($17.64) with a pair of Fours


PokerStars Hand #148086426861:  Hold'em Limit ($3/$6 USD) - 2016/02/01 20:22:39 ET
Table 'Idelsonia' 2-max Seat #1 is the button
Seat 1: AutoCalll ($179.28 in chips)
Seat 2: ChrisTuff ($188.86 in chips)
AutoCalll: posts small blind $1
ChrisTuff: posts big blind $3
*** HOLE CARDS ***
AutoCalll: raises $3 to $6
ChrisTuff: folds
Uncalled bet ($3) returned to AutoCalll
AutoCalll collected $6 from pot
*** SUMMARY ***
Total pot $6 | Rake $0
Seat 1: AutoCalll (button) (small blind) collected ($6)
Seat 2: ChrisTuff (big blind) folded before Flop


PokerStars Hand #148086429927:  Hold'em Limit ($3/$6 USD) - 2016/02/01 20:22:44 ET
Table 'Idelsonia' 2-max Seat #2 is the button
Seat 1: AutoCalll ($182.28 in chips)
Seat 2: ChrisTuff ($185.86 in chips)
ChrisTuff: posts small blind $1
AutoCalll: posts big blind $3
*** HOLE CARDS ***
ChrisTuff: raises $3 to $6
AutoCalll: calls $3
*** FLOP *** [Kh 5s 4c]
AutoCalll: checks
ChrisTuff: bets $3
AutoCalll: calls $3
*** TURN *** [Kh 5s 4c] [8h]
AutoCalll: checks
ChrisTuff: checks
*** RIVER *** [Kh 5s 4c 8h] [9c]
AutoCalll: checks
ChrisTuff: bets $6
AutoCalll: calls $6
*** SHOW DOWN ***
ChrisTuff: shows [5d Ts] (a pair of Fives)
AutoCalll: mucks hand
ChrisTuff collected $29.50 from pot
*** SUMMARY ***
Total pot $30 | Rake $0.50
Board [Kh 5s 4c 8h 9c]
Seat 1: AutoCalll (big blind) mucked
Seat 2: ChrisTuff (button) (small blind) showed [5d Ts] and won ($29.50) with a pair of Fives


PokerStars Hand #148086437139:  Hold'em Limit ($3/$6 USD) - 2016/02/01 20:22:57 ET
Table 'Idelsonia' 2-max Seat #1 is the button
Seat 1: AutoCalll ($167.28 in chips)
Seat 2: ChrisTuff ($200.36 in chips)
AutoCalll: posts small blind $1
ChrisTuff: posts big blind $3
*** HOLE CARDS ***
AutoCalll: raises $3 to $6
ChrisTuff: calls $3
*** FLOP *** [6s 8s Qc]
ChrisTuff: checks
AutoCalll: checks
*** TURN *** [6s 8s Qc] [Qs]
ChrisTuff: bets $6
AutoCalll: raises $6 to $12
ChrisTuff: raises $6 to $18
AutoCalll: calls $6
*** RIVER *** [6s 8s Qc Qs] [4s]
ChrisTuff: bets $6
AutoCalll: folds
Uncalled bet ($6) returned to ChrisTuff
ChrisTuff collected $47.50 from pot
ChrisTuff: doesn't show hand
*** SUMMARY ***
Total pot $48 | Rake $0.50
Board [6s 8s Qc Qs 4s]
Seat 1: AutoCalll (button) (small blind) folded on the River
Seat 2: ChrisTuff (big blind) collected ($47.50)


PokerStars Hand #148086447194:  Hold'em Limit ($3/$6 USD) - 2016/02/01 20:23:14 ET
Table 'Idelsonia' 2-max Seat #2 is the button
Seat 1: AutoCalll ($143.28 in chips)
Seat 2: ChrisTuff ($223.86 in chips)
ChrisTuff: posts small blind $1
AutoCalll: posts big blind $3
*** HOLE CARDS ***
ChrisTuff: raises $3 to $6
AutoCalll: raises $3 to $9
ChrisTuff: calls $3
*** FLOP *** [4c Js 8h]
AutoCalll: checks
ChrisTuff: checks
*** TURN *** [4c Js 8h] [2d]
AutoCalll: checks
ChrisTuff: checks
*** RIVER *** [4c Js 8h 2d] [5s]
AutoCalll: checks
ChrisTuff: checks
*** SHOW DOWN ***
AutoCalll: shows [Qc Ks] (high card King)
ChrisTuff: mucks hand
AutoCalll collected $17.64 from pot
*** SUMMARY ***
Total pot $18 | Rake $0.36
Board [4c Js 8h 2d 5s]
Seat 1: AutoCalll (big blind) showed [Qc Ks] and won ($17.64) with high card King
Seat 2: ChrisTuff (button) (small blind) mucked


PokerStars Hand #148086457130:  Hold'em Limit ($3/$6 USD) - 2016/02/01 20:23:32 ET
Table 'Idelsonia' 2-max Seat #2 is the button
Seat 1: AutoCalll ($154.92 in chips)
Seat 2: ChrisTuff ($211.86 in chips)
ChrisTuff: posts small blind $1
AutoCalll: posts big blind $3
*** HOLE CARDS ***
ChrisTuff: raises $3 to $6
AutoCalll: calls $3
*** FLOP *** [3h 7s Jd]
AutoCalll: checks
ChrisTuff: bets $3
AutoCalll: folds
Uncalled bet ($3) returned to ChrisTuff
ChrisTuff collected $11.76 from pot
ChrisTuff: doesn't show hand
*** SUMMARY ***
Total pot $12 | Rake $0.24
Board [3h 7s Jd]
Seat 1: AutoCalll (big blind) folded on the Flop
Seat 2: ChrisTuff (button) (small blind) collected ($11.76)


PokerStars Hand #148086454126:  Hold'em Limit ($3/$6 USD) - 2016/02/01 20:23:27 ET
Table 'Idelsonia' 2-max Seat #1 is the button
Seat 1: AutoCalll ($151.92 in chips)
Seat 2: ChrisTuff ($214.86 in chips)
AutoCalll: posts small blind $1
ChrisTuff: posts big blind $3
*** HOLE CARDS ***
AutoCalll: raises $3 to $6
ChrisTuff: folds
Uncalled bet ($3) returned to AutoCalll
AutoCalll collected $6 from pot
AutoCalll: doesn't show hand
*** SUMMARY ***
Total pot $6 | Rake $0
Seat 1: AutoCalll (button) (small blind) collected ($6)
Seat 2: ChrisTuff (big blind) folded before Flop


PokerStars Hand #148086461571:  Hold'em Limit ($3/$6 USD) - 2016/02/01 20:23:40 ET
Table 'Idelsonia' 2-max Seat #1 is the button
Seat 1: AutoCalll ($148.92 in chips)
Seat 2: ChrisTuff ($217.62 in chips)
AutoCalll: posts small blind $1
ChrisTuff: posts big blind $3
*** HOLE CARDS ***
AutoCalll: raises $3 to $6
ChrisTuff: raises $3 to $9
AutoCalll: calls $3
*** FLOP *** [8d Qd Jc]
ChrisTuff: bets $3
AutoCalll: calls $3
*** TURN *** [8d Qd Jc] [Ac]
ChrisTuff: bets $6
AutoCalll: calls $6
*** RIVER *** [8d Qd Jc Ac] [Td]
ChrisTuff: bets $6
AutoCalll: raises $6 to $12
ChrisTuff: calls $6
*** SHOW DOWN ***
AutoCalll: shows [Kh Jh] (a straight, Ten to Ace)
ChrisTuff: shows [Kd Ks] (a straight, Ten to Ace)
ChrisTuff collected $29.75 from pot
AutoCalll collected $29.75 from pot
*** SUMMARY ***
Total pot $60 | Rake $0.50
Board [8d Qd Jc Ac Td]
Seat 1: AutoCalll (button) (small blind) showed [Kh Jh] and won ($29.75) with a straight, Ten to Ace
Seat 2: ChrisTuff (big blind) showed [Kd Ks] and won ($29.75) with a straight, Ten to Ace


PokerStars Hand #148086469535:  Hold'em Limit ($3/$6 USD) - 2016/02/01 20:23:54 ET
Table 'Idelsonia' 2-max Seat #2 is the button
Seat 1: AutoCalll ($148.67 in chips)
Seat 2: ChrisTuff ($217.37 in chips)
ChrisTuff: posts small blind $1
AutoCalll: posts big blind $3
*** HOLE CARDS ***
ChrisTuff: raises $3 to $6
AutoCalll: calls $3
*** FLOP *** [8h Ac 5c]
AutoCalll: checks
ChrisTuff: bets $3
AutoCalll: calls $3
*** TURN *** [8h Ac 5c] [2h]
AutoCalll: checks
ChrisTuff: bets $6
AutoCalll: folds
Uncalled bet ($6) returned to ChrisTuff
ChrisTuff collected $17.64 from pot
ChrisTuff: doesn't show hand
*** SUMMARY ***
Total pot $18 | Rake $0.36
Board [8h Ac 5c 2h]
Seat 1: AutoCalll (big blind) folded on the Turn
Seat 2: ChrisTuff (button) (small blind) collected ($17.64)


PokerStars Hand #148086475615:  Hold'em Limit ($3/$6 USD) - 2016/02/01 20:24:04 ET
Table 'Idelsonia' 2-max Seat #1 is the button
Seat 1: AutoCalll ($139.67 in chips)
Seat 2: ChrisTuff ($226.01 in chips)
AutoCalll: posts small blind $1
ChrisTuff: posts big blind $3
*** HOLE CARDS ***
AutoCalll: raises $3 to $6
ChrisTuff: calls $3
*** FLOP *** [Tc Jc 8s]
ChrisTuff: checks
AutoCalll: bets $3
ChrisTuff: calls $3
*** TURN *** [Tc Jc 8s] [2h]
ChrisTuff: checks
AutoCalll: bets $6
ChrisTuff: calls $6
*** RIVER *** [Tc Jc 8s 2h] [8d]
ChrisTuff: checks
AutoCalll: bets $6
ChrisTuff: raises $6 to $12
AutoCalll: raises $6 to $18
ChrisTuff: calls $6
*** SHOW DOWN ***
AutoCalll: shows [9c 7s] (a straight, Seven to Jack)
ChrisTuff: mucks hand
AutoCalll collected $65.50 from pot
*** SUMMARY ***
Total pot $66 | Rake $0.50
Board [Tc Jc 8s 2h 8d]
Seat 1: AutoCalll (button) (small blind) showed [9c 7s] and won ($65.50) with a straight, Seven to Jack
Seat 2: ChrisTuff (big blind) mucked


PokerStars Hand #148086486248:  Hold'em Limit ($3/$6 USD) - 2016/02/01 20:24:23 ET
Table 'Idelsonia' 2-max Seat #2 is the button
Seat 1: AutoCalll ($172.17 in chips)
Seat 2: ChrisTuff ($193.01 in chips)
ChrisTuff: posts small blind $1
AutoCalll: posts big blind $3
*** HOLE CARDS ***
ChrisTuff: raises $3 to $6
AutoCalll: raises $3 to $9
ChrisTuff: calls $3
*** FLOP *** [Ac 5d Kd]
AutoCalll: checks
ChrisTuff: bets $3
AutoCalll: calls $3
*** TURN *** [Ac 5d Kd] [Qh]
AutoCalll: checks
ChrisTuff: checks
*** RIVER *** [Ac 5d Kd Qh] [6s]
AutoCalll: checks
ChrisTuff: checks
*** SHOW DOWN ***
AutoCalll: shows [Jh Jd] (a pair of Jacks)
ChrisTuff: mucks hand
AutoCalll collected $23.52 from pot
*** SUMMARY ***
Total pot $24 | Rake $0.48
Board [Ac 5d Kd Qh 6s]
Seat 1: AutoCalll (big blind) showed [Jh Jd] and won ($23.52) with a pair of Jacks
Seat 2: ChrisTuff (button) (small blind) mucked


PokerStars Hand #148086493582:  Hold'em Limit ($3/$6 USD) - 2016/02/01 20:24:36 ET
Table 'Idelsonia' 2-max Seat #1 is the button
Seat 1: AutoCalll ($183.69 in chips)
Seat 2: ChrisTuff ($181.01 in chips)
AutoCalll: posts small blind $1
ChrisTuff: posts big blind $3
*** HOLE CARDS ***
AutoCalll: folds
Uncalled bet ($2) returned to ChrisTuff
ChrisTuff collected $2 from pot
ChrisTuff: doesn't show hand
*** SUMMARY ***
Total pot $2 | Rake $0
Seat 1: AutoCalll (button) (small blind) folded before Flop
Seat 2: ChrisTuff (big blind) collected ($2)


PokerStars Hand #148086496482:  Hold'em Limit ($3/$6 USD) - 2016/02/01 20:24:41 ET
Table 'Idelsonia' 2-max Seat #2 is the button
Seat 1: AutoCalll ($182.69 in chips)
Seat 2: ChrisTuff ($182.01 in chips)
ChrisTuff: posts small blind $1
AutoCalll: posts big blind $3
*** HOLE CARDS ***
ChrisTuff: raises $3 to $6
AutoCalll: calls $3
*** FLOP *** [Ac 8d Qd]
AutoCalll: checks
ChrisTuff: bets $3
AutoCalll: calls $3
*** TURN *** [Ac 8d Qd] [5d]
AutoCalll: checks
ChrisTuff: checks
*** RIVER *** [Ac 8d Qd 5d] [3d]
AutoCalll: bets $6
ChrisTuff: calls $6
*** SHOW DOWN ***
AutoCalll: shows [Qh 5s] (two pair, Queens and Fives)
ChrisTuff: mucks hand
AutoCalll collected $29.50 from pot
*** SUMMARY ***
Total pot $30 | Rake $0.50
Board [Ac 8d Qd 5d 3d]
Seat 1: AutoCalll (big blind) showed [Qh 5s] and won ($29.50) with two pair, Queens and Fives
Seat 2: ChrisTuff (button) (small blind) mucked


PokerStars Hand #148086511222:  Hold'em Limit ($3/$6 USD) - 2016/02/01 20:25:07 ET
Table 'Idelsonia' 2-max Seat #2 is the button
Seat 1: AutoCalll ($167.19 in chips)
Seat 2: ChrisTuff ($196.51 in chips)
ChrisTuff: posts small blind $1
AutoCalll: posts big blind $3
*** HOLE CARDS ***
ChrisTuff: folds
Uncalled bet ($2) returned to AutoCalll
AutoCalll collected $2 from pot
*** SUMMARY ***
Total pot $2 | Rake $0
Seat 1: AutoCalll (big blind) collected ($2)
Seat 2: ChrisTuff (button) (small blind) folded before Flop


PokerStars Hand #148086519395:  Hold'em Limit ($3/$6 USD) - 2016/02/01 20:25:21 ET
Table 'Idelsonia' 2-max Seat #2 is the button
Seat 1: AutoCalll ($144.19 in chips)
Seat 2: ChrisTuff ($219.01 in chips)
ChrisTuff: posts small blind $1
AutoCalll: posts big blind $3
*** HOLE CARDS ***
ChrisTuff: folds
Uncalled bet ($2) returned to AutoCalll
AutoCalll collected $2 from pot
*** SUMMARY ***
Total pot $2 | Rake $0
Seat 1: AutoCalll (big blind) collected ($2)
Seat 2: ChrisTuff (button) (small blind) folded before Flop


PokerStars Hand #148086513795:  Hold'em Limit ($3/$6 USD) - 2016/02/01 20:25:11 ET
Table 'Idelsonia' 2-max Seat #1 is the button
Seat 1: AutoCalll ($168.19 in chips)
Seat 2: ChrisTuff ($195.51 in chips)
AutoCalll: posts small blind $1
ChrisTuff: posts big blind $3
*** HOLE CARDS ***
AutoCalll: raises $3 to $6
ChrisTuff: raises $3 to $9
AutoCalll: calls $3
*** FLOP *** [5d 2c 9d]
ChrisTuff: bets $3
AutoCalll: calls $3
*** TURN *** [5d 2c 9d] [Kc]
ChrisTuff: bets $6
AutoCalll: calls $6
*** RIVER *** [5d 2c 9d Kc] [7d]
ChrisTuff: bets $6
AutoCalll: calls $6
*** SHOW DOWN ***
ChrisTuff: shows [Jd Jh] (a pair of Jacks)
AutoCalll: mucks hand
ChrisTuff collected $47.50 from pot
*** SUMMARY ***
Total pot $48 | Rake $0.50
Board [5d 2c 9d Kc 7d]
Seat 1: AutoCalll (button) (small blind) mucked
Seat 2: ChrisTuff (big blind) showed [Jd Jh] and won ($47.50) with a pair of Jacks


PokerStars Hand #148086522048:  Hold'em Limit ($3/$6 USD) - 2016/02/01 20:25:26 ET
Table 'Idelsonia' 2-max Seat #1 is the button
Seat 1: AutoCalll ($145.19 in chips)
Seat 2: ChrisTuff ($218.01 in chips)
AutoCalll: posts small blind $1
ChrisTuff: posts big blind $3
*** HOLE CARDS ***
AutoCalll: folds
Uncalled bet ($2) returned to ChrisTuff
ChrisTuff collected $2 from pot
ChrisTuff: doesn't show hand
*** SUMMARY ***
Total pot $2 | Rake $0
Seat 1: AutoCalll (button) (small blind) folded before Flop
Seat 2: ChrisTuff (big blind) collected ($2)


PokerStars Hand #148086531558:  Hold'em Limit ($3/$6 USD) - 2016/02/01 20:25:43 ET
Table 'Idelsonia' 2-max Seat #1 is the button
Seat 1: AutoCalll ($152.83 in chips)
Seat 2: ChrisTuff ($210.01 in chips)
AutoCalll: posts small blind $1
ChrisTuff: posts big blind $3
*** HOLE CARDS ***
AutoCalll: folds
Uncalled bet ($2) returned to ChrisTuff
ChrisTuff collected $2 from pot
ChrisTuff: doesn't show hand
*** SUMMARY ***
Total pot $2 | Rake $0
Seat 1: AutoCalll (button) (small blind) folded before Flop
Seat 2: ChrisTuff (big blind) collected ($2)


PokerStars Hand #148086524932:  Hold'em Limit ($3/$6 USD) - 2016/02/01 20:25:31 ET
Table 'Idelsonia' 2-max Seat #2 is the button
Seat 1: AutoCalll ($144.19 in chips)
Seat 2: ChrisTuff ($219.01 in chips)
ChrisTuff: posts small blind $1
AutoCalll: posts big blind $3
*** HOLE CARDS ***
ChrisTuff: raises $3 to $6
AutoCalll: raises $3 to $9
ChrisTuff: calls $3
*** FLOP *** [6d 6h 3c]
AutoCalll: checks
ChrisTuff: checks
*** TURN *** [6d 6h 3c] [Jd]
AutoCalll: checks
ChrisTuff: checks
*** RIVER *** [6d 6h 3c Jd] [3s]
AutoCalll: checks
ChrisTuff: checks
*** SHOW DOWN ***
AutoCalll: shows [As 9s] (two pair, Sixes and Threes)
ChrisTuff: mucks hand
AutoCalll collected $17.64 from pot
*** SUMMARY ***
Total pot $18 | Rake $0.36
Board [6d 6h 3c Jd 3s]
Seat 1: AutoCalll (big blind) showed [As 9s] and won ($17.64) with two pair, Sixes and Threes
Seat 2: ChrisTuff (button) (small blind) mucked


PokerStars Hand #148086534204:  Hold'em Limit ($3/$6 USD) - 2016/02/01 20:25:47 ET
Table 'Idelsonia' 2-max Seat #2 is the button
Seat 1: AutoCalll ($151.83 in chips)
Seat 2: ChrisTuff ($211.01 in chips)
ChrisTuff: posts small blind $1
AutoCalll: posts big blind $3
*** HOLE CARDS ***
ChrisTuff: raises $3 to $6
AutoCalll: folds
Uncalled bet ($3) returned to ChrisTuff
ChrisTuff collected $6 from pot
ChrisTuff: doesn't show hand
*** SUMMARY ***
Total pot $6 | Rake $0
Seat 1: AutoCalll (big blind) folded before Flop
Seat 2: ChrisTuff (button) (small blind) collected ($6)


PokerStars Hand #148086536894:  Hold'em Limit ($3/$6 USD) - 2016/02/01 20:25:52 ET
Table 'Idelsonia' 2-max Seat #1 is the button
Seat 1: AutoCalll ($148.83 in chips)
Seat 2: ChrisTuff ($214.01 in chips)
AutoCalll: posts small blind $1
ChrisTuff: posts big blind $3
*** HOLE CARDS ***
AutoCalll: raises $3 to $6
ChrisTuff: calls $3
*** FLOP *** [3s Jd 9d]
ChrisTuff: checks
AutoCalll: checks
*** TURN *** [3s Jd 9d] [5h]
ChrisTuff: bets $6
AutoCalll: calls $6
*** RIVER *** [3s Jd 9d 5h] [6d]
ChrisTuff: bets $6
AutoCalll: calls $6
*** SHOW DOWN ***
ChrisTuff: shows [7c 6h] (a pair of Sixes)
AutoCalll: mucks hand
ChrisTuff collected $35.50 from pot
*** SUMMARY ***
Total pot $36 | Rake $0.50
Board [3s Jd 9d 5h 6d]
Seat 1: AutoCalll (button) (small blind) mucked
Seat 2: ChrisTuff (big blind) showed [7c 6h] and won ($35.50) with a pair of Sixes


PokerStars Hand #148086544256:  Hold'em Limit ($3/$6 USD) - 2016/02/01 20:26:05 ET
Table 'Idelsonia' 2-max Seat #2 is the button
Seat 1: AutoCalll ($130.83 in chips)
Seat 2: ChrisTuff ($231.51 in chips)
ChrisTuff: posts small blind $1
AutoCalll: posts big blind $3
*** HOLE CARDS ***
ChrisTuff: raises $3 to $6
AutoCalll: calls $3
*** FLOP *** [Qc 8h 2c]
AutoCalll: checks
ChrisTuff: bets $3
AutoCalll: calls $3
*** TURN *** [Qc 8h 2c] [5c]
AutoCalll: checks
ChrisTuff: checks
*** RIVER *** [Qc 8h 2c 5c] [3s]
AutoCalll: bets $6
ChrisTuff: calls $6
*** SHOW DOWN ***
AutoCalll: shows [4s Qh] (a pair of Queens)
ChrisTuff: mucks hand
AutoCalll collected $29.50 from pot
*** SUMMARY ***
Total pot $30 | Rake $0.50
Board [Qc 8h 2c 5c 3s]
Seat 1: AutoCalll (big blind) showed [4s Qh] and won ($29.50) with a pair of Queens
Seat 2: ChrisTuff (button) (small blind) mucked


PokerStars Hand #148086550705:  Hold'em Limit ($3/$6 USD) - 2016/02/01 20:26:16 ET
Table 'Idelsonia' 2-max Seat #1 is the button
Seat 1: AutoCalll ($145.33 in chips)
Seat 2: ChrisTuff ($216.51 in chips)
AutoCalll: posts small blind $1
ChrisTuff: posts big blind $3
*** HOLE CARDS ***
AutoCalll: raises $3 to $6
ChrisTuff: raises $3 to $9
AutoCalll: calls $3
*** FLOP *** [7h Jd 9d]
ChrisTuff: bets $3
AutoCalll: calls $3
*** TURN *** [7h Jd 9d] [7s]
ChrisTuff: bets $6
AutoCalll: folds
Uncalled bet ($6) returned to ChrisTuff
ChrisTuff collected $23.52 from pot
ChrisTuff: doesn't show hand
*** SUMMARY ***
Total pot $24 | Rake $0.48
Board [7h Jd 9d 7s]
Seat 1: AutoCalll (button) (small blind) folded on the Turn
Seat 2: ChrisTuff (big blind) collected ($23.52)


PokerStars Hand #148086565320:  Hold'em Limit ($3/$6 USD) - 2016/02/01 20:26:42 ET
Table 'Idelsonia' 2-max Seat #1 is the button
Seat 1: AutoCalll ($159.83 in chips)
Seat 2: ChrisTuff ($201.03 in chips)
AutoCalll: posts small blind $1
ChrisTuff: posts big blind $3
*** HOLE CARDS ***
AutoCalll: raises $3 to $6
ChrisTuff: folds
Uncalled bet ($3) returned to AutoCalll
AutoCalll collected $6 from pot
AutoCalll: doesn't show hand
*** SUMMARY ***
Total pot $6 | Rake $0
Seat 1: AutoCalll (button) (small blind) collected ($6)
Seat 2: ChrisTuff (big blind) folded before Flop


PokerStars Hand #148086556721:  Hold'em Limit ($3/$6 USD) - 2016/02/01 20:26:27 ET
Table 'Idelsonia' 2-max Seat #2 is the button
Seat 1: AutoCalll ($133.33 in chips)
Seat 2: ChrisTuff ($228.03 in chips)
ChrisTuff: posts small blind $1
AutoCalll: posts big blind $3
*** HOLE CARDS ***
ChrisTuff: raises $3 to $6
AutoCalll: raises $3 to $9
ChrisTuff: calls $3
*** FLOP *** [Ac 4s 8h]
AutoCalll: checks
ChrisTuff: bets $3
AutoCalll: raises $3 to $6
ChrisTuff: calls $3
*** TURN *** [Ac 4s 8h] [7h]
AutoCalll: bets $6
ChrisTuff: calls $6
*** RIVER *** [Ac 4s 8h 7h] [Th]
AutoCalll: bets $6
ChrisTuff: calls $6
*** SHOW DOWN ***
AutoCalll: shows [Qh Qd] (a pair of Queens)
ChrisTuff: mucks hand
AutoCalll collected $53.50 from pot
*** SUMMARY ***
Total pot $54 | Rake $0.50
Board [Ac 4s 8h 7h Th]
Seat 1: AutoCalll (big blind) showed [Qh Qd] and won ($53.50) with a pair of Queens
Seat 2: ChrisTuff (button) (small blind) mucked


PokerStars Hand #148086581957:  Hold'em Limit ($3/$6 USD) - 2016/02/01 20:27:12 ET
Table 'Idelsonia' 2-max Seat #2 is the button
Seat 1: AutoCalll ($171.33 in chips)
Seat 2: ChrisTuff ($188.53 in chips)
ChrisTuff: posts small blind $1
AutoCalll: posts big blind $3
*** HOLE CARDS ***
ChrisTuff: raises $3 to $6
AutoCalll: calls $3
*** FLOP *** [8c Jd Qh]
AutoCalll: checks
ChrisTuff: bets $3
AutoCalll: calls $3
*** TURN *** [8c Jd Qh] [Jc]
AutoCalll: checks
ChrisTuff: bets $6
AutoCalll: folds
Uncalled bet ($6) returned to ChrisTuff
ChrisTuff collected $17.64 from pot
ChrisTuff: doesn't show hand
*** SUMMARY ***
Total pot $18 | Rake $0.36
Board [8c Jd Qh Jc]
Seat 1: AutoCalll (big blind) folded on the Turn
Seat 2: ChrisTuff (button) (small blind) collected ($17.64)


PokerStars Hand #148086587774:  Hold'em Limit ($3/$6 USD) - 2016/02/01 20:27:22 ET
Table 'Idelsonia' 2-max Seat #1 is the button
Seat 1: AutoCalll ($162.33 in chips)
Seat 2: ChrisTuff ($197.17 in chips)
AutoCalll: posts small blind $1
ChrisTuff: posts big blind $3
*** HOLE CARDS ***
AutoCalll: raises $3 to $6
ChrisTuff: calls $3
*** FLOP *** [Qc Qs 2s]
ChrisTuff: checks
AutoCalll: checks
*** TURN *** [Qc Qs 2s] [2c]
ChrisTuff: checks
AutoCalll: checks
*** RIVER *** [Qc Qs 2s 2c] [4h]
ChrisTuff: checks
AutoCalll: bets $6
ChrisTuff: folds
Uncalled bet ($6) returned to AutoCalll
AutoCalll collected $11.76 from pot
*** SUMMARY ***
Total pot $12 | Rake $0.24
Board [Qc Qs 2s 2c 4h]
Seat 1: AutoCalll (button) (small blind) collected ($11.76)
Seat 2: ChrisTuff (big blind) folded on the River


PokerStars Hand #148086594683:  Hold'em Limit ($3/$6 USD) - 2016/02/01 20:27:34 ET
Table 'Idelsonia' 2-max Seat #2 is the button
Seat 1: AutoCalll ($168.09 in chips)
Seat 2: ChrisTuff ($191.17 in chips)
ChrisTuff: posts small blind $1
AutoCalll: posts big blind $3
*** HOLE CARDS ***
ChrisTuff: raises $3 to $6
AutoCalll: calls $3
*** FLOP *** [7s Jd Ts]
AutoCalll: checks
ChrisTuff: bets $3
AutoCalll: calls $3
*** TURN *** [7s Jd Ts] [4h]
AutoCalll: checks
ChrisTuff: checks
*** RIVER *** [7s Jd Ts 4h] [4d]
AutoCalll: checks
ChrisTuff: bets $6
AutoCalll: calls $6
*** SHOW DOWN ***
ChrisTuff: shows [9d 9s] (two pair, Nines and Fours)
AutoCalll: mucks hand
ChrisTuff collected $29.50 from pot
*** SUMMARY ***
Total pot $30 | Rake $0.50
Board [7s Jd Ts 4h 4d]
Seat 1: AutoCalll (big blind) mucked
Seat 2: ChrisTuff (button) (small blind) showed [9d 9s] and won ($29.50) with two pair, Nines and Fours


PokerStars Hand #148086605519:  Hold'em Limit ($3/$6 USD) - 2016/02/01 20:27:54 ET
Table 'Idelsonia' 2-max Seat #2 is the button
Seat 1: AutoCalll ($156.09 in chips)
Seat 2: ChrisTuff ($202.67 in chips)
ChrisTuff: posts small blind $1
AutoCalll: posts big blind $3
*** HOLE CARDS ***
ChrisTuff: raises $3 to $6
AutoCalll: folds
Uncalled bet ($3) returned to ChrisTuff
ChrisTuff collected $6 from pot
ChrisTuff: doesn't show hand
*** SUMMARY ***
Total pot $6 | Rake $0
Seat 1: AutoCalll (big blind) folded before Flop
Seat 2: ChrisTuff (button) (small blind) collected ($6)


PokerStars Hand #148086602567:  Hold'em Limit ($3/$6 USD) - 2016/02/01 20:27:48 ET
Table 'Idelsonia' 2-max Seat #1 is the button
Seat 1: AutoCalll ($153.09 in chips)
Seat 2: ChrisTuff ($205.67 in chips)
AutoCalll: posts small blind $1
ChrisTuff: posts big blind $3
*** HOLE CARDS ***
AutoCalll: raises $3 to $6
ChrisTuff: folds
Uncalled bet ($3) returned to AutoCalll
AutoCalll collected $6 from pot
AutoCalll: doesn't show hand
*** SUMMARY ***
Total pot $6 | Rake $0
Seat 1: AutoCalll (button) (small blind) collected ($6)
Seat 2: ChrisTuff (big blind) folded before Flop


PokerStars Hand #148086607955:  Hold'em Limit ($3/$6 USD) - 2016/02/01 20:27:58 ET
Table 'Idelsonia' 2-max Seat #1 is the button
Seat 1: AutoCalll ($153.09 in chips)
Seat 2: ChrisTuff ($205.67 in chips)
AutoCalll: posts small blind $1
ChrisTuff: posts big blind $3
*** HOLE CARDS ***
AutoCalll: raises $3 to $6
ChrisTuff: raises $3 to $9
AutoCalll: calls $3
*** FLOP *** [Ks Jh Ad]
ChrisTuff: bets $3
AutoCalll: calls $3
*** TURN *** [Ks Jh Ad] [Ac]
ChrisTuff: bets $6
AutoCalll: raises $6 to $12
ChrisTuff: folds
Uncalled bet ($6) returned to AutoCalll
AutoCalll collected $35.50 from pot
AutoCalll: doesn't show hand
*** SUMMARY ***
Total pot $36 | Rake $0.50
Board [Ks Jh Ad Ac]
Seat 1: AutoCalll (button) (small blind) collected ($35.50)
Seat 2: ChrisTuff (big blind) folded on the Turn


PokerStars Hand #148086615237:  Hold'em Limit ($3/$6 USD) - 2016/02/01 20:28:11 ET
Table 'Idelsonia' 2-max Seat #2 is the button
Seat 1: AutoCalll ($170.59 in chips)
Seat 2: ChrisTuff ($187.67 in chips)
ChrisTuff: posts small blind $1
AutoCalll: posts big blind $3
*** HOLE CARDS ***
ChrisTuff: folds
Uncalled bet ($2) returned to AutoCalll
AutoCalll collected $2 from pot
AutoCalll: doesn't show hand
*** SUMMARY ***
Total pot $2 | Rake $0
Seat 1: AutoCalll (big blind) collected ($2)
Seat 2: ChrisTuff (button) (small blind) folded before Flop


PokerStars Hand #148086622662:  Hold'em Limit ($3/$6 USD) - 2016/02/01 20:28:25 ET
Table 'Idelsonia' 2-max Seat #2 is the button
Seat 1: AutoCalll ($165.59 in chips)
Seat 2: ChrisTuff ($192.43 in chips)
ChrisTuff: posts small blind $1
AutoCalll: posts big blind $3
*** HOLE CARDS ***
ChrisTuff: raises $3 to $6
AutoCalll: folds
Uncalled bet ($3) returned to ChrisTuff
ChrisTuff collected $6 from pot
ChrisTuff: doesn't show hand
*** SUMMARY ***
Total pot $6 | Rake $0
Seat 1: AutoCalll (big blind) folded before Flop
Seat 2: ChrisTuff (button) (small blind) collected ($6)


PokerStars Hand #148086617584:  Hold'em Limit ($3/$6 USD) - 2016/02/01 20:28:15 ET
Table 'Idelsonia' 2-max Seat #1 is the button
Seat 1: AutoCalll ($171.59 in chips)
Seat 2: ChrisTuff ($186.67 in chips)
AutoCalll: posts small blind $1
ChrisTuff: posts big blind $3
*** HOLE CARDS ***
AutoCalll: raises $3 to $6
ChrisTuff: calls $3
*** FLOP *** [2c 6d Kd]
ChrisTuff: checks
AutoCalll: checks
*** TURN *** [2c 6d Kd] [5d]
ChrisTuff: bets $6
AutoCalll: folds
Uncalled bet ($6) returned to ChrisTuff
ChrisTuff collected $11.76 from pot
ChrisTuff: doesn't show hand
*** SUMMARY ***
Total pot $12 | Rake $0.24
Board [2c 6d Kd 5d]
Seat 1: AutoCalll (button) (small blind) folded on the Turn
Seat 2: ChrisTuff (big blind) collected ($11.76)


PokerStars Hand #148086625360:  Hold'em Limit ($3/$6 USD) - 2016/02/01 20:28:29 ET
Table 'Idelsonia' 2-max Seat #1 is the button
Seat 1: AutoCalll ($162.59 in chips)
Seat 2: ChrisTuff ($195.43 in chips)
AutoCalll: posts small blind $1
ChrisTuff: posts big blind $3
*** HOLE CARDS ***
AutoCalll: raises $3 to $6
ChrisTuff: calls $3
*** FLOP *** [Qc Qd 4h]
ChrisTuff: checks
AutoCalll: bets $3
ChrisTuff: calls $3
*** TURN *** [Qc Qd 4h] [7s]
ChrisTuff: checks
AutoCalll: bets $6
ChrisTuff: folds
Uncalled bet ($6) returned to AutoCalll
AutoCalll collected $17.64 from pot
*** SUMMARY ***
Total pot $18 | Rake $0.36
Board [Qc Qd 4h 7s]
Seat 1: AutoCalll (button) (small blind) collected ($17.64)
Seat 2: ChrisTuff (big blind) folded on the Turn


PokerStars Hand #148086639709:  Hold'em Limit ($3/$6 USD) - 2016/02/01 20:28:55 ET
Table 'Idelsonia' 2-max Seat #1 is the button
Seat 1: AutoCalll ($156.23 in chips)
Seat 2: ChrisTuff ($200.93 in chips)
AutoCalll: posts small blind $1
ChrisTuff: posts big blind $3
*** HOLE CARDS ***
AutoCalll: raises $3 to $6
ChrisTuff: folds
Uncalled bet ($3) returned to AutoCalll
AutoCalll collected $6 from pot
AutoCalll: doesn't show hand
*** SUMMARY ***
Total pot $6 | Rake $0
Seat 1: AutoCalll (button) (small blind) collected ($6)
Seat 2: ChrisTuff (big blind) folded before Flop


PokerStars Hand #148086633090:  Hold'em Limit ($3/$6 USD) - 2016/02/01 20:28:43 ET
Table 'Idelsonia' 2-max Seat #2 is the button
Seat 1: AutoCalll ($171.23 in chips)
Seat 2: ChrisTuff ($186.43 in chips)
ChrisTuff: posts small blind $1
AutoCalll: posts big blind $3
*** HOLE CARDS ***
ChrisTuff: raises $3 to $6
AutoCalll: calls $3
*** FLOP *** [2s 8d 6s]
AutoCalll: checks
ChrisTuff: bets $3
AutoCalll: calls $3
*** TURN *** [2s 8d 6s] [Ah]
AutoCalll: checks
ChrisTuff: bets $6
AutoCalll: calls $6
*** RIVER *** [2s 8d 6s Ah] [3s]
AutoCalll: checks
ChrisTuff: checks
*** SHOW DOWN ***
AutoCalll: shows [7h 5c] (high card Ace)
ChrisTuff: shows [Qd 4h] (high card Ace - Queen kicker)
ChrisTuff collected $29.50 from pot
*** SUMMARY ***
Total pot $30 | Rake $0.50
Board [2s 8d 6s Ah 3s]
Seat 1: AutoCalll (big blind) showed [7h 5c] and lost with high card Ace
Seat 2: ChrisTuff (button) (small blind) showed [Qd 4h] and won ($29.50) with high card Ace


PokerStars Hand #148086642697:  Hold'em Limit ($3/$6 USD) - 2016/02/01 20:29:01 ET
Table 'Idelsonia' 2-max Seat #2 is the button
Seat 1: AutoCalll ($159.23 in chips)
Seat 2: ChrisTuff ($197.93 in chips)
ChrisTuff: posts small blind $1
AutoCalll: posts big blind $3
*** HOLE CARDS ***
ChrisTuff: raises $3 to $6
AutoCalll: calls $3
*** FLOP *** [Qs 5h 9h]
AutoCalll: checks
ChrisTuff: bets $3
AutoCalll: calls $3
*** TURN *** [Qs 5h 9h] [Ad]
AutoCalll: checks
ChrisTuff: checks
*** RIVER *** [Qs 5h 9h Ad] [Js]
AutoCalll: bets $6
ChrisTuff: calls $6
*** SHOW DOWN ***
AutoCalll: shows [9d 7h] (a pair of Nines)
ChrisTuff: shows [Kd Qc] (a pair of Queens)
ChrisTuff collected $29.50 from pot
*** SUMMARY ***
Total pot $30 | Rake $0.50
Board [Qs 5h 9h Ad Js]
Seat 1: AutoCalll (big blind) showed [9d 7h] and lost with a pair of Nines
Seat 2: ChrisTuff (button) (small blind) showed [Kd Qc] and won ($29.50) with a pair of Queens


PokerStars Hand #148086655030:  Hold'em Limit ($3/$6 USD) - 2016/02/01 20:29:23 ET
Table 'Idelsonia' 2-max Seat #2 is the button
Seat 1: AutoCalll ($126.23 in chips)
Seat 2: ChrisTuff ($229.93 in chips)
ChrisTuff: posts small blind $1
AutoCalll: posts big blind $3
*** HOLE CARDS ***
ChrisTuff: raises $3 to $6
AutoCalll: calls $3
*** FLOP *** [Th 9c 5d]
AutoCalll: checks
ChrisTuff: bets $3
AutoCalll: folds
Uncalled bet ($3) returned to ChrisTuff
ChrisTuff collected $11.76 from pot
ChrisTuff: doesn't show hand
*** SUMMARY ***
Total pot $12 | Rake $0.24
Board [Th 9c 5d]
Seat 1: AutoCalll (big blind) folded on the Flop
Seat 2: ChrisTuff (button) (small blind) collected ($11.76)


PokerStars Hand #148086648898:  Hold'em Limit ($3/$6 USD) - 2016/02/01 20:29:12 ET
Table 'Idelsonia' 2-max Seat #1 is the button
Seat 1: AutoCalll ($144.23 in chips)
Seat 2: ChrisTuff ($212.43 in chips)
AutoCalll: posts small blind $1
ChrisTuff: posts big blind $3
*** HOLE CARDS ***
AutoCalll: raises $3 to $6
ChrisTuff: calls $3
*** FLOP *** [Ac 3d 4s]
ChrisTuff: checks
AutoCalll: checks
*** TURN *** [Ac 3d 4s] [6d]
ChrisTuff: bets $6
AutoCalll: calls $6
*** RIVER *** [Ac 3d 4s 6d] [8d]
ChrisTuff: bets $6
AutoCalll: calls $6
*** SHOW DOWN ***
ChrisTuff: shows [4h 5d] (a pair of Fours)
AutoCalll: mucks hand
ChrisTuff collected $35.50 from pot
*** SUMMARY ***
Total pot $36 | Rake $0.50
Board [Ac 3d 4s 6d 8d]
Seat 1: AutoCalll (button) (small blind) mucked
Seat 2: ChrisTuff (big blind) showed [4h 5d] and won ($35.50) with a pair of Fours


PokerStars Hand #148086658930:  Hold'em Limit ($3/$6 USD) - 2016/02/01 20:29:30 ET
Table 'Idelsonia' 2-max Seat #1 is the button
Seat 1: AutoCalll ($120.23 in chips)
Seat 2: ChrisTuff ($235.69 in chips)
AutoCalll: posts small blind $1
ChrisTuff: posts big blind $3
*** HOLE CARDS ***
AutoCalll: raises $3 to $6
ChrisTuff: calls $3
*** FLOP *** [5c 5s 8s]
ChrisTuff: checks
AutoCalll: bets $3
ChrisTuff: calls $3
*** TURN *** [5c 5s 8s] [2c]
ChrisTuff: checks
AutoCalll: checks
*** RIVER *** [5c 5s 8s 2c] [3c]
ChrisTuff: checks
AutoCalll: bets $6
ChrisTuff: folds
Uncalled bet ($6) returned to AutoCalll
AutoCalll collected $17.64 from pot
*** SUMMARY ***
Total pot $18 | Rake $0.36
Board [5c 5s 8s 2c 3c]
Seat 1: AutoCalll (button) (small blind) collected ($17.64)
Seat 2: ChrisTuff (big blind) folded on the River


PokerStars Hand #148086666695:  Hold'em Limit ($3/$6 USD) - 2016/02/01 20:29:44 ET
Table 'Idelsonia' 2-max Seat #2 is the button
Seat 1: AutoCalll ($128.87 in chips)
Seat 2: ChrisTuff ($226.69 in chips)
ChrisTuff: posts small blind $1
AutoCalll: posts big blind $3
*** HOLE CARDS ***
ChrisTuff: raises $3 to $6
AutoCalll: calls $3
*** FLOP *** [Js 5d 3s]
AutoCalll: checks
ChrisTuff: bets $3
AutoCalll: raises $3 to $6
ChrisTuff: calls $3
*** TURN *** [Js 5d 3s] [Ah]
AutoCalll: bets $6
ChrisTuff: folds
Uncalled bet ($6) returned to AutoCalll
AutoCalll collected $23.52 from pot
*** SUMMARY ***
Total pot $24 | Rake $0.48
Board [Js 5d 3s Ah]
Seat 1: AutoCalll (big blind) collected ($23.52)
Seat 2: ChrisTuff (button) (small blind) folded on the Turn


PokerStars Hand #148086674443:  Hold'em Limit ($3/$6 USD) - 2016/02/01 20:29:59 ET
Table 'Idelsonia' 2-max Seat #1 is the button
Seat 1: AutoCalll ($140.39 in chips)
Seat 2: ChrisTuff ($214.69 in chips)
AutoCalll: posts small blind $1
ChrisTuff: posts big blind $3
*** HOLE CARDS ***
AutoCalll: raises $3 to $6
ChrisTuff: calls $3
*** FLOP *** [6s 4s Ah]
ChrisTuff: checks
AutoCalll: checks
*** TURN *** [6s 4s Ah] [8d]
ChrisTuff: bets $6
AutoCalll: calls $6
*** RIVER *** [6s 4s Ah 8d] [9c]
ChrisTuff: bets $6
AutoCalll: calls $6
*** SHOW DOWN ***
ChrisTuff: shows [Ad 4h] (two pair, Aces and Fours)
AutoCalll: mucks hand
ChrisTuff collected $35.50 from pot
*** SUMMARY ***
Total pot $36 | Rake $0.50
Board [6s 4s Ah 8d 9c]
Seat 1: AutoCalll (button) (small blind) mucked
Seat 2: ChrisTuff (big blind) showed [Ad 4h] and won ($35.50) with two pair, Aces and Fours


PokerStars Hand #148086681331:  Hold'em Limit ($3/$6 USD) - 2016/02/01 20:30:11 ET
Table 'Idelsonia' 2-max Seat #2 is the button
Seat 1: AutoCalll ($122.39 in chips)
Seat 2: ChrisTuff ($232.19 in chips)
ChrisTuff: posts small blind $1
AutoCalll: posts big blind $3
*** HOLE CARDS ***
ChrisTuff: raises $3 to $6
AutoCalll: calls $3
*** FLOP *** [5d 3h 9d]
AutoCalll: checks
ChrisTuff: bets $3
AutoCalll: calls $3
*** TURN *** [5d 3h 9d] [6s]
AutoCalll: checks
ChrisTuff: checks
*** RIVER *** [5d 3h 9d 6s] [Ad]
AutoCalll: bets $6
ChrisTuff: folds
Uncalled bet ($6) returned to AutoCalll
AutoCalll collected $17.64 from pot
*** SUMMARY ***
Total pot $18 | Rake $0.36
Board [5d 3h 9d 6s Ad]
Seat 1: AutoCalll (big blind) collected ($17.64)
Seat 2: ChrisTuff (button) (small blind) folded on the River


PokerStars Hand #148086696537:  Hold'em Limit ($3/$6 USD) - 2016/02/01 20:30:39 ET
Table 'Idelsonia' 2-max Seat #2 is the button
Seat 1: AutoCalll ($136.79 in chips)
Seat 2: ChrisTuff ($217.19 in chips)
ChrisTuff: posts small blind $1
AutoCalll: posts big blind $3
*** HOLE CARDS ***
ChrisTuff: raises $3 to $6
AutoCalll: calls $3
*** FLOP *** [As 3h Jc]
AutoCalll: checks
ChrisTuff: bets $3
AutoCalll: folds
Uncalled bet ($3) returned to ChrisTuff
ChrisTuff collected $11.76 from pot
ChrisTuff: doesn't show hand
*** SUMMARY ***
Total pot $12 | Rake $0.24
Board [As 3h Jc]
Seat 1: AutoCalll (big blind) folded on the Flop
Seat 2: ChrisTuff (button) (small blind) collected ($11.76)


PokerStars Hand #148086701179:  Hold'em Limit ($3/$6 USD) - 2016/02/01 20:30:47 ET
Table 'Idelsonia' 2-max Seat #1 is the button
Seat 1: AutoCalll ($130.79 in chips)
Seat 2: ChrisTuff ($222.95 in chips)
AutoCalll: posts small blind $1
ChrisTuff: posts big blind $3
*** HOLE CARDS ***
AutoCalll: raises $3 to $6
ChrisTuff: calls $3
*** FLOP *** [Qc 5s 4s]
ChrisTuff: checks
AutoCalll: checks
*** TURN *** [Qc 5s 4s] [6d]
ChrisTuff: checks
AutoCalll: bets $6
ChrisTuff: folds
Uncalled bet ($6) returned to AutoCalll
AutoCalll collected $11.76 from pot
*** SUMMARY ***
Total pot $12 | Rake $0.24
Board [Qc 5s 4s 6d]
Seat 1: AutoCalll (button) (small blind) collected ($11.76)
Seat 2: ChrisTuff (big blind) folded on the Turn


PokerStars Hand #148086714605:  Hold'em Limit ($3/$6 USD) - 2016/02/01 20:31:11 ET
Table 'Idelsonia' 2-max Seat #1 is the button
Seat 1: AutoCalll ($148.07 in chips)
Seat 2: ChrisTuff ($204.95 in chips)
AutoCalll: posts small blind $1
ChrisTuff: posts big blind $3
*** HOLE CARDS ***
AutoCalll: folds
Uncalled bet ($2) returned to ChrisTuff
ChrisTuff collected $2 from pot
ChrisTuff: doesn't show hand
*** SUMMARY ***
Total pot $2 | Rake $0
Seat 1: AutoCalll (button) (small blind) folded before Flop
Seat 2: ChrisTuff (big blind) collected ($2)


PokerStars Hand #148086707977:  Hold'em Limit ($3/$6 USD) - 2016/02/01 20:30:59 ET
Table 'Idelsonia' 2-max Seat #2 is the button
Seat 1: AutoCalll ($136.55 in chips)
Seat 2: ChrisTuff ($216.95 in chips)
ChrisTuff: posts small blind $1
AutoCalll: posts big blind $3
*** HOLE CARDS ***
ChrisTuff: raises $3 to $6
AutoCalll: calls $3
*** FLOP *** [Th 6h Kh]
AutoCalll: checks
ChrisTuff: bets $3
AutoCalll: raises $3 to $6
ChrisTuff: calls $3
*** TURN *** [Th 6h Kh] [2s]
AutoCalll: bets $6
ChrisTuff: folds
Uncalled bet ($6) returned to AutoCalll
AutoCalll collected $23.52 from pot
*** SUMMARY ***
Total pot $24 | Rake $0.48
Board [Th 6h Kh 2s]
Seat 1: AutoCalll (big blind) collected ($23.52)
Seat 2: ChrisTuff (button) (small blind) folded on the Turn


PokerStars Hand #148086717079:  Hold'em Limit ($3/$6 USD) - 2016/02/01 20:31:16 ET
Table 'Idelsonia' 2-max Seat #2 is the button
Seat 1: AutoCalll ($147.07 in chips)
Seat 2: ChrisTuff ($205.95 in chips)
ChrisTuff: posts small blind $1
AutoCalll: posts big blind $3
*** HOLE CARDS ***
ChrisTuff: raises $3 to $6
AutoCalll: calls $3
*** FLOP *** [Ah 6d Jd]
AutoCalll: checks
ChrisTuff: bets $3
AutoCalll: calls $3
*** TURN *** [Ah 6d Jd] [Kc]
AutoCalll: checks
ChrisTuff: bets $6
AutoCalll: calls $6
*** RIVER *** [Ah 6d Jd Kc] [6h]
AutoCalll: checks
ChrisTuff: bets $6
AutoCalll: folds
Uncalled bet ($6) returned to ChrisTuff
ChrisTuff collected $29.50 from pot
ChrisTuff: doesn't show hand
*** SUMMARY ***
Total pot $30 | Rake $0.50
Board [Ah 6d Jd Kc 6h]
Seat 1: AutoCalll (big blind) folded on the River
Seat 2: ChrisTuff (button) (small blind) collected ($29.50)


PokerStars Hand #148086724732:  Hold'em Limit ($3/$6 USD) - 2016/02/01 20:31:30 ET
Table 'Idelsonia' 2-max Seat #1 is the button
Seat 1: AutoCalll ($132.07 in chips)
Seat 2: ChrisTuff ($220.45 in chips)
AutoCalll: posts small blind $1
ChrisTuff: posts big blind $3
*** HOLE CARDS ***
AutoCalll: raises $3 to $6
ChrisTuff: raises $3 to $9
AutoCalll: calls $3
*** FLOP *** [2h 2s 3s]
ChrisTuff: bets $3
AutoCalll: calls $3
*** TURN *** [2h 2s 3s] [2c]
ChrisTuff: bets $6
AutoCalll: calls $6
*** RIVER *** [2h 2s 3s 2c] [3d]
ChrisTuff: checks
AutoCalll: checks
*** SHOW DOWN ***
ChrisTuff: shows [Ah Jh] (a full house, Deuces full of Threes)
AutoCalll: shows [7h Kh] (a full house, Deuces full of Threes)
ChrisTuff collected $17.75 from pot
AutoCalll collected $17.75 from pot
*** SUMMARY ***
Total pot $36 | Rake $0.50
Board [2h 2s 3s 2c 3d]
Seat 1: AutoCalll (button) (small blind) showed [7h Kh] and won ($17.75) with a full house, Deuces full of Threes
Seat 2: ChrisTuff (big blind) showed [Ah Jh] and won ($17.75) with a full house, Deuces full of Threes


PokerStars Hand #148086744263:  Hold'em Limit ($3/$6 USD) - 2016/02/01 20:32:05 ET
Table 'Idelsonia' 2-max Seat #1 is the button
Seat 1: AutoCalll ($117.82 in chips)
Seat 2: ChrisTuff ($233.70 in chips)
AutoCalll: posts small blind $1
ChrisTuff: posts big blind $3
*** HOLE CARDS ***
AutoCalll: raises $3 to $6
ChrisTuff: calls $3
*** FLOP *** [7d Tc 8d]
ChrisTuff: checks
AutoCalll: checks
*** TURN *** [7d Tc 8d] [9s]
ChrisTuff: checks
AutoCalll: checks
*** RIVER *** [7d Tc 8d 9s] [3s]
ChrisTuff: checks
AutoCalll: bets $6
ChrisTuff: calls $6
*** SHOW DOWN ***
AutoCalll: shows [3d 9h] (two pair, Nines and Threes)
ChrisTuff: mucks hand
AutoCalll collected $23.52 from pot
*** SUMMARY ***
Total pot $24 | Rake $0.48
Board [7d Tc 8d 9s 3s]
Seat 1: AutoCalll (button) (small blind) showed [3d 9h] and won ($23.52) with two pair, Nines and Threes
Seat 2: ChrisTuff (big blind) mucked


PokerStars Hand #148086742001:  Hold'em Limit ($3/$6 USD) - 2016/02/01 20:32:01 ET
Table 'Idelsonia' 2-max Seat #2 is the button
Seat 1: AutoCalll ($116.82 in chips)
Seat 2: ChrisTuff ($234.70 in chips)
ChrisTuff: posts small blind $1
AutoCalll: posts big blind $3
*** HOLE CARDS ***
ChrisTuff: folds
Uncalled bet ($2) returned to AutoCalll
AutoCalll collected $2 from pot
AutoCalll: doesn't show hand
*** SUMMARY ***
Total pot $2 | Rake $0
Seat 1: AutoCalll (big blind) collected ($2)
Seat 2: ChrisTuff (button) (small blind) folded before Flop


PokerStars Hand #148086738987:  Hold'em Limit ($3/$6 USD) - 2016/02/01 20:31:56 ET
Table 'Idelsonia' 2-max Seat #1 is the button
Seat 1: AutoCalll ($113.82 in chips)
Seat 2: ChrisTuff ($237.70 in chips)
AutoCalll: posts small blind $1
ChrisTuff: posts big blind $3
*** HOLE CARDS ***
AutoCalll: raises $3 to $6
ChrisTuff: folds
Uncalled bet ($3) returned to AutoCalll
AutoCalll collected $6 from pot
AutoCalll: doesn't show hand
*** SUMMARY ***
Total pot $6 | Rake $0
Seat 1: AutoCalll (button) (small blind) collected ($6)
Seat 2: ChrisTuff (big blind) folded before Flop


PokerStars Hand #148086731549:  Hold'em Limit ($3/$6 USD) - 2016/02/01 20:31:42 ET
Table 'Idelsonia' 2-max Seat #2 is the button
Seat 1: AutoCalll ($131.82 in chips)
Seat 2: ChrisTuff ($220.20 in chips)
ChrisTuff: posts small blind $1
AutoCalll: posts big blind $3
*** HOLE CARDS ***
ChrisTuff: raises $3 to $6
AutoCalll: calls $3
*** FLOP *** [4c 3c 5c]
AutoCalll: checks
ChrisTuff: bets $3
AutoCalll: raises $3 to $6
ChrisTuff: calls $3
*** TURN *** [4c 3c 5c] [Js]
AutoCalll: checks
ChrisTuff: checks
*** RIVER *** [4c 3c 5c Js] [Qd]
AutoCalll: bets $6
ChrisTuff: calls $6
*** SHOW DOWN ***
AutoCalll: shows [Ac 6d] (high card Ace)
ChrisTuff: shows [9d 4d] (a pair of Fours)
ChrisTuff collected $35.50 from pot
*** SUMMARY ***
Total pot $36 | Rake $0.50
Board [4c 3c 5c Js Qd]
Seat 1: AutoCalll (big blind) showed [Ac 6d] and lost with high card Ace
Seat 2: ChrisTuff (button) (small blind) showed [9d 4d] and won ($35.50) with a pair of Fours


PokerStars Hand #148086751347:  Hold'em Limit ($3/$6 USD) - 2016/02/01 20:32:19 ET
Table 'Idelsonia' 2-max Seat #2 is the button
Seat 1: AutoCalll ($129.34 in chips)
Seat 2: ChrisTuff ($221.70 in chips)
ChrisTuff: posts small blind $1
AutoCalll: posts big blind $3
*** HOLE CARDS ***
ChrisTuff: raises $3 to $6
AutoCalll: folds
Uncalled bet ($3) returned to ChrisTuff
ChrisTuff collected $6 from pot
ChrisTuff: doesn't show hand
*** SUMMARY ***
Total pot $6 | Rake $0
Seat 1: AutoCalll (big blind) folded before Flop
Seat 2: ChrisTuff (button) (small blind) collected ($6)


PokerStars Hand #148086780263:  Hold'em Limit ($3/$6 USD) - 2016/02/01 20:33:11 ET
Table 'Idelsonia' 2-max Seat #2 is the button
Seat 1: AutoCalll ($150.84 in chips)
Seat 2: ChrisTuff ($199.34 in chips)
ChrisTuff: posts small blind $1
AutoCalll: posts big blind $3
*** HOLE CARDS ***
ChrisTuff: folds
Uncalled bet ($2) returned to AutoCalll
AutoCalll collected $2 from pot
AutoCalll: doesn't show hand
*** SUMMARY ***
Total pot $2 | Rake $0
Seat 1: AutoCalll (big blind) collected ($2)
Seat 2: ChrisTuff (button) (small blind) folded before Flop


PokerStars Hand #148086777268:  Hold'em Limit ($3/$6 USD) - 2016/02/01 20:33:06 ET
Table 'Idelsonia' 2-max Seat #1 is the button
Seat 1: AutoCalll ($147.84 in chips)
Seat 2: ChrisTuff ($202.34 in chips)
AutoCalll: posts small blind $1
ChrisTuff: posts big blind $3
*** HOLE CARDS ***
AutoCalll: raises $3 to $6
ChrisTuff: folds
Uncalled bet ($3) returned to AutoCalll
AutoCalll collected $6 from pot
AutoCalll: doesn't show hand
*** SUMMARY ***
Total pot $6 | Rake $0
Seat 1: AutoCalll (button) (small blind) collected ($6)
Seat 2: ChrisTuff (big blind) folded before Flop


PokerStars Hand #148086774613:  Hold'em Limit ($3/$6 USD) - 2016/02/01 20:33:01 ET
Table 'Idelsonia' 2-max Seat #2 is the button
Seat 1: AutoCalll ($146.84 in chips)
Seat 2: ChrisTuff ($203.34 in chips)
ChrisTuff: posts small blind $1
AutoCalll: posts big blind $3
*** HOLE CARDS ***
ChrisTuff: folds
Uncalled bet ($2) returned to AutoCalll
AutoCalll collected $2 from pot
*** SUMMARY ***
Total pot $2 | Rake $0
Seat 1: AutoCalll (big blind) collected ($2)
Seat 2: ChrisTuff (button) (small blind) folded before Flop


PokerStars Hand #148086770545:  Hold'em Limit ($3/$6 USD) - 2016/02/01 20:32:53 ET
Table 'Idelsonia' 2-max Seat #1 is the button
Seat 1: AutoCalll ($143.84 in chips)
Seat 2: ChrisTuff ($206.34 in chips)
AutoCalll: posts small blind $1
ChrisTuff: posts big blind $3
*** HOLE CARDS ***
AutoCalll: raises $3 to $6
ChrisTuff: folds
Uncalled bet ($3) returned to AutoCalll
AutoCalll collected $6 from pot
*** SUMMARY ***
Total pot $6 | Rake $0
Seat 1: AutoCalll (button) (small blind) collected ($6)
Seat 2: ChrisTuff (big blind) folded before Flop


PokerStars Hand #148086763239:  Hold'em Limit ($3/$6 USD) - 2016/02/01 20:32:40 ET
Table 'Idelsonia' 2-max Seat #2 is the button
Seat 1: AutoCalll ($152.84 in chips)
Seat 2: ChrisTuff ($197.70 in chips)
ChrisTuff: posts small blind $1
AutoCalll: posts big blind $3
*** HOLE CARDS ***
ChrisTuff: raises $3 to $6
AutoCalll: calls $3
*** FLOP *** [Ah 5h Qd]
AutoCalll: checks
ChrisTuff: bets $3
AutoCalll: calls $3
*** TURN *** [Ah 5h Qd] [5s]
AutoCalll: checks
ChrisTuff: bets $6
AutoCalll: folds
Uncalled bet ($6) returned to ChrisTuff
ChrisTuff collected $17.64 from pot
ChrisTuff: doesn't show hand
*** SUMMARY ***
Total pot $18 | Rake $0.36
Board [Ah 5h Qd 5s]
Seat 1: AutoCalll (big blind) folded on the Turn
Seat 2: ChrisTuff (button) (small blind) collected ($17.64)


PokerStars Hand #148086754054:  Hold'em Limit ($3/$6 USD) - 2016/02/01 20:32:23 ET
Table 'Idelsonia' 2-max Seat #1 is the button
Seat 1: AutoCalll ($126.34 in chips)
Seat 2: ChrisTuff ($224.70 in chips)
AutoCalll: posts small blind $1
ChrisTuff: posts big blind $3
*** HOLE CARDS ***
AutoCalll: raises $3 to $6
ChrisTuff: calls $3
*** FLOP *** [8s 3h Kh]
ChrisTuff: checks
AutoCalll: bets $3
ChrisTuff: raises $3 to $6
AutoCalll: raises $3 to $9
ChrisTuff: calls $3
*** TURN *** [8s 3h Kh] [4c]
ChrisTuff: checks
AutoCalll: bets $6
ChrisTuff: calls $6
*** RIVER *** [8s 3h Kh 4c] [7d]
ChrisTuff: checks
AutoCalll: bets $6
ChrisTuff: calls $6
*** SHOW DOWN ***
AutoCalll: shows [8c Ks] (two pair, Kings and Eights)
ChrisTuff: mucks hand
AutoCalll collected $53.50 from pot
*** SUMMARY ***
Total pot $54 | Rake $0.50
Board [8s 3h Kh 4c 7d]
Seat 1: AutoCalll (button) (small blind) showed [8c Ks] and won ($53.50) with two pair, Kings and Eights
Seat 2: ChrisTuff (big blind) mucked


PokerStars Hand #148086808010:  Hold'em Limit ($3/$6 USD) - 2016/02/01 20:34:02 ET
Table 'Idelsonia' 2-max Seat #1 is the button
Seat 1: AutoCalll ($123.59 in chips)
Seat 2: ChrisTuff ($225.35 in chips)
AutoCalll: posts small blind $1
ChrisTuff: posts big blind $3
*** HOLE CARDS ***
AutoCalll: folds
Uncalled bet ($2) returned to ChrisTuff
ChrisTuff collected $2 from pot
ChrisTuff: doesn't show hand
*** SUMMARY ***
Total pot $2 | Rake $0
Seat 1: AutoCalll (button) (small blind) folded before Flop
Seat 2: ChrisTuff (big blind) collected ($2)


PokerStars Hand #148086796516:  Hold'em Limit ($3/$6 USD) - 2016/02/01 20:33:41 ET
Table 'Idelsonia' 2-max Seat #2 is the button
Seat 1: AutoCalll ($144.59 in chips)
Seat 2: ChrisTuff ($204.85 in chips)
ChrisTuff: posts small blind $1
AutoCalll: posts big blind $3
*** HOLE CARDS ***
ChrisTuff: raises $3 to $6
AutoCalll: calls $3
*** FLOP *** [Js 5h Jd]
AutoCalll: checks
ChrisTuff: bets $3
AutoCalll: calls $3
*** TURN *** [Js 5h Jd] [4s]
AutoCalll: checks
ChrisTuff: bets $6
AutoCalll: calls $6
*** RIVER *** [Js 5h Jd 4s] [Qh]
AutoCalll: checks
ChrisTuff: bets $6
AutoCalll: calls $6
*** SHOW DOWN ***
ChrisTuff: shows [5c Jc] (a full house, Jacks full of Fives)
AutoCalll: mucks hand
ChrisTuff collected $41.50 from pot
*** SUMMARY ***
Total pot $42 | Rake $0.50
Board [Js 5h Jd 4s Qh]
Seat 1: AutoCalll (big blind) mucked
Seat 2: ChrisTuff (button) (small blind) showed [5c Jc] and won ($41.50) with a full house, Jacks full of Fives


PokerStars Hand #148086793743:  Hold'em Limit ($3/$6 USD) - 2016/02/01 20:33:36 ET
Table 'Idelsonia' 2-max Seat #1 is the button
Seat 1: AutoCalll ($145.59 in chips)
Seat 2: ChrisTuff ($203.85 in chips)
AutoCalll: posts small blind $1
ChrisTuff: posts big blind $3
*** HOLE CARDS ***
AutoCalll: folds
Uncalled bet ($2) returned to ChrisTuff
ChrisTuff collected $2 from pot
ChrisTuff: doesn't show hand
*** SUMMARY ***
Total pot $2 | Rake $0
Seat 1: AutoCalll (button) (small blind) folded before Flop
Seat 2: ChrisTuff (big blind) collected ($2)


PokerStars Hand #148086789938:  Hold'em Limit ($3/$6 USD) - 2016/02/01 20:33:29 ET
Table 'Idelsonia' 2-max Seat #2 is the button
Seat 1: AutoCalll ($151.59 in chips)
Seat 2: ChrisTuff ($198.09 in chips)
ChrisTuff: posts small blind $1
AutoCalll: posts big blind $3
*** HOLE CARDS ***
ChrisTuff: raises $3 to $6
AutoCalll: calls $3
*** FLOP *** [7d Kh Qh]
AutoCalll: checks
ChrisTuff: bets $3
AutoCalll: folds
Uncalled bet ($3) returned to ChrisTuff
ChrisTuff collected $11.76 from pot
ChrisTuff: doesn't show hand
*** SUMMARY ***
Total pot $12 | Rake $0.24
Board [7d Kh Qh]
Seat 1: AutoCalll (big blind) folded on the Flop
Seat 2: ChrisTuff (button) (small blind) collected ($11.76)


PokerStars Hand #148086782479:  Hold'em Limit ($3/$6 USD) - 2016/02/01 20:33:15 ET
Table 'Idelsonia' 2-max Seat #1 is the button
Seat 1: AutoCalll ($151.84 in chips)
Seat 2: ChrisTuff ($198.34 in chips)
AutoCalll: posts small blind $1
ChrisTuff: posts big blind $3
*** HOLE CARDS ***
AutoCalll: raises $3 to $6
ChrisTuff: calls $3
*** FLOP *** [Tc 3h As]
ChrisTuff: checks
AutoCalll: checks
*** TURN *** [Tc 3h As] [4c]
ChrisTuff: bets $6
AutoCalll: raises $6 to $12
ChrisTuff: calls $6
*** RIVER *** [Tc 3h As 4c] [4d]
ChrisTuff: checks
AutoCalll: checks
*** SHOW DOWN ***
ChrisTuff: shows [5s Qs] (a pair of Fours)
AutoCalll: shows [8s Qh] (a pair of Fours)
ChrisTuff collected $17.75 from pot
AutoCalll collected $17.75 from pot
*** SUMMARY ***
Total pot $36 | Rake $0.50
Board [Tc 3h As 4c 4d]
Seat 1: AutoCalll (button) (small blind) showed [8s Qh] and won ($17.75) with a pair of Fours
Seat 2: ChrisTuff (big blind) showed [5s Qs] and won ($17.75) with a pair of Fours


PokerStars Hand #148086845427:  Hold'em Limit ($3/$6 USD) - 2016/02/01 20:35:12 ET
Table 'Idelsonia' 2-max Seat #1 is the button
Seat 1: AutoCalll ($96.87 in chips)
Seat 2: ChrisTuff ($250.35 in chips)
AutoCalll: posts small blind $1
ChrisTuff: posts big blind $3
*** HOLE CARDS ***
AutoCalll: raises $3 to $6
ChrisTuff: calls $3
*** FLOP *** [Qc Th Ah]
ChrisTuff: bets $3
AutoCalll: folds
Uncalled bet ($3) returned to ChrisTuff
ChrisTuff collected $11.76 from pot
ChrisTuff: doesn't show hand
*** SUMMARY ***
Total pot $12 | Rake $0.24
Board [Qc Th Ah]
Seat 1: AutoCalll (button) (small blind) folded on the Flop
Seat 2: ChrisTuff (big blind) collected ($11.76)


PokerStars Hand #148086839864:  Hold'em Limit ($3/$6 USD) - 2016/02/01 20:35:01 ET
Table 'Idelsonia' 2-max Seat #2 is the button
Seat 1: AutoCalll ($85.35 in chips)
Seat 2: ChrisTuff ($262.35 in chips)
ChrisTuff: posts small blind $1
AutoCalll: posts big blind $3
*** HOLE CARDS ***
ChrisTuff: raises $3 to $6
AutoCalll: calls $3
*** FLOP *** [8c 6s 9h]
AutoCalll: checks
ChrisTuff: bets $3
AutoCalll: raises $3 to $6
ChrisTuff: calls $3
*** TURN *** [8c 6s 9h] [9c]
AutoCalll: bets $6
ChrisTuff: folds
Uncalled bet ($6) returned to AutoCalll
AutoCalll collected $23.52 from pot
*** SUMMARY ***
Total pot $24 | Rake $0.48
Board [8c 6s 9h 9c]
Seat 1: AutoCalll (big blind) collected ($23.52)
Seat 2: ChrisTuff (button) (small blind) folded on the Turn


PokerStars Hand #148086835309:  Hold'em Limit ($3/$6 USD) - 2016/02/01 20:34:53 ET
Table 'Idelsonia' 2-max Seat #1 is the button
Seat 1: AutoCalll ($79.59 in chips)
Seat 2: ChrisTuff ($268.35 in chips)
AutoCalll: posts small blind $1
ChrisTuff: posts big blind $3
*** HOLE CARDS ***
AutoCalll: raises $3 to $6
ChrisTuff: calls $3
*** FLOP *** [Js 3s 2d]
ChrisTuff: checks
AutoCalll: bets $3
ChrisTuff: folds
Uncalled bet ($3) returned to AutoCalll
AutoCalll collected $11.76 from pot
AutoCalll: doesn't show hand
*** SUMMARY ***
Total pot $12 | Rake $0.24
Board [Js 3s 2d]
Seat 1: AutoCalll (button) (small blind) collected ($11.76)
Seat 2: ChrisTuff (big blind) folded on the Flop


PokerStars Hand #148086830460:  Hold'em Limit ($3/$6 USD) - 2016/02/01 20:34:44 ET
Table 'Idelsonia' 2-max Seat #1 is the button
Seat 1: AutoCalll ($83.59 in chips)
Seat 2: ChrisTuff ($264.35 in chips)
AutoCalll: posts small blind $1
ChrisTuff: posts big blind $3
*** HOLE CARDS ***
AutoCalll: folds
Uncalled bet ($2) returned to ChrisTuff
ChrisTuff collected $2 from pot
ChrisTuff: doesn't show hand
*** SUMMARY ***
Total pot $2 | Rake $0
Seat 1: AutoCalll (button) (small blind) folded before Flop
Seat 2: ChrisTuff (big blind) collected ($2)


PokerStars Hand #148086823034:  Hold'em Limit ($3/$6 USD) - 2016/02/01 20:34:30 ET
Table 'Idelsonia' 2-max Seat #2 is the button
Seat 1: AutoCalll ($104.59 in chips)
Seat 2: ChrisTuff ($243.85 in chips)
ChrisTuff: posts small blind $1
AutoCalll: posts big blind $3
*** HOLE CARDS ***
ChrisTuff: raises $3 to $6
AutoCalll: raises $3 to $9
ChrisTuff: calls $3
*** FLOP *** [6s Qh 3s]
AutoCalll: checks
ChrisTuff: checks
*** TURN *** [6s Qh 3s] [5d]
AutoCalll: checks
ChrisTuff: bets $6
AutoCalll: calls $6
*** RIVER *** [6s Qh 3s 5d] [9c]
AutoCalll: checks
ChrisTuff: bets $6
AutoCalll: calls $6
*** SHOW DOWN ***
ChrisTuff: shows [Ks 3c] (a pair of Threes)
AutoCalll: mucks hand
ChrisTuff collected $41.50 from pot
*** SUMMARY ***
Total pot $42 | Rake $0.50
Board [6s Qh 3s 5d 9c]
Seat 1: AutoCalll (big blind) mucked
Seat 2: ChrisTuff (button) (small blind) showed [Ks 3c] and won ($41.50) with a pair of Threes


PokerStars Hand #148086820255:  Hold'em Limit ($3/$6 USD) - 2016/02/01 20:34:25 ET
Table 'Idelsonia' 2-max Seat #1 is the button
Seat 1: AutoCalll ($101.59 in chips)
Seat 2: ChrisTuff ($246.85 in chips)
AutoCalll: posts small blind $1
ChrisTuff: posts big blind $3
*** HOLE CARDS ***
AutoCalll: raises $3 to $6
ChrisTuff: folds
Uncalled bet ($3) returned to AutoCalll
AutoCalll collected $6 from pot
*** SUMMARY ***
Total pot $6 | Rake $0
Seat 1: AutoCalll (button) (small blind) collected ($6)
Seat 2: ChrisTuff (big blind) folded before Flop


PokerStars Hand #148086811098:  Hold'em Limit ($3/$6 USD) - 2016/02/01 20:34:08 ET
Table 'Idelsonia' 2-max Seat #2 is the button
Seat 1: AutoCalll ($122.59 in chips)
Seat 2: ChrisTuff ($226.35 in chips)
ChrisTuff: posts small blind $1
AutoCalll: posts big blind $3
*** HOLE CARDS ***
ChrisTuff: raises $3 to $6
AutoCalll: calls $3
*** FLOP *** [As 3d Ad]
AutoCalll: bets $3
ChrisTuff: calls $3
*** TURN *** [As 3d Ad] [2h]
AutoCalll: bets $6
ChrisTuff: calls $6
*** RIVER *** [As 3d Ad 2h] [4s]
AutoCalll: bets $6
ChrisTuff: calls $6
*** SHOW DOWN ***
AutoCalll: shows [7c Qs] (a pair of Aces)
ChrisTuff: shows [3s 4h] (two pair, Aces and Fours)
ChrisTuff collected $41.50 from pot
*** SUMMARY ***
Total pot $42 | Rake $0.50
Board [As 3d Ad 2h 4s]
Seat 1: AutoCalll (big blind) showed [7c Qs] and lost with a pair of Aces
Seat 2: ChrisTuff (button) (small blind) showed [3s 4h] and won ($41.50) with two pair, Aces and Fours


PokerStars Hand #148086878194:  Hold'em Limit ($3/$6 USD) - 2016/02/01 20:36:12 ET
Table 'Idelsonia' 2-max Seat #1 is the button
Seat 1: AutoCalll ($93.01 in chips)
Seat 2: ChrisTuff ($252.61 in chips)
AutoCalll: posts small blind $1
ChrisTuff: posts big blind $3
*** HOLE CARDS ***
AutoCalll: raises $3 to $6
ChrisTuff: calls $3
*** FLOP *** [8h 4c 7h]
ChrisTuff: checks
AutoCalll: bets $3
ChrisTuff: folds
Uncalled bet ($3) returned to AutoCalll
AutoCalll collected $11.76 from pot
*** SUMMARY ***
Total pot $12 | Rake $0.24
Board [8h 4c 7h]
Seat 1: AutoCalll (button) (small blind) collected ($11.76)
Seat 2: ChrisTuff (big blind) folded on the Flop


PokerStars Hand #148086867495:  Hold'em Limit ($3/$6 USD) - 2016/02/01 20:35:52 ET
Table 'Idelsonia' 2-max Seat #1 is the button
Seat 1: AutoCalll ($81.37 in chips)
Seat 2: ChrisTuff ($264.61 in chips)
AutoCalll: posts small blind $1
ChrisTuff: posts big blind $3
*** HOLE CARDS ***
AutoCalll: raises $3 to $6
ChrisTuff: folds
Uncalled bet ($3) returned to AutoCalll
AutoCalll collected $6 from pot
*** SUMMARY ***
Total pot $6 | Rake $0
Seat 1: AutoCalll (button) (small blind) collected ($6)
Seat 2: ChrisTuff (big blind) folded before Flop


PokerStars Hand #148086860222:  Hold'em Limit ($3/$6 USD) - 2016/02/01 20:35:39 ET
Table 'Idelsonia' 2-max Seat #2 is the button
Seat 1: AutoCalll ($108.37 in chips)
Seat 2: ChrisTuff ($238.11 in chips)
ChrisTuff: posts small blind $1
AutoCalll: posts big blind $3
*** HOLE CARDS ***
ChrisTuff: raises $3 to $6
AutoCalll: raises $3 to $9
ChrisTuff: raises $3 to $12
Betting is capped
AutoCalll: calls $3
*** FLOP *** [3d 8d Ac]
AutoCalll: checks
ChrisTuff: bets $3
AutoCalll: calls $3
*** TURN *** [3d 8d Ac] [8s]
AutoCalll: checks
ChrisTuff: bets $6
AutoCalll: calls $6
*** RIVER *** [3d 8d Ac 8s] [5h]
AutoCalll: checks
ChrisTuff: bets $6
AutoCalll: calls $6
*** SHOW DOWN ***
ChrisTuff: shows [Ah Qc] (two pair, Aces and Eights)
AutoCalll: mucks hand
ChrisTuff collected $53.50 from pot
*** SUMMARY ***
Total pot $54 | Rake $0.50
Board [3d 8d Ac 8s 5h]
Seat 1: AutoCalll (big blind) mucked
Seat 2: ChrisTuff (button) (small blind) showed [Ah Qc] and won ($53.50) with two pair, Aces and Eights


PokerStars Hand #148086852731:  Hold'em Limit ($3/$6 USD) - 2016/02/01 20:35:25 ET
Table 'Idelsonia' 2-max Seat #1 is the button
Seat 1: AutoCalll ($87.87 in chips)
Seat 2: ChrisTuff ($259.11 in chips)
AutoCalll: posts small blind $1
ChrisTuff: posts big blind $3
*** HOLE CARDS ***
AutoCalll: raises $3 to $6
ChrisTuff: calls $3
*** FLOP *** [Jc Ks 6s]
ChrisTuff: checks
AutoCalll: bets $3
ChrisTuff: calls $3
*** TURN *** [Jc Ks 6s] [2d]
ChrisTuff: checks
AutoCalll: bets $6
ChrisTuff: calls $6
*** RIVER *** [Jc Ks 6s 2d] [4d]
ChrisTuff: checks
AutoCalll: bets $6
ChrisTuff: calls $6
*** SHOW DOWN ***
AutoCalll: shows [Kh 2h] (two pair, Kings and Deuces)
ChrisTuff: mucks hand
AutoCalll collected $41.50 from pot
*** SUMMARY ***
Total pot $42 | Rake $0.50
Board [Jc Ks 6s 2d 4d]
Seat 1: AutoCalll (button) (small blind) showed [Kh 2h] and won ($41.50) with two pair, Kings and Deuces
Seat 2: ChrisTuff (big blind) mucked


PokerStars Hand #148086850253:  Hold'em Limit ($3/$6 USD) - 2016/02/01 20:35:21 ET
Table 'Idelsonia' 2-max Seat #2 is the button
Seat 1: AutoCalll ($90.87 in chips)
Seat 2: ChrisTuff ($256.11 in chips)
ChrisTuff: posts small blind $1
AutoCalll: posts big blind $3
*** HOLE CARDS ***
ChrisTuff: raises $3 to $6
AutoCalll: folds
Uncalled bet ($3) returned to ChrisTuff
ChrisTuff collected $6 from pot
ChrisTuff: doesn't show hand
*** SUMMARY ***
Total pot $6 | Rake $0
Seat 1: AutoCalll (big blind) folded before Flop
Seat 2: ChrisTuff (button) (small blind) collected ($6)


PokerStars Hand #148086906746:  Hold'em Limit ($3/$6 USD) - 2016/02/01 20:37:06 ET
Table 'Idelsonia' 2-max Seat #1 is the button
Seat 1: AutoCalll ($103.41 in chips)
Seat 2: ChrisTuff ($241.61 in chips)
AutoCalll: posts small blind $1
ChrisTuff: posts big blind $3
*** HOLE CARDS ***
AutoCalll: raises $3 to $6
ChrisTuff: calls $3
*** FLOP *** [4c 8s Qc]
ChrisTuff: checks
AutoCalll: bets $3
ChrisTuff: folds
Uncalled bet ($3) returned to AutoCalll
AutoCalll collected $11.76 from pot
*** SUMMARY ***
Total pot $12 | Rake $0.24
Board [4c 8s Qc]
Seat 1: AutoCalll (button) (small blind) collected ($11.76)
Seat 2: ChrisTuff (big blind) folded on the Flop


PokerStars Hand #148086903620:  Hold'em Limit ($3/$6 USD) - 2016/02/01 20:37:00 ET
Table 'Idelsonia' 2-max Seat #2 is the button
Seat 1: AutoCalll ($106.41 in chips)
Seat 2: ChrisTuff ($238.61 in chips)
ChrisTuff: posts small blind $1
AutoCalll: posts big blind $3
*** HOLE CARDS ***
ChrisTuff: raises $3 to $6
AutoCalll: folds
Uncalled bet ($3) returned to ChrisTuff
ChrisTuff collected $6 from pot
ChrisTuff: doesn't show hand
*** SUMMARY ***
Total pot $6 | Rake $0
Seat 1: AutoCalll (big blind) folded before Flop
Seat 2: ChrisTuff (button) (small blind) collected ($6)


PokerStars Hand #148086900976:  Hold'em Limit ($3/$6 USD) - 2016/02/01 20:36:55 ET
Table 'Idelsonia' 2-max Seat #1 is the button
Seat 1: AutoCalll ($107.41 in chips)
Seat 2: ChrisTuff ($237.61 in chips)
AutoCalll: posts small blind $1
ChrisTuff: posts big blind $3
*** HOLE CARDS ***
AutoCalll: folds
Uncalled bet ($2) returned to ChrisTuff
ChrisTuff collected $2 from pot
ChrisTuff: doesn't show hand
*** SUMMARY ***
Total pot $2 | Rake $0
Seat 1: AutoCalll (button) (small blind) folded before Flop
Seat 2: ChrisTuff (big blind) collected ($2)


PokerStars Hand #148086897752:  Hold'em Limit ($3/$6 USD) - 2016/02/01 20:36:49 ET
Table 'Idelsonia' 2-max Seat #2 is the button
Seat 1: AutoCalll ($106.41 in chips)
Seat 2: ChrisTuff ($238.61 in chips)
ChrisTuff: posts small blind $1
AutoCalll: posts big blind $3
*** HOLE CARDS ***
ChrisTuff: folds
Uncalled bet ($2) returned to AutoCalll
AutoCalll collected $2 from pot
*** SUMMARY ***
Total pot $2 | Rake $0
Seat 1: AutoCalll (big blind) collected ($2)
Seat 2: ChrisTuff (button) (small blind) folded before Flop


PokerStars Hand #148086894675:  Hold'em Limit ($3/$6 USD) - 2016/02/01 20:36:43 ET
Table 'Idelsonia' 2-max Seat #1 is the button
Seat 1: AutoCalll ($103.41 in chips)
Seat 2: ChrisTuff ($241.61 in chips)
AutoCalll: posts small blind $1
ChrisTuff: posts big blind $3
*** HOLE CARDS ***
AutoCalll: raises $3 to $6
ChrisTuff: folds
Uncalled bet ($3) returned to AutoCalll
AutoCalll collected $6 from pot
*** SUMMARY ***
Total pot $6 | Rake $0
Seat 1: AutoCalll (button) (small blind) collected ($6)
Seat 2: ChrisTuff (big blind) folded before Flop


PokerStars Hand #148086891885:  Hold'em Limit ($3/$6 USD) - 2016/02/01 20:36:38 ET
Table 'Idelsonia' 2-max Seat #2 is the button
Seat 1: AutoCalll ($106.41 in chips)
Seat 2: ChrisTuff ($238.61 in chips)
ChrisTuff: posts small blind $1
AutoCalll: posts big blind $3
*** HOLE CARDS ***
ChrisTuff: raises $3 to $6
AutoCalll: folds
Uncalled bet ($3) returned to ChrisTuff
ChrisTuff collected $6 from pot
ChrisTuff: doesn't show hand
*** SUMMARY ***
Total pot $6 | Rake $0
Seat 1: AutoCalll (big blind) folded before Flop
Seat 2: ChrisTuff (button) (small blind) collected ($6)


PokerStars Hand #148086889507:  Hold'em Limit ($3/$6 USD) - 2016/02/01 20:36:34 ET
Table 'Idelsonia' 2-max Seat #1 is the button
Seat 1: AutoCalll ($107.41 in chips)
Seat 2: ChrisTuff ($237.61 in chips)
AutoCalll: posts small blind $1
ChrisTuff: posts big blind $3
*** HOLE CARDS ***
AutoCalll: folds
Uncalled bet ($2) returned to ChrisTuff
ChrisTuff collected $2 from pot
ChrisTuff: doesn't show hand
*** SUMMARY ***
Total pot $2 | Rake $0
Seat 1: AutoCalll (button) (small blind) folded before Flop
Seat 2: ChrisTuff (big blind) collected ($2)


PokerStars Hand #148086883384:  Hold'em Limit ($3/$6 USD) - 2016/02/01 20:36:22 ET
Table 'Idelsonia' 2-max Seat #2 is the button
Seat 1: AutoCalll ($98.77 in chips)
Seat 2: ChrisTuff ($246.61 in chips)
ChrisTuff: posts small blind $1
AutoCalll: posts big blind $3
*** HOLE CARDS ***
ChrisTuff: raises $3 to $6
AutoCalll: raises $3 to $9
ChrisTuff: calls $3
*** FLOP *** [3h Ah 6h]
AutoCalll: checks
ChrisTuff: checks
*** TURN *** [3h Ah 6h] [Td]
AutoCalll: bets $6
ChrisTuff: folds
Uncalled bet ($6) returned to AutoCalll
AutoCalll collected $17.64 from pot
*** SUMMARY ***
Total pot $18 | Rake $0.36
Board [3h Ah 6h Td]
Seat 1: AutoCalll (big blind) collected ($17.64)
Seat 2: ChrisTuff (button) (small blind) folded on the Turn


PokerStars Hand #148086935849:  Hold'em Limit ($3/$6 USD) - 2016/02/01 20:38:00 ET
Table 'Idelsonia' 2-max Seat #2 is the button
Seat 1: AutoCalll ($122.43 in chips)
Seat 2: ChrisTuff ($221.11 in chips)
ChrisTuff: posts small blind $1
AutoCalll: posts big blind $3
*** HOLE CARDS ***
ChrisTuff: raises $3 to $6
AutoCalll: raises $3 to $9
ChrisTuff: calls $3
*** FLOP *** [9h 2d 6s]
AutoCalll: checks
ChrisTuff: checks
*** TURN *** [9h 2d 6s] [7c]
AutoCalll: checks
ChrisTuff: checks
*** RIVER *** [9h 2d 6s 7c] [2s]
AutoCalll: bets $6
ChrisTuff: calls $6
*** SHOW DOWN ***
AutoCalll: shows [7s As] (two pair, Sevens and Deuces)
ChrisTuff: mucks hand
AutoCalll collected $29.50 from pot
*** SUMMARY ***
Total pot $30 | Rake $0.50
Board [9h 2d 6s 7c 2s]
Seat 1: AutoCalll (big blind) showed [7s As] and won ($29.50) with two pair, Sevens and Deuces
Seat 2: ChrisTuff (button) (small blind) mucked


PokerStars Hand #148086931300:  Hold'em Limit ($3/$6 USD) - 2016/02/01 20:37:52 ET
Table 'Idelsonia' 2-max Seat #1 is the button
Seat 1: AutoCalll ($116.67 in chips)
Seat 2: ChrisTuff ($227.11 in chips)
AutoCalll: posts small blind $1
ChrisTuff: posts big blind $3
*** HOLE CARDS ***
AutoCalll: raises $3 to $6
ChrisTuff: calls $3
*** FLOP *** [2c 4c 7c]
ChrisTuff: checks
AutoCalll: bets $3
ChrisTuff: folds
Uncalled bet ($3) returned to AutoCalll
AutoCalll collected $11.76 from pot
*** SUMMARY ***
Total pot $12 | Rake $0.24
Board [2c 4c 7c]
Seat 1: AutoCalll (button) (small blind) collected ($11.76)
Seat 2: ChrisTuff (big blind) folded on the Flop


PokerStars Hand #148086923960:  Hold'em Limit ($3/$6 USD) - 2016/02/01 20:37:38 ET
Table 'Idelsonia' 2-max Seat #2 is the button
Seat 1: AutoCalll ($137.67 in chips)
Seat 2: ChrisTuff ($206.61 in chips)
ChrisTuff: posts small blind $1
AutoCalll: posts big blind $3
*** HOLE CARDS ***
ChrisTuff: raises $3 to $6
AutoCalll: calls $3
*** FLOP *** [Kc 5c Ts]
AutoCalll: checks
ChrisTuff: bets $3
AutoCalll: calls $3
*** TURN *** [Kc 5c Ts] [6d]
AutoCalll: checks
ChrisTuff: bets $6
AutoCalll: calls $6
*** RIVER *** [Kc 5c Ts 6d] [3s]
AutoCalll: checks
ChrisTuff: bets $6
AutoCalll: calls $6
*** SHOW DOWN ***
ChrisTuff: shows [Jh Jd] (a pair of Jacks)
AutoCalll: mucks hand
ChrisTuff collected $41.50 from pot
*** SUMMARY ***
Total pot $42 | Rake $0.50
Board [Kc 5c Ts 6d 3s]
Seat 1: AutoCalll (big blind) mucked
Seat 2: ChrisTuff (button) (small blind) showed [Jh Jd] and won ($41.50) with a pair of Jacks


PokerStars Hand #148086920329:  Hold'em Limit ($3/$6 USD) - 2016/02/01 20:37:31 ET
Table 'Idelsonia' 2-max Seat #1 is the button
Seat 1: AutoCalll ($138.67 in chips)
Seat 2: ChrisTuff ($205.61 in chips)
AutoCalll: posts small blind $1
ChrisTuff: posts big blind $3
*** HOLE CARDS ***
AutoCalll: folds
Uncalled bet ($2) returned to ChrisTuff
ChrisTuff collected $2 from pot
ChrisTuff: doesn't show hand
*** SUMMARY ***
Total pot $2 | Rake $0
Seat 1: AutoCalll (button) (small blind) folded before Flop
Seat 2: ChrisTuff (big blind) collected ($2)


PokerStars Hand #148086911719:  Hold'em Limit ($3/$6 USD) - 2016/02/01 20:37:15 ET
Table 'Idelsonia' 2-max Seat #2 is the button
Seat 1: AutoCalll ($109.17 in chips)
Seat 2: ChrisTuff ($235.61 in chips)
ChrisTuff: posts small blind $1
AutoCalll: posts big blind $3
*** HOLE CARDS ***
ChrisTuff: raises $3 to $6
AutoCalll: raises $3 to $9
ChrisTuff: raises $3 to $12
Betting is capped
AutoCalll: calls $3
*** FLOP *** [3d Kh 8s]
AutoCalll: checks
ChrisTuff: bets $3
AutoCalll: raises $3 to $6
ChrisTuff: calls $3
*** TURN *** [3d Kh 8s] [5h]
AutoCalll: bets $6
ChrisTuff: calls $6
*** RIVER *** [3d Kh 8s 5h] [6h]
AutoCalll: bets $6
ChrisTuff: calls $6
*** SHOW DOWN ***
AutoCalll: shows [Kd Ks] (three of a kind, Kings)
ChrisTuff: mucks hand
AutoCalll collected $59.50 from pot
*** SUMMARY ***
Total pot $60 | Rake $0.50
Board [3d Kh 8s 5h 6h]
Seat 1: AutoCalll (big blind) showed [Kd Ks] and won ($59.50) with three of a kind, Kings
Seat 2: ChrisTuff (button) (small blind) mucked


PokerStars Hand #148086969986:  Hold'em Limit ($3/$6 USD) - 2016/02/01 20:39:05 ET
Table 'Idelsonia' 2-max Seat #1 is the button
Seat 1: AutoCalll ($91.93 in chips)
Seat 2: ChrisTuff ($249.89 in chips)
AutoCalll: posts small blind $1
ChrisTuff: posts big blind $3
*** HOLE CARDS ***
AutoCalll: calls $2
ChrisTuff: checks
*** FLOP *** [Qd 3h Ad]
ChrisTuff: checks
AutoCalll: checks
*** TURN *** [Qd 3h Ad] [9c]
ChrisTuff: checks
AutoCalll: bets $6
ChrisTuff: folds
Uncalled bet ($6) returned to AutoCalll
AutoCalll collected $5.88 from pot
*** SUMMARY ***
Total pot $6 | Rake $0.12
Board [Qd 3h Ad 9c]
Seat 1: AutoCalll (button) (small blind) collected ($5.88)
Seat 2: ChrisTuff (big blind) folded on the Turn


PokerStars Hand #148086967477:  Hold'em Limit ($3/$6 USD) - 2016/02/01 20:39:00 ET
Table 'Idelsonia' 2-max Seat #2 is the button
Seat 1: AutoCalll ($90.93 in chips)
Seat 2: ChrisTuff ($250.89 in chips)
ChrisTuff: posts small blind $1
AutoCalll: posts big blind $3
*** HOLE CARDS ***
ChrisTuff: folds
Uncalled bet ($2) returned to AutoCalll
AutoCalll collected $2 from pot
*** SUMMARY ***
Total pot $2 | Rake $0
Seat 1: AutoCalll (big blind) collected ($2)
Seat 2: ChrisTuff (button) (small blind) folded before Flop


PokerStars Hand #148086960549:  Hold'em Limit ($3/$6 USD) - 2016/02/01 20:38:47 ET
Table 'Idelsonia' 2-max Seat #1 is the button
Seat 1: AutoCalll ($102.93 in chips)
Seat 2: ChrisTuff ($239.37 in chips)
AutoCalll: posts small blind $1
ChrisTuff: posts big blind $3
*** HOLE CARDS ***
AutoCalll: raises $3 to $6
ChrisTuff: calls $3
*** FLOP *** [8h 8c 3h]
ChrisTuff: checks
AutoCalll: checks
*** TURN *** [8h 8c 3h] [Ts]
ChrisTuff: checks
AutoCalll: bets $6
ChrisTuff: calls $6
*** RIVER *** [8h 8c 3h Ts] [6s]
ChrisTuff: checks
AutoCalll: checks
*** SHOW DOWN ***
ChrisTuff: shows [Ad 7c] (a pair of Eights)
AutoCalll: mucks hand
ChrisTuff collected $23.52 from pot
*** SUMMARY ***
Total pot $24 | Rake $0.48
Board [8h 8c 3h Ts 6s]
Seat 1: AutoCalll (button) (small blind) mucked
Seat 2: ChrisTuff (big blind) showed [Ad 7c] and won ($23.52) with a pair of Eights


PokerStars Hand #148086958231:  Hold'em Limit ($3/$6 USD) - 2016/02/01 20:38:43 ET
Table 'Idelsonia' 2-max Seat #2 is the button
Seat 1: AutoCalll ($101.93 in chips)
Seat 2: ChrisTuff ($240.37 in chips)
ChrisTuff: posts small blind $1
AutoCalll: posts big blind $3
*** HOLE CARDS ***
ChrisTuff: folds
Uncalled bet ($2) returned to AutoCalll
AutoCalll collected $2 from pot
AutoCalll: doesn't show hand
*** SUMMARY ***
Total pot $2 | Rake $0
Seat 1: AutoCalll (big blind) collected ($2)
Seat 2: ChrisTuff (button) (small blind) folded before Flop


PokerStars Hand #148086950791:  Hold'em Limit ($3/$6 USD) - 2016/02/01 20:38:28 ET
Table 'Idelsonia' 2-max Seat #2 is the button
Seat 1: AutoCalll ($106.93 in chips)
Seat 2: ChrisTuff ($235.61 in chips)
ChrisTuff: posts small blind $1
AutoCalll: posts big blind $3
*** HOLE CARDS ***
ChrisTuff: folds
Uncalled bet ($2) returned to AutoCalll
AutoCalll collected $2 from pot
*** SUMMARY ***
Total pot $2 | Rake $0
Seat 1: AutoCalll (big blind) collected ($2)
Seat 2: ChrisTuff (button) (small blind) folded before Flop


PokerStars Hand #148086941614:  Hold'em Limit ($3/$6 USD) - 2016/02/01 20:38:11 ET
Table 'Idelsonia' 2-max Seat #1 is the button
Seat 1: AutoCalll ($136.93 in chips)
Seat 2: ChrisTuff ($206.11 in chips)
AutoCalll: posts small blind $1
ChrisTuff: posts big blind $3
*** HOLE CARDS ***
AutoCalll: raises $3 to $6
ChrisTuff: raises $3 to $9
AutoCalll: calls $3
*** FLOP *** [7d 9s 3d]
ChrisTuff: bets $3
AutoCalll: calls $3
*** TURN *** [7d 9s 3d] [Jd]
ChrisTuff: bets $6
AutoCalll: calls $6
*** RIVER *** [7d 9s 3d Jd] [5d]
ChrisTuff: bets $6
AutoCalll: raises $6 to $12
ChrisTuff: calls $6
*** SHOW DOWN ***
AutoCalll: shows [5h Qh] (a pair of Fives)
ChrisTuff: shows [Jc Td] (a flush, Jack high)
ChrisTuff collected $59.50 from pot
*** SUMMARY ***
Total pot $60 | Rake $0.50
Board [7d 9s 3d Jd 5d]
Seat 1: AutoCalll (button) (small blind) showed [5h Qh] and lost with a pair of Fives
Seat 2: ChrisTuff (big blind) showed [Jc Td] and won ($59.50) with a flush, Jack high


PokerStars Hand #148087005877:  Hold'em Limit ($3/$6 USD) - 2016/02/01 20:40:13 ET
Table 'Idelsonia' 2-max Seat #2 is the button
Seat 1: AutoCalll ($150.09 in chips)
Seat 2: ChrisTuff ($189.89 in chips)
ChrisTuff: posts small blind $1
AutoCalll: posts big blind $3
*** HOLE CARDS ***
ChrisTuff: raises $3 to $6
AutoCalll: calls $3
*** FLOP *** [Kh Ad Qh]
AutoCalll: checks
ChrisTuff: bets $3
AutoCalll: folds
Uncalled bet ($3) returned to ChrisTuff
ChrisTuff collected $11.76 from pot
ChrisTuff: doesn't show hand
*** SUMMARY ***
Total pot $12 | Rake $0.24
Board [Kh Ad Qh]
Seat 1: AutoCalll (big blind) folded on the Flop
Seat 2: ChrisTuff (button) (small blind) collected ($11.76)


PokerStars Hand #148086997805:  Hold'em Limit ($3/$6 USD) - 2016/02/01 20:39:58 ET
Table 'Idelsonia' 2-max Seat #1 is the button
Seat 1: AutoCalll ($132.59 in chips)
Seat 2: ChrisTuff ($207.89 in chips)
AutoCalll: posts small blind $1
ChrisTuff: posts big blind $3
*** HOLE CARDS ***
AutoCalll: raises $3 to $6
ChrisTuff: raises $3 to $9
AutoCalll: raises $3 to $12
Betting is capped
ChrisTuff: calls $3
*** FLOP *** [6c Qc Qs]
ChrisTuff: checks
AutoCalll: checks
*** TURN *** [6c Qc Qs] [2c]
ChrisTuff: checks
AutoCalll: checks
*** RIVER *** [6c Qc Qs 2c] [7s]
ChrisTuff: checks
AutoCalll: bets $6
ChrisTuff: calls $6
*** SHOW DOWN ***
AutoCalll: shows [Ah Kd] (a pair of Queens)
ChrisTuff: mucks hand
AutoCalll collected $35.50 from pot
*** SUMMARY ***
Total pot $36 | Rake $0.50
Board [6c Qc Qs 2c 7s]
Seat 1: AutoCalll (button) (small blind) showed [Ah Kd] and won ($35.50) with a pair of Queens
Seat 2: ChrisTuff (big blind) mucked


PokerStars Hand #148086990609:  Hold'em Limit ($3/$6 USD) - 2016/02/01 20:39:44 ET
Table 'Idelsonia' 2-max Seat #2 is the button
Seat 1: AutoCalll ($123.95 in chips)
Seat 2: ChrisTuff ($216.89 in chips)
ChrisTuff: posts small blind $1
AutoCalll: posts big blind $3
*** HOLE CARDS ***
ChrisTuff: raises $3 to $6
AutoCalll: raises $3 to $9
ChrisTuff: calls $3
*** FLOP *** [7h 7s 8s]
AutoCalll: checks
ChrisTuff: checks
*** TURN *** [7h 7s 8s] [Qh]
AutoCalll: checks
ChrisTuff: checks
*** RIVER *** [7h 7s 8s Qh] [Th]
AutoCalll: bets $6
ChrisTuff: folds
Uncalled bet ($6) returned to AutoCalll
AutoCalll collected $17.64 from pot
*** SUMMARY ***
Total pot $18 | Rake $0.36
Board [7h 7s 8s Qh Th]
Seat 1: AutoCalll (big blind) collected ($17.64)
Seat 2: ChrisTuff (button) (small blind) folded on the River


PokerStars Hand #148086976162:  Hold'em Limit ($3/$6 USD) - 2016/02/01 20:39:17 ET
Table 'Idelsonia' 2-max Seat #2 is the button
Seat 1: AutoCalll ($94.81 in chips)
Seat 2: ChrisTuff ($246.89 in chips)
ChrisTuff: posts small blind $1
AutoCalll: posts big blind $3
*** HOLE CARDS ***
ChrisTuff: raises $3 to $6
AutoCalll: calls $3
*** FLOP *** [Qs 4s 3c]
AutoCalll: checks
ChrisTuff: bets $3
AutoCalll: calls $3
*** TURN *** [Qs 4s 3c] [Ts]
AutoCalll: checks
ChrisTuff: checks
*** RIVER *** [Qs 4s 3c Ts] [3s]
AutoCalll: bets $6
ChrisTuff: folds
Uncalled bet ($6) returned to AutoCalll
AutoCalll collected $17.64 from pot
*** SUMMARY ***
Total pot $18 | Rake $0.36
Board [Qs 4s 3c Ts 3s]
Seat 1: AutoCalll (big blind) collected ($17.64)
Seat 2: ChrisTuff (button) (small blind) folded on the River


PokerStars Hand #148087035108:  Hold'em Limit ($3/$6 USD) - 2016/02/01 20:41:09 ET
Table 'Idelsonia' 2-max Seat #1 is the button
Seat 1: AutoCalll ($97.09 in chips)
Seat 2: ChrisTuff ($241.79 in chips)
AutoCalll: posts small blind $1
ChrisTuff: posts big blind $3
*** HOLE CARDS ***
AutoCalll: calls $2
ChrisTuff: checks
*** FLOP *** [Qh Kh 4d]
ChrisTuff: bets $3
AutoCalll: calls $3
*** TURN *** [Qh Kh 4d] [3h]
ChrisTuff: bets $6
AutoCalll: calls $6
*** RIVER *** [Qh Kh 4d 3h] [Ks]
ChrisTuff: bets $6
AutoCalll: calls $6
*** SHOW DOWN ***
ChrisTuff: shows [Qd 3s] (two pair, Kings and Queens)
AutoCalll: mucks hand
ChrisTuff collected $35.50 from pot
*** SUMMARY ***
Total pot $36 | Rake $0.50
Board [Qh Kh 4d 3h Ks]
Seat 1: AutoCalll (button) (small blind) mucked
Seat 2: ChrisTuff (big blind) showed [Qd 3s] and won ($35.50) with two pair, Kings and Queens


PokerStars Hand #148087025996:  Hold'em Limit ($3/$6 USD) - 2016/02/01 20:40:51 ET
Table 'Idelsonia' 2-max Seat #2 is the button
Seat 1: AutoCalll ($133.09 in chips)
Seat 2: ChrisTuff ($206.29 in chips)
ChrisTuff: posts small blind $1
AutoCalll: posts big blind $3
*** HOLE CARDS ***
ChrisTuff: raises $3 to $6
AutoCalll: raises $3 to $9
ChrisTuff: calls $3
*** FLOP *** [9d 2h 9s]
AutoCalll: checks
ChrisTuff: bets $3
AutoCalll: calls $3
*** TURN *** [9d 2h 9s] [2c]
AutoCalll: checks
ChrisTuff: bets $6
AutoCalll: raises $6 to $12
ChrisTuff: raises $6 to $18
AutoCalll: calls $6
*** RIVER *** [9d 2h 9s 2c] [Kd]
AutoCalll: checks
ChrisTuff: bets $6
AutoCalll: calls $6
*** SHOW DOWN ***
ChrisTuff: shows [9c 8c] (a full house, Nines full of Deuces)
AutoCalll: mucks hand
ChrisTuff collected $71.50 from pot
*** SUMMARY ***
Total pot $72 | Rake $0.50
Board [9d 2h 9s 2c Kd]
Seat 1: AutoCalll (big blind) mucked
Seat 2: ChrisTuff (button) (small blind) showed [9c 8c] and won ($71.50) with a full house, Nines full of Deuces


PokerStars Hand #148087023555:  Hold'em Limit ($3/$6 USD) - 2016/02/01 20:40:47 ET
Table 'Idelsonia' 2-max Seat #1 is the button
Seat 1: AutoCalll ($134.09 in chips)
Seat 2: ChrisTuff ($205.29 in chips)
AutoCalll: posts small blind $1
ChrisTuff: posts big blind $3
*** HOLE CARDS ***
AutoCalll: folds
Uncalled bet ($2) returned to ChrisTuff
ChrisTuff collected $2 from pot
ChrisTuff: doesn't show hand
*** SUMMARY ***
Total pot $2 | Rake $0
Seat 1: AutoCalll (button) (small blind) folded before Flop
Seat 2: ChrisTuff (big blind) collected ($2)


PokerStars Hand #148087021205:  Hold'em Limit ($3/$6 USD) - 2016/02/01 20:40:42 ET
Table 'Idelsonia' 2-max Seat #2 is the button
Seat 1: AutoCalll ($133.09 in chips)
Seat 2: ChrisTuff ($206.29 in chips)
ChrisTuff: posts small blind $1
AutoCalll: posts big blind $3
*** HOLE CARDS ***
ChrisTuff: folds
Uncalled bet ($2) returned to AutoCalll
AutoCalll collected $2 from pot
*** SUMMARY ***
Total pot $2 | Rake $0
Seat 1: AutoCalll (big blind) collected ($2)
Seat 2: ChrisTuff (button) (small blind) folded before Flop


PokerStars Hand #148087018940:  Hold'em Limit ($3/$6 USD) - 2016/02/01 20:40:38 ET
Table 'Idelsonia' 2-max Seat #1 is the button
Seat 1: AutoCalll ($134.09 in chips)
Seat 2: ChrisTuff ($205.29 in chips)
AutoCalll: posts small blind $1
ChrisTuff: posts big blind $3
*** HOLE CARDS ***
AutoCalll: folds
Uncalled bet ($2) returned to ChrisTuff
ChrisTuff collected $2 from pot
ChrisTuff: doesn't show hand
*** SUMMARY ***
Total pot $2 | Rake $0
Seat 1: AutoCalll (button) (small blind) folded before Flop
Seat 2: ChrisTuff (big blind) collected ($2)


PokerStars Hand #148087012580:  Hold'em Limit ($3/$6 USD) - 2016/02/01 20:40:26 ET
Table 'Idelsonia' 2-max Seat #2 is the button
Seat 1: AutoCalll ($143.09 in chips)
Seat 2: ChrisTuff ($196.65 in chips)
ChrisTuff: posts small blind $1
AutoCalll: posts big blind $3
*** HOLE CARDS ***
ChrisTuff: raises $3 to $6
AutoCalll: raises $3 to $9
ChrisTuff: calls $3
*** FLOP *** [3c 5c 8h]
AutoCalll: checks
ChrisTuff: checks
*** TURN *** [3c 5c 8h] [3d]
AutoCalll: checks
ChrisTuff: checks
*** RIVER *** [3c 5c 8h 3d] [4c]
AutoCalll: checks
ChrisTuff: checks
*** SHOW DOWN ***
AutoCalll: shows [Qc Jh] (a pair of Threes)
ChrisTuff: shows [9s Kc] (a pair of Threes - King kicker)
ChrisTuff collected $17.64 from pot
*** SUMMARY ***
Total pot $18 | Rake $0.36
Board [3c 5c 8h 3d 4c]
Seat 1: AutoCalll (big blind) showed [Qc Jh] and lost with a pair of Threes
Seat 2: ChrisTuff (button) (small blind) showed [9s Kc] and won ($17.64) with a pair of Threes


PokerStars Hand #148087072501:  Hold'em Limit ($3/$6 USD) - 2016/02/01 20:42:20 ET
Table 'Idelsonia' 2-max Seat #2 is the button
Seat 1: AutoCalll ($53.59 in chips)
Seat 2: ChrisTuff ($283.07 in chips)
ChrisTuff: posts small blind $1
AutoCalll: posts big blind $3
*** HOLE CARDS ***
ChrisTuff: raises $3 to $6
AutoCalll: folds
Uncalled bet ($3) returned to ChrisTuff
ChrisTuff collected $6 from pot
ChrisTuff: doesn't show hand
*** SUMMARY ***
Total pot $6 | Rake $0
Seat 1: AutoCalll (big blind) folded before Flop
Seat 2: ChrisTuff (button) (small blind) collected ($6)


PokerStars Hand #148087070183:  Hold'em Limit ($3/$6 USD) - 2016/02/01 20:42:16 ET
Table 'Idelsonia' 2-max Seat #1 is the button
Seat 1: AutoCalll ($54.59 in chips)
Seat 2: ChrisTuff ($282.07 in chips)
AutoCalll: posts small blind $1
ChrisTuff: posts big blind $3
*** HOLE CARDS ***
AutoCalll: folds
Uncalled bet ($2) returned to ChrisTuff
ChrisTuff collected $2 from pot
ChrisTuff: doesn't show hand
*** SUMMARY ***
Total pot $2 | Rake $0
Seat 1: AutoCalll (button) (small blind) folded before Flop
Seat 2: ChrisTuff (big blind) collected ($2)


PokerStars Hand #148087066149:  Hold'em Limit ($3/$6 USD) - 2016/02/01 20:42:08 ET
Table 'Idelsonia' 2-max Seat #2 is the button
Seat 1: AutoCalll ($60.59 in chips)
Seat 2: ChrisTuff ($276.31 in chips)
ChrisTuff: posts small blind $1
AutoCalll: posts big blind $3
*** HOLE CARDS ***
ChrisTuff: raises $3 to $6
AutoCalll: calls $3
*** FLOP *** [5d Ac 7d]
AutoCalll: checks
ChrisTuff: bets $3
AutoCalll: folds
Uncalled bet ($3) returned to ChrisTuff
ChrisTuff collected $11.76 from pot
ChrisTuff: doesn't show hand
*** SUMMARY ***
Total pot $12 | Rake $0.24
Board [5d Ac 7d]
Seat 1: AutoCalll (big blind) folded on the Flop
Seat 2: ChrisTuff (button) (small blind) collected ($11.76)


PokerStars Hand #148087058901:  Hold'em Limit ($3/$6 USD) - 2016/02/01 20:41:54 ET
Table 'Idelsonia' 2-max Seat #1 is the button
Seat 1: AutoCalll ($72.59 in chips)
Seat 2: ChrisTuff ($264.79 in chips)
AutoCalll: posts small blind $1
ChrisTuff: posts big blind $3
*** HOLE CARDS ***
AutoCalll: raises $3 to $6
ChrisTuff: calls $3
*** FLOP *** [Kc 3d 5s]
ChrisTuff: checks
AutoCalll: checks
*** TURN *** [Kc 3d 5s] [Td]
ChrisTuff: bets $6
AutoCalll: calls $6
*** RIVER *** [Kc 3d 5s Td] [5h]
ChrisTuff: checks
AutoCalll: checks
*** SHOW DOWN ***
ChrisTuff: shows [2d Jh] (a pair of Fives)
AutoCalll: mucks hand
ChrisTuff collected $23.52 from pot
*** SUMMARY ***
Total pot $24 | Rake $0.48
Board [Kc 3d 5s Td 5h]
Seat 1: AutoCalll (button) (small blind) mucked
Seat 2: ChrisTuff (big blind) showed [2d Jh] and won ($23.52) with a pair of Fives


PokerStars Hand #148087052157:  Hold'em Limit ($3/$6 USD) - 2016/02/01 20:41:41 ET
Table 'Idelsonia' 2-max Seat #2 is the button
Seat 1: AutoCalll ($49.09 in chips)
Seat 2: ChrisTuff ($288.79 in chips)
ChrisTuff: posts small blind $1
AutoCalll: posts big blind $3
*** HOLE CARDS ***
ChrisTuff: raises $3 to $6
AutoCalll: calls $3
*** FLOP *** [5s 7s Tc]
AutoCalll: checks
ChrisTuff: bets $3
AutoCalll: raises $3 to $6
ChrisTuff: calls $3
*** TURN *** [5s 7s Tc] [3h]
AutoCalll: bets $6
ChrisTuff: calls $6
*** RIVER *** [5s 7s Tc 3h] [Ks]
AutoCalll: bets $6
ChrisTuff: calls $6
*** SHOW DOWN ***
AutoCalll: shows [As Td] (a pair of Tens)
ChrisTuff: mucks hand
AutoCalll collected $47.50 from pot
*** SUMMARY ***
Total pot $48 | Rake $0.50
Board [5s 7s Tc 3h Ks]
Seat 1: AutoCalll (big blind) showed [As Td] and won ($47.50) with a pair of Tens
Seat 2: ChrisTuff (button) (small blind) mucked


PokerStars Hand #148087045091:  Hold'em Limit ($3/$6 USD) - 2016/02/01 20:41:28 ET
Table 'Idelsonia' 2-max Seat #1 is the button
Seat 1: AutoCalll ($76.09 in chips)
Seat 2: ChrisTuff ($262.29 in chips)
AutoCalll: posts small blind $1
ChrisTuff: posts big blind $3
*** HOLE CARDS ***
AutoCalll: raises $3 to $6
ChrisTuff: calls $3
*** FLOP *** [4s 7h Kc]
ChrisTuff: bets $3
AutoCalll: raises $3 to $6
ChrisTuff: raises $3 to $9
AutoCalll: calls $3
*** TURN *** [4s 7h Kc] [Jd]
ChrisTuff: bets $6
AutoCalll: calls $6
*** RIVER *** [4s 7h Kc Jd] [4c]
ChrisTuff: bets $6
AutoCalll: calls $6
*** SHOW DOWN ***
ChrisTuff: shows [4h Ks] (a full house, Fours full of Kings)
AutoCalll: mucks hand
ChrisTuff collected $53.50 from pot
*** SUMMARY ***
Total pot $54 | Rake $0.50
Board [4s 7h Kc Jd 4c]
Seat 1: AutoCalll (button) (small blind) mucked
Seat 2: ChrisTuff (big blind) showed [4h Ks] and won ($53.50) with a full house, Fours full of Kings


PokerStars Hand #148087042315:  Hold'em Limit ($3/$6 USD) - 2016/02/01 20:41:22 ET
Table 'Idelsonia' 2-max Seat #2 is the button
Seat 1: AutoCalll ($79.09 in chips)
Seat 2: ChrisTuff ($259.29 in chips)
ChrisTuff: posts small blind $1
AutoCalll: posts big blind $3
*** HOLE CARDS ***
ChrisTuff: raises $3 to $6
AutoCalll: folds
Uncalled bet ($3) returned to ChrisTuff
ChrisTuff collected $6 from pot
ChrisTuff: doesn't show hand
*** SUMMARY ***
Total pot $6 | Rake $0
Seat 1: AutoCalll (big blind) folded before Flop
Seat 2: ChrisTuff (button) (small blind) collected ($6)


PokerStars Hand #148087086353:  Hold'em Limit ($3/$6 USD) - 2016/02/01 20:42:47 ET
Table 'Idelsonia' 2-max Seat #2 is the button
Seat 1: AutoCalll ($61.23 in chips)
Seat 2: ChrisTuff ($275.07 in chips)
ChrisTuff: posts small blind $1
AutoCalll: posts big blind $3
*** HOLE CARDS ***
ChrisTuff: raises $3 to $6
AutoCalll: calls $3
*** FLOP *** [9c 6h Ks]
AutoCalll: checks
ChrisTuff: bets $3
AutoCalll: calls $3
*** TURN *** [9c 6h Ks] [Jh]
AutoCalll: checks
ChrisTuff: bets $6
AutoCalll: calls $6
*** RIVER *** [9c 6h Ks Jh] [9d]
AutoCalll: checks
ChrisTuff: bets $6
AutoCalll: calls $6
*** SHOW DOWN ***
ChrisTuff: shows [Jc Kd] (two pair, Kings and Jacks)
AutoCalll: mucks hand
ChrisTuff collected $41.50 from pot
*** SUMMARY ***
Total pot $42 | Rake $0.50
Board [9c 6h Ks Jh 9d]
Seat 1: AutoCalll (big blind) mucked
Seat 2: ChrisTuff (button) (small blind) showed [Jc Kd] and won ($41.50) with two pair, Kings and Jacks


PokerStars Hand #148087083390:  Hold'em Limit ($3/$6 USD) - 2016/02/01 20:42:41 ET
Table 'Idelsonia' 2-max Seat #1 is the button
Seat 1: AutoCalll ($58.23 in chips)
Seat 2: ChrisTuff ($278.07 in chips)
AutoCalll: posts small blind $1
ChrisTuff: posts big blind $3
*** HOLE CARDS ***
AutoCalll: raises $3 to $6
ChrisTuff: folds
Uncalled bet ($3) returned to AutoCalll
AutoCalll collected $6 from pot
AutoCalll: doesn't show hand
*** SUMMARY ***
Total pot $6 | Rake $0
Seat 1: AutoCalll (button) (small blind) collected ($6)
Seat 2: ChrisTuff (big blind) folded before Flop


PokerStars Hand #148087075165:  Hold'em Limit ($3/$6 USD) - 2016/02/01 20:42:25 ET
Table 'Idelsonia' 2-max Seat #1 is the button
Seat 1: AutoCalll ($50.59 in chips)
Seat 2: ChrisTuff ($286.07 in chips)
AutoCalll: posts small blind $1
ChrisTuff: posts big blind $3
*** HOLE CARDS ***
AutoCalll: folds
Uncalled bet ($2) returned to ChrisTuff
ChrisTuff collected $2 from pot
ChrisTuff: doesn't show hand
*** SUMMARY ***
Total pot $2 | Rake $0
Seat 1: AutoCalll (button) (small blind) folded before Flop
Seat 2: ChrisTuff (big blind) collected ($2)


PokerStars Hand #148087121700:  Hold'em Limit ($3/$6 USD) - 2016/02/01 20:43:55 ET
Table 'Idelsonia' 2-max Seat #1 is the button
Seat 1: AutoCalll ($6.73 in chips)
Seat 2: ChrisTuff ($327.35 in chips)
AutoCalll: posts small blind $1
ChrisTuff: posts big blind $3
*** HOLE CARDS ***
AutoCalll: raises $3 to $6
ChrisTuff: folds
Uncalled bet ($3) returned to AutoCalll
AutoCalll collected $6 from pot
AutoCalll: doesn't show hand
*** SUMMARY ***
Total pot $6 | Rake $0
Seat 1: AutoCalll (button) (small blind) collected ($6)
Seat 2: ChrisTuff (big blind) folded before Flop


PokerStars Hand #148087114700:  Hold'em Limit ($3/$6 USD) - 2016/02/01 20:43:42 ET
Table 'Idelsonia' 2-max Seat #2 is the button
Seat 1: AutoCalll ($30.73 in chips)
Seat 2: ChrisTuff ($303.85 in chips)
ChrisTuff: posts small blind $1
AutoCalll: posts big blind $3
*** HOLE CARDS ***
ChrisTuff: raises $3 to $6
AutoCalll: raises $3 to $9
ChrisTuff: calls $3
*** FLOP *** [5s Th Jd]
AutoCalll: checks
ChrisTuff: bets $3
AutoCalll: calls $3
*** TURN *** [5s Th Jd] [5d]
AutoCalll: checks
ChrisTuff: bets $6
AutoCalll: calls $6
*** RIVER *** [5s Th Jd 5d] [6s]
AutoCalll: checks
ChrisTuff: bets $6
AutoCalll: calls $6
*** SHOW DOWN ***
ChrisTuff: shows [8s Jc] (two pair, Jacks and Fives)
AutoCalll: mucks hand
ChrisTuff collected $47.50 from pot
*** SUMMARY ***
Total pot $48 | Rake $0.50
Board [5s Th Jd 5d 6s]
Seat 1: AutoCalll (big blind) mucked
Seat 2: ChrisTuff (button) (small blind) showed [8s Jc] and won ($47.50) with two pair, Jacks and Fives


PokerStars Hand #148087107338:  Hold'em Limit ($3/$6 USD) - 2016/02/01 20:43:28 ET
Table 'Idelsonia' 2-max Seat #2 is the button
Seat 1: AutoCalll ($45.73 in chips)
Seat 2: ChrisTuff ($289.33 in chips)
ChrisTuff: posts small blind $1
AutoCalll: posts big blind $3
*** HOLE CARDS ***
ChrisTuff: raises $3 to $6
AutoCalll: folds
Uncalled bet ($3) returned to ChrisTuff
ChrisTuff collected $6 from pot
ChrisTuff: doesn't show hand
*** SUMMARY ***
Total pot $6 | Rake $0
Seat 1: AutoCalll (big blind) folded before Flop
Seat 2: ChrisTuff (button) (small blind) collected ($6)


PokerStars Hand #148087102939:  Hold'em Limit ($3/$6 USD) - 2016/02/01 20:43:19 ET
Table 'Idelsonia' 2-max Seat #1 is the button
Seat 1: AutoCalll ($51.73 in chips)
Seat 2: ChrisTuff ($283.57 in chips)
AutoCalll: posts small blind $1
ChrisTuff: posts big blind $3
*** HOLE CARDS ***
AutoCalll: raises $3 to $6
ChrisTuff: calls $3
*** FLOP *** [Qd 6s Qs]
ChrisTuff: bets $3
AutoCalll: folds
Uncalled bet ($3) returned to ChrisTuff
ChrisTuff collected $11.76 from pot
ChrisTuff: doesn't show hand
*** SUMMARY ***
Total pot $12 | Rake $0.24
Board [Qd 6s Qs]
Seat 1: AutoCalll (button) (small blind) folded on the Flop
Seat 2: ChrisTuff (big blind) collected ($11.76)


PokerStars Hand #148087100190:  Hold'em Limit ($3/$6 USD) - 2016/02/01 20:43:14 ET
Table 'Idelsonia' 2-max Seat #2 is the button
Seat 1: AutoCalll ($54.73 in chips)
Seat 2: ChrisTuff ($280.57 in chips)
ChrisTuff: posts small blind $1
AutoCalll: posts big blind $3
*** HOLE CARDS ***
ChrisTuff: raises $3 to $6
AutoCalll: folds
Uncalled bet ($3) returned to ChrisTuff
ChrisTuff collected $6 from pot
ChrisTuff: doesn't show hand
*** SUMMARY ***
Total pot $6 | Rake $0
Seat 1: AutoCalll (big blind) folded before Flop
Seat 2: ChrisTuff (button) (small blind) collected ($6)


PokerStars Hand #148087124536:  Hold'em Limit ($3/$6 USD) - 2016/02/01 20:44:01 ET
Table 'Idelsonia' 2-max Seat #2 is the button
Seat 1: AutoCalll ($9.73 in chips)
Seat 2: ChrisTuff ($324.35 in chips)
ChrisTuff: posts small blind $1
AutoCalll: posts big blind $3
*** HOLE CARDS ***
ChrisTuff: raises $3 to $6
AutoCalll: raises $3 to $9
ChrisTuff: raises $3 to $12
Betting is capped
AutoCalll: calls $0.73 and is all-in
Uncalled bet ($2.27) returned to ChrisTuff
*** FLOP *** [4h Ks 2s]
*** TURN *** [4h Ks 2s] [6c]
*** RIVER *** [4h Ks 2s 6c] [9s]
*** SHOW DOWN ***
AutoCalll: shows [2c Ts] (a pair of Deuces)
ChrisTuff: shows [Kh 7c] (a pair of Kings)
ChrisTuff collected $19.07 from pot
*** SUMMARY ***
Total pot $19.46 | Rake $0.39
Board [4h Ks 2s 6c 9s]
Seat 1: AutoCalll (big blind) showed [2c Ts] and lost with a pair of Deuces
Seat 2: ChrisTuff (button) (small blind) showed [Kh 7c] and won ($19.07) with a pair of Kings


