PokerStars Hand #168701343121:  Hold'em Limit ($3/$6 USD) - 2017/04/07 9:46:47 ET
Table 'Idelsonia' 6-max Seat #6 is the button
Seat 3: StackChipz71 ($96.43 in chips)
Seat 6: Rednaxela05 ($72 in chips)
Rednaxela05: posts small blind $1
StackChipz71: posts big blind $3
*** HOLE CARDS ***
Rednaxela05: raises $3 to $6
StackChipz71: calls $3
*** FLOP *** [5c Jc Ah]
StackChipz71: checks
Rednaxela05: bets $3
StackChipz71: raises $3 to $6
Rednaxela05: calls $3
*** TURN *** [5c Jc Ah] [Qs]
StackChipz71: bets $6
Rednaxela05: calls $6
*** RIVER *** [5c Jc Ah Qs] [Td]
StackChipz71: bets $6
Rednaxela05: calls $6
*** SHOW DOWN ***
StackChipz71: shows [Kc 7c] (a straight, Ten to Ace)
Rednaxela05: mucks hand
StackChipz71 collected $47.50 from pot
*** SUMMARY ***
Total pot $48 | Rake $0.50
Board [5c Jc Ah Qs Td]
Seat 3: StackChipz71 (big blind) showed [Kc 7c] and won ($47.50) with a straight, Ten to Ace
Seat 6: Rednaxela05 (button) (small blind) mucked


PokerStars Hand #168701331247:  Hold'em Limit ($3/$6 USD) - 2017/04/07 9:46:26 ET
Table 'Idelsonia' 6-max Seat #3 is the button
Seat 3: StackChipz71 ($90.67 in chips)
Seat 6: Rednaxela05 ($72 in chips)
StackChipz71: posts small blind $1
Rednaxela05: posts big blind $3
*** HOLE CARDS ***
StackChipz71: raises $3 to $6
Rednaxela05: calls $3
*** FLOP *** [Ks 3s 8h]
Rednaxela05: checks
StackChipz71: bets $3
Qvidde leaves the table
Rednaxela05: folds
Uncalled bet ($3) returned to StackChipz71
StackChipz71 collected $11.76 from pot
StackChipz71: doesn't show hand
*** SUMMARY ***
Total pot $12 | Rake $0.24
Board [Ks 3s 8h]
Seat 3: StackChipz71 (button) (small blind) collected ($11.76)
Seat 6: Rednaxela05 (big blind) folded on the Flop


PokerStars Hand #168701327142:  Hold'em Limit ($3/$6 USD) - 2017/04/07 9:46:19 ET
Table 'Idelsonia' 6-max Seat #6 is the button
Seat 3: StackChipz71 ($89.67 in chips)
Seat 6: Rednaxela05 ($72 in chips)
Rednaxela05: posts small blind $1
boogi: is sitting out
StackChipz71: posts big blind $3
*** HOLE CARDS ***
boogi leaves the table
Rednaxela05: folds
Uncalled bet ($2) returned to StackChipz71
StackChipz71 collected $2 from pot
StackChipz71: doesn't show hand
*** SUMMARY ***
Total pot $2 | Rake $0
Seat 3: StackChipz71 (big blind) collected ($2)
Seat 6: Rednaxela05 (button) (small blind) folded before Flop


PokerStars Hand #168701357731:  Hold'em Limit ($3/$6 USD) - 2017/04/07 9:47:13 ET
Table 'Idelsonia' 6-max Seat #3 is the button
Seat 3: StackChipz71 ($119.93 in chips)
Seat 6: Rednaxela05 ($72 in chips)
StackChipz71: posts small blind $1
Rednaxela05: posts big blind $3
*** HOLE CARDS ***
StackChipz71: raises $3 to $6
Rednaxela05: folds
Uncalled bet ($3) returned to StackChipz71
StackChipz71 collected $6 from pot
StackChipz71: doesn't show hand
*** SUMMARY ***
Total pot $6 | Rake $0
Seat 3: StackChipz71 (button) (small blind) collected ($6)
Seat 6: Rednaxela05 (big blind) folded before Flop


PokerStars Hand #168701389425:  Hold'em Limit ($3/$6 USD) - 2017/04/07 9:48:09 ET
Table 'Idelsonia' 6-max Seat #6 is the button
Seat 3: StackChipz71 ($152.43 in chips)
Seat 6: Rednaxela05 ($72 in chips)
Rednaxela05: posts small blind $1
StackChipz71: posts big blind $3
*** HOLE CARDS ***
Rednaxela05: raises $3 to $6
StackChipz71: folds
Uncalled bet ($3) returned to Rednaxela05
Rednaxela05 collected $6 from pot
Rednaxela05: doesn't show hand
*** SUMMARY ***
Total pot $6 | Rake $0
Seat 3: StackChipz71 (big blind) folded before Flop
Seat 6: Rednaxela05 (button) (small blind) collected ($6)


PokerStars Hand #168701386451:  Hold'em Limit ($3/$6 USD) - 2017/04/07 9:48:03 ET
Table 'Idelsonia' 6-max Seat #3 is the button
Seat 3: StackChipz71 ($149.43 in chips)
Seat 6: Rednaxela05 ($75 in chips)
StackChipz71: posts small blind $1
Rednaxela05: posts big blind $3
*** HOLE CARDS ***
StackChipz71: raises $3 to $6
Rednaxela05: folds
Uncalled bet ($3) returned to StackChipz71
StackChipz71 collected $6 from pot
StackChipz71: doesn't show hand
*** SUMMARY ***
Total pot $6 | Rake $0
Seat 3: StackChipz71 (button) (small blind) collected ($6)
Seat 6: Rednaxela05 (big blind) folded before Flop


PokerStars Hand #168701383069:  Hold'em Limit ($3/$6 USD) - 2017/04/07 9:47:57 ET
Table 'Idelsonia' 6-max Seat #6 is the button
Seat 3: StackChipz71 ($152.43 in chips)
Seat 6: Rednaxela05 ($72 in chips)
Rednaxela05: posts small blind $1
StackChipz71: posts big blind $3
*** HOLE CARDS ***
Rednaxela05: raises $3 to $6
StackChipz71: folds
Uncalled bet ($3) returned to Rednaxela05
Rednaxela05 collected $6 from pot
*** SUMMARY ***
Total pot $6 | Rake $0
Seat 3: StackChipz71 (big blind) folded before Flop
Seat 6: Rednaxela05 (button) (small blind) collected ($6)


PokerStars Hand #168701379870:  Hold'em Limit ($3/$6 USD) - 2017/04/07 9:47:52 ET
Table 'Idelsonia' 6-max Seat #3 is the button
Seat 3: StackChipz71 ($149.43 in chips)
Seat 6: Rednaxela05 ($72 in chips)
StackChipz71: posts small blind $1
Rednaxela05: posts big blind $3
*** HOLE CARDS ***
StackChipz71: raises $3 to $6
Rednaxela05: folds
Uncalled bet ($3) returned to StackChipz71
StackChipz71 collected $6 from pot
StackChipz71: doesn't show hand
*** SUMMARY ***
Total pot $6 | Rake $0
Seat 3: StackChipz71 (button) (small blind) collected ($6)
Seat 6: Rednaxela05 (big blind) folded before Flop


PokerStars Hand #168701362743:  Hold'em Limit ($3/$6 USD) - 2017/04/07 9:47:22 ET
Table 'Idelsonia' 6-max Seat #6 is the button
Seat 3: StackChipz71 ($122.93 in chips)
Seat 6: Rednaxela05 ($72 in chips)
Rednaxela05: posts small blind $1
StackChipz71: posts big blind $3
*** HOLE CARDS ***
Rednaxela05: raises $3 to $6
StackChipz71: calls $3
*** FLOP *** [8h Kc 5c]
StackChipz71: checks
Rednaxela05: bets $3
StackChipz71: calls $3
*** TURN *** [8h Kc 5c] [Jd]
StackChipz71: checks
Rednaxela05: bets $6
StackChipz71: raises $6 to $12
Rednaxela05: calls $6
*** RIVER *** [8h Kc 5c Jd] [Tc]
StackChipz71: checks
Rednaxela05: bets $6
StackChipz71: calls $6
*** SHOW DOWN ***
Rednaxela05: shows [7d 6c] (high card King)
StackChipz71: shows [6h Kd] (a pair of Kings)
StackChipz71 collected $53.50 from pot
*** SUMMARY ***
Total pot $54 | Rake $0.50
Board [8h Kc 5c Jd Tc]
Seat 3: StackChipz71 (big blind) showed [6h Kd] and won ($53.50) with a pair of Kings
Seat 6: Rednaxela05 (button) (small blind) showed [7d 6c] and lost with high card King


PokerStars Hand #168701425935:  Hold'em Limit ($3/$6 USD) - 2017/04/07 9:49:04 ET
Table 'Idelsonia' 6-max Seat #3 is the button
Seat 3: StackChipz71 ($144.95 in chips)
Seat 6: Rednaxela05 ($78.40 in chips)
StackChipz71: posts small blind $1
Rednaxela05: posts big blind $3
*** HOLE CARDS ***
StackChipz71: raises $3 to $6
Rednaxela05: calls $3
*** FLOP *** [9h Kc Ts]
Rednaxela05: checks
StackChipz71: checks
*** TURN *** [9h Kc Ts] [2c]
Rednaxela05: bets $6
StackChipz71: calls $6
*** RIVER *** [9h Kc Ts 2c] [Jc]
Rednaxela05: bets $6
StackChipz71: folds
Uncalled bet ($6) returned to Rednaxela05
Rednaxela05 collected $23.52 from pot
*** SUMMARY ***
Total pot $24 | Rake $0.48
Board [9h Kc Ts 2c Jc]
Seat 3: StackChipz71 (button) (small blind) folded on the River
Seat 6: Rednaxela05 (big blind) collected ($23.52)


PokerStars Hand #168701417990:  Hold'em Limit ($3/$6 USD) - 2017/04/07 9:48:50 ET
Table 'Idelsonia' 6-max Seat #6 is the button
Seat 3: StackChipz71 ($133.43 in chips)
Seat 6: Rednaxela05 ($90.40 in chips)
Rednaxela05: posts small blind $1
StackChipz71: posts big blind $3
*** HOLE CARDS ***
Rednaxela05: raises $3 to $6
StackChipz71: raises $3 to $9
Rednaxela05: calls $3
*** FLOP *** [2c 3s 4h]
StackChipz71: bets $3
Rednaxela05: calls $3
*** TURN *** [2c 3s 4h] [Jd]
StackChipz71: bets $6
Rednaxela05: folds
Uncalled bet ($6) returned to StackChipz71
StackChipz71 collected $23.52 from pot
StackChipz71: doesn't show hand
*** SUMMARY ***
Total pot $24 | Rake $0.48
Board [2c 3s 4h Jd]
Seat 3: StackChipz71 (big blind) collected ($23.52)
Seat 6: Rednaxela05 (button) (small blind) folded on the Turn


PokerStars Hand #168701415206:  Hold'em Limit ($3/$6 USD) - 2017/04/07 9:48:45 ET
Table 'Idelsonia' 6-max Seat #3 is the button
Seat 3: StackChipz71 ($134.43 in chips)
Seat 6: Rednaxela05 ($89.40 in chips)
StackChipz71: posts small blind $1
Rednaxela05: posts big blind $3
*** HOLE CARDS ***
StackChipz71: folds
Uncalled bet ($2) returned to Rednaxela05
Rednaxela05 collected $2 from pot
*** SUMMARY ***
Total pot $2 | Rake $0
Seat 3: StackChipz71 (button) (small blind) folded before Flop
Seat 6: Rednaxela05 (big blind) collected ($2)


PokerStars Hand #168701403646:  Hold'em Limit ($3/$6 USD) - 2017/04/07 9:48:34 ET
Table 'Idelsonia' 6-max Seat #6 is the button
Seat 3: StackChipz71 ($140.43 in chips)
Seat 6: Rednaxela05 ($83.64 in chips)
Rednaxela05: posts small blind $1
StackChipz71: posts big blind $3
*** HOLE CARDS ***
Rednaxela05: raises $3 to $6
StackChipz71: calls $3
*** FLOP *** [Ad 3h Jc]
StackChipz71: checks
Rednaxela05: bets $3
StackChipz71: folds
Uncalled bet ($3) returned to Rednaxela05
Rednaxela05 collected $11.76 from pot
*** SUMMARY ***
Total pot $12 | Rake $0.24
Board [Ad 3h Jc]
Seat 3: StackChipz71 (big blind) folded on the Flop
Seat 6: Rednaxela05 (button) (small blind) collected ($11.76)


PokerStars Hand #168701393105:  Hold'em Limit ($3/$6 USD) - 2017/04/07 9:48:15 ET
Table 'Idelsonia' 6-max Seat #3 is the button
Seat 3: StackChipz71 ($149.43 in chips)
Seat 6: Rednaxela05 ($75 in chips)
StackChipz71: posts small blind $1
Rednaxela05: posts big blind $3
*** HOLE CARDS ***
StackChipz71: raises $3 to $6
Rednaxela05: calls $3
*** FLOP *** [8d Ks As]
Rednaxela05: checks
StackChipz71: bets $3
Rednaxela05: calls $3
*** TURN *** [8d Ks As] [6h]
Rednaxela05: checks
StackChipz71: checks
*** RIVER *** [8d Ks As 6h] [Kd]
Rednaxela05: bets $6
StackChipz71: folds
Uncalled bet ($6) returned to Rednaxela05
Rednaxela05 collected $17.64 from pot
*** SUMMARY ***
Total pot $18 | Rake $0.36
Board [8d Ks As 6h Kd]
Seat 3: StackChipz71 (button) (small blind) folded on the River
Seat 6: Rednaxela05 (big blind) collected ($17.64)


PokerStars Hand #168701436776:  Hold'em Limit ($3/$6 USD) - 2017/04/07 9:49:23 ET
Table 'Idelsonia' 6-max Seat #6 is the button
Seat 3: StackChipz71 ($132.95 in chips)
Seat 6: Rednaxela05 ($89.92 in chips)
Rednaxela05: posts small blind $1
StackChipz71: posts big blind $3
*** HOLE CARDS ***
Rednaxela05: raises $3 to $6
StackChipz71: folds
Uncalled bet ($3) returned to Rednaxela05
Rednaxela05 collected $6 from pot
*** SUMMARY ***
Total pot $6 | Rake $0
Seat 3: StackChipz71 (big blind) folded before Flop
Seat 6: Rednaxela05 (button) (small blind) collected ($6)


PokerStars Hand #168701440775:  Hold'em Limit ($3/$6 USD) - 2017/04/07 9:49:30 ET
Table 'Idelsonia' 6-max Seat #3 is the button
Seat 3: StackChipz71 ($129.95 in chips)
Seat 6: Rednaxela05 ($92.92 in chips)
StackChipz71: posts small blind $1
Rednaxela05: posts big blind $3
*** HOLE CARDS ***
StackChipz71: raises $3 to $6
Rednaxela05: calls $3
*** FLOP *** [7s 3c 7d]
Rednaxela05: checks
StackChipz71: bets $3
Rednaxela05: folds
Uncalled bet ($3) returned to StackChipz71
StackChipz71 collected $11.76 from pot
StackChipz71: doesn't show hand
*** SUMMARY ***
Total pot $12 | Rake $0.24
Board [7s 3c 7d]
Seat 3: StackChipz71 (button) (small blind) collected ($11.76)
Seat 6: Rednaxela05 (big blind) folded on the Flop


PokerStars Hand #168701490885:  Hold'em Limit ($3/$6 USD) - 2017/04/07 9:51:00 ET
Table 'Idelsonia' 6-max Seat #6 is the button
Seat 3: StackChipz71 ($120.35 in chips)
Seat 6: Rednaxela05 ($101.42 in chips)
Rednaxela05: posts small blind $1
StackChipz71: posts big blind $3
*** HOLE CARDS ***
Rednaxela05: raises $3 to $6
StackChipz71: calls $3
*** FLOP *** [Ad Jh 2s]
StackChipz71: checks
Rednaxela05: bets $3
StackChipz71: calls $3
*** TURN *** [Ad Jh 2s] [6s]
StackChipz71: checks
Rednaxela05: bets $6
StackChipz71: calls $6
*** RIVER *** [Ad Jh 2s 6s] [5h]
StackChipz71: checks
Rednaxela05: bets $6
StackChipz71: calls $6
*** SHOW DOWN ***
Rednaxela05: shows [3s 4s] (a straight, Deuce to Six)
StackChipz71: mucks hand
Rednaxela05 collected $41.50 from pot
*** SUMMARY ***
Total pot $42 | Rake $0.50
Board [Ad Jh 2s 6s 5h]
Seat 3: StackChipz71 (big blind) mucked
Seat 6: Rednaxela05 (button) (small blind) showed [3s 4s] and won ($41.50) with a straight, Deuce to Six


PokerStars Hand #168701481612:  Hold'em Limit ($3/$6 USD) - 2017/04/07 9:50:44 ET
Table 'Idelsonia' 6-max Seat #3 is the button
Seat 3: StackChipz71 ($111.71 in chips)
Seat 6: Rednaxela05 ($110.42 in chips)
StackChipz71: posts small blind $1
Rednaxela05: posts big blind $3
*** HOLE CARDS ***
StackChipz71: raises $3 to $6
Rednaxela05: calls $3
*** FLOP *** [6s Ah 7d]
Rednaxela05: checks
StackChipz71: bets $3
Rednaxela05: calls $3
*** TURN *** [6s Ah 7d] [Js]
Rednaxela05: checks
StackChipz71: bets $6
Rednaxela05: folds
Uncalled bet ($6) returned to StackChipz71
StackChipz71 collected $17.64 from pot
StackChipz71: doesn't show hand
*** SUMMARY ***
Total pot $18 | Rake $0.36
Board [6s Ah 7d Js]
Seat 3: StackChipz71 (button) (small blind) collected ($17.64)
Seat 6: Rednaxela05 (big blind) folded on the Turn


PokerStars Hand #168701478592:  Hold'em Limit ($3/$6 USD) - 2017/04/07 9:50:38 ET
Table 'Idelsonia' 6-max Seat #6 is the button
Seat 3: StackChipz71 ($110.71 in chips)
Seat 6: Rednaxela05 ($111.42 in chips)
Rednaxela05: posts small blind $1
StackChipz71: posts big blind $3
*** HOLE CARDS ***
Rednaxela05: folds
Uncalled bet ($2) returned to StackChipz71
StackChipz71 collected $2 from pot
StackChipz71: doesn't show hand
*** SUMMARY ***
Total pot $2 | Rake $0
Seat 3: StackChipz71 (big blind) collected ($2)
Seat 6: Rednaxela05 (button) (small blind) folded before Flop


PokerStars Hand #168701475411:  Hold'em Limit ($3/$6 USD) - 2017/04/07 9:50:33 ET
Table 'Idelsonia' 6-max Seat #3 is the button
Seat 3: StackChipz71 ($111.71 in chips)
Seat 6: Rednaxela05 ($110.42 in chips)
StackChipz71: posts small blind $1
Rednaxela05: posts big blind $3
*** HOLE CARDS ***
StackChipz71: folds
Uncalled bet ($2) returned to Rednaxela05
Rednaxela05 collected $2 from pot
*** SUMMARY ***
Total pot $2 | Rake $0
Seat 3: StackChipz71 (button) (small blind) folded before Flop
Seat 6: Rednaxela05 (big blind) collected ($2)


PokerStars Hand #168701449512:  Hold'em Limit ($3/$6 USD) - 2017/04/07 9:49:46 ET
Table 'Idelsonia' 6-max Seat #6 is the button
Seat 3: StackChipz71 ($135.71 in chips)
Seat 6: Rednaxela05 ($86.92 in chips)
Rednaxela05: posts small blind $1
StackChipz71: posts big blind $3
*** HOLE CARDS ***
Rednaxela05: raises $3 to $6
StackChipz71: raises $3 to $9
Rednaxela05 said, "going for food in a few mins bud"
Rednaxela05: calls $3
*** FLOP *** [Kh Jc 7c]
StackChipz71: bets $3
Rednaxela05: calls $3
*** TURN *** [Kh Jc 7c] [8c]
StackChipz71: checks
Rednaxela05: bets $6
StackChipz71: calls $6
*** RIVER *** [Kh Jc 7c 8c] [Kd]
StackChipz71: checks
Rednaxela05: bets $6
StackChipz71: calls $6
*** SHOW DOWN ***
Rednaxela05: shows [Kc 5d] (three of a kind, Kings)
StackChipz71: mucks hand
Rednaxela05 collected $47.50 from pot
*** SUMMARY ***
Total pot $48 | Rake $0.50
Board [Kh Jc 7c 8c Kd]
Seat 3: StackChipz71 (big blind) mucked
Seat 6: Rednaxela05 (button) (small blind) showed [Kc 5d] and won ($47.50) with three of a kind, Kings


PokerStars Hand #168701505074:  Hold'em Limit ($3/$6 USD) - 2017/04/07 9:51:26 ET
Table 'Idelsonia' 6-max Seat #3 is the button
Seat 3: StackChipz71 ($99.35 in chips)
Seat 6: Rednaxela05 ($121.92 in chips)
StackChipz71: posts small blind $1
Rednaxela05: posts big blind $3
*** HOLE CARDS ***
StackChipz71: raises $3 to $6
Rednaxela05: raises $3 to $9
StackChipz71: calls $3
*** FLOP *** [Kh Ad 2s]
Rednaxela05: bets $3
StackChipz71: folds
Uncalled bet ($3) returned to Rednaxela05
Rednaxela05 collected $17.64 from pot
*** SUMMARY ***
Total pot $18 | Rake $0.36
Board [Kh Ad 2s]
Seat 3: StackChipz71 (button) (small blind) folded on the Flop
Seat 6: Rednaxela05 (big blind) collected ($17.64)


PokerStars Hand #168701512051:  Hold'em Limit ($3/$6 USD) - 2017/04/07 9:51:38 ET
Table 'Idelsonia' 6-max Seat #6 is the button
Seat 3: StackChipz71 ($90.35 in chips)
Seat 6: Rednaxela05 ($130.56 in chips)
Rednaxela05: posts small blind $1
StackChipz71: posts big blind $3
*** HOLE CARDS ***
Rednaxela05: raises $3 to $6
StackChipz71: calls $3
*** FLOP *** [8d Kc Ks]
StackChipz71: checks
Rednaxela05: bets $3
StackChipz71: folds
Uncalled bet ($3) returned to Rednaxela05
Rednaxela05 collected $11.76 from pot
*** SUMMARY ***
Total pot $12 | Rake $0.24
Board [8d Kc Ks]
Seat 3: StackChipz71 (big blind) folded on the Flop
Seat 6: Rednaxela05 (button) (small blind) collected ($11.76)


PokerStars Hand #168701518812:  Hold'em Limit ($3/$6 USD) - 2017/04/07 9:51:50 ET
Table 'Idelsonia' 6-max Seat #3 is the button
Seat 3: StackChipz71 ($84.35 in chips)
Seat 6: Rednaxela05 ($136.32 in chips)
StackChipz71: posts small blind $1
Rednaxela05: posts big blind $3
*** HOLE CARDS ***
StackChipz71: raises $3 to $6
Rednaxela05: calls $3
*** FLOP *** [2s 9d 6c]
Rednaxela05: checks
StackChipz71: bets $3
Rednaxela05: raises $3 to $6
StackChipz71: calls $3
*** TURN *** [2s 9d 6c] [7s]
Rednaxela05: bets $6
StackChipz71: calls $6
*** RIVER *** [2s 9d 6c 7s] [Tc]
Rednaxela05: checks
StackChipz71: checks
*** SHOW DOWN ***
Rednaxela05: shows [7h 5c] (a pair of Sevens)
StackChipz71: mucks hand
Rednaxela05 collected $35.50 from pot
*** SUMMARY ***
Total pot $36 | Rake $0.50
Board [2s 9d 6c 7s Tc]
Seat 3: StackChipz71 (button) (small blind) mucked
Seat 6: Rednaxela05 (big blind) showed [7h 5c] and won ($35.50) with a pair of Sevens


PokerStars Hand #168701543233:  Hold'em Limit ($3/$6 USD) - 2017/04/07 9:52:34 ET
Table 'Idelsonia' 6-max Seat #3 is the button
Seat 3: StackChipz71 ($77.87 in chips)
Seat 6: Rednaxela05 ($141.82 in chips)
StackChipz71: posts small blind $1
Rednaxela05: posts big blind $3
*** HOLE CARDS ***
StackChipz71: folds
Uncalled bet ($2) returned to Rednaxela05
Rednaxela05 collected $2 from pot
*** SUMMARY ***
Total pot $2 | Rake $0
Seat 3: StackChipz71 (button) (small blind) folded before Flop
Seat 6: Rednaxela05 (big blind) collected ($2)


PokerStars Hand #168701546072:  Hold'em Limit ($3/$6 USD) - 2017/04/07 9:52:39 ET
Table 'Idelsonia' 6-max Seat #6 is the button
Seat 3: StackChipz71 ($76.87 in chips)
Seat 6: Rednaxela05 ($142.82 in chips)
Rednaxela05: posts small blind $1
StackChipz71: posts big blind $3
*** HOLE CARDS ***
Rednaxela05: raises $3 to $6
StackChipz71: calls $3
*** FLOP *** [Jc As 4d]
StackChipz71: checks
Rednaxela05: bets $3
StackChipz71: raises $3 to $6
Rednaxela05: calls $3
*** TURN *** [Jc As 4d] [Tc]
StackChipz71: checks
Rednaxela05: bets $6
StackChipz71: calls $6
*** RIVER *** [Jc As 4d Tc] [5c]
StackChipz71: checks
Rednaxela05: bets $6
StackChipz71: calls $6
*** SHOW DOWN ***
Rednaxela05: shows [Ac Qs] (a pair of Aces)
StackChipz71: mucks hand
Rednaxela05 collected $47.50 from pot
*** SUMMARY ***
Total pot $48 | Rake $0.50
Board [Jc As 4d Tc 5c]
Seat 3: StackChipz71 (big blind) mucked
Seat 6: Rednaxela05 (button) (small blind) showed [Ac Qs] and won ($47.50) with a pair of Aces


PokerStars Hand #168701532805:  Hold'em Limit ($3/$6 USD) - 2017/04/07 9:52:15 ET
Table 'Idelsonia' 6-max Seat #6 is the button
Seat 3: StackChipz71 ($66.35 in chips)
Seat 6: Rednaxela05 ($153.82 in chips)
Rednaxela05: posts small blind $1
StackChipz71: posts big blind $3
*** HOLE CARDS ***
Rednaxela05: raises $3 to $6
StackChipz71: raises $3 to $9
Rednaxela05: calls $3
*** FLOP *** [6h 4s 7s]
StackChipz71: bets $3
Rednaxela05: calls $3
*** TURN *** [6h 4s 7s] [Kh]
StackChipz71: bets $6
Rednaxela05: folds
Uncalled bet ($6) returned to StackChipz71
StackChipz71 collected $23.52 from pot
StackChipz71: doesn't show hand
*** SUMMARY ***
Total pot $24 | Rake $0.48
Board [6h 4s 7s Kh]
Seat 3: StackChipz71 (big blind) collected ($23.52)
Seat 6: Rednaxela05 (button) (small blind) folded on the Turn


PokerStars Hand #168701569378:  Hold'em Limit ($3/$6 USD) - 2017/04/07 9:53:20 ET
Table 'Idelsonia' 6-max Seat #3 is the button
Seat 3: StackChipz71 ($52.87 in chips)
Seat 6: Rednaxela05 ($166.32 in chips)
StackChipz71: posts small blind $1
Rednaxela05: posts big blind $3
*** HOLE CARDS ***
StackChipz71: raises $3 to $6
Rednaxela05: calls $3
*** FLOP *** [7c 3s Td]
Rednaxela05: checks
StackChipz71: bets $3
Rednaxela05: raises $3 to $6
StackChipz71: calls $3
*** TURN *** [7c 3s Td] [3h]
Rednaxela05: bets $6
StackChipz71: folds
Uncalled bet ($6) returned to Rednaxela05
Rednaxela05 collected $23.52 from pot
*** SUMMARY ***
Total pot $24 | Rake $0.48
Board [7c 3s Td 3h]
Seat 3: StackChipz71 (button) (small blind) folded on the Turn
Seat 6: Rednaxela05 (big blind) collected ($23.52)


PokerStars Hand #168701580765:  Hold'em Limit ($3/$6 USD) - 2017/04/07 9:53:41 ET
Table 'Idelsonia' 6-max Seat #6 is the button
Seat 3: StackChipz71 ($40.87 in chips)
Seat 6: Rednaxela05 ($177.84 in chips)
Rednaxela05: posts small blind $1
StackChipz71: posts big blind $3
*** HOLE CARDS ***
Rednaxela05: raises $3 to $6
StackChipz71: calls $3
*** FLOP *** [Js 8h Ks]
StackChipz71: checks
Rednaxela05: bets $3
StackChipz71: folds
Uncalled bet ($3) returned to Rednaxela05
Rednaxela05 collected $11.76 from pot
*** SUMMARY ***
Total pot $12 | Rake $0.24
Board [Js 8h Ks]
Seat 3: StackChipz71 (big blind) folded on the Flop
Seat 6: Rednaxela05 (button) (small blind) collected ($11.76)


PokerStars Hand #168701595197:  Hold'em Limit ($3/$6 USD) - 2017/04/07 9:54:07 ET
Table 'Idelsonia' 6-max Seat #6 is the button
Seat 3: StackChipz71 ($25.87 in chips)
Seat 6: Rednaxela05 ($192.24 in chips)
Rednaxela05: posts small blind $1
StackChipz71: posts big blind $3
*** HOLE CARDS ***
Rednaxela05: folds
Uncalled bet ($2) returned to StackChipz71
StackChipz71 collected $2 from pot
StackChipz71: doesn't show hand
*** SUMMARY ***
Total pot $2 | Rake $0
Seat 3: StackChipz71 (big blind) collected ($2)
Seat 6: Rednaxela05 (button) (small blind) folded before Flop


PokerStars Hand #168701588353:  Hold'em Limit ($3/$6 USD) - 2017/04/07 9:53:55 ET
Table 'Idelsonia' 6-max Seat #3 is the button
Seat 3: StackChipz71 ($34.87 in chips)
Seat 6: Rednaxela05 ($183.60 in chips)
StackChipz71: posts small blind $1
Rednaxela05: posts big blind $3
*** HOLE CARDS ***
StackChipz71: raises $3 to $6
Rednaxela05: raises $3 to $9
StackChipz71: calls $3
*** FLOP *** [Qh 3c 5c]
Rednaxela05: bets $3
StackChipz71: folds
Uncalled bet ($3) returned to Rednaxela05
Rednaxela05 collected $17.64 from pot
*** SUMMARY ***
Total pot $18 | Rake $0.36
Board [Qh 3c 5c]
Seat 3: StackChipz71 (button) (small blind) folded on the Flop
Seat 6: Rednaxela05 (big blind) collected ($17.64)


PokerStars Hand #168701599364:  Hold'em Limit ($3/$6 USD) - 2017/04/07 9:54:14 ET
Table 'Idelsonia' 6-max Seat #3 is the button
Seat 3: StackChipz71 ($26.87 in chips)
Seat 6: Rednaxela05 ($191.24 in chips)
StackChipz71: posts small blind $1
Rednaxela05: posts big blind $3
*** HOLE CARDS ***
StackChipz71: raises $3 to $6
Jack_Wu1985 joins the table at seat #2
Rednaxela05: calls $3
*** FLOP *** [Tc 8c 6s]
Rednaxela05: checks
StackChipz71: bets $3
Rednaxela05: raises $3 to $6
StackChipz71: calls $3
*** TURN *** [Tc 8c 6s] [2c]
Rednaxela05: bets $6
StackChipz71: raises $6 to $12
Rednaxela05: raises $6 to $18
StackChipz71: calls $2.87 and is all-in
Uncalled bet ($3.13) returned to Rednaxela05
*** RIVER *** [Tc 8c 6s 2c] [2s]
*** SHOW DOWN ***
Rednaxela05: shows [6d 8h] (two pair, Eights and Sixes)
StackChipz71: shows [9d Td] (two pair, Tens and Deuces)
StackChipz71 collected $53.24 from pot
*** SUMMARY ***
Total pot $53.74 | Rake $0.50
Board [Tc 8c 6s 2c 2s]
Seat 3: StackChipz71 (button) (small blind) showed [9d Td] and won ($53.24) with two pair, Tens and Deuces
Seat 6: Rednaxela05 (big blind) showed [6d 8h] and lost with two pair, Eights and Sixes


PokerStars Hand #168702768243:  Hold'em Limit ($3/$6 USD) - 2017/04/07 10:28:07 ET
Table 'Idelsonia' 6-max Seat #2 is the button
Seat 2: Zooshark ($283.43 in chips)
Seat 5: B_loJkl ($168.54 in chips)
Zooshark: posts small blind $1
Rus29APX: is sitting out
B_loJkl: posts big blind $3
*** HOLE CARDS ***
Rus29APX leaves the table
Zooshark: calls $2
B_loJkl: raises $3 to $6
Zooshark: calls $3
*** FLOP *** [Qc 9h 6d]
boogi leaves the table
B_loJkl: checks
Zooshark: checks
*** TURN *** [Qc 9h 6d] [Kc]
B_loJkl: checks
Zooshark: checks
*** RIVER *** [Qc 9h 6d Kc] [9s]
B_loJkl: checks
Zooshark: checks
*** SHOW DOWN ***
B_loJkl: shows [2s Ac] (a pair of Nines)
Zooshark: mucks hand
B_loJkl collected $11.76 from pot
*** SUMMARY ***
Total pot $12 | Rake $0.24
Board [Qc 9h 6d Kc 9s]
Seat 2: Zooshark (button) (small blind) mucked
Seat 5: B_loJkl (big blind) showed [2s Ac] and won ($11.76) with a pair of Nines


PokerStars Hand #168702794125:  Hold'em Limit ($3/$6 USD) - 2017/04/07 10:28:50 ET
Table 'Idelsonia' 6-max Seat #5 is the button
Seat 2: Zooshark ($277.43 in chips)
Seat 5: B_loJkl ($174.30 in chips)
B_loJkl: posts small blind $1
Zooshark: posts big blind $3
*** HOLE CARDS ***
B_loJkl: raises $3 to $6
Zooshark: calls $3
*** FLOP *** [Qc Ah 2s]
Zooshark: checks
B_loJkl: bets $3
Zooshark: calls $3
*** TURN *** [Qc Ah 2s] [8h]
Zooshark: checks
B_loJkl: bets $6
Zooshark: calls $6
*** RIVER *** [Qc Ah 2s 8h] [6c]
Zooshark: checks
B_loJkl: bets $6
Zooshark: calls $6
*** SHOW DOWN ***
B_loJkl: shows [Ts Ac] (a pair of Aces)
Zooshark: mucks hand
B_loJkl collected $41.50 from pot
*** SUMMARY ***
Total pot $42 | Rake $0.50
Board [Qc Ah 2s 8h 6c]
Seat 2: Zooshark (big blind) mucked
Seat 5: B_loJkl (button) (small blind) showed [Ts Ac] and won ($41.50) with a pair of Aces


