PokerStars Hand #149356388528:  Hold'em Limit ($3/$6 USD) - 2016/02/24 15:46:17 ET
Table 'Idelsonia III' 6-max Seat #6 is the button
Seat 1: VolkovDmitri ($146.50 in chips)
Seat 6: linocarrelli ($72.26 in chips)
linocarrelli: posts small blind $1
VolkovDmitri: posts big blind $3
*** HOLE CARDS ***
linocarrelli: folds
Uncalled bet ($2) returned to VolkovDmitri
VolkovDmitri collected $2 from pot
*** SUMMARY ***
Total pot $2 | Rake $0
Seat 1: VolkovDmitri (big blind) collected ($2)
Seat 6: linocarrelli (button) (small blind) folded before Flop


PokerStars Hand #149356417154:  Hold'em Limit ($3/$6 USD) - 2016/02/24 15:46:45 ET
Table 'Idelsonia III' 6-max Seat #6 is the button
Seat 1: VolkovDmitri ($120 in chips)
Seat 6: linocarrelli ($100.76 in chips)
linocarrelli: posts small blind $1
VolkovDmitri: posts big blind $3
*** HOLE CARDS ***
linocarrelli: calls $2
VolkovDmitri: raises $3 to $6
linocarrelli: calls $3
*** FLOP *** [As 4c 7s]
VolkovDmitri: bets $3
linocarrelli: folds
Uncalled bet ($3) returned to VolkovDmitri
VolkovDmitri collected $11.76 from pot
*** SUMMARY ***
Total pot $12 | Rake $0.24
Board [As 4c 7s]
Seat 1: VolkovDmitri (big blind) collected ($11.76)
Seat 6: linocarrelli (button) (small blind) folded on the Flop


PokerStars Hand #149356393946:  Hold'em Limit ($3/$6 USD) - 2016/02/24 15:46:23 ET
Table 'Idelsonia III' 6-max Seat #1 is the button
Seat 1: VolkovDmitri ($147.50 in chips)
Seat 6: linocarrelli ($71.26 in chips)
VolkovDmitri: posts small blind $1
linocarrelli: posts big blind $3
*** HOLE CARDS ***
VolkovDmitri: raises $3 to $6
linocarrelli: raises $3 to $9
VolkovDmitri: calls $3
*** FLOP *** [8d 2s 4d]
linocarrelli: bets $3
VolkovDmitri: raises $3 to $6
linocarrelli: raises $3 to $9
VolkovDmitri: calls $3
*** TURN *** [8d 2s 4d] [Jc]
linocarrelli: bets $6
VolkovDmitri: calls $6
*** RIVER *** [8d 2s 4d Jc] [8h]
linocarrelli: bets $6
VolkovDmitri: calls $6
Chessnok joins the table at seat #2
*** SHOW DOWN ***
linocarrelli: shows [Qh Qc] (two pair, Queens and Eights)
VolkovDmitri: mucks hand
linocarrelli collected $59.50 from pot
*** SUMMARY ***
Total pot $60 | Rake $0.50
Board [8d 2s 4d Jc 8h]
Seat 1: VolkovDmitri (button) (small blind) mucked
Seat 6: linocarrelli (big blind) showed [Qh Qc] and won ($59.50) with two pair, Queens and Eights


PokerStars Hand #149357310197:  Hold'em Limit ($3/$6 USD) - 2016/02/24 16:02:14 ET
Table 'Idelsonia III' 6-max Seat #3 is the button
Seat 2: Chessnok ($85.53 in chips)
Seat 3: wuck249 ($101.06 in chips)
wuck249: posts small blind $1
ValeryRon: is sitting out
Chessnok: posts big blind $3
*** HOLE CARDS ***
ValeryRon leaves the table
wuck249: folds
Uncalled bet ($2) returned to Chessnok
Chessnok collected $2 from pot
Chessnok: doesn't show hand
wuck249 leaves the table
*** SUMMARY ***
Total pot $2 | Rake $0
Seat 2: Chessnok (big blind) collected ($2)
Seat 3: wuck249 (button) (small blind) folded before Flop


