PokerStars Hand #147351947933:  Hold'em Limit ($3/$6 USD) - 2016/01/20 2:49:05 ET
Table 'Idelsonia' 6-max Seat #1 is the button
Seat 1: VolkovDmitri ($120 in chips)
Seat 2: tomhradil112 ($120 in chips)
VolkovDmitri: posts small blind $1
tomhradil112: posts big blind $3
*** HOLE CARDS ***
VolkovDmitri: raises $3 to $6
tomhradil112: calls $3
*** FLOP *** [2d Ts Qs]
tomhradil112: checks
VolkovDmitri: bets $3
tomhradil112: calls $3
*** TURN *** [2d Ts Qs] [6d]
tomhradil112: checks
VolkovDmitri: checks
*** RIVER *** [2d Ts Qs 6d] [3d]
tomhradil112 said, "volkov = bet noob"
tomhradil112: checks
VolkovDmitri: checks
*** SHOW DOWN ***
tomhradil112: shows [Ah 8d] (high card Ace)
VolkovDmitri: mucks hand
tomhradil112 collected $17.64 from pot
*** SUMMARY ***
Total pot $18 | Rake $0.36
Board [2d Ts Qs 6d 3d]
Seat 1: VolkovDmitri (button) (small blind) mucked
Seat 2: tomhradil112 (big blind) showed [Ah 8d] and won ($17.64) with high card Ace


PokerStars Hand #147351985711:  Hold'em Limit ($3/$6 USD) - 2016/01/20 2:51:07 ET
Table 'Idelsonia' 6-max Seat #1 is the button
Seat 1: VolkovDmitri ($121 in chips)
Seat 2: tomhradil112 ($142.04 in chips)
VolkovDmitri: posts small blind $1
tomhradil112: posts big blind $3
*** HOLE CARDS ***
VolkovDmitri: raises $3 to $6
tomhradil112: folds
Uncalled bet ($3) returned to VolkovDmitri
VolkovDmitri collected $6 from pot
VolkovDmitri: doesn't show hand
*** SUMMARY ***
Total pot $6 | Rake $0
Seat 1: VolkovDmitri (button) (small blind) collected ($6)
Seat 2: tomhradil112 (big blind) folded before Flop


PokerStars Hand #147351957882:  Hold'em Limit ($3/$6 USD) - 2016/01/20 2:49:37 ET
Table 'Idelsonia' 6-max Seat #2 is the button
Seat 1: VolkovDmitri ($120 in chips)
Seat 2: tomhradil112 ($128.64 in chips)
tomhradil112: posts small blind $1
VolkovDmitri: posts big blind $3
*** HOLE CARDS ***
tomhradil112: raises $3 to $6
VolkovDmitri: calls $3
*** FLOP *** [8c Tc 4c]
VolkovDmitri: checks
tomhradil112 said, "5 7 jj  skill"
tomhradil112: checks
*** TURN *** [8c Tc 4c] [5d]
VolkovDmitri: checks
tomhradil112: checks
*** RIVER *** [8c Tc 4c 5d] [Ks]
VolkovDmitri: checks
tomhradil112: bets $6
VolkovDmitri: folds
Uncalled bet ($6) returned to tomhradil112
tomhradil112 collected $11.76 from pot
tomhradil112: doesn't show hand
*** SUMMARY ***
Total pot $12 | Rake $0.24
Board [8c Tc 4c 5d Ks]
Seat 1: VolkovDmitri (big blind) folded on the River
Seat 2: tomhradil112 (button) (small blind) collected ($11.76)


PokerStars Hand #147351984220:  Hold'em Limit ($3/$6 USD) - 2016/01/20 2:51:02 ET
Table 'Idelsonia' 6-max Seat #2 is the button
Seat 1: VolkovDmitri ($120 in chips)
Seat 2: tomhradil112 ($143.04 in chips)
tomhradil112: posts small blind $1
VolkovDmitri: posts big blind $3
*** HOLE CARDS ***
tomhradil112: folds
Uncalled bet ($2) returned to VolkovDmitri
VolkovDmitri collected $2 from pot
VolkovDmitri: doesn't show hand
*** SUMMARY ***
Total pot $2 | Rake $0
Seat 1: VolkovDmitri (big blind) collected ($2)
Seat 2: tomhradil112 (button) (small blind) folded before Flop


PokerStars Hand #147351971283:  Hold'em Limit ($3/$6 USD) - 2016/01/20 2:50:20 ET
Table 'Idelsonia' 6-max Seat #1 is the button
Seat 1: VolkovDmitri ($120 in chips)
Seat 2: tomhradil112 ($134.40 in chips)
VolkovDmitri: posts small blind $1
tomhradil112: posts big blind $3
*** HOLE CARDS ***
VolkovDmitri: raises $3 to $6
tomhradil112: calls $3
*** FLOP *** [9h Qs 3s]
tomhradil112: checks
VolkovDmitri: bets $3
tomhradil112: calls $3
*** TURN *** [9h Qs 3s] [2d]
tomhradil112: checks
VolkovDmitri: checks
*** RIVER *** [9h Qs 3s 2d] [4d]
tomhradil112: bets $6
VolkovDmitri: folds
Uncalled bet ($6) returned to tomhradil112
tomhradil112 collected $17.64 from pot
tomhradil112: doesn't show hand
*** SUMMARY ***
Total pot $18 | Rake $0.36
Board [9h Qs 3s 2d 4d]
Seat 1: VolkovDmitri (button) (small blind) folded on the River
Seat 2: tomhradil112 (big blind) collected ($17.64)


PokerStars Hand #147351988008:  Hold'em Limit ($3/$6 USD) - 2016/01/20 2:51:14 ET
Table 'Idelsonia' 6-max Seat #2 is the button
Seat 1: VolkovDmitri ($124 in chips)
Seat 2: tomhradil112 ($139.04 in chips)
tomhradil112: posts small blind $1
VolkovDmitri: posts big blind $3
*** HOLE CARDS ***
tomhradil112: raises $3 to $6
VolkovDmitri: raises $3 to $9
tomhradil112: calls $3
*** FLOP *** [Jc Jh Ad]
VolkovDmitri: checks
tomhradil112: checks
*** TURN *** [Jc Jh Ad] [3d]
VolkovDmitri: checks
tomhradil112: checks
*** RIVER *** [Jc Jh Ad 3d] [Ks]
VolkovDmitri: bets $6
tomhradil112: calls $6
*** SHOW DOWN ***
VolkovDmitri: shows [5d Ah] (two pair, Aces and Jacks)
tomhradil112: mucks hand
VolkovDmitri collected $29.50 from pot
*** SUMMARY ***
Total pot $30 | Rake $0.50
Board [Jc Jh Ad 3d Ks]
Seat 1: VolkovDmitri (big blind) showed [5d Ah] and won ($29.50) with two pair, Aces and Jacks
Seat 2: tomhradil112 (button) (small blind) mucked


PokerStars Hand #147352007446:  Hold'em Limit ($3/$6 USD) - 2016/01/20 2:52:18 ET
Table 'Idelsonia' 6-max Seat #2 is the button
Seat 1: VolkovDmitri ($120.50 in chips)
Seat 2: tomhradil112 ($141.54 in chips)
tomhradil112: posts small blind $1
VolkovDmitri: posts big blind $3
*** HOLE CARDS ***
tomhradil112: folds
Uncalled bet ($2) returned to VolkovDmitri
ME HAPPYBEE joins the table at seat #3
VolkovDmitri collected $2 from pot
VolkovDmitri: doesn't show hand
*** SUMMARY ***
Total pot $2 | Rake $0
Seat 1: VolkovDmitri (big blind) collected ($2)
Seat 2: tomhradil112 (button) (small blind) folded before Flop


PokerStars Hand #147351996227:  Hold'em Limit ($3/$6 USD) - 2016/01/20 2:51:41 ET
Table 'Idelsonia' 6-max Seat #1 is the button
Seat 1: VolkovDmitri ($138.50 in chips)
Seat 2: tomhradil112 ($124.04 in chips)
VolkovDmitri: posts small blind $1
tomhradil112: posts big blind $3
*** HOLE CARDS ***
tomhradil112 said, "lol"
VolkovDmitri: raises $3 to $6
tomhradil112: raises $3 to $9
VolkovDmitri: calls $3
*** FLOP *** [Th Tc 5c]
tomhradil112: bets $3
VolkovDmitri: calls $3
*** TURN *** [Th Tc 5c] [6d]
tomhradil112: bets $6
VolkovDmitri: calls $6
*** RIVER *** [Th Tc 5c 6d] [Jh]
tomhradil112: bets $6
VolkovDmitri: folds
Uncalled bet ($6) returned to tomhradil112
tomhradil112 collected $35.50 from pot
tomhradil112: doesn't show hand
*** SUMMARY ***
Total pot $36 | Rake $0.50
Board [Th Tc 5c 6d Jh]
Seat 1: VolkovDmitri (button) (small blind) folded on the River
Seat 2: tomhradil112 (big blind) collected ($35.50)


PokerStars Hand #147352008866:  Hold'em Limit ($3/$6 USD) - 2016/01/20 2:52:22 ET
Table 'Idelsonia' 6-max Seat #1 is the button
Seat 1: VolkovDmitri ($121.50 in chips)
Seat 2: tomhradil112 ($140.54 in chips)
VolkovDmitri: posts small blind $1
tomhradil112: posts big blind $3
*** HOLE CARDS ***
VolkovDmitri: raises $3 to $6
tomhradil112: calls $3
*** FLOP *** [Kc Ks As]
tomhradil112: checks
VolkovDmitri: bets $3
tomhradil112: folds
Uncalled bet ($3) returned to VolkovDmitri
VolkovDmitri collected $11.76 from pot
VolkovDmitri: doesn't show hand
*** SUMMARY ***
Total pot $12 | Rake $0.24
Board [Kc Ks As]
Seat 1: VolkovDmitri (button) (small blind) collected ($11.76)
Seat 2: tomhradil112 (big blind) folded on the Flop


PokerStars Hand #147356488832:  Hold'em Limit ($3/$6 USD) - 2016/01/20 5:56:29 ET
Table 'Idelsonia' 6-max Seat #5 is the button
Seat 1: Frank2Neue ($50.72 in chips)
Seat 5: B_loJkl ($194.88 in chips)
B_loJkl: posts small blind $1
Frank2Neue: posts big blind $3
*** HOLE CARDS ***
B_loJkl: raises $3 to $6
Frank2Neue: calls $3
*** FLOP *** [Qc 2c Kh]
Frank2Neue: checks
engine12888 leaves the table
B_loJkl: bets $3
Frank2Neue: raises $3 to $6
B_loJkl: folds
Uncalled bet ($3) returned to Frank2Neue
Frank2Neue collected $17.64 from pot
Frank2Neue: doesn't show hand
*** SUMMARY ***
Total pot $18 | Rake $0.36
Board [Qc 2c Kh]
Seat 1: Frank2Neue (big blind) collected ($17.64)
Seat 5: B_loJkl (button) (small blind) folded on the Flop


