PokerStars Hand #151722489145:  Hold'em Limit ($3/$6 USD) - 2016/04/10 13:55:06 ET
Table 'Idelsonia II' 6-max Seat #3 is the button
Seat 1: SACHAVT ($44.50 in chips)
Seat 3: Puzanchik 11 ($28.15 in chips)
Puzanchik 11: posts small blind $1
SACHAVT: posts big blind $3
*** HOLE CARDS ***
Puzanchik 11: folds
Uncalled bet ($2) returned to SACHAVT
SACHAVT collected $2 from pot
SACHAVT: doesn't show hand
*** SUMMARY ***
Total pot $2 | Rake $0
Seat 1: SACHAVT (big blind) collected ($2)
Seat 3: Puzanchik 11 (button) (small blind) folded before Flop


PokerStars Hand #151722470896:  Hold'em Limit ($3/$6 USD) - 2016/04/10 13:54:48 ET
Table 'Idelsonia II' 6-max Seat #1 is the button
Seat 1: SACHAVT ($30 in chips)
Seat 3: Puzanchik 11 ($43.15 in chips)
SACHAVT: posts small blind $1
Puzanchik 11: posts big blind $3
*** HOLE CARDS ***
SACHAVT: raises $3 to $6
Puzanchik 11: calls $3
*** FLOP *** [7c Js 9s]
Puzanchik 11: bets $3
SACHAVT: calls $3
*** TURN *** [7c Js 9s] [Qc]
Puzanchik 11: bets $6
SACHAVT: calls $6
*** RIVER *** [7c Js 9s Qc] [Td]
Puzanchik 11: checks
SACHAVT: checks
*** SHOW DOWN ***
Puzanchik 11: shows [3s 5s] (high card Queen)
SACHAVT: shows [5d 9h] (a pair of Nines)
SACHAVT collected $29.50 from pot
*** SUMMARY ***
Total pot $30 | Rake $0.50
Board [7c Js 9s Qc Td]
Seat 1: SACHAVT (button) (small blind) showed [5d 9h] and won ($29.50) with a pair of Nines
Seat 3: Puzanchik 11 (big blind) showed [3s 5s] and lost with high card Queen


PokerStars Hand #151722539276:  Hold'em Limit ($3/$6 USD) - 2016/04/10 13:56:19 ET
Table 'Idelsonia II' 6-max Seat #3 is the button
Seat 1: SACHAVT ($31.20 in chips)
Seat 3: Puzanchik 11 ($40.45 in chips)
Puzanchik 11: posts small blind $1
SACHAVT: posts big blind $3
*** HOLE CARDS ***
Puzanchik 11: raises $3 to $6
SACHAVT: folds
Uncalled bet ($3) returned to Puzanchik 11
Puzanchik 11 collected $6 from pot
*** SUMMARY ***
Total pot $6 | Rake $0
Seat 1: SACHAVT (big blind) folded before Flop
Seat 3: Puzanchik 11 (button) (small blind) collected ($6)


PokerStars Hand #151722528811:  Hold'em Limit ($3/$6 USD) - 2016/04/10 13:56:04 ET
Table 'Idelsonia II' 6-max Seat #1 is the button
Seat 1: SACHAVT ($32.20 in chips)
Seat 3: Puzanchik 11 ($39.45 in chips)
SACHAVT: posts small blind $1
Puzanchik 11: posts big blind $3
*** HOLE CARDS ***
SACHAVT: folds
Uncalled bet ($2) returned to Puzanchik 11
boony444 joins the table at seat #2
Puzanchik 11 collected $2 from pot
*** SUMMARY ***
Total pot $2 | Rake $0
Seat 1: SACHAVT (button) (small blind) folded before Flop
Seat 3: Puzanchik 11 (big blind) collected ($2)


PokerStars Hand #151722524562:  Hold'em Limit ($3/$6 USD) - 2016/04/10 13:55:58 ET
Table 'Idelsonia II' 6-max Seat #3 is the button
Seat 1: SACHAVT ($35.20 in chips)
Seat 3: Puzanchik 11 ($36.45 in chips)
Puzanchik 11: posts small blind $1
SACHAVT: posts big blind $3
*** HOLE CARDS ***
Puzanchik 11: raises $3 to $6
SACHAVT: folds
Uncalled bet ($3) returned to Puzanchik 11
Puzanchik 11 collected $6 from pot
*** SUMMARY ***
Total pot $6 | Rake $0
Seat 1: SACHAVT (big blind) folded before Flop
Seat 3: Puzanchik 11 (button) (small blind) collected ($6)


PokerStars Hand #151722520825:  Hold'em Limit ($3/$6 USD) - 2016/04/10 13:55:53 ET
Table 'Idelsonia II' 6-max Seat #1 is the button
Seat 1: SACHAVT ($36.20 in chips)
Seat 3: Puzanchik 11 ($35.45 in chips)
SACHAVT: posts small blind $1
Puzanchik 11: posts big blind $3
*** HOLE CARDS ***
SACHAVT: folds
Uncalled bet ($2) returned to Puzanchik 11
Puzanchik 11 collected $2 from pot
*** SUMMARY ***
Total pot $2 | Rake $0
Seat 1: SACHAVT (button) (small blind) folded before Flop
Seat 3: Puzanchik 11 (big blind) collected ($2)


PokerStars Hand #151722507570:  Hold'em Limit ($3/$6 USD) - 2016/04/10 13:55:33 ET
Table 'Idelsonia II' 6-max Seat #3 is the button
Seat 1: SACHAVT ($18.35 in chips)
Seat 3: Puzanchik 11 ($53.80 in chips)
Puzanchik 11: posts small blind $1
SACHAVT: posts big blind $3
*** HOLE CARDS ***
Puzanchik 11: raises $3 to $6
SACHAVT: raises $3 to $9
Puzanchik 11: calls $3
*** FLOP *** [7d 5s 7c]
SACHAVT: bets $3
Puzanchik 11: calls $3
*** TURN *** [7d 5s 7c] [9d]
SACHAVT: bets $6
Puzanchik 11: raises $6 to $12
SACHAVT: calls $0.35 and is all-in
Uncalled bet ($5.65) returned to Puzanchik 11
*** RIVER *** [7d 5s 7c 9d] [Kc]
*** SHOW DOWN ***
SACHAVT: shows [Kh Js] (two pair, Kings and Sevens)
Puzanchik 11: shows [Kd 6d] (two pair, Kings and Sevens - lower kicker)
SACHAVT collected $36.20 from pot
*** SUMMARY ***
Total pot $36.70 | Rake $0.50
Board [7d 5s 7c 9d Kc]
Seat 1: SACHAVT (big blind) showed [Kh Js] and won ($36.20) with two pair, Kings and Sevens
Seat 3: Puzanchik 11 (button) (small blind) showed [Kd 6d] and lost with two pair, Kings and Sevens


PokerStars Hand #151722492877:  Hold'em Limit ($3/$6 USD) - 2016/04/10 13:55:12 ET
Table 'Idelsonia II' 6-max Seat #1 is the button
Seat 1: SACHAVT ($45.50 in chips)
Seat 3: Puzanchik 11 ($27.15 in chips)
SACHAVT: posts small blind $1
Puzanchik 11: posts big blind $3
*** HOLE CARDS ***
SACHAVT: calls $2
Puzanchik 11: raises $3 to $6
SACHAVT: calls $3
*** FLOP *** [As 9d 5d]
Puzanchik 11: bets $3
SACHAVT: calls $3
*** TURN *** [As 9d 5d] [7d]
Puzanchik 11: bets $6
SACHAVT: raises $6 to $12
Puzanchik 11: raises $6 to $18
SACHAVT: raises $6 to $24
Betting is capped
Puzanchik 11: calls $0.15 and is all-in
Uncalled bet ($5.85) returned to SACHAVT
*** RIVER *** [As 9d 5d 7d] [4s]
*** SHOW DOWN ***
Puzanchik 11: shows [Th Td] (a pair of Tens)
SACHAVT: shows [6d 9s] (a pair of Nines)
Puzanchik 11 collected $53.80 from pot
*** SUMMARY ***
Total pot $54.30 | Rake $0.50
Board [As 9d 5d 7d 4s]
Seat 1: SACHAVT (button) (small blind) showed [6d 9s] and lost with a pair of Nines
Seat 3: Puzanchik 11 (big blind) showed [Th Td] and won ($53.80) with a pair of Tens


PokerStars Hand #151722558368:  Hold'em Limit ($3/$6 USD) - 2016/04/10 13:56:46 ET
Table 'Idelsonia II' 6-max Seat #2 is the button
Seat 2: boony444 ($197 in chips)
Seat 3: Puzanchik 11 ($72.87 in chips)
boony444: posts small blind $1
Puzanchik 11: posts big blind $3
*** HOLE CARDS ***
boony444: raises $3 to $6
Puzanchik 11: folds
Uncalled bet ($3) returned to boony444
boony444 collected $6 from pot
boony444: doesn't show hand
*** SUMMARY ***
Total pot $6 | Rake $0
Seat 2: boony444 (button) (small blind) collected ($6)
Seat 3: Puzanchik 11 (big blind) folded before Flop


PokerStars Hand #151722605594:  Hold'em Limit ($3/$6 USD) - 2016/04/10 13:57:54 ET
Table 'Idelsonia II' 6-max Seat #1 is the button
Seat 1: SACHAVT ($35.50 in chips)
Seat 3: Puzanchik 11 ($45.63 in chips)
derdex joins the table at seat #2
SACHAVT: posts small blind $1
Puzanchik 11: posts big blind $3
*** HOLE CARDS ***
SACHAVT: folds
Uncalled bet ($2) returned to Puzanchik 11
Puzanchik 11 collected $2 from pot
*** SUMMARY ***
Total pot $2 | Rake $0
Seat 1: SACHAVT (button) (small blind) folded before Flop
Seat 3: Puzanchik 11 (big blind) collected ($2)


PokerStars Hand #151722591118:  Hold'em Limit ($3/$6 USD) - 2016/04/10 13:57:33 ET
Table 'Idelsonia II' 6-max Seat #3 is the button
Seat 1: SACHAVT ($41.50 in chips)
Seat 3: Puzanchik 11 ($39.87 in chips)
Puzanchik 11: posts small blind $1
SACHAVT: posts big blind $3
*** HOLE CARDS ***
Puzanchik 11: raises $3 to $6
SACHAVT: calls $3
*** FLOP *** [2s 8h Qc]
SACHAVT: checks
Puzanchik 11: bets $3
SACHAVT: folds
Uncalled bet ($3) returned to Puzanchik 11
boarcastle joins the table at seat #4
Puzanchik 11 collected $11.76 from pot
*** SUMMARY ***
Total pot $12 | Rake $0.24
Board [2s 8h Qc]
Seat 1: SACHAVT (big blind) folded on the Flop
Seat 3: Puzanchik 11 (button) (small blind) collected ($11.76)


PokerStars Hand #151722578350:  Hold'em Limit ($3/$6 USD) - 2016/04/10 13:57:15 ET
Table 'Idelsonia II' 6-max Seat #1 is the button
Seat 1: SACHAVT ($21 in chips)
Seat 3: Puzanchik 11 ($60.87 in chips)
SACHAVT: posts small blind $1
boony444: is sitting out
Puzanchik 11: posts big blind $3
*** HOLE CARDS ***
SACHAVT: calls $2
boony444 leaves the table
Puzanchik 11: raises $3 to $6
SACHAVT: calls $3
*** FLOP *** [6c 4h Kh]
Puzanchik 11: bets $3
SACHAVT: calls $3
*** TURN *** [6c 4h Kh] [2d]
Puzanchik 11: bets $6
SACHAVT: raises $6 to $12 and is all-in
Puzanchik 11: calls $6
*** RIVER *** [6c 4h Kh 2d] [8s]
*** SHOW DOWN ***
Puzanchik 11: shows [9h Ts] (high card King)
SACHAVT: shows [8h Ks] (two pair, Kings and Eights)
SACHAVT collected $41.50 from pot
*** SUMMARY ***
Total pot $42 | Rake $0.50
Board [6c 4h Kh 2d 8s]
Seat 1: SACHAVT (button) (small blind) showed [8h Ks] and won ($41.50) with two pair, Kings and Eights
Seat 3: Puzanchik 11 (big blind) showed [9h Ts] and lost with high card King


PokerStars Hand #151723258809:  Hold'em Limit ($3/$6 USD) - 2016/04/10 14:09:23 ET
Table 'Idelsonia II' 6-max Seat #1 is the button
Seat 1: krytalex ($125.25 in chips)
Seat 4: boarcastle ($88.84 in chips)
krytalex: posts small blind $1
derdex: is sitting out
boarcastle: posts big blind $3
*** HOLE CARDS ***
derdex leaves the table
krytalex: raises $3 to $6
boarcastle: raises $3 to $9
krytalex: calls $3
*** FLOP *** [5c 9h Js]
boarcastle: bets $3
krytalex: raises $3 to $6
boarcastle: calls $3
*** TURN *** [5c 9h Js] [4h]
boarcastle: checks
krytalex: bets $6
boarcastle: calls $6
*** RIVER *** [5c 9h Js 4h] [8s]
boarcastle: checks
krytalex: bets $6
boarcastle: calls $6
*** SHOW DOWN ***
krytalex: shows [3c Jh] (a pair of Jacks)
boarcastle: mucks hand
krytalex collected $53.50 from pot
*** SUMMARY ***
Total pot $54 | Rake $0.50
Board [5c 9h Js 4h 8s]
Seat 1: krytalex (button) (small blind) showed [3c Jh] and won ($53.50) with a pair of Jacks
Seat 4: boarcastle (big blind) mucked


PokerStars Hand #151724831656:  Hold'em Limit ($3/$6 USD) - 2016/04/10 14:34:25 ET
Table 'Idelsonia II' 6-max Seat #3 is the button
Seat 1: Velbor107 ($292 in chips)
Seat 3: Puzanchik 11 ($41.77 in chips)
Puzanchik 11: posts small blind $1
Velbor107: posts big blind $3
*** HOLE CARDS ***
Puzanchik 11: folds
Uncalled bet ($2) returned to Velbor107
Velbor107 collected $2 from pot
*** SUMMARY ***
Total pot $2 | Rake $0
Seat 1: Velbor107 (big blind) collected ($2)
Seat 3: Puzanchik 11 (button) (small blind) folded before Flop


PokerStars Hand #151724809191:  Hold'em Limit ($3/$6 USD) - 2016/04/10 14:34:04 ET
Table 'Idelsonia II' 6-max Seat #1 is the button
Seat 1: Velbor107 ($304 in chips)
Seat 3: Puzanchik 11 ($30.25 in chips)
Velbor107: posts small blind $1
Puzanchik 11: posts big blind $3
*** HOLE CARDS ***
Velbor107: raises $3 to $6
Puzanchik 11: raises $3 to $9
Velbor107: calls $3
*** FLOP *** [3d Ac 2d]
Puzanchik 11: bets $3
Velbor107: calls $3
*** TURN *** [3d Ac 2d] [2s]
Puzanchik 11: bets $6
Velbor107: folds
Uncalled bet ($6) returned to Puzanchik 11
Puzanchik 11 collected $23.52 from pot
*** SUMMARY ***
Total pot $24 | Rake $0.48
Board [3d Ac 2d 2s]
Seat 1: Velbor107 (button) (small blind) folded on the Turn
Seat 3: Puzanchik 11 (big blind) collected ($23.52)


PokerStars Hand #151724800683:  Hold'em Limit ($3/$6 USD) - 2016/04/10 14:33:56 ET
Table 'Idelsonia II' 6-max Seat #3 is the button
Seat 1: Velbor107 ($307 in chips)
Seat 3: Puzanchik 11 ($27.25 in chips)
Puzanchik 11: posts small blind $1
Velbor107: posts big blind $3
*** HOLE CARDS ***
Puzanchik 11: raises $3 to $6
Velbor107: folds
Uncalled bet ($3) returned to Puzanchik 11
Puzanchik 11 collected $6 from pot
*** SUMMARY ***
Total pot $6 | Rake $0
Seat 1: Velbor107 (big blind) folded before Flop
Seat 3: Puzanchik 11 (button) (small blind) collected ($6)


PokerStars Hand #151724794978:  Hold'em Limit ($3/$6 USD) - 2016/04/10 14:33:51 ET
Table 'Idelsonia II' 6-max Seat #1 is the button
Seat 1: Velbor107 ($308 in chips)
Seat 3: Puzanchik 11 ($26.25 in chips)
Velbor107: posts small blind $1
Puzanchik 11: posts big blind $3
*** HOLE CARDS ***
Velbor107: folds
Uncalled bet ($2) returned to Puzanchik 11
Puzanchik 11 collected $2 from pot
*** SUMMARY ***
Total pot $2 | Rake $0
Seat 1: Velbor107 (button) (small blind) folded before Flop
Seat 3: Puzanchik 11 (big blind) collected ($2)


PokerStars Hand #151724785914:  Hold'em Limit ($3/$6 USD) - 2016/04/10 14:33:42 ET
Table 'Idelsonia II' 6-max Seat #3 is the button
Seat 1: Velbor107 ($307 in chips)
Seat 3: Puzanchik 11 ($27.25 in chips)
Puzanchik 11: posts small blind $1
Velbor107: posts big blind $3
*** HOLE CARDS ***
Puzanchik 11: folds
Uncalled bet ($2) returned to Velbor107
Velbor107 collected $2 from pot
*** SUMMARY ***
Total pot $2 | Rake $0
Seat 1: Velbor107 (big blind) collected ($2)
Seat 3: Puzanchik 11 (button) (small blind) folded before Flop


PokerStars Hand #151724775238:  Hold'em Limit ($3/$6 USD) - 2016/04/10 14:33:32 ET
Table 'Idelsonia II' 6-max Seat #1 is the button
Seat 1: Velbor107 ($304 in chips)
Seat 3: Puzanchik 11 ($30.25 in chips)
Velbor107: posts small blind $1
Puzanchik 11: posts big blind $3
*** HOLE CARDS ***
Velbor107: raises $3 to $6
Puzanchik 11: folds
Uncalled bet ($3) returned to Velbor107
Velbor107 collected $6 from pot
*** SUMMARY ***
Total pot $6 | Rake $0
Seat 1: Velbor107 (button) (small blind) collected ($6)
Seat 3: Puzanchik 11 (big blind) folded before Flop


PokerStars Hand #151724847837:  Hold'em Limit ($3/$6 USD) - 2016/04/10 14:34:40 ET
Table 'Idelsonia II' 6-max Seat #3 is the button
Seat 1: Velbor107 ($296 in chips)
Seat 3: Puzanchik 11 ($37.77 in chips)
Puzanchik 11: posts small blind $1
Velbor107: posts big blind $3
*** HOLE CARDS ***
Puzanchik 11: raises $3 to $6
Velbor107: calls $3
*** FLOP *** [8d 4s 7s]
Velbor107: checks
Puzanchik 11: bets $3
Velbor107: calls $3
*** TURN *** [8d 4s 7s] [2c]
Velbor107: checks
Puzanchik 11: checks
*** RIVER *** [8d 4s 7s 2c] [Jc]
Velbor107: bets $6
Puzanchik 11: raises $6 to $12
Velbor107: calls $6
*** SHOW DOWN ***
Puzanchik 11: shows [Kd Js] (a pair of Jacks)
Velbor107: mucks hand
Puzanchik 11 collected $41.50 from pot
*** SUMMARY ***
Total pot $42 | Rake $0.50
Board [8d 4s 7s 2c Jc]
Seat 1: Velbor107 (big blind) mucked
Seat 3: Puzanchik 11 (button) (small blind) showed [Kd Js] and won ($41.50) with a pair of Jacks


PokerStars Hand #151724837179:  Hold'em Limit ($3/$6 USD) - 2016/04/10 14:34:30 ET
Table 'Idelsonia II' 6-max Seat #1 is the button
Seat 1: Velbor107 ($293 in chips)
Seat 3: Puzanchik 11 ($40.77 in chips)
Velbor107: posts small blind $1
Puzanchik 11: posts big blind $3
*** HOLE CARDS ***
Velbor107: raises $3 to $6
Puzanchik 11: folds
Uncalled bet ($3) returned to Velbor107
Velbor107 collected $6 from pot
*** SUMMARY ***
Total pot $6 | Rake $0
Seat 1: Velbor107 (button) (small blind) collected ($6)
Seat 3: Puzanchik 11 (big blind) folded before Flop


PokerStars Hand #151724944970:  Hold'em Limit ($3/$6 USD) - 2016/04/10 14:36:11 ET
Table 'Idelsonia II' 6-max Seat #1 is the button
Seat 1: Velbor107 ($325 in chips)
Seat 3: Puzanchik 11 ($7.27 in chips)
Velbor107: posts small blind $1
Puzanchik 11: posts big blind $3
*** HOLE CARDS ***
Velbor107: folds
Uncalled bet ($2) returned to Puzanchik 11
Puzanchik 11 collected $2 from pot
*** SUMMARY ***
Total pot $2 | Rake $0
Seat 1: Velbor107 (button) (small blind) folded before Flop
Seat 3: Puzanchik 11 (big blind) collected ($2)


PokerStars Hand #151724910815:  Hold'em Limit ($3/$6 USD) - 2016/04/10 14:35:39 ET
Table 'Idelsonia II' 6-max Seat #3 is the button
Seat 1: Velbor107 ($292.50 in chips)
Seat 3: Puzanchik 11 ($40.27 in chips)
Puzanchik 11: posts small blind $1
Velbor107: posts big blind $3
*** HOLE CARDS ***
Puzanchik 11: raises $3 to $6
Velbor107: calls $3
*** FLOP *** [6c 4c Jd]
Velbor107: checks
Puzanchik 11: bets $3
Velbor107: calls $3
*** TURN *** [6c 4c Jd] [Kh]
kolaz03 joins the table at seat #4
Velbor107: checks
Puzanchik 11: bets $6
Velbor107: raises $6 to $12
Puzanchik 11: calls $6
*** RIVER *** [6c 4c Jd Kh] [9c]
Velbor107: bets $6
Puzanchik 11: raises $6 to $12
Velbor107: calls $6
*** SHOW DOWN ***
Puzanchik 11: shows [9s Js] (two pair, Jacks and Nines)
Velbor107: shows [Kc 9d] (two pair, Kings and Nines)
Velbor107 collected $65.50 from pot
*** SUMMARY ***
Total pot $66 | Rake $0.50
Board [6c 4c Jd Kh 9c]
Seat 1: Velbor107 (big blind) showed [Kc 9d] and won ($65.50) with two pair, Kings and Nines
Seat 3: Puzanchik 11 (button) (small blind) showed [9s Js] and lost with two pair, Jacks and Nines


PokerStars Hand #151724882126:  Hold'em Limit ($3/$6 USD) - 2016/04/10 14:35:12 ET
Table 'Idelsonia II' 6-max Seat #1 is the button
Seat 1: Velbor107 ($275 in chips)
Seat 3: Puzanchik 11 ($58.27 in chips)
Velbor107: posts small blind $1
Puzanchik 11: posts big blind $3
*** HOLE CARDS ***
Velbor107: raises $3 to $6
Puzanchik 11: raises $3 to $9
Velbor107: calls $3
*** FLOP *** [2d As Ts]
Puzanchik 11: bets $3
Velbor107: calls $3
*** TURN *** [2d As Ts] [Kc]
Puzanchik 11: checks
Velbor107: bets $6
Puzanchik 11: calls $6
*** RIVER *** [2d As Ts Kc] [7h]
Puzanchik 11: checks
Velbor107: checks
*** SHOW DOWN ***
Puzanchik 11: shows [7s Js] (a pair of Sevens)
Velbor107: shows [Ks 4s] (a pair of Kings)
Velbor107 collected $35.50 from pot
*** SUMMARY ***
Total pot $36 | Rake $0.50
Board [2d As Ts Kc 7h]
Seat 1: Velbor107 (button) (small blind) showed [Ks 4s] and won ($35.50) with a pair of Kings
Seat 3: Puzanchik 11 (big blind) showed [7s Js] and lost with a pair of Sevens


PokerStars Hand #151724969159:  Hold'em Limit ($3/$6 USD) - 2016/04/10 14:36:34 ET
Table 'Idelsonia II' 6-max Seat #4 is the button
Seat 1: Velbor107 ($324 in chips)
Seat 4: kolaz03 ($79.77 in chips)
kolaz03: posts small blind $1
Velbor107: posts big blind $3
*** HOLE CARDS ***
Puzanchik 11 leaves the table
kolaz03: folds
Uncalled bet ($2) returned to Velbor107
Velbor107 collected $2 from pot
*** SUMMARY ***
Total pot $2 | Rake $0
Seat 1: Velbor107 (big blind) collected ($2)
Seat 4: kolaz03 (button) (small blind) folded before Flop


