PokerStars Hand #159734550873:  Hold'em Limit ($3/$6 USD) - 2016/10/10 9:18:51 ET
Table 'Idelsonia II' 6-max Seat #6 is the button
Seat 4: Actionni13 ($150 in chips)
Seat 6: crybaby000 ($120 in chips)
crybaby000: posts small blind $1
Actionni13: posts big blind $3
*** HOLE CARDS ***
crybaby000: calls $2
Actionni13: checks
*** FLOP *** [7d 2s Jh]
Actionni13: checks
crybaby000: checks
*** TURN *** [7d 2s Jh] [Qs]
Actionni13: checks
crybaby000: checks
*** RIVER *** [7d 2s Jh Qs] [6s]
Actionni13: bets $6
crybaby000: folds
Uncalled bet ($6) returned to Actionni13
Actionni13 collected $5.88 from pot
Actionni13: doesn't show hand
*** SUMMARY ***
Total pot $6 | Rake $0.12
Board [7d 2s Jh Qs 6s]
Seat 4: Actionni13 (big blind) collected ($5.88)
Seat 6: crybaby000 (button) (small blind) folded on the River


PokerStars Hand #159734596053:  Hold'em Limit ($3/$6 USD) - 2016/10/10 9:20:10 ET
Table 'Idelsonia II' 6-max Seat #4 is the button
Seat 4: Actionni13 ($161.38 in chips)
Seat 6: crybaby000 ($107.76 in chips)
Actionni13: posts small blind $1
crybaby000: posts big blind $3
*** HOLE CARDS ***
Actionni13: raises $3 to $6
crybaby000: raises $3 to $9
Actionni13: calls $3
*** FLOP *** [5h 6s Kd]
crybaby000: checks
Actionni13: bets $3
crybaby000: calls $3
*** TURN *** [5h 6s Kd] [Ts]
crybaby000: checks
Actionni13: bets $6
crybaby000: calls $6
*** RIVER *** [5h 6s Kd Ts] [3c]
crybaby000: checks
Actionni13: bets $6
crybaby000: calls $6
*** SHOW DOWN ***
Actionni13: shows [9c 9s] (a pair of Nines)
crybaby000: mucks hand
Actionni13 collected $47.50 from pot
*** SUMMARY ***
Total pot $48 | Rake $0.50
Board [5h 6s Kd Ts 3c]
Seat 4: Actionni13 (button) (small blind) showed [9c 9s] and won ($47.50) with a pair of Nines
Seat 6: crybaby000 (big blind) mucked


PokerStars Hand #159734564429:  Hold'em Limit ($3/$6 USD) - 2016/10/10 9:19:15 ET
Table 'Idelsonia II' 6-max Seat #4 is the button
Seat 4: Actionni13 ($152.88 in chips)
Seat 6: crybaby000 ($117 in chips)
Actionni13: posts small blind $1
crybaby000: posts big blind $3
*** HOLE CARDS ***
Actionni13: raises $3 to $6
crybaby000: calls $3
*** FLOP *** [6c 2h 8d]
crybaby000: checks
Actionni13: bets $3
crybaby000: calls $3
*** TURN *** [6c 2h 8d] [8h]
crybaby000: checks
Actionni13: bets $6
crybaby000: calls $6
*** RIVER *** [6c 2h 8d 8h] [6h]
crybaby000: checks
Actionni13: bets $6
crybaby000: folds
Uncalled bet ($6) returned to Actionni13
Actionni13 collected $29.50 from pot
Actionni13: doesn't show hand
*** SUMMARY ***
Total pot $30 | Rake $0.50
Board [6c 2h 8d 8h 6h]
Seat 4: Actionni13 (button) (small blind) collected ($29.50)
Seat 6: crybaby000 (big blind) folded on the River


PokerStars Hand #159736847564:  Hold'em Limit ($3/$6 USD) - 2016/10/10 10:23:58 ET
Table 'Idelsonia II' 6-max Seat #5 is the button
Seat 4: Actionni13 ($173.21 in chips)
Seat 5: VolkovDmitri ($330.19 in chips)
VolkovDmitri: posts small blind $1
MarekVdb: is sitting out
Actionni13: posts big blind $3
*** HOLE CARDS ***
VolkovDmitri: raises $3 to $6
MarekVdb leaves the table
Actionni13: folds
Uncalled bet ($3) returned to VolkovDmitri
VolkovDmitri collected $6 from pot
VolkovDmitri: doesn't show hand
*** SUMMARY ***
Total pot $6 | Rake $0
Seat 4: Actionni13 (big blind) folded before Flop
Seat 5: VolkovDmitri (button) (small blind) collected ($6)


PokerStars Hand #159736853201:  Hold'em Limit ($3/$6 USD) - 2016/10/10 10:24:07 ET
Table 'Idelsonia II' 6-max Seat #4 is the button
Seat 4: Actionni13 ($170.21 in chips)
Seat 5: VolkovDmitri ($333.19 in chips)
Actionni13: posts small blind $1
VolkovDmitri: posts big blind $3
*** HOLE CARDS ***
Actionni13: folds
Uncalled bet ($2) returned to VolkovDmitri
VolkovDmitri collected $2 from pot
VolkovDmitri: doesn't show hand
*** SUMMARY ***
Total pot $2 | Rake $0
Seat 4: Actionni13 (button) (small blind) folded before Flop
Seat 5: VolkovDmitri (big blind) collected ($2)


