PokerStars Hand #161241887578:  Hold'em Limit ($3/$6 USD) - 2016/11/11 12:16:25 ET
Table 'Idomeneus' 6-max Seat #1 is the button
Seat 1: MMM 22666 ($67 in chips)
Seat 4: assitoni ($76.76 in chips)
MMM 22666: posts small blind $1
assitoni: posts big blind $3
*** HOLE CARDS ***
MMM 22666: calls $2
vestimokrec joins the table at seat #2
assitoni: checks
*** FLOP *** [2c Kc 7c]
assitoni: checks
MMM 22666: checks
*** TURN *** [2c Kc 7c] [5h]
assitoni: checks
MMM 22666: checks
*** RIVER *** [2c Kc 7c 5h] [Th]
assitoni: bets $6
MMM 22666: folds
Uncalled bet ($6) returned to assitoni
assitoni collected $5.88 from pot
assitoni: doesn't show hand
*** SUMMARY ***
Total pot $6 | Rake $0.12
Board [2c Kc 7c 5h Th]
Seat 1: MMM 22666 (button) (small blind) folded on the River
Seat 4: assitoni (big blind) collected ($5.88)


PokerStars Hand #161241883316:  Hold'em Limit ($3/$6 USD) - 2016/11/11 12:16:20 ET
Table 'Idomeneus' 6-max Seat #4 is the button
Seat 1: MMM 22666 ($66 in chips)
Seat 4: assitoni ($77.76 in chips)
assitoni: posts small blind $1
MMM 22666: posts big blind $3
*** HOLE CARDS ***
assitoni: folds
Uncalled bet ($2) returned to MMM 22666
MMM 22666 collected $2 from pot
*** SUMMARY ***
Total pot $2 | Rake $0
Seat 1: MMM 22666 (big blind) collected ($2)
Seat 4: assitoni (button) (small blind) folded before Flop


PokerStars Hand #161241937547:  Hold'em Limit ($3/$6 USD) - 2016/11/11 12:17:31 ET
Table 'Idomeneus' 6-max Seat #1 is the button
Seat 1: MMM 22666 ($61 in chips)
Seat 2: vestimokrec ($120 in chips)
MMM 22666: posts small blind $1
vestimokrec: posts big blind $3
*** HOLE CARDS ***
MMM 22666: raises $3 to $6
vestimokrec: calls $3
*** FLOP *** [4s 6h Kh]
vestimokrec: bets $3
MMM 22666: calls $3
*** TURN *** [4s 6h Kh] [Qc]
vestimokrec: bets $6
MMM 22666: calls $6
*** RIVER *** [4s 6h Kh Qc] [Qh]
vestimokrec: bets $6
MMM 22666: calls $6
*** SHOW DOWN ***
vestimokrec: shows [7s 6d] (two pair, Queens and Sixes)
MMM 22666: shows [5s Kc] (two pair, Kings and Queens)
grabaz joins the table at seat #3
MMM 22666 collected $41.50 from pot
*** SUMMARY ***
Total pot $42 | Rake $0.50
Board [4s 6h Kh Qc Qh]
Seat 1: MMM 22666 (button) (small blind) showed [5s Kc] and won ($41.50) with two pair, Kings and Queens
Seat 2: vestimokrec (big blind) showed [7s 6d] and lost with two pair, Queens and Sixes


PokerStars Hand #161241929238:  Hold'em Limit ($3/$6 USD) - 2016/11/11 12:17:20 ET
Table 'Idomeneus' 6-max Seat #2 is the button
Seat 1: MMM 22666 ($60 in chips)
Seat 2: vestimokrec ($121 in chips)
vestimokrec: posts small blind $1
assitoni: is sitting out
MMM 22666: posts big blind $3
*** HOLE CARDS ***
vestimokrec: folds
Uncalled bet ($2) returned to MMM 22666
MMM 22666 collected $2 from pot
*** SUMMARY ***
Total pot $2 | Rake $0
Seat 1: MMM 22666 (big blind) collected ($2)
Seat 2: vestimokrec (button) (small blind) folded before Flop


PokerStars Hand #161241912194:  Hold'em Limit ($3/$6 USD) - 2016/11/11 12:16:58 ET
Table 'Idomeneus' 6-max Seat #4 is the button
Seat 1: MMM 22666 ($64 in chips)
Seat 4: assitoni ($79.64 in chips)
assitoni: posts small blind $1
MMM 22666: posts big blind $3
*** HOLE CARDS ***
assitoni: raises $3 to $6
MMM 22666: folds
Uncalled bet ($3) returned to assitoni
assitoni collected $6 from pot
assitoni: doesn't show hand
*** SUMMARY ***
Total pot $6 | Rake $0
Seat 1: MMM 22666 (big blind) folded before Flop
Seat 4: assitoni (button) (small blind) collected ($6)


PokerStars Hand #161242466902:  Hold'em Limit ($3/$6 USD) - 2016/11/11 12:28:55 ET
Table 'Idomeneus' 6-max Seat #5 is the button
Seat 2: vestimokrec ($101.89 in chips)
Seat 5: KvanZy ($40.19 in chips)
KvanZy: posts small blind $1
SmellyToes4u: is sitting out
vestimokrec: posts big blind $3
*** HOLE CARDS ***
KvanZy: folds
Uncalled bet ($2) returned to vestimokrec
vestimokrec collected $2 from pot
vestimokrec: doesn't show hand
*** SUMMARY ***
Total pot $2 | Rake $0
Seat 2: vestimokrec (big blind) collected ($2)
Seat 5: KvanZy (button) (small blind) folded before Flop


PokerStars Hand #161242471454:  Hold'em Limit ($3/$6 USD) - 2016/11/11 12:29:01 ET
Table 'Idomeneus' 6-max Seat #2 is the button
Seat 2: vestimokrec ($102.89 in chips)
Seat 5: KvanZy ($39.19 in chips)
vestimokrec: posts small blind $1
KvanZy: posts big blind $3
*** HOLE CARDS ***
vestimokrec: raises $3 to $6
KvanZy: calls $3
*** FLOP *** [4s 2c Kc]
KvanZy: checks
vestimokrec: bets $3
KvanZy: raises $3 to $6
vestimokrec: calls $3
*** TURN *** [4s 2c Kc] [2h]
KvanZy: checks
vestimokrec: bets $6
KvanZy: calls $6
*** RIVER *** [4s 2c Kc 2h] [As]
SmellyToes4u leaves the table
KvanZy: checks
vestimokrec: checks
*** SHOW DOWN ***
KvanZy: shows [Qc Kh] (two pair, Kings and Deuces)
vestimokrec: shows [Ks 8h] (two pair, Kings and Deuces)
KvanZy collected $17.75 from pot
vestimokrec collected $17.75 from pot
*** SUMMARY ***
Total pot $36 | Rake $0.50
Board [4s 2c Kc 2h As]
Seat 2: vestimokrec (button) (small blind) showed [Ks 8h] and won ($17.75) with two pair, Kings and Deuces
Seat 5: KvanZy (big blind) showed [Qc Kh] and won ($17.75) with two pair, Kings and Deuces


PokerStars Hand #161242511192:  Hold'em Limit ($3/$6 USD) - 2016/11/11 12:29:53 ET
Table 'Idomeneus' 6-max Seat #5 is the button
Seat 2: vestimokrec ($102.64 in chips)
Seat 5: KvanZy ($38.94 in chips)
KvanZy: posts small blind $1
vestimokrec: posts big blind $3
*** HOLE CARDS ***
KvanZy: calls $2
vestimokrec: checks
*** FLOP *** [Qc Ac Qd]
vestimokrec: checks
KvanZy: bets $3
vestimokrec: folds
Uncalled bet ($3) returned to KvanZy
KvanZy collected $5.88 from pot
KvanZy: doesn't show hand
*** SUMMARY ***
Total pot $6 | Rake $0.12
Board [Qc Ac Qd]
Seat 2: vestimokrec (big blind) folded on the Flop
Seat 5: KvanZy (button) (small blind) collected ($5.88)


PokerStars Hand #161242556982:  Hold'em Limit ($3/$6 USD) - 2016/11/11 12:30:51 ET
Table 'Idomeneus' 6-max Seat #5 is the button
Seat 2: vestimokrec ($105.40 in chips)
Seat 5: KvanZy ($35.82 in chips)
KvanZy: posts small blind $1
vestimokrec: posts big blind $3
*** HOLE CARDS ***
KvanZy: folds
Uncalled bet ($2) returned to vestimokrec
vestimokrec collected $2 from pot
vestimokrec: doesn't show hand
*** SUMMARY ***
Total pot $2 | Rake $0
Seat 2: vestimokrec (big blind) collected ($2)
Seat 5: KvanZy (button) (small blind) folded before Flop


PokerStars Hand #161242533203:  Hold'em Limit ($3/$6 USD) - 2016/11/11 12:30:20 ET
Table 'Idomeneus' 6-max Seat #2 is the button
Seat 2: vestimokrec ($99.64 in chips)
Seat 5: KvanZy ($41.82 in chips)
vestimokrec: posts small blind $1
KvanZy: posts big blind $3
*** HOLE CARDS ***
vestimokrec: raises $3 to $6
KvanZy: calls $3
*** FLOP *** [7h Js Ah]
KvanZy: checks
vestimokrec: bets $3
KvanZy: folds
Uncalled bet ($3) returned to vestimokrec
vestimokrec collected $11.76 from pot
vestimokrec: doesn't show hand
*** SUMMARY ***
Total pot $12 | Rake $0.24
Board [7h Js Ah]
Seat 2: vestimokrec (button) (small blind) collected ($11.76)
Seat 5: KvanZy (big blind) folded on the Flop


PokerStars Hand #161242562332:  Hold'em Limit ($3/$6 USD) - 2016/11/11 12:30:58 ET
Table 'Idomeneus' 6-max Seat #2 is the button
Seat 2: vestimokrec ($106.40 in chips)
Seat 5: KvanZy ($34.82 in chips)
vestimokrec: posts small blind $1
KvanZy: posts big blind $3
*** HOLE CARDS ***
vestimokrec: raises $3 to $6
KvanZy: calls $3
*** FLOP *** [9h 7d 6h]
KvanZy: bets $3
vestimokrec: raises $3 to $6
KvanZy: calls $3
*** TURN *** [9h 7d 6h] [7h]
KvanZy: checks
vestimokrec: bets $6
KvanZy: folds
Uncalled bet ($6) returned to vestimokrec
vestimokrec collected $23.52 from pot
vestimokrec: doesn't show hand
*** SUMMARY ***
Total pot $24 | Rake $0.48
Board [9h 7d 6h 7h]
Seat 2: vestimokrec (button) (small blind) collected ($23.52)
Seat 5: KvanZy (big blind) folded on the Turn


PokerStars Hand #161242598590:  Hold'em Limit ($3/$6 USD) - 2016/11/11 12:31:45 ET
Table 'Idomeneus' 6-max Seat #5 is the button
Seat 2: vestimokrec ($117.92 in chips)
Seat 5: KvanZy ($22.82 in chips)
KvanZy: posts small blind $1
vestimokrec: posts big blind $3
*** HOLE CARDS ***
KvanZy: calls $2
Psynto joins the table at seat #6
vestimokrec: checks
*** FLOP *** [Jh Kd 9s]
vestimokrec: checks
KvanZy: checks
*** TURN *** [Jh Kd 9s] [7c]
MMM 22666 joins the table at seat #3
MMM 22666 leaves the table
vestimokrec: checks
KvanZy: checks
*** RIVER *** [Jh Kd 9s 7c] [Tc]
vestimokrec: bets $6
KvanZy: folds
Uncalled bet ($6) returned to vestimokrec
vestimokrec collected $5.88 from pot
vestimokrec: doesn't show hand
*** SUMMARY ***
Total pot $6 | Rake $0.12
Board [Jh Kd 9s 7c Tc]
Seat 2: vestimokrec (big blind) collected ($5.88)
Seat 5: KvanZy (button) (small blind) folded on the River


PokerStars Hand #161242642238:  Hold'em Limit ($3/$6 USD) - 2016/11/11 12:32:41 ET
Table 'Idomeneus' 6-max Seat #2 is the button
Seat 2: vestimokrec ($120.80 in chips)
Seat 5: KvanZy ($19.82 in chips)
vestimokrec: posts small blind $1
KvanZy: posts big blind $3
*** HOLE CARDS ***
vestimokrec: raises $3 to $6
KvanZy: calls $3
*** FLOP *** [Qc 3d 3h]
KvanZy: checks
vestimokrec: bets $3
KvanZy: calls $3
*** TURN *** [Qc 3d 3h] [Jd]
KvanZy: checks
vestimokrec: bets $6
KvanZy: folds
Uncalled bet ($6) returned to vestimokrec
vestimokrec collected $17.64 from pot
vestimokrec: doesn't show hand
*** SUMMARY ***
Total pot $18 | Rake $0.36
Board [Qc 3d 3h Jd]
Seat 2: vestimokrec (button) (small blind) collected ($17.64)
Seat 5: KvanZy (big blind) folded on the Turn


