PokerStars Hand #149354696436:  Hold'em Limit ($3/$6 USD) - 2016/02/24 15:18:58 ET
Table 'Idomeneus' 6-max Seat #6 is the button
Seat 1: VolkovDmitri ($120 in chips)
Seat 6: Andredias950 ($72.11 in chips)
Andredias950: posts small blind $1
VolkovDmitri: posts big blind $3
*** HOLE CARDS ***
Andredias950: folds
Uncalled bet ($2) returned to VolkovDmitri
VolkovDmitri collected $2 from pot
VolkovDmitri: doesn't show hand
*** SUMMARY ***
Total pot $2 | Rake $0
Seat 1: VolkovDmitri (big blind) collected ($2)
Seat 6: Andredias950 (button) (small blind) folded before Flop


PokerStars Hand #149354671730:  Hold'em Limit ($3/$6 USD) - 2016/02/24 15:18:34 ET
Table 'Idomeneus' 6-max Seat #1 is the button
Seat 1: VolkovDmitri ($120 in chips)
Seat 6: Andredias950 ($63.47 in chips)
VolkovDmitri: posts small blind $1
Andredias950: posts big blind $3
*** HOLE CARDS ***
VolkovDmitri: raises $3 to $6
Andredias950: calls $3
*** FLOP *** [Ah Qc Js]
Andredias950: checks
VolkovDmitri: bets $3
Andredias950: calls $3
*** TURN *** [Ah Qc Js] [3s]
Andredias950: checks
VolkovDmitri: checks
*** RIVER *** [Ah Qc Js 3s] [Jd]
Andredias950: checks
VolkovDmitri: checks
*** SHOW DOWN ***
Andredias950: shows [Kc 9c] (a pair of Jacks)
VolkovDmitri: mucks hand
Andredias950 collected $17.64 from pot
*** SUMMARY ***
Total pot $18 | Rake $0.36
Board [Ah Qc Js 3s Jd]
Seat 1: VolkovDmitri (button) (small blind) mucked
Seat 6: Andredias950 (big blind) showed [Kc 9c] and won ($17.64) with a pair of Jacks


PokerStars Hand #149354640232:  Hold'em Limit ($3/$6 USD) - 2016/02/24 15:18:03 ET
Table 'Idomeneus' 6-max Seat #6 is the button
Seat 1: VolkovDmitri ($120 in chips)
Seat 6: Andredias950 ($48.97 in chips)
Andredias950: posts small blind $1
VolkovDmitri: posts big blind $3
*** HOLE CARDS ***
Andredias950: raises $3 to $6
VolkovDmitri: calls $3
*** FLOP *** [6d 9s Jd]
VolkovDmitri: checks
Andredias950: bets $3
VolkovDmitri: calls $3
*** TURN *** [6d 9s Jd] [8s]
VolkovDmitri: checks
Andredias950: bets $6
VolkovDmitri: calls $6
*** RIVER *** [6d 9s Jd 8s] [3d]
VolkovDmitri: checks
Andredias950: bets $6
VolkovDmitri: folds
Uncalled bet ($6) returned to Andredias950
Andredias950 collected $29.50 from pot
Andredias950: doesn't show hand
*** SUMMARY ***
Total pot $30 | Rake $0.50
Board [6d 9s Jd 8s 3d]
Seat 1: VolkovDmitri (big blind) folded on the River
Seat 6: Andredias950 (button) (small blind) collected ($29.50)


PokerStars Hand #149354756196:  Hold'em Limit ($3/$6 USD) - 2016/02/24 15:19:55 ET
Table 'Idomeneus' 6-max Seat #6 is the button
Seat 1: VolkovDmitri ($124 in chips)
Seat 6: Andredias950 ($71.75 in chips)
Andredias950: posts small blind $1
VolkovDmitri: posts big blind $3
*** HOLE CARDS ***
Andredias950: raises $3 to $6
VolkovDmitri: folds
Uncalled bet ($3) returned to Andredias950
Andredias950 collected $6 from pot
Andredias950: doesn't show hand
*** SUMMARY ***
Total pot $6 | Rake $0
Seat 1: VolkovDmitri (big blind) folded before Flop
Seat 6: Andredias950 (button) (small blind) collected ($6)


PokerStars Hand #149354749975:  Hold'em Limit ($3/$6 USD) - 2016/02/24 15:19:49 ET
Table 'Idomeneus' 6-max Seat #1 is the button
Seat 1: VolkovDmitri ($121 in chips)
Seat 6: Andredias950 ($74.75 in chips)
VolkovDmitri: posts small blind $1
Andredias950: posts big blind $3
*** HOLE CARDS ***
VolkovDmitri: raises $3 to $6
Andredias950: folds
Uncalled bet ($3) returned to VolkovDmitri
VolkovDmitri collected $6 from pot
VolkovDmitri: doesn't show hand
*** SUMMARY ***
Total pot $6 | Rake $0
Seat 1: VolkovDmitri (button) (small blind) collected ($6)
Seat 6: Andredias950 (big blind) folded before Flop


PokerStars Hand #149354742733:  Hold'em Limit ($3/$6 USD) - 2016/02/24 15:19:42 ET
Table 'Idomeneus' 6-max Seat #6 is the button
Seat 1: VolkovDmitri ($120 in chips)
Seat 6: Andredias950 ($75.75 in chips)
Andredias950: posts small blind $1
VolkovDmitri: posts big blind $3
*** HOLE CARDS ***
Andredias950: folds
Uncalled bet ($2) returned to VolkovDmitri
VolkovDmitri collected $2 from pot
VolkovDmitri: doesn't show hand
*** SUMMARY ***
Total pot $2 | Rake $0
Seat 1: VolkovDmitri (big blind) collected ($2)
Seat 6: Andredias950 (button) (small blind) folded before Flop


PokerStars Hand #149354714979:  Hold'em Limit ($3/$6 USD) - 2016/02/24 15:19:15 ET
Table 'Idomeneus' 6-max Seat #1 is the button
Seat 1: VolkovDmitri ($125 in chips)
Seat 6: Andredias950 ($67.11 in chips)
VolkovDmitri: posts small blind $1
Andredias950: posts big blind $3
*** HOLE CARDS ***
VolkovDmitri: raises $3 to $6
Andredias950: calls $3
*** FLOP *** [2d Qh 8c]
Andredias950: checks
VolkovDmitri: bets $3
Andredias950: calls $3
*** TURN *** [2d Qh 8c] [6h]
Andredias950: checks
VolkovDmitri: checks
*** RIVER *** [2d Qh 8c 6h] [Ac]
Andredias950: checks
VolkovDmitri: checks
*** SHOW DOWN ***
Andredias950: shows [Ks 5h] (high card Ace)
VolkovDmitri: mucks hand
Andredias950 collected $17.64 from pot
*** SUMMARY ***
Total pot $18 | Rake $0.36
Board [2d Qh 8c 6h Ac]
Seat 1: VolkovDmitri (button) (small blind) mucked
Seat 6: Andredias950 (big blind) showed [Ks 5h] and won ($17.64) with high card Ace


PokerStars Hand #149354710255:  Hold'em Limit ($3/$6 USD) - 2016/02/24 15:19:11 ET
Table 'Idomeneus' 6-max Seat #6 is the button
Seat 1: VolkovDmitri ($124 in chips)
Seat 6: Andredias950 ($68.11 in chips)
Andredias950: posts small blind $1
VolkovDmitri: posts big blind $3
*** HOLE CARDS ***
Andredias950: folds
Uncalled bet ($2) returned to VolkovDmitri
VolkovDmitri collected $2 from pot
VolkovDmitri: doesn't show hand
*** SUMMARY ***
Total pot $2 | Rake $0
Seat 1: VolkovDmitri (big blind) collected ($2)
Seat 6: Andredias950 (button) (small blind) folded before Flop


PokerStars Hand #149354701841:  Hold'em Limit ($3/$6 USD) - 2016/02/24 15:19:03 ET
Table 'Idomeneus' 6-max Seat #1 is the button
Seat 1: VolkovDmitri ($121 in chips)
Seat 6: Andredias950 ($71.11 in chips)
VolkovDmitri: posts small blind $1
Andredias950: posts big blind $3
*** HOLE CARDS ***
VolkovDmitri: raises $3 to $6
Andredias950: folds
Uncalled bet ($3) returned to VolkovDmitri
VolkovDmitri collected $6 from pot
VolkovDmitri: doesn't show hand
*** SUMMARY ***
Total pot $6 | Rake $0
Seat 1: VolkovDmitri (button) (small blind) collected ($6)
Seat 6: Andredias950 (big blind) folded before Flop


PokerStars Hand #149354818661:  Hold'em Limit ($3/$6 USD) - 2016/02/24 15:20:56 ET
Table 'Idomeneus' 6-max Seat #6 is the button
Seat 1: VolkovDmitri ($123 in chips)
Seat 6: Andredias950 ($82.15 in chips)
Andredias950: posts small blind $1
VolkovDmitri: posts big blind $3
*** HOLE CARDS ***
Andredias950: folds
Uncalled bet ($2) returned to VolkovDmitri
VolkovDmitri collected $2 from pot
VolkovDmitri: doesn't show hand
*** SUMMARY ***
Total pot $2 | Rake $0
Seat 1: VolkovDmitri (big blind) collected ($2)
Seat 6: Andredias950 (button) (small blind) folded before Flop


PokerStars Hand #149354812050:  Hold'em Limit ($3/$6 USD) - 2016/02/24 15:20:49 ET
Table 'Idomeneus' 6-max Seat #1 is the button
Seat 1: VolkovDmitri ($120 in chips)
Seat 6: Andredias950 ($85.15 in chips)
VolkovDmitri: posts small blind $1
Andredias950: posts big blind $3
*** HOLE CARDS ***
VolkovDmitri: raises $3 to $6
Andredias950: folds
Uncalled bet ($3) returned to VolkovDmitri
VolkovDmitri collected $6 from pot
VolkovDmitri: doesn't show hand
*** SUMMARY ***
Total pot $6 | Rake $0
Seat 1: VolkovDmitri (button) (small blind) collected ($6)
Seat 6: Andredias950 (big blind) folded before Flop


PokerStars Hand #149354793605:  Hold'em Limit ($3/$6 USD) - 2016/02/24 15:20:31 ET
Table 'Idomeneus' 6-max Seat #6 is the button
Seat 1: VolkovDmitri ($120 in chips)
Seat 6: Andredias950 ($79.39 in chips)
Andredias950: posts small blind $1
VolkovDmitri: posts big blind $3
*** HOLE CARDS ***
Andredias950: raises $3 to $6
VolkovDmitri: calls $3
*** FLOP *** [Ks Jh 5h]
VolkovDmitri: checks
Andredias950: bets $3
VolkovDmitri: folds
Uncalled bet ($3) returned to Andredias950
Andredias950 collected $11.76 from pot
Andredias950: doesn't show hand
*** SUMMARY ***
Total pot $12 | Rake $0.24
Board [Ks Jh 5h]
Seat 1: VolkovDmitri (big blind) folded on the Flop
Seat 6: Andredias950 (button) (small blind) collected ($11.76)


PokerStars Hand #149354778424:  Hold'em Limit ($3/$6 USD) - 2016/02/24 15:20:17 ET
Table 'Idomeneus' 6-max Seat #1 is the button
Seat 1: VolkovDmitri ($125 in chips)
Seat 6: Andredias950 ($70.75 in chips)
VolkovDmitri: posts small blind $1
Andredias950: posts big blind $3
*** HOLE CARDS ***
VolkovDmitri: raises $3 to $6
Andredias950: raises $3 to $9
VolkovDmitri: calls $3
*** FLOP *** [4s 6s As]
Andredias950: bets $3
VolkovDmitri: folds
Uncalled bet ($3) returned to Andredias950
Andredias950 collected $17.64 from pot
Andredias950: doesn't show hand
*** SUMMARY ***
Total pot $18 | Rake $0.36
Board [4s 6s As]
Seat 1: VolkovDmitri (button) (small blind) folded on the Flop
Seat 6: Andredias950 (big blind) collected ($17.64)


PokerStars Hand #149354772670:  Hold'em Limit ($3/$6 USD) - 2016/02/24 15:20:11 ET
Table 'Idomeneus' 6-max Seat #6 is the button
Seat 1: VolkovDmitri ($124 in chips)
Seat 6: Andredias950 ($71.75 in chips)
Andredias950: posts small blind $1
VolkovDmitri: posts big blind $3
*** HOLE CARDS ***
Andredias950: folds
Uncalled bet ($2) returned to VolkovDmitri
VolkovDmitri collected $2 from pot
VolkovDmitri: doesn't show hand
*** SUMMARY ***
Total pot $2 | Rake $0
Seat 1: VolkovDmitri (big blind) collected ($2)
Seat 6: Andredias950 (button) (small blind) folded before Flop


PokerStars Hand #149354764797:  Hold'em Limit ($3/$6 USD) - 2016/02/24 15:20:03 ET
Table 'Idomeneus' 6-max Seat #1 is the button
Seat 1: VolkovDmitri ($121 in chips)
Seat 6: Andredias950 ($74.75 in chips)
VolkovDmitri: posts small blind $1
Andredias950: posts big blind $3
*** HOLE CARDS ***
VolkovDmitri: raises $3 to $6
Andredias950: folds
Uncalled bet ($3) returned to VolkovDmitri
VolkovDmitri collected $6 from pot
VolkovDmitri: doesn't show hand
*** SUMMARY ***
Total pot $6 | Rake $0
Seat 1: VolkovDmitri (button) (small blind) collected ($6)
Seat 6: Andredias950 (big blind) folded before Flop


PokerStars Hand #149354866758:  Hold'em Limit ($3/$6 USD) - 2016/02/24 15:21:42 ET
Table 'Idomeneus' 6-max Seat #6 is the button
Seat 1: VolkovDmitri ($136.64 in chips)
Seat 6: Andredias950 ($68.15 in chips)
Andredias950: posts small blind $1
VolkovDmitri: posts big blind $3
*** HOLE CARDS ***
Andredias950: raises $3 to $6
VolkovDmitri: raises $3 to $9
Andredias950: calls $3
*** FLOP *** [Td Ah 6c]
VolkovDmitri: bets $3
Andredias950: calls $3
*** TURN *** [Td Ah 6c] [4s]
VolkovDmitri: bets $6
Andredias950: folds
Uncalled bet ($6) returned to VolkovDmitri
VolkovDmitri collected $23.52 from pot
VolkovDmitri: doesn't show hand
*** SUMMARY ***
Total pot $24 | Rake $0.48
Board [Td Ah 6c 4s]
Seat 1: VolkovDmitri (big blind) collected ($23.52)
Seat 6: Andredias950 (button) (small blind) folded on the Turn


PokerStars Hand #149354859935:  Hold'em Limit ($3/$6 USD) - 2016/02/24 15:21:36 ET
Table 'Idomeneus' 6-max Seat #1 is the button
Seat 1: VolkovDmitri ($133.64 in chips)
Seat 6: Andredias950 ($71.15 in chips)
VolkovDmitri: posts small blind $1
Andredias950: posts big blind $3
*** HOLE CARDS ***
VolkovDmitri: raises $3 to $6
Andredias950: folds
Uncalled bet ($3) returned to VolkovDmitri
VolkovDmitri collected $6 from pot
VolkovDmitri: doesn't show hand
*** SUMMARY ***
Total pot $6 | Rake $0
Seat 1: VolkovDmitri (button) (small blind) collected ($6)
Seat 6: Andredias950 (big blind) folded before Flop


PokerStars Hand #149354854792:  Hold'em Limit ($3/$6 USD) - 2016/02/24 15:21:31 ET
Table 'Idomeneus' 6-max Seat #6 is the button
Seat 1: VolkovDmitri ($132.64 in chips)
Seat 6: Andredias950 ($72.15 in chips)
Andredias950: posts small blind $1
VolkovDmitri: posts big blind $3
*** HOLE CARDS ***
Andredias950: folds
Uncalled bet ($2) returned to VolkovDmitri
VolkovDmitri collected $2 from pot
VolkovDmitri: doesn't show hand
*** SUMMARY ***
Total pot $2 | Rake $0
Seat 1: VolkovDmitri (big blind) collected ($2)
Seat 6: Andredias950 (button) (small blind) folded before Flop


PokerStars Hand #149354823741:  Hold'em Limit ($3/$6 USD) - 2016/02/24 15:21:00 ET
Table 'Idomeneus' 6-max Seat #1 is the button
Seat 1: VolkovDmitri ($124 in chips)
Seat 6: Andredias950 ($81.15 in chips)
VolkovDmitri: posts small blind $1
Andredias950: posts big blind $3
*** HOLE CARDS ***
VolkovDmitri: raises $3 to $6
Andredias950: calls $3
*** FLOP *** [Qd Jd Kh]
Andredias950: checks
VolkovDmitri: bets $3
Andredias950: calls $3
*** TURN *** [Qd Jd Kh] [3c]
Andredias950: checks
VolkovDmitri: bets $6
Andredias950: folds
Uncalled bet ($6) returned to VolkovDmitri
VolkovDmitri collected $17.64 from pot
VolkovDmitri: doesn't show hand
*** SUMMARY ***
Total pot $18 | Rake $0.36
Board [Qd Jd Kh 3c]
Seat 1: VolkovDmitri (button) (small blind) collected ($17.64)
Seat 6: Andredias950 (big blind) folded on the Turn


PokerStars Hand #149354927538:  Hold'em Limit ($3/$6 USD) - 2016/02/24 15:22:42 ET
Table 'Idomeneus' 6-max Seat #6 is the button
Seat 1: VolkovDmitri ($146.16 in chips)
Seat 6: Andredias950 ($57.91 in chips)
Andredias950: posts small blind $1
VolkovDmitri: posts big blind $3
*** HOLE CARDS ***
Andredias950: raises $3 to $6
VolkovDmitri: raises $3 to $9
Andredias950: calls $3
*** FLOP *** [6h Td Js]
VolkovDmitri: bets $3
Andredias950: calls $3
*** TURN *** [6h Td Js] [6c]
VolkovDmitri: bets $6
Andredias950: folds
Uncalled bet ($6) returned to VolkovDmitri
VolkovDmitri collected $23.52 from pot
VolkovDmitri: doesn't show hand
*** SUMMARY ***
Total pot $24 | Rake $0.48
Board [6h Td Js 6c]
Seat 1: VolkovDmitri (big blind) collected ($23.52)
Seat 6: Andredias950 (button) (small blind) folded on the Turn


PokerStars Hand #149354914495:  Hold'em Limit ($3/$6 USD) - 2016/02/24 15:22:29 ET
Table 'Idomeneus' 6-max Seat #1 is the button
Seat 1: VolkovDmitri ($143.16 in chips)
Seat 6: Andredias950 ($60.91 in chips)
VolkovDmitri: posts small blind $1
Andredias950: posts big blind $3
*** HOLE CARDS ***
VolkovDmitri: raises $3 to $6
Andredias950: folds
Uncalled bet ($3) returned to VolkovDmitri
VolkovDmitri collected $6 from pot
VolkovDmitri: doesn't show hand
*** SUMMARY ***
Total pot $6 | Rake $0
Seat 1: VolkovDmitri (button) (small blind) collected ($6)
Seat 6: Andredias950 (big blind) folded before Flop


PokerStars Hand #149354909430:  Hold'em Limit ($3/$6 USD) - 2016/02/24 15:22:24 ET
Table 'Idomeneus' 6-max Seat #6 is the button
Seat 1: VolkovDmitri ($142.16 in chips)
Seat 6: Andredias950 ($61.91 in chips)
Andredias950: posts small blind $1
VolkovDmitri: posts big blind $3
*** HOLE CARDS ***
Andredias950: folds
Uncalled bet ($2) returned to VolkovDmitri
VolkovDmitri collected $2 from pot
VolkovDmitri: doesn't show hand
*** SUMMARY ***
Total pot $2 | Rake $0
Seat 1: VolkovDmitri (big blind) collected ($2)
Seat 6: Andredias950 (button) (small blind) folded before Flop


PokerStars Hand #149354884789:  Hold'em Limit ($3/$6 USD) - 2016/02/24 15:22:00 ET
Table 'Idomeneus' 6-max Seat #1 is the button
Seat 1: VolkovDmitri ($148.16 in chips)
Seat 6: Andredias950 ($56.15 in chips)
VolkovDmitri: posts small blind $1
Andredias950: posts big blind $3
*** HOLE CARDS ***
VolkovDmitri: raises $3 to $6
Andredias950: calls $3
*** FLOP *** [6h Js Td]
Andredias950: bets $3
VolkovDmitri: folds
Uncalled bet ($3) returned to Andredias950
Andredias950 collected $11.76 from pot
Andredias950: doesn't show hand
*** SUMMARY ***
Total pot $12 | Rake $0.24
Board [6h Js Td]
Seat 1: VolkovDmitri (button) (small blind) folded on the Flop
Seat 6: Andredias950 (big blind) collected ($11.76)


PokerStars Hand #149354979248:  Hold'em Limit ($3/$6 USD) - 2016/02/24 15:23:32 ET
Table 'Idomeneus' 6-max Seat #6 is the button
Seat 1: VolkovDmitri ($148.68 in chips)
Seat 6: Andredias950 ($54.55 in chips)
Andredias950: posts small blind $1
VolkovDmitri: posts big blind $3
*** HOLE CARDS ***
Andredias950: raises $3 to $6
VolkovDmitri: raises $3 to $9
Andredias950: calls $3
*** FLOP *** [Qh 2c 4h]
VolkovDmitri: bets $3
Andredias950: folds
Uncalled bet ($3) returned to VolkovDmitri
VolkovDmitri collected $17.64 from pot
VolkovDmitri: doesn't show hand
*** SUMMARY ***
Total pot $18 | Rake $0.36
Board [Qh 2c 4h]
Seat 1: VolkovDmitri (big blind) collected ($17.64)
Seat 6: Andredias950 (button) (small blind) folded on the Flop


PokerStars Hand #149354945254:  Hold'em Limit ($3/$6 USD) - 2016/02/24 15:22:59 ET
Table 'Idomeneus' 6-max Seat #1 is the button
Seat 1: VolkovDmitri ($157.68 in chips)
Seat 6: Andredias950 ($45.91 in chips)
VolkovDmitri: posts small blind $1
Andredias950: posts big blind $3
*** HOLE CARDS ***
VolkovDmitri: raises $3 to $6
Andredias950: calls $3
*** FLOP *** [9h Td 7d]
Andredias950: checks
VolkovDmitri: bets $3
Andredias950: calls $3
*** TURN *** [9h Td 7d] [4d]
Andredias950: checks
VolkovDmitri: checks
*** RIVER *** [9h Td 7d 4d] [4c]
Andredias950: bets $6
VolkovDmitri: folds
Uncalled bet ($6) returned to Andredias950
Andredias950 collected $17.64 from pot
Andredias950: doesn't show hand
*** SUMMARY ***
Total pot $18 | Rake $0.36
Board [9h Td 7d 4d 4c]
Seat 1: VolkovDmitri (button) (small blind) folded on the River
Seat 6: Andredias950 (big blind) collected ($17.64)


PokerStars Hand #149355055527:  Hold'em Limit ($3/$6 USD) - 2016/02/24 15:24:46 ET
Table 'Idomeneus' 6-max Seat #6 is the button
Seat 1: VolkovDmitri ($177.82 in chips)
Seat 6: Andredias950 ($24.55 in chips)
Andredias950: posts small blind $1
VolkovDmitri: posts big blind $3
*** HOLE CARDS ***
Andredias950: calls $2
VolkovDmitri: checks
*** FLOP *** [Ad 4h Ah]
VolkovDmitri: checks
Andredias950: checks
*** TURN *** [Ad 4h Ah] [Th]
VolkovDmitri: bets $6
Andredias950: folds
Uncalled bet ($6) returned to VolkovDmitri
VolkovDmitri collected $5.88 from pot
*** SUMMARY ***
Total pot $6 | Rake $0.12
Board [Ad 4h Ah Th]
Seat 1: VolkovDmitri (big blind) collected ($5.88)
Seat 6: Andredias950 (button) (small blind) folded on the Turn


PokerStars Hand #149354999074:  Hold'em Limit ($3/$6 USD) - 2016/02/24 15:23:51 ET
Table 'Idomeneus' 6-max Seat #1 is the button
Seat 1: VolkovDmitri ($157.32 in chips)
Seat 6: Andredias950 ($45.55 in chips)
VolkovDmitri: posts small blind $1
Andredias950: posts big blind $3
*** HOLE CARDS ***
VolkovDmitri: raises $3 to $6
Andredias950: calls $3
*** FLOP *** [Jd 6d As]
Andredias950: checks
VolkovDmitri: bets $3
Andredias950: calls $3
*** TURN *** [Jd 6d As] [6c]
Andredias950: checks
VolkovDmitri: bets $6
Andredias950: calls $6
*** RIVER *** [Jd 6d As 6c] [7s]
Andredias950: checks
VolkovDmitri: bets $6
Andredias950: calls $6
*** SHOW DOWN ***
VolkovDmitri: shows [9c 6s] (three of a kind, Sixes)
Andredias950: mucks hand
VolkovDmitri collected $41.50 from pot
*** SUMMARY ***
Total pot $42 | Rake $0.50
Board [Jd 6d As 6c 7s]
Seat 1: VolkovDmitri (button) (small blind) showed [9c 6s] and won ($41.50) with three of a kind, Sixes
Seat 6: Andredias950 (big blind) mucked


PokerStars Hand #149355080824:  Hold'em Limit ($3/$6 USD) - 2016/02/24 15:25:11 ET
Table 'Idomeneus' 6-max Seat #1 is the button
Seat 1: VolkovDmitri ($180.70 in chips)
Seat 6: Andredias950 ($21.55 in chips)
VolkovDmitri: posts small blind $1
Andredias950: posts big blind $3
*** HOLE CARDS ***
VolkovDmitri: raises $3 to $6
Andredias950: calls $3
*** FLOP *** [Jh 7c 9d]
Andredias950: bets $3
VolkovDmitri: folds
Uncalled bet ($3) returned to Andredias950
Andredias950 collected $11.76 from pot
Andredias950: doesn't show hand
*** SUMMARY ***
Total pot $12 | Rake $0.24
Board [Jh 7c 9d]
Seat 1: VolkovDmitri (button) (small blind) folded on the Flop
Seat 6: Andredias950 (big blind) collected ($11.76)


PokerStars Hand #149355149001:  Hold'em Limit ($3/$6 USD) - 2016/02/24 15:26:18 ET
Table 'Idomeneus' 6-max Seat #1 is the button
Seat 1: VolkovDmitri ($198.20 in chips)
Seat 6: Andredias950 ($3.31 in chips)
VolkovDmitri: posts small blind $1
Andredias950: posts big blind $3
*** HOLE CARDS ***
VolkovDmitri: raises $3 to $6
Andredias950: calls $0.31 and is all-in
Uncalled bet ($2.69) returned to VolkovDmitri
*** FLOP *** [2c 6s 8s]
*** TURN *** [2c 6s 8s] [Jc]
*** RIVER *** [2c 6s 8s Jc] [5d]
*** SHOW DOWN ***
Andredias950: shows [5c Ts] (a pair of Fives)
VolkovDmitri: shows [5h 5s] (three of a kind, Fives)
VolkovDmitri collected $6.49 from pot
*** SUMMARY ***
Total pot $6.62 | Rake $0.13
Board [2c 6s 8s Jc 5d]
Seat 1: VolkovDmitri (button) (small blind) showed [5h 5s] and won ($6.49) with three of a kind, Fives
Seat 6: Andredias950 (big blind) showed [5c Ts] and lost with a pair of Fives


PokerStars Hand #149355096800:  Hold'em Limit ($3/$6 USD) - 2016/02/24 15:25:27 ET
Table 'Idomeneus' 6-max Seat #6 is the button
Seat 1: VolkovDmitri ($174.70 in chips)
Seat 6: Andredias950 ($27.31 in chips)
Andredias950: posts small blind $1
VolkovDmitri: posts big blind $3
*** HOLE CARDS ***
Andredias950: calls $2
VolkovDmitri: raises $3 to $6
Andredias950: calls $3
*** FLOP *** [7h 4s 9h]
VolkovDmitri: bets $3
Andredias950: raises $3 to $6
VolkovDmitri: calls $3
*** TURN *** [7h 4s 9h] [8s]
VolkovDmitri: bets $6
Andredias950: calls $6
*** RIVER *** [7h 4s 9h 8s] [2d]
VolkovDmitri: bets $6
Andredias950: calls $6
*** SHOW DOWN ***
VolkovDmitri: shows [8c Qs] (a pair of Eights)
Andredias950: mucks hand
VolkovDmitri collected $47.50 from pot
*** SUMMARY ***
Total pot $48 | Rake $0.50
Board [7h 4s 9h 8s 2d]
Seat 1: VolkovDmitri (big blind) showed [8c Qs] and won ($47.50) with a pair of Eights
Seat 6: Andredias950 (button) (small blind) mucked


