PokerStars Hand #160580729499:  Hold'em Limit ($3/$6 USD) - 2016/10/29 0:40:54 ET
Table 'Idomeneus' 6-max Seat #4 is the button
Seat 3: SLK500 ($119 in chips)
Seat 4: Agrotait ($73 in chips)
Agrotait: posts small blind $1
SLK500: posts big blind $3
*** HOLE CARDS ***
Agrotait: raises $3 to $6
SLK500: calls $3
*** FLOP *** [6d 8h 4h]
SLK500: checks
Agrotait: bets $3
SLK500: calls $3
*** TURN *** [6d 8h 4h] [2c]
SLK500: checks
Agrotait: bets $6
SLK500: calls $6
*** RIVER *** [6d 8h 4h 2c] [As]
SLK500: checks
Agrotait: bets $6
SLK500: calls $6
*** SHOW DOWN ***
Agrotait: shows [5c 7c] (a straight, Four to Eight)
SLK500: mucks hand
Agrotait collected $41.50 from pot
*** SUMMARY ***
Total pot $42 | Rake $0.50
Board [6d 8h 4h 2c As]
Seat 3: SLK500 (big blind) mucked
Seat 4: Agrotait (button) (small blind) showed [5c 7c] and won ($41.50) with a straight, Four to Eight


PokerStars Hand #160580725587:  Hold'em Limit ($3/$6 USD) - 2016/10/29 0:40:40 ET
Table 'Idomeneus' 6-max Seat #3 is the button
Seat 3: SLK500 ($120 in chips)
Seat 4: Agrotait ($72 in chips)
SLK500: posts small blind $1
Agrotait: posts big blind $3
*** HOLE CARDS ***
SLK500: folds
Uncalled bet ($2) returned to Agrotait
Agrotait collected $2 from pot
Agrotait: doesn't show hand
*** SUMMARY ***
Total pot $2 | Rake $0
Seat 3: SLK500 (button) (small blind) folded before Flop
Seat 4: Agrotait (big blind) collected ($2)


PokerStars Hand #160580744340:  Hold'em Limit ($3/$6 USD) - 2016/10/29 0:41:49 ET
Table 'Idomeneus' 6-max Seat #4 is the button
Seat 3: SLK500 ($97 in chips)
Seat 4: Agrotait ($94.50 in chips)
Agrotait: posts small blind $1
SLK500: posts big blind $3
*** HOLE CARDS ***
Agrotait: raises $3 to $6
SLK500: folds
Uncalled bet ($3) returned to Agrotait
Agrotait collected $6 from pot
Agrotait: doesn't show hand
*** SUMMARY ***
Total pot $6 | Rake $0
Seat 3: SLK500 (big blind) folded before Flop
Seat 4: Agrotait (button) (small blind) collected ($6)


PokerStars Hand #160580749052:  Hold'em Limit ($3/$6 USD) - 2016/10/29 0:42:06 ET
Table 'Idomeneus' 6-max Seat #4 is the button
Seat 3: SLK500 ($93 in chips)
Seat 4: Agrotait ($98.50 in chips)
Agrotait: posts small blind $1
SLK500: posts big blind $3
*** HOLE CARDS ***
Agrotait: raises $3 to $6
SLK500: calls $3
*** FLOP *** [5h Qd 2d]
SLK500: bets $3
Agrotait: folds
Uncalled bet ($3) returned to SLK500
SLK500 collected $11.76 from pot
SLK500: doesn't show hand
*** SUMMARY ***
Total pot $12 | Rake $0.24
Board [5h Qd 2d]
Seat 3: SLK500 (big blind) collected ($11.76)
Seat 4: Agrotait (button) (small blind) folded on the Flop


PokerStars Hand #160580752148:  Hold'em Limit ($3/$6 USD) - 2016/10/29 0:42:18 ET
Table 'Idomeneus' 6-max Seat #3 is the button
Seat 3: SLK500 ($98.76 in chips)
Seat 4: Agrotait ($92.50 in chips)
SLK500: posts small blind $1
Agrotait: posts big blind $3
*** HOLE CARDS ***
SLK500: raises $3 to $6
Agrotait: calls $3
*** FLOP *** [Ts Jh 2h]
Agrotait: checks
SLK500: bets $3
Agrotait: calls $3
*** TURN *** [Ts Jh 2h] [9h]
Agrotait: checks
SLK500: bets $6
Agrotait: calls $6
*** RIVER *** [Ts Jh 2h 9h] [3s]
Agrotait: checks
SLK500: bets $6
Agrotait: calls $6
*** SHOW DOWN ***
SLK500: shows [Qc Qd] (a pair of Queens)
Agrotait: mucks hand
SLK500 collected $41.50 from pot
*** SUMMARY ***
Total pot $42 | Rake $0.50
Board [Ts Jh 2h 9h 3s]
Seat 3: SLK500 (button) (small blind) showed [Qc Qd] and won ($41.50) with a pair of Queens
Seat 4: Agrotait (big blind) mucked


PokerStars Hand #160580767386:  Hold'em Limit ($3/$6 USD) - 2016/10/29 0:43:15 ET
Table 'Idomeneus' 6-max Seat #3 is the button
Seat 3: SLK500 ($110.26 in chips)
Seat 4: Agrotait ($80.14 in chips)
SLK500: posts small blind $1
Agrotait: posts big blind $3
*** HOLE CARDS ***
SLK500: raises $3 to $6
Agrotait: calls $3
*** FLOP *** [4d 7d 3d]
Agrotait: bets $3
SLK500: folds
Uncalled bet ($3) returned to Agrotait
Agrotait collected $11.76 from pot
Agrotait: doesn't show hand
*** SUMMARY ***
Total pot $12 | Rake $0.24
Board [4d 7d 3d]
Seat 3: SLK500 (button) (small blind) folded on the Flop
Seat 4: Agrotait (big blind) collected ($11.76)


PokerStars Hand #160580771817:  Hold'em Limit ($3/$6 USD) - 2016/10/29 0:43:32 ET
Table 'Idomeneus' 6-max Seat #4 is the button
Seat 3: SLK500 ($104.26 in chips)
Seat 4: Agrotait ($85.90 in chips)
Agrotait: posts small blind $1
SLK500: posts big blind $3
*** HOLE CARDS ***
Agrotait: raises $3 to $6
SLK500: calls $3
*** FLOP *** [3d Jc Qh]
SLK500: checks
Agrotait: bets $3
SLK500: folds
Uncalled bet ($3) returned to Agrotait
Agrotait collected $11.76 from pot
Agrotait: doesn't show hand
*** SUMMARY ***
Total pot $12 | Rake $0.24
Board [3d Jc Qh]
Seat 3: SLK500 (big blind) folded on the Flop
Seat 4: Agrotait (button) (small blind) collected ($11.76)


PokerStars Hand #160580762136:  Hold'em Limit ($3/$6 USD) - 2016/10/29 0:42:55 ET
Table 'Idomeneus' 6-max Seat #4 is the button
Seat 3: SLK500 ($119.26 in chips)
Seat 4: Agrotait ($71.50 in chips)
Agrotait: posts small blind $1
SLK500: posts big blind $3
*** HOLE CARDS ***
Agrotait: raises $3 to $6
SLK500: calls $3
*** FLOP *** [6c 8s 7h]
SLK500: checks
Agrotait: bets $3
SLK500: calls $3
*** TURN *** [6c 8s 7h] [Js]
SLK500: checks
Agrotait: checks
*** RIVER *** [6c 8s 7h Js] [Kd]
SLK500: checks
Agrotait: checks
*** SHOW DOWN ***
SLK500: shows [4d 3d] (high card King)
Agrotait: shows [4s Qd] (high card King - Queen kicker)
Agrotait collected $17.64 from pot
*** SUMMARY ***
Total pot $18 | Rake $0.36
Board [6c 8s 7h Js Kd]
Seat 3: SLK500 (big blind) showed [4d 3d] and lost with high card King
Seat 4: Agrotait (button) (small blind) showed [4s Qd] and won ($17.64) with high card King


PokerStars Hand #160580775458:  Hold'em Limit ($3/$6 USD) - 2016/10/29 0:43:45 ET
Table 'Idomeneus' 6-max Seat #3 is the button
Seat 3: SLK500 ($98.26 in chips)
Seat 4: Agrotait ($91.66 in chips)
SLK500: posts small blind $1
Agrotait: posts big blind $3
*** HOLE CARDS ***
SLK500: raises $3 to $6
Agrotait: calls $3
*** FLOP *** [8s 7s 8d]
Agrotait: checks
SLK500: bets $3
Agrotait: calls $3
*** TURN *** [8s 7s 8d] [4c]
Agrotait: bets $6
SLK500: calls $6
*** RIVER *** [8s 7s 8d 4c] [Qh]
Agrotait: bets $6
SLK500: folds
Uncalled bet ($6) returned to Agrotait
Agrotait collected $29.50 from pot
Agrotait: doesn't show hand
*** SUMMARY ***
Total pot $30 | Rake $0.50
Board [8s 7s 8d 4c Qh]
Seat 3: SLK500 (button) (small blind) folded on the River
Seat 4: Agrotait (big blind) collected ($29.50)


PokerStars Hand #160580787208:  Hold'em Limit ($3/$6 USD) - 2016/10/29 0:44:29 ET
Table 'Idomeneus' 6-max Seat #4 is the button
Seat 3: SLK500 ($83.26 in chips)
Seat 4: Agrotait ($106.16 in chips)
Agrotait: posts small blind $1
SLK500: posts big blind $3
*** HOLE CARDS ***
Agrotait: raises $3 to $6
SLK500: raises $3 to $9
Agrotait: calls $3
*** FLOP *** [Ah 7c Th]
SLK500: bets $3
Agrotait: calls $3
*** TURN *** [Ah 7c Th] [Ks]
SLK500: checks
Agrotait: bets $6
SLK500: calls $6
*** RIVER *** [Ah 7c Th Ks] [8h]
SLK500: checks
Agrotait: bets $6
SLK500: calls $6
*** SHOW DOWN ***
Agrotait: shows [Kh Ad] (two pair, Aces and Kings)
SLK500: mucks hand
Agrotait collected $47.50 from pot
*** SUMMARY ***
Total pot $48 | Rake $0.50
Board [Ah 7c Th Ks 8h]
Seat 3: SLK500 (big blind) mucked
Seat 4: Agrotait (button) (small blind) showed [Kh Ad] and won ($47.50) with two pair, Aces and Kings


PokerStars Hand #160580793969:  Hold'em Limit ($3/$6 USD) - 2016/10/29 0:44:55 ET
Table 'Idomeneus' 6-max Seat #3 is the button
Seat 3: SLK500 ($59.26 in chips)
Seat 4: Agrotait ($129.66 in chips)
SLK500: posts small blind $1
Agrotait: posts big blind $3
*** HOLE CARDS ***
SLK500: raises $3 to $6
Agrotait: raises $3 to $9
SLK500: calls $3
*** FLOP *** [9s 2c 3h]
Agrotait: bets $3
SLK500: calls $3
*** TURN *** [9s 2c 3h] [Jd]
Agrotait: checks
SLK500: bets $6
Agrotait: calls $6
*** RIVER *** [9s 2c 3h Jd] [Jc]
Agrotait: checks
SLK500: bets $6
Agrotait: folds
Uncalled bet ($6) returned to SLK500
SLK500 collected $35.50 from pot
SLK500: doesn't show hand
*** SUMMARY ***
Total pot $36 | Rake $0.50
Board [9s 2c 3h Jd Jc]
Seat 3: SLK500 (button) (small blind) collected ($35.50)
Seat 4: Agrotait (big blind) folded on the River


PokerStars Hand #160580814556:  Hold'em Limit ($3/$6 USD) - 2016/10/29 0:46:11 ET
Table 'Idomeneus' 6-max Seat #4 is the button
Seat 3: SLK500 ($70.76 in chips)
Seat 4: Agrotait ($117.30 in chips)
Agrotait: posts small blind $1
SLK500: posts big blind $3
*** HOLE CARDS ***
Agrotait: raises $3 to $6
SLK500: raises $3 to $9
Agrotait: raises $3 to $12
Betting is capped
SLK500: calls $3
*** FLOP *** [5h 3c 7s]
SLK500: bets $3
Agrotait: raises $3 to $6
SLK500: raises $3 to $9
Agrotait: raises $3 to $12
Betting is capped
SLK500: calls $3
*** TURN *** [5h 3c 7s] [3h]
SLK500: bets $6
Agrotait: raises $6 to $12
SLK500: raises $6 to $18
Agrotait: calls $6
*** RIVER *** [5h 3c 7s 3h] [Jd]
SLK500: bets $6
Agrotait: calls $6
*** SHOW DOWN ***
SLK500: shows [7d 7c] (a full house, Sevens full of Threes)
Agrotait: mucks hand
SLK500 collected $95.50 from pot
*** SUMMARY ***
Total pot $96 | Rake $0.50
Board [5h 3c 7s 3h Jd]
Seat 3: SLK500 (big blind) showed [7d 7c] and won ($95.50) with a full house, Sevens full of Threes
Seat 4: Agrotait (button) (small blind) mucked


PokerStars Hand #160580811487:  Hold'em Limit ($3/$6 USD) - 2016/10/29 0:46:00 ET
Table 'Idomeneus' 6-max Seat #3 is the button
Seat 3: SLK500 ($67.76 in chips)
Seat 4: Agrotait ($120.30 in chips)
SLK500: posts small blind $1
Agrotait: posts big blind $3
*** HOLE CARDS ***
SLK500: raises $3 to $6
Agrotait: folds
Uncalled bet ($3) returned to SLK500
SLK500 collected $6 from pot
SLK500: doesn't show hand
*** SUMMARY ***
Total pot $6 | Rake $0
Seat 3: SLK500 (button) (small blind) collected ($6)
Seat 4: Agrotait (big blind) folded before Flop


PokerStars Hand #160580805235:  Hold'em Limit ($3/$6 USD) - 2016/10/29 0:45:36 ET
Table 'Idomeneus' 6-max Seat #4 is the button
Seat 3: SLK500 ($76.76 in chips)
Seat 4: Agrotait ($111.66 in chips)
Agrotait: posts small blind $1
SLK500: posts big blind $3
*** HOLE CARDS ***
Agrotait: raises $3 to $6
SLK500: calls $3
*** FLOP *** [3d 6c 7c]
SLK500: checks
Agrotait: bets $3
SLK500: calls $3
*** TURN *** [3d 6c 7c] [Qs]
SLK500: checks
Agrotait: bets $6
SLK500: folds
Uncalled bet ($6) returned to Agrotait
Agrotait collected $17.64 from pot
Agrotait: doesn't show hand
*** SUMMARY ***
Total pot $18 | Rake $0.36
Board [3d 6c 7c Qs]
Seat 3: SLK500 (big blind) folded on the Turn
Seat 4: Agrotait (button) (small blind) collected ($17.64)


PokerStars Hand #160580828917:  Hold'em Limit ($3/$6 USD) - 2016/10/29 0:47:05 ET
Table 'Idomeneus' 6-max Seat #4 is the button
Seat 3: SLK500 ($124.02 in chips)
Seat 4: Agrotait ($63.30 in chips)
Agrotait: posts small blind $1
SLK500: posts big blind $3
*** HOLE CARDS ***
Agrotait: raises $3 to $6
SLK500: calls $3
*** FLOP *** [8h 7s 2s]
SLK500: bets $3
Agrotait: calls $3
*** TURN *** [8h 7s 2s] [3d]
SLK500: bets $6
Agrotait: folds
Uncalled bet ($6) returned to SLK500
SLK500 collected $17.64 from pot
SLK500: doesn't show hand
*** SUMMARY ***
Total pot $18 | Rake $0.36
Board [8h 7s 2s 3d]
Seat 3: SLK500 (big blind) collected ($17.64)
Seat 4: Agrotait (button) (small blind) folded on the Turn


PokerStars Hand #160580824882:  Hold'em Limit ($3/$6 USD) - 2016/10/29 0:46:50 ET
Table 'Idomeneus' 6-max Seat #3 is the button
Seat 3: SLK500 ($118.26 in chips)
Seat 4: Agrotait ($69.30 in chips)
SLK500: posts small blind $1
Agrotait: posts big blind $3
*** HOLE CARDS ***
SLK500: raises $3 to $6
Agrotait: calls $3
*** FLOP *** [8h Ad Jc]
Agrotait: checks
SLK500: bets $3
Agrotait: folds
Uncalled bet ($3) returned to SLK500
SLK500 collected $11.76 from pot
SLK500: doesn't show hand
*** SUMMARY ***
Total pot $12 | Rake $0.24
Board [8h Ad Jc]
Seat 3: SLK500 (button) (small blind) collected ($11.76)
Seat 4: Agrotait (big blind) folded on the Flop


PokerStars Hand #160580834123:  Hold'em Limit ($3/$6 USD) - 2016/10/29 0:47:24 ET
Table 'Idomeneus' 6-max Seat #3 is the button
Seat 3: SLK500 ($132.66 in chips)
Seat 4: Agrotait ($72 in chips)
SLK500: posts small blind $1
Agrotait: posts big blind $3
*** HOLE CARDS ***
SLK500: raises $3 to $6
Agrotait: calls $3
*** FLOP *** [Ad 4h 5h]
Agrotait: checks
SLK500: bets $3
Agrotait: calls $3
*** TURN *** [Ad 4h 5h] [2d]
Agrotait: checks
SLK500: checks
*** RIVER *** [Ad 4h 5h 2d] [4s]
Agrotait: checks
SLK500: checks
*** SHOW DOWN ***
Agrotait: shows [7d Kh] (a pair of Fours)
SLK500: shows [6c 5c] (two pair, Fives and Fours)
SLK500 collected $17.64 from pot
*** SUMMARY ***
Total pot $18 | Rake $0.36
Board [Ad 4h 5h 2d 4s]
Seat 3: SLK500 (button) (small blind) showed [6c 5c] and won ($17.64) with two pair, Fives and Fours
Seat 4: Agrotait (big blind) showed [7d Kh] and lost with a pair of Fours


PokerStars Hand #160580839770:  Hold'em Limit ($3/$6 USD) - 2016/10/29 0:47:46 ET
Table 'Idomeneus' 6-max Seat #4 is the button
Seat 3: SLK500 ($141.30 in chips)
Seat 4: Agrotait ($63 in chips)
Agrotait: posts small blind $1
SLK500: posts big blind $3
*** HOLE CARDS ***
Agrotait: raises $3 to $6
SLK500: calls $3
*** FLOP *** [Qd 2c 8d]
SLK500: bets $3
Agrotait: raises $3 to $6
SLK500: calls $3
*** TURN *** [Qd 2c 8d] [Ac]
SLK500: checks
Agrotait: bets $6
SLK500: calls $6
*** RIVER *** [Qd 2c 8d Ac] [8s]
SLK500: checks
Agrotait: checks
*** SHOW DOWN ***
SLK500: shows [Th 2h] (two pair, Eights and Deuces)
Agrotait: shows [Kd 2d] (two pair, Eights and Deuces)
SLK500 collected $17.75 from pot
Agrotait collected $17.75 from pot
*** SUMMARY ***
Total pot $36 | Rake $0.50
Board [Qd 2c 8d Ac 8s]
Seat 3: SLK500 (big blind) showed [Th 2h] and won ($17.75) with two pair, Eights and Deuces
Seat 4: Agrotait (button) (small blind) showed [Kd 2d] and won ($17.75) with two pair, Eights and Deuces


PokerStars Hand #160580857433:  Hold'em Limit ($3/$6 USD) - 2016/10/29 0:48:52 ET
Table 'Idomeneus' 6-max Seat #4 is the button
Seat 3: SLK500 ($126.05 in chips)
Seat 4: Agrotait ($77.25 in chips)
Agrotait: posts small blind $1
SLK500: posts big blind $3
*** HOLE CARDS ***
Agrotait: raises $3 to $6
SLK500: folds
Uncalled bet ($3) returned to Agrotait
Agrotait collected $6 from pot
Agrotait: doesn't show hand
*** SUMMARY ***
Total pot $6 | Rake $0
Seat 3: SLK500 (big blind) folded before Flop
Seat 4: Agrotait (button) (small blind) collected ($6)


PokerStars Hand #160580848139:  Hold'em Limit ($3/$6 USD) - 2016/10/29 0:48:17 ET
Table 'Idomeneus' 6-max Seat #3 is the button
Seat 3: SLK500 ($141.05 in chips)
Seat 4: Agrotait ($62.75 in chips)
SLK500: posts small blind $1
Agrotait: posts big blind $3
*** HOLE CARDS ***
SLK500: raises $3 to $6
Agrotait: calls $3
*** FLOP *** [7d Jh 3h]
Agrotait: checks
SLK500: bets $3
Agrotait: calls $3
*** TURN *** [7d Jh 3h] [Kd]
Agrotait: checks
SLK500: bets $6
Agrotait: calls $6
*** RIVER *** [7d Jh 3h Kd] [As]
Agrotait: checks
SLK500: checks
*** SHOW DOWN ***
Agrotait: shows [6c Ks] (a pair of Kings)
SLK500: mucks hand
Agrotait collected $29.50 from pot
*** SUMMARY ***
Total pot $30 | Rake $0.50
Board [7d Jh 3h Kd As]
Seat 3: SLK500 (button) (small blind) mucked
Seat 4: Agrotait (big blind) showed [6c Ks] and won ($29.50) with a pair of Kings


