PokerStars Hand #147466972104:  Hold'em Limit ($3/$6 USD) - 2016/01/22 4:46:54 ET
Table 'Idomeneus' 2-max Seat #2 is the button
Seat 1: _fayzulllo_ ($72 in chips)
Seat 2: krossguard ($120 in chips)
krossguard: posts small blind $1
_fayzulllo_: posts big blind $3
*** HOLE CARDS ***
krossguard: raises $3 to $6
_fayzulllo_: calls $3
*** FLOP *** [Ac 5d 4d]
_fayzulllo_: checks
krossguard: bets $3
_fayzulllo_: calls $3
*** TURN *** [Ac 5d 4d] [Ts]
_fayzulllo_: checks
krossguard: bets $6
_fayzulllo_: calls $6
*** RIVER *** [Ac 5d 4d Ts] [5c]
_fayzulllo_: checks
krossguard: checks
*** SHOW DOWN ***
_fayzulllo_: shows [Qd 3d] (a pair of Fives)
krossguard: mucks hand
_fayzulllo_ collected $29.50 from pot
*** SUMMARY ***
Total pot $30 | Rake $0.50
Board [Ac 5d 4d Ts 5c]
Seat 1: _fayzulllo_ (big blind) showed [Qd 3d] and won ($29.50) with a pair of Fives
Seat 2: krossguard (button) (small blind) mucked


PokerStars Hand #147466988929:  Hold'em Limit ($3/$6 USD) - 2016/01/22 4:47:30 ET
Table 'Idomeneus' 2-max Seat #1 is the button
Seat 1: _fayzulllo_ ($86.50 in chips)
Seat 2: krossguard ($105 in chips)
_fayzulllo_: posts small blind $1
krossguard: posts big blind $3
*** HOLE CARDS ***
_fayzulllo_: folds
Uncalled bet ($2) returned to krossguard
krossguard collected $2 from pot
krossguard: doesn't show hand
*** SUMMARY ***
Total pot $2 | Rake $0
Seat 1: _fayzulllo_ (button) (small blind) folded before Flop
Seat 2: krossguard (big blind) collected ($2)


PokerStars Hand #147466991828:  Hold'em Limit ($3/$6 USD) - 2016/01/22 4:47:36 ET
Table 'Idomeneus' 2-max Seat #2 is the button
Seat 1: _fayzulllo_ ($85.50 in chips)
Seat 2: krossguard ($106 in chips)
krossguard: posts small blind $1
_fayzulllo_: posts big blind $3
*** HOLE CARDS ***
krossguard: raises $3 to $6
_fayzulllo_: raises $3 to $9
krossguard: calls $3
*** FLOP *** [4s Qh 3d]
_fayzulllo_: bets $3
krossguard: calls $3
*** TURN *** [4s Qh 3d] [7d]
_fayzulllo_: checks
krossguard: bets $6
_fayzulllo_: calls $6
*** RIVER *** [4s Qh 3d 7d] [8c]
_fayzulllo_: checks
krossguard: bets $6
_fayzulllo_: calls $6
*** SHOW DOWN ***
krossguard: shows [Kd Qc] (a pair of Queens)
_fayzulllo_: mucks hand
krossguard collected $47.50 from pot
*** SUMMARY ***
Total pot $48 | Rake $0.50
Board [4s Qh 3d 7d 8c]
Seat 1: _fayzulllo_ (big blind) mucked
Seat 2: krossguard (button) (small blind) showed [Kd Qc] and won ($47.50) with a pair of Queens


PokerStars Hand #147467008339:  Hold'em Limit ($3/$6 USD) - 2016/01/22 4:48:11 ET
Table 'Idomeneus' 2-max Seat #1 is the button
Seat 1: _fayzulllo_ ($61.50 in chips)
Seat 2: krossguard ($129.50 in chips)
_fayzulllo_: posts small blind $1
krossguard: posts big blind $3
*** HOLE CARDS ***
_fayzulllo_: raises $3 to $6
krossguard: calls $3
*** FLOP *** [9h 6c 7c]
krossguard: checks
_fayzulllo_: checks
*** TURN *** [9h 6c 7c] [6h]
krossguard: bets $6
_fayzulllo_: calls $6
*** RIVER *** [9h 6c 7c 6h] [8d]
krossguard: bets $6
_fayzulllo_: folds
Uncalled bet ($6) returned to krossguard
krossguard collected $23.52 from pot
krossguard: doesn't show hand
*** SUMMARY ***
Total pot $24 | Rake $0.48
Board [9h 6c 7c 6h 8d]
Seat 1: _fayzulllo_ (button) (small blind) folded on the River
Seat 2: krossguard (big blind) collected ($23.52)


PokerStars Hand #147467022414:  Hold'em Limit ($3/$6 USD) - 2016/01/22 4:48:41 ET
Table 'Idomeneus' 2-max Seat #2 is the button
Seat 1: _fayzulllo_ ($49.50 in chips)
Seat 2: krossguard ($141.02 in chips)
krossguard: posts small blind $1
_fayzulllo_: posts big blind $3
*** HOLE CARDS ***
krossguard: raises $3 to $6
_fayzulllo_: calls $3
*** FLOP *** [4s Kh 5s]
_fayzulllo_: checks
krossguard: bets $3
_fayzulllo_: raises $3 to $6
krossguard: calls $3
*** TURN *** [4s Kh 5s] [Ad]
_fayzulllo_: checks
krossguard: checks
*** RIVER *** [4s Kh 5s Ad] [5h]
_fayzulllo_: bets $6
krossguard: calls $6
*** SHOW DOWN ***
_fayzulllo_: shows [4c Qd] (two pair, Fives and Fours)
krossguard: shows [Jc Jh] (two pair, Jacks and Fives)
krossguard collected $35.50 from pot
*** SUMMARY ***
Total pot $36 | Rake $0.50
Board [4s Kh 5s Ad 5h]
Seat 1: _fayzulllo_ (big blind) showed [4c Qd] and lost with two pair, Fives and Fours
Seat 2: krossguard (button) (small blind) showed [Jc Jh] and won ($35.50) with two pair, Jacks and Fives


PokerStars Hand #147467034144:  Hold'em Limit ($3/$6 USD) - 2016/01/22 4:49:05 ET
Table 'Idomeneus' 2-max Seat #1 is the button
Seat 1: _fayzulllo_ ($31.50 in chips)
Seat 2: krossguard ($158.52 in chips)
_fayzulllo_: posts small blind $1
krossguard: posts big blind $3
*** HOLE CARDS ***
_fayzulllo_: raises $3 to $6
krossguard: calls $3
*** FLOP *** [4d 6c Jc]
krossguard: checks
_fayzulllo_: checks
*** TURN *** [4d 6c Jc] [3h]
krossguard: checks
_fayzulllo_: bets $6
krossguard: folds
Uncalled bet ($6) returned to _fayzulllo_
_fayzulllo_ collected $11.76 from pot
*** SUMMARY ***
Total pot $12 | Rake $0.24
Board [4d 6c Jc 3h]
Seat 1: _fayzulllo_ (button) (small blind) collected ($11.76)
Seat 2: krossguard (big blind) folded on the Turn


PokerStars Hand #147467044863:  Hold'em Limit ($3/$6 USD) - 2016/01/22 4:49:28 ET
Table 'Idomeneus' 2-max Seat #2 is the button
Seat 1: _fayzulllo_ ($37.26 in chips)
Seat 2: krossguard ($152.52 in chips)
krossguard: posts small blind $1
_fayzulllo_: posts big blind $3
*** HOLE CARDS ***
krossguard: raises $3 to $6
_fayzulllo_: calls $3
*** FLOP *** [9h 3d Kc]
_fayzulllo_: checks
krossguard: bets $3
_fayzulllo_: folds
Uncalled bet ($3) returned to krossguard
krossguard collected $11.76 from pot
krossguard: doesn't show hand
*** SUMMARY ***
Total pot $12 | Rake $0.24
Board [9h 3d Kc]
Seat 1: _fayzulllo_ (big blind) folded on the Flop
Seat 2: krossguard (button) (small blind) collected ($11.76)


PokerStars Hand #147467051780:  Hold'em Limit ($3/$6 USD) - 2016/01/22 4:49:42 ET
Table 'Idomeneus' 2-max Seat #1 is the button
Seat 1: _fayzulllo_ ($31.26 in chips)
Seat 2: krossguard ($158.28 in chips)
_fayzulllo_: posts small blind $1
krossguard: posts big blind $3
*** HOLE CARDS ***
_fayzulllo_: raises $3 to $6
krossguard: calls $3
*** FLOP *** [Ks 6c 7c]
krossguard: checks
_fayzulllo_: bets $3
krossguard: calls $3
*** TURN *** [Ks 6c 7c] [Ad]
krossguard: checks
_fayzulllo_: checks
*** RIVER *** [Ks 6c 7c Ad] [Kc]
krossguard: checks
_fayzulllo_: bets $6
krossguard: calls $6
*** SHOW DOWN ***
_fayzulllo_: shows [4c 5c] (a flush, King high)
krossguard: mucks hand
_fayzulllo_ collected $29.50 from pot
*** SUMMARY ***
Total pot $30 | Rake $0.50
Board [Ks 6c 7c Ad Kc]
Seat 1: _fayzulllo_ (button) (small blind) showed [4c 5c] and won ($29.50) with a flush, King high
Seat 2: krossguard (big blind) mucked


PokerStars Hand #147467062146:  Hold'em Limit ($3/$6 USD) - 2016/01/22 4:50:04 ET
Table 'Idomeneus' 2-max Seat #2 is the button
Seat 1: _fayzulllo_ ($45.76 in chips)
Seat 2: krossguard ($143.28 in chips)
krossguard: posts small blind $1
_fayzulllo_: posts big blind $3
*** HOLE CARDS ***
krossguard: raises $3 to $6
_fayzulllo_: calls $3
*** FLOP *** [Td 3d 5d]
_fayzulllo_: checks
krossguard: bets $3
_fayzulllo_: calls $3
*** TURN *** [Td 3d 5d] [9s]
_fayzulllo_: checks
krossguard: checks
*** RIVER *** [Td 3d 5d 9s] [Js]
_fayzulllo_: bets $6
krossguard: folds
Uncalled bet ($6) returned to _fayzulllo_
_fayzulllo_ collected $17.64 from pot
_fayzulllo_: doesn't show hand
*** SUMMARY ***
Total pot $18 | Rake $0.36
Board [Td 3d 5d 9s Js]
Seat 1: _fayzulllo_ (big blind) collected ($17.64)
Seat 2: krossguard (button) (small blind) folded on the River


PokerStars Hand #147467075005:  Hold'em Limit ($3/$6 USD) - 2016/01/22 4:50:31 ET
Table 'Idomeneus' 2-max Seat #1 is the button
Seat 1: _fayzulllo_ ($54.40 in chips)
Seat 2: krossguard ($134.28 in chips)
_fayzulllo_: posts small blind $1
krossguard: posts big blind $3
*** HOLE CARDS ***
_fayzulllo_: raises $3 to $6
krossguard: folds
Uncalled bet ($3) returned to _fayzulllo_
_fayzulllo_ collected $6 from pot
_fayzulllo_: doesn't show hand
*** SUMMARY ***
Total pot $6 | Rake $0
Seat 1: _fayzulllo_ (button) (small blind) collected ($6)
Seat 2: krossguard (big blind) folded before Flop


PokerStars Hand #147467079734:  Hold'em Limit ($3/$6 USD) - 2016/01/22 4:50:41 ET
Table 'Idomeneus' 2-max Seat #2 is the button
Seat 1: _fayzulllo_ ($57.40 in chips)
Seat 2: krossguard ($131.28 in chips)
krossguard: posts small blind $1
_fayzulllo_: posts big blind $3
*** HOLE CARDS ***
krossguard: folds
Uncalled bet ($2) returned to _fayzulllo_
_fayzulllo_ collected $2 from pot
_fayzulllo_: doesn't show hand
*** SUMMARY ***
Total pot $2 | Rake $0
Seat 1: _fayzulllo_ (big blind) collected ($2)
Seat 2: krossguard (button) (small blind) folded before Flop


PokerStars Hand #147467084020:  Hold'em Limit ($3/$6 USD) - 2016/01/22 4:50:50 ET
Table 'Idomeneus' 2-max Seat #1 is the button
Seat 1: _fayzulllo_ ($58.40 in chips)
Seat 2: krossguard ($130.28 in chips)
_fayzulllo_: posts small blind $1
krossguard: posts big blind $3
*** HOLE CARDS ***
_fayzulllo_: calls $2
krossguard: checks
*** FLOP *** [Kh Jd 7c]
krossguard: checks
_fayzulllo_: checks
*** TURN *** [Kh Jd 7c] [2s]
krossguard: bets $6
_fayzulllo_: folds
Uncalled bet ($6) returned to krossguard
krossguard collected $5.88 from pot
krossguard: doesn't show hand
*** SUMMARY ***
Total pot $6 | Rake $0.12
Board [Kh Jd 7c 2s]
Seat 1: _fayzulllo_ (button) (small blind) folded on the Turn
Seat 2: krossguard (big blind) collected ($5.88)


PokerStars Hand #147467091596:  Hold'em Limit ($3/$6 USD) - 2016/01/22 4:51:06 ET
Table 'Idomeneus' 2-max Seat #2 is the button
Seat 1: _fayzulllo_ ($55.40 in chips)
Seat 2: krossguard ($133.16 in chips)
krossguard: posts small blind $1
_fayzulllo_: posts big blind $3
*** HOLE CARDS ***
krossguard: raises $3 to $6
_fayzulllo_: calls $3
*** FLOP *** [7c 7s Ad]
_fayzulllo_: checks
krossguard: bets $3
_fayzulllo_: raises $3 to $6
krossguard: folds
Uncalled bet ($3) returned to _fayzulllo_
_fayzulllo_ collected $17.64 from pot
_fayzulllo_: doesn't show hand
*** SUMMARY ***
Total pot $18 | Rake $0.36
Board [7c 7s Ad]
Seat 1: _fayzulllo_ (big blind) collected ($17.64)
Seat 2: krossguard (button) (small blind) folded on the Flop


PokerStars Hand #147467102380:  Hold'em Limit ($3/$6 USD) - 2016/01/22 4:51:29 ET
Table 'Idomeneus' 2-max Seat #1 is the button
Seat 1: _fayzulllo_ ($64.04 in chips)
Seat 2: krossguard ($124.16 in chips)
_fayzulllo_: posts small blind $1
krossguard: posts big blind $3
*** HOLE CARDS ***
_fayzulllo_: folds
Uncalled bet ($2) returned to krossguard
krossguard collected $2 from pot
krossguard: doesn't show hand
*** SUMMARY ***
Total pot $2 | Rake $0
Seat 1: _fayzulllo_ (button) (small blind) folded before Flop
Seat 2: krossguard (big blind) collected ($2)


PokerStars Hand #147467105178:  Hold'em Limit ($3/$6 USD) - 2016/01/22 4:51:35 ET
Table 'Idomeneus' 2-max Seat #2 is the button
Seat 1: _fayzulllo_ ($63.04 in chips)
Seat 2: krossguard ($125.16 in chips)
krossguard: posts small blind $1
_fayzulllo_: posts big blind $3
*** HOLE CARDS ***
krossguard: raises $3 to $6
_fayzulllo_: calls $3
*** FLOP *** [3s 2c 8h]
_fayzulllo_: checks
krossguard: bets $3
_fayzulllo_: calls $3
*** TURN *** [3s 2c 8h] [Qc]
_fayzulllo_: checks
krossguard: bets $6
_fayzulllo_: folds
Uncalled bet ($6) returned to krossguard
krossguard collected $17.64 from pot
krossguard: doesn't show hand
*** SUMMARY ***
Total pot $18 | Rake $0.36
Board [3s 2c 8h Qc]
Seat 1: _fayzulllo_ (big blind) folded on the Turn
Seat 2: krossguard (button) (small blind) collected ($17.64)


PokerStars Hand #147467117562:  Hold'em Limit ($3/$6 USD) - 2016/01/22 4:52:01 ET
Table 'Idomeneus' 2-max Seat #1 is the button
Seat 1: _fayzulllo_ ($54.04 in chips)
Seat 2: krossguard ($133.80 in chips)
_fayzulllo_: posts small blind $1
krossguard: posts big blind $3
*** HOLE CARDS ***
_fayzulllo_: raises $3 to $6
krossguard: raises $3 to $9
_fayzulllo_: calls $3
*** FLOP *** [Kd Ah 5d]
krossguard: bets $3
_fayzulllo_: calls $3
*** TURN *** [Kd Ah 5d] [Qh]
krossguard: bets $6
_fayzulllo_: calls $6
*** RIVER *** [Kd Ah 5d Qh] [9h]
krossguard: checks
_fayzulllo_: bets $6
krossguard: folds
Uncalled bet ($6) returned to _fayzulllo_
_fayzulllo_ collected $35.50 from pot
_fayzulllo_: doesn't show hand
*** SUMMARY ***
Total pot $36 | Rake $0.50
Board [Kd Ah 5d Qh 9h]
Seat 1: _fayzulllo_ (button) (small blind) collected ($35.50)
Seat 2: krossguard (big blind) folded on the River


PokerStars Hand #147467131430:  Hold'em Limit ($3/$6 USD) - 2016/01/22 4:52:30 ET
Table 'Idomeneus' 2-max Seat #2 is the button
Seat 1: _fayzulllo_ ($71.54 in chips)
Seat 2: krossguard ($115.80 in chips)
krossguard: posts small blind $1
_fayzulllo_: posts big blind $3
*** HOLE CARDS ***
krossguard: raises $3 to $6
_fayzulllo_: calls $3
*** FLOP *** [3s 8d 5d]
_fayzulllo_: checks
krossguard: bets $3
_fayzulllo_: calls $3
*** TURN *** [3s 8d 5d] [9d]
_fayzulllo_: checks
krossguard: bets $6
_fayzulllo_: calls $6
*** RIVER *** [3s 8d 5d 9d] [Qh]
_fayzulllo_: checks
krossguard: bets $6
_fayzulllo_: folds
Uncalled bet ($6) returned to krossguard
krossguard collected $29.50 from pot
krossguard: doesn't show hand
*** SUMMARY ***
Total pot $30 | Rake $0.50
Board [3s 8d 5d 9d Qh]
Seat 1: _fayzulllo_ (big blind) folded on the River
Seat 2: krossguard (button) (small blind) collected ($29.50)


PokerStars Hand #147467152239:  Hold'em Limit ($3/$6 USD) - 2016/01/22 4:53:14 ET
Table 'Idomeneus' 2-max Seat #1 is the button
Seat 1: _fayzulllo_ ($56.54 in chips)
Seat 2: krossguard ($130.30 in chips)
_fayzulllo_: posts small blind $1
krossguard: posts big blind $3
*** HOLE CARDS ***
_fayzulllo_: raises $3 to $6
krossguard: raises $3 to $9
_fayzulllo_: calls $3
*** FLOP *** [4h 8h 2s]
krossguard: bets $3
_fayzulllo_: calls $3
*** TURN *** [4h 8h 2s] [9d]
krossguard: checks
_fayzulllo_: checks
*** RIVER *** [4h 8h 2s 9d] [Qc]
krossguard: checks
_fayzulllo_: bets $6
krossguard: calls $6
*** SHOW DOWN ***
_fayzulllo_: shows [Js Td] (a straight, Eight to Queen)
krossguard: mucks hand
_fayzulllo_ collected $35.50 from pot
*** SUMMARY ***
Total pot $36 | Rake $0.50
Board [4h 8h 2s 9d Qc]
Seat 1: _fayzulllo_ (button) (small blind) showed [Js Td] and won ($35.50) with a straight, Eight to Queen
Seat 2: krossguard (big blind) mucked


PokerStars Hand #147467165186:  Hold'em Limit ($3/$6 USD) - 2016/01/22 4:53:42 ET
Table 'Idomeneus' 2-max Seat #2 is the button
Seat 1: _fayzulllo_ ($74.04 in chips)
Seat 2: krossguard ($112.30 in chips)
krossguard: posts small blind $1
_fayzulllo_: posts big blind $3
*** HOLE CARDS ***
krossguard: raises $3 to $6
_fayzulllo_: calls $3
*** FLOP *** [5c Jc Js]
_fayzulllo_: checks
krossguard: bets $3
_fayzulllo_: raises $3 to $6
krossguard: calls $3
*** TURN *** [5c Jc Js] [Qd]
_fayzulllo_: bets $6
krossguard: raises $6 to $12
_fayzulllo_: folds
Uncalled bet ($6) returned to krossguard
krossguard collected $35.50 from pot
krossguard: doesn't show hand
*** SUMMARY ***
Total pot $36 | Rake $0.50
Board [5c Jc Js Qd]
Seat 1: _fayzulllo_ (big blind) folded on the Turn
Seat 2: krossguard (button) (small blind) collected ($35.50)


PokerStars Hand #147467182278:  Hold'em Limit ($3/$6 USD) - 2016/01/22 4:54:17 ET
Table 'Idomeneus' 2-max Seat #1 is the button
Seat 1: _fayzulllo_ ($56.04 in chips)
Seat 2: krossguard ($129.80 in chips)
_fayzulllo_: posts small blind $1
krossguard: posts big blind $3
*** HOLE CARDS ***
_fayzulllo_: raises $3 to $6
krossguard: calls $3
*** FLOP *** [Td 5s 3s]
krossguard: checks
_fayzulllo_: checks
*** TURN *** [Td 5s 3s] [7d]
krossguard: bets $6
_fayzulllo_: calls $6
*** RIVER *** [Td 5s 3s 7d] [Ks]
krossguard: checks
_fayzulllo_: bets $6
krossguard: calls $6
*** SHOW DOWN ***
_fayzulllo_: shows [Tc Ts] (three of a kind, Tens)
krossguard: mucks hand
_fayzulllo_ collected $35.50 from pot
*** SUMMARY ***
Total pot $36 | Rake $0.50
Board [Td 5s 3s 7d Ks]
Seat 1: _fayzulllo_ (button) (small blind) showed [Tc Ts] and won ($35.50) with three of a kind, Tens
Seat 2: krossguard (big blind) mucked


PokerStars Hand #147467193109:  Hold'em Limit ($3/$6 USD) - 2016/01/22 4:54:41 ET
Table 'Idomeneus' 2-max Seat #2 is the button
Seat 1: _fayzulllo_ ($73.54 in chips)
Seat 2: krossguard ($111.80 in chips)
krossguard: posts small blind $1
_fayzulllo_: posts big blind $3
*** HOLE CARDS ***
krossguard: folds
Uncalled bet ($2) returned to _fayzulllo_
_fayzulllo_ collected $2 from pot
_fayzulllo_: doesn't show hand
*** SUMMARY ***
Total pot $2 | Rake $0
Seat 1: _fayzulllo_ (big blind) collected ($2)
Seat 2: krossguard (button) (small blind) folded before Flop


PokerStars Hand #147467198660:  Hold'em Limit ($3/$6 USD) - 2016/01/22 4:54:52 ET
Table 'Idomeneus' 2-max Seat #1 is the button
Seat 1: _fayzulllo_ ($74.54 in chips)
Seat 2: krossguard ($110.80 in chips)
_fayzulllo_: posts small blind $1
krossguard: posts big blind $3
*** HOLE CARDS ***
_fayzulllo_: folds
Uncalled bet ($2) returned to krossguard
krossguard collected $2 from pot
krossguard: doesn't show hand
*** SUMMARY ***
Total pot $2 | Rake $0
Seat 1: _fayzulllo_ (button) (small blind) folded before Flop
Seat 2: krossguard (big blind) collected ($2)


