PokerStars Hand #171202386656:  Hold'em Limit ($3/$6 USD) - 2017/06/01 11:41:53 ET
Table 'Iduberga' 10-max Seat #5 is the button
Seat 1: GoliafUa ($95.46 in chips)
Seat 5: lulu32800 ($73.04 in chips)
lulu32800: posts small blind $1
GoliafUa: posts big blind $3
*** HOLE CARDS ***
lulu32800: raises $3 to $6
GoliafUa: calls $3
*** FLOP *** [4h 5h Th]
GoliafUa: checks
lulu32800: bets $3
GoliafUa: calls $3
*** TURN *** [4h 5h Th] [Js]
GoliafUa: checks
lulu32800: bets $6
GoliafUa: calls $6
*** RIVER *** [4h 5h Th Js] [4s]
GoliafUa: checks
lulu32800: checks
*** SHOW DOWN ***
GoliafUa: shows [Ad 6h] (a pair of Fours)
lulu32800: shows [5c 6c] (two pair, Fives and Fours)
lulu32800 collected $29.50 from pot
*** SUMMARY ***
Total pot $30 | Rake $0.50
Board [4h 5h Th Js 4s]
Seat 1: GoliafUa (big blind) showed [Ad 6h] and lost with a pair of Fours
Seat 5: lulu32800 (button) (small blind) showed [5c 6c] and won ($29.50) with two pair, Fives and Fours


PokerStars Hand #171202381073:  Hold'em Limit ($3/$6 USD) - 2017/06/01 11:41:44 ET
Table 'Iduberga' 10-max Seat #1 is the button
Seat 1: GoliafUa ($92.46 in chips)
Seat 5: lulu32800 ($76.04 in chips)
GoliafUa: posts small blind $1
lulu32800: posts big blind $3
*** HOLE CARDS ***
GoliafUa: raises $3 to $6
lulu32800: folds
Uncalled bet ($3) returned to GoliafUa
GoliafUa collected $6 from pot
GoliafUa: doesn't show hand
*** SUMMARY ***
Total pot $6 | Rake $0
Seat 1: GoliafUa (button) (small blind) collected ($6)
Seat 5: lulu32800 (big blind) folded before Flop


PokerStars Hand #171202376586:  Hold'em Limit ($3/$6 USD) - 2017/06/01 11:41:36 ET
Table 'Iduberga' 10-max Seat #5 is the button
Seat 1: GoliafUa ($91.46 in chips)
Seat 5: lulu32800 ($77.04 in chips)
lulu32800: posts small blind $1
GoliafUa: posts big blind $3
*** HOLE CARDS ***
lulu32800: folds
Uncalled bet ($2) returned to GoliafUa
GoliafUa collected $2 from pot
GoliafUa: doesn't show hand
*** SUMMARY ***
Total pot $2 | Rake $0
Seat 1: GoliafUa (big blind) collected ($2)
Seat 5: lulu32800 (button) (small blind) folded before Flop


PokerStars Hand #171202364635:  Hold'em Limit ($3/$6 USD) - 2017/06/01 11:41:16 ET
Table 'Iduberga' 10-max Seat #1 is the button
Seat 1: GoliafUa ($85.70 in chips)
Seat 5: lulu32800 ($83.04 in chips)
GoliafUa: posts small blind $1
lulu32800: posts big blind $3
*** HOLE CARDS ***
GoliafUa: raises $3 to $6
lulu32800: calls $3
*** FLOP *** [Tc Qh 6d]
lulu32800: checks
GoliafUa: bets $3
lulu32800: folds
Uncalled bet ($3) returned to GoliafUa
GoliafUa collected $11.76 from pot
GoliafUa: doesn't show hand
*** SUMMARY ***
Total pot $12 | Rake $0.24
Board [Tc Qh 6d]
Seat 1: GoliafUa (button) (small blind) collected ($11.76)
Seat 5: lulu32800 (big blind) folded on the Flop


