PokerStars Hand #149425139348:  Hold'em Limit ($3/$6 USD) - 2016/02/25 22:46:02 ET
Table 'Iduberga' 6-max Seat #1 is the button
Seat 1: LifeisagameX ($60 in chips)
Seat 3: plummgg ($32.82 in chips)
LifeisagameX: posts small blind $1
plummgg: posts big blind $3
*** HOLE CARDS ***
LifeisagameX: folds
Uncalled bet ($2) returned to plummgg
plummgg collected $2 from pot
plummgg: doesn't show hand
*** SUMMARY ***
Total pot $2 | Rake $0
Seat 1: LifeisagameX (button) (small blind) folded before Flop
Seat 3: plummgg (big blind) collected ($2)


PokerStars Hand #149425146598:  Hold'em Limit ($3/$6 USD) - 2016/02/25 22:46:24 ET
Table 'Iduberga' 6-max Seat #1 is the button
Seat 1: LifeisagameX ($60 in chips)
Seat 3: plummgg ($32.82 in chips)
LifeisagameX: posts small blind $1
plummgg: posts big blind $3
*** HOLE CARDS ***
LifeisagameX: raises $3 to $6
plummgg: calls $3
*** FLOP *** [5h 8h 2c]
plummgg: bets $3
LifeisagameX: calls $3
*** TURN *** [5h 8h 2c] [Ah]
plummgg: checks
LifeisagameX: bets $6
plummgg: folds
Uncalled bet ($6) returned to LifeisagameX
LifeisagameX collected $17.64 from pot
LifeisagameX: doesn't show hand
*** SUMMARY ***
Total pot $18 | Rake $0.36
Board [5h 8h 2c Ah]
Seat 1: LifeisagameX (button) (small blind) collected ($17.64)
Seat 3: plummgg (big blind) folded on the Turn


PokerStars Hand #149425144426:  Hold'em Limit ($3/$6 USD) - 2016/02/25 22:46:17 ET
Table 'Iduberga' 6-max Seat #3 is the button
Seat 1: LifeisagameX ($59 in chips)
Seat 3: plummgg ($33.82 in chips)
plummgg: posts small blind $1
LifeisagameX: posts big blind $3
*** HOLE CARDS ***
plummgg: folds
Uncalled bet ($2) returned to LifeisagameX
LifeisagameX collected $2 from pot
LifeisagameX: doesn't show hand
*** SUMMARY ***
Total pot $2 | Rake $0
Seat 1: LifeisagameX (big blind) collected ($2)
Seat 3: plummgg (button) (small blind) folded before Flop


PokerStars Hand #149425179499:  Hold'em Limit ($3/$6 USD) - 2016/02/25 22:48:00 ET
Table 'Iduberga' 6-max Seat #1 is the button
Seat 1: LifeisagameX ($91.96 in chips)
Seat 2: HaekJiu ($120 in chips)
LifeisagameX: posts small blind $1
HaekJiu: posts big blind $3
*** HOLE CARDS ***
LifeisagameX: raises $3 to $6
HaekJiu: calls $3
*** FLOP *** [Jd Ah Qs]
PingaP joins the table at seat #4
HaekJiu: checks
LifeisagameX: bets $3
HaekJiu: folds
Uncalled bet ($3) returned to LifeisagameX
LifeisagameX collected $11.76 from pot
LifeisagameX: doesn't show hand
*** SUMMARY ***
Total pot $12 | Rake $0.24
Board [Jd Ah Qs]
Seat 1: LifeisagameX (button) (small blind) collected ($11.76)
Seat 2: HaekJiu (big blind) folded on the Flop


PokerStars Hand #149425161104:  Hold'em Limit ($3/$6 USD) - 2016/02/25 22:47:06 ET
Table 'Iduberga' 6-max Seat #3 is the button
Seat 1: LifeisagameX ($68.64 in chips)
Seat 3: plummgg ($23.82 in chips)
plummgg: posts small blind $1
LifeisagameX: posts big blind $3
*** HOLE CARDS ***
plummgg: raises $3 to $6
LifeisagameX: calls $3
*** FLOP *** [8d 5s 6s]
LifeisagameX: checks
plummgg: bets $3
LifeisagameX: raises $3 to $6
plummgg: raises $3 to $9
LifeisagameX: calls $3
*** TURN *** [8d 5s 6s] [2c]
LifeisagameX: checks
plummgg: bets $6
HaekJiu joins the table at seat #2
LifeisagameX: raises $6 to $12
plummgg: calls $2.82 and is all-in
Uncalled bet ($3.18) returned to LifeisagameX
*** RIVER *** [8d 5s 6s 2c] [Td]
*** SHOW DOWN ***
LifeisagameX: shows [4h 3c] (a straight, Deuce to Six)
plummgg: shows [7s Js] (high card Jack)
LifeisagameX collected $47.14 from pot
*** SUMMARY ***
Total pot $47.64 | Rake $0.50
Board [8d 5s 6s 2c Td]
Seat 1: LifeisagameX (big blind) showed [4h 3c] and won ($47.14) with a straight, Deuce to Six
Seat 3: plummgg (button) (small blind) showed [7s Js] and lost with high card Jack


PokerStars Hand #149425258808:  Hold'em Limit ($3/$6 USD) - 2016/02/25 22:51:54 ET
Table 'Iduberga' 6-max Seat #2 is the button
Seat 2: HaekJiu ($108.51 in chips)
Seat 3: plummgg ($91.72 in chips)
HaekJiu: posts small blind $1
plummgg: posts big blind $3
*** HOLE CARDS ***
HaekJiu: raises $3 to $6
plummgg: calls $3
*** FLOP *** [Js 3d 2s]
plummgg: checks
HaekJiu: checks
*** TURN *** [Js 3d 2s] [6h]
plummgg: checks
HaekJiu: checks
*** RIVER *** [Js 3d 2s 6h] [2c]
plummgg: bets $6
HaekJiu: folds
Uncalled bet ($6) returned to plummgg
plummgg collected $11.76 from pot
plummgg: doesn't show hand
*** SUMMARY ***
Total pot $12 | Rake $0.24
Board [Js 3d 2s 6h 2c]
Seat 2: HaekJiu (button) (small blind) folded on the River
Seat 3: plummgg (big blind) collected ($11.76)


PokerStars Hand #149425563682:  Hold'em Limit ($3/$6 USD) - 2016/02/25 23:08:09 ET
Table 'Iduberga' 6-max Seat #4 is the button
Seat 1: Sagar_7 ($179.43 in chips)
Seat 4: PingaP ($104.51 in chips)
plummgg will be allowed to play after the button
PingaP: posts small blind $1
Sagar_7: posts big blind $3
*** HOLE CARDS ***
PingaP: raises $3 to $6
Sagar_7: folds
Uncalled bet ($3) returned to PingaP
PingaP collected $6 from pot
*** SUMMARY ***
Total pot $6 | Rake $0
Seat 1: Sagar_7 (big blind) folded before Flop
Seat 4: PingaP (button) (small blind) collected ($6)


