PokerStars Hand #154371845783:  Hold'em Limit ($3/$6 USD) - 2016/06/06 11:27:23 ET
Table 'Iduberga' 6-max Seat #2 is the button
Seat 2: liroibom ($30 in chips)
Seat 4: B_loJkl ($150 in chips)
liroibom: posts small blind $1
B_loJkl: posts big blind $3
*** HOLE CARDS ***
liroibom: calls $2
B_loJkl: raises $3 to $6
liroibom: calls $3
*** FLOP *** [Ah 2c 3c]
B_loJkl: bets $3
liroibom: calls $3
*** TURN *** [Ah 2c 3c] [9c]
B_loJkl: bets $6
liroibom: calls $6
*** RIVER *** [Ah 2c 3c 9c] [3h]
B_loJkl: bets $6
liroibom: raises $6 to $12
B_loJkl: calls $6
*** SHOW DOWN ***
liroibom: shows [4h Ad] (two pair, Aces and Threes)
B_loJkl: shows [Qh Ac] (two pair, Aces and Threes - Queen kicker)
B_loJkl collected $53.50 from pot
*** SUMMARY ***
Total pot $54 | Rake $0.50
Board [Ah 2c 3c 9c 3h]
Seat 2: liroibom (button) (small blind) showed [4h Ad] and lost with two pair, Aces and Threes
Seat 4: B_loJkl (big blind) showed [Qh Ac] and won ($53.50) with two pair, Aces and Threes


PokerStars Hand #154371864857:  Hold'em Limit ($3/$6 USD) - 2016/06/06 11:27:54 ET
Table 'Iduberga' 6-max Seat #4 is the button
Seat 2: liroibom ($3 in chips)
Seat 4: B_loJkl ($176.50 in chips)
B_loJkl: posts small blind $1
liroibom: posts big blind $3 and is all-in
*** HOLE CARDS ***
B_loJkl: calls $2
*** FLOP *** [6d Jh Th]
*** TURN *** [6d Jh Th] [4s]
*** RIVER *** [6d Jh Th 4s] [5s]
*** SHOW DOWN ***
liroibom: shows [2c 6c] (a pair of Sixes)
B_loJkl: shows [8s 6s] (a pair of Sixes - Jack+Ten+Eight kicker)
B_loJkl collected $5.88 from pot
*** SUMMARY ***
Total pot $6 | Rake $0.12
Board [6d Jh Th 4s 5s]
Seat 2: liroibom (big blind) showed [2c 6c] and lost with a pair of Sixes
Seat 4: B_loJkl (button) (small blind) showed [8s 6s] and won ($5.88) with a pair of Sixes


PokerStars Hand #154371907640:  Hold'em Limit ($3/$6 USD) - 2016/06/06 11:29:03 ET
Table 'Iduberga' 6-max Seat #4 is the button
Seat 2: liroibom ($6 in chips)
Seat 4: B_loJkl ($202.88 in chips)
B_loJkl: posts small blind $1
liroibom: posts big blind $3
*** HOLE CARDS ***
B_loJkl: raises $3 to $6
liroibom: calls $3 and is all-in
*** FLOP *** [8c 5d Td]
*** TURN *** [8c 5d Td] [2d]
*** RIVER *** [8c 5d Td 2d] [2s]
*** SHOW DOWN ***
liroibom: shows [Qd 4s] (a pair of Deuces)
B_loJkl: shows [6c Qs] (a pair of Deuces)
liroibom collected $5.88 from pot
B_loJkl collected $5.88 from pot
*** SUMMARY ***
Total pot $12 | Rake $0.24
Board [8c 5d Td 2d 2s]
Seat 2: liroibom (big blind) showed [Qd 4s] and won ($5.88) with a pair of Deuces
Seat 4: B_loJkl (button) (small blind) showed [6c Qs] and won ($5.88) with a pair of Deuces


PokerStars Hand #154371915739:  Hold'em Limit ($3/$6 USD) - 2016/06/06 11:29:16 ET
Table 'Iduberga' 6-max Seat #2 is the button
Seat 2: liroibom ($5.88 in chips)
Seat 4: B_loJkl ($202.76 in chips)
liroibom: posts small blind $1
B_loJkl: posts big blind $3
*** HOLE CARDS ***
liroibom: raises $2.88 to $5.88 and is all-in
B_loJkl: calls $2.88
*** FLOP *** [3s Th Qd]
*** TURN *** [3s Th Qd] [Ah]
*** RIVER *** [3s Th Qd Ah] [7d]
*** SHOW DOWN ***
B_loJkl: shows [9d 4s] (high card Ace)
liroibom: shows [7s 8h] (a pair of Sevens)
liroibom collected $11.52 from pot
*** SUMMARY ***
Total pot $11.76 | Rake $0.24
Board [3s Th Qd Ah 7d]
Seat 2: liroibom (button) (small blind) showed [7s 8h] and won ($11.52) with a pair of Sevens
Seat 4: B_loJkl (big blind) showed [9d 4s] and lost with high card Ace


PokerStars Hand #154371881987:  Hold'em Limit ($3/$6 USD) - 2016/06/06 11:28:22 ET
Table 'Iduberga' 6-max Seat #2 is the button
Seat 2: liroibom ($30 in chips)
Seat 4: B_loJkl ($179.38 in chips)
liroibom: posts small blind $1
B_loJkl: posts big blind $3
*** HOLE CARDS ***
liroibom: calls $2
B_loJkl: raises $3 to $6
liroibom: calls $3
*** FLOP *** [5c 4h 9c]
B_loJkl: checks
liroibom: bets $3
B_loJkl: raises $3 to $6
liroibom: calls $3
*** TURN *** [5c 4h 9c] [Ts]
B_loJkl: bets $6
liroibom: calls $6
*** RIVER *** [5c 4h 9c Ts] [3d]
B_loJkl: bets $6
liroibom: calls $6
*** SHOW DOWN ***
B_loJkl: shows [Th 9h] (two pair, Tens and Nines)
liroibom: mucks hand
B_loJkl collected $47.50 from pot
*** SUMMARY ***
Total pot $48 | Rake $0.50
Board [5c 4h 9c Ts 3d]
Seat 2: liroibom (button) (small blind) mucked
Seat 4: B_loJkl (big blind) showed [Th 9h] and won ($47.50) with two pair, Tens and Nines


PokerStars Hand #154371924488:  Hold'em Limit ($3/$6 USD) - 2016/06/06 11:29:30 ET
Table 'Iduberga' 6-max Seat #4 is the button
Seat 2: liroibom ($11.52 in chips)
Seat 4: B_loJkl ($196.88 in chips)
B_loJkl: posts small blind $1
liroibom: posts big blind $3
*** HOLE CARDS ***
B_loJkl: raises $3 to $6
liroibom: raises $3 to $9
B_loJkl: calls $3
*** FLOP *** [6s Qc Ad]
liroibom: bets $2.52 and is all-in
B_loJkl: calls $2.52
*** TURN *** [6s Qc Ad] [5h]
*** RIVER *** [6s Qc Ad 5h] [3s]
*** SHOW DOWN ***
liroibom: shows [Th 7c] (high card Ace)
B_loJkl: shows [Td Js] (high card Ace - Queen+Jack kicker)
B_loJkl collected $22.58 from pot
*** SUMMARY ***
Total pot $23.04 | Rake $0.46
Board [6s Qc Ad 5h 3s]
Seat 2: liroibom (big blind) showed [Th 7c] and lost with high card Ace
Seat 4: B_loJkl (button) (small blind) showed [Td Js] and won ($22.58) with high card Ace


PokerStars Hand #154372011711:  Hold'em Limit ($3/$6 USD) - 2016/06/06 11:31:47 ET
Table 'Iduberga' 6-max Seat #2 is the button
Seat 2: liroibom ($30 in chips)
Seat 3: dborys ($150 in chips)
liroibom: posts small blind $1
dborys: posts big blind $3
*** HOLE CARDS ***
liroibom: folds
Uncalled bet ($2) returned to dborys
tomte999 joins the table at seat #4
dborys collected $2 from pot
dborys: doesn't show hand
*** SUMMARY ***
Total pot $2 | Rake $0
Seat 2: liroibom (button) (small blind) folded before Flop
Seat 3: dborys (big blind) collected ($2)


