PokerStars Hand #144849673861:  Hold'em Limit ($3/$6 USD) - 2015/12/05 5:32:11 ET
Table 'Iduberga' 6-max Seat #3 is the button
Seat 3: Swe_OlssoN ($102.57 in chips)
Seat 4: TbIP-TbIP 88 ($72 in chips)
Swe_OlssoN: posts small blind $1
TbIP-TbIP 88: posts big blind $3
*** HOLE CARDS ***
Swe_OlssoN: raises $3 to $6
TbIP-TbIP 88: calls $3
*** FLOP *** [Kh 9d Qh]
TbIP-TbIP 88: checks
Swe_OlssoN: bets $3
TbIP-TbIP 88: folds
Uncalled bet ($3) returned to Swe_OlssoN
Swe_OlssoN collected $11.76 from pot
Swe_OlssoN: doesn't show hand
*** SUMMARY ***
Total pot $12 | Rake $0.24
Board [Kh 9d Qh]
Seat 3: Swe_OlssoN (button) (small blind) collected ($11.76)
Seat 4: TbIP-TbIP 88 (big blind) folded on the Flop


PokerStars Hand #144849695041:  Hold'em Limit ($3/$6 USD) - 2015/12/05 5:32:57 ET
Table 'Iduberga' 6-max Seat #4 is the button
Seat 3: Swe_OlssoN ($108.33 in chips)
Seat 4: TbIP-TbIP 88 ($72 in chips)
TbIP-TbIP 88: posts small blind $1
Swe_OlssoN: posts big blind $3
*** HOLE CARDS ***
TbIP-TbIP 88: raises $3 to $6
Swe_OlssoN: calls $3
*** FLOP *** [Kc Ad Qh]
Swe_OlssoN: checks
Airbag999 joins the table at seat #5
TbIP-TbIP 88: bets $3
Swe_OlssoN: folds
Uncalled bet ($3) returned to TbIP-TbIP 88
TbIP-TbIP 88 collected $11.76 from pot
TbIP-TbIP 88: doesn't show hand
*** SUMMARY ***
Total pot $12 | Rake $0.24
Board [Kc Ad Qh]
Seat 3: Swe_OlssoN (big blind) folded on the Flop
Seat 4: TbIP-TbIP 88 (button) (small blind) collected ($11.76)


PokerStars Hand #144849705760:  Hold'em Limit ($3/$6 USD) - 2015/12/05 5:33:20 ET
Table 'Iduberga' 6-max Seat #3 is the button
Seat 3: Swe_OlssoN ($102.33 in chips)
Seat 4: TbIP-TbIP 88 ($77.76 in chips)
Swe_OlssoN: posts small blind $1
TbIP-TbIP 88: posts big blind $3
*** HOLE CARDS ***
Swe_OlssoN: raises $3 to $6
TbIP-TbIP 88: calls $3
*** FLOP *** [6d 7h 7d]
TbIP-TbIP 88: checks
Swe_OlssoN: bets $3
TbIP-TbIP 88: calls $3
*** TURN *** [6d 7h 7d] [Ad]
TbIP-TbIP 88: checks
Swe_OlssoN: bets $6
TbIP-TbIP 88: folds
Uncalled bet ($6) returned to Swe_OlssoN
Swe_OlssoN collected $17.64 from pot
Swe_OlssoN: doesn't show hand
*** SUMMARY ***
Total pot $18 | Rake $0.36
Board [6d 7h 7d Ad]
Seat 3: Swe_OlssoN (button) (small blind) collected ($17.64)
Seat 4: TbIP-TbIP 88 (big blind) folded on the Turn


PokerStars Hand #144850983982:  Hold'em Limit ($3/$6 USD) - 2015/12/05 6:18:24 ET
Table 'Iduberga' 6-max Seat #3 is the button
Seat 3: TbIP-TbIP 88 ($192.43 in chips)
Seat 5: Airbag999 ($283.31 in chips)
TbIP-TbIP 88: posts small blind $1
PycV: is sitting out
PycV leaves the table
Airbag999: posts big blind $3
*** HOLE CARDS ***
maestro19rus leaves the table
TbIP-TbIP 88: raises $3 to $6
Airbag999: calls $3
*** FLOP *** [8c 7s 9d]
Airbag999: checks
TbIP-TbIP 88: bets $3
Airbag999: calls $3
*** TURN *** [8c 7s 9d] [3h]
Airbag999: checks
TbIP-TbIP 88: checks
*** RIVER *** [8c 7s 9d 3h] [7h]
Airbag999: bets $6
TbIP-TbIP 88: folds
Uncalled bet ($6) returned to Airbag999
Airbag999 collected $17.64 from pot
Airbag999: doesn't show hand
*** SUMMARY ***
Total pot $18 | Rake $0.36
Board [8c 7s 9d 3h 7h]
Seat 3: TbIP-TbIP 88 (button) (small blind) folded on the River
Seat 5: Airbag999 (big blind) collected ($17.64)


