PokerStars Hand #160690563864:  Hold'em Limit ($3/$6 USD) - 2016/10/31 9:22:03 ET
Table 'Iduna' 6-max Seat #1 is the button
Seat 1: NLXXX1980 ($223.18 in chips)
Seat 2: sinsadir ($120 in chips)
NLXXX1980: posts small blind $1
sinsadir: posts big blind $3
*** HOLE CARDS ***
NLXXX1980: raises $3 to $6
VolkovDmitri leaves the table
sinsadir: calls $3
*** FLOP *** [4c 5d 3h]
sinsadir: checks
NLXXX1980: bets $3
sinsadir: calls $3
*** TURN *** [4c 5d 3h] [Jd]
sinsadir: checks
NLXXX1980: checks
*** RIVER *** [4c 5d 3h Jd] [8c]
sinsadir: checks
NLXXX1980: bets $6
sinsadir: folds
Uncalled bet ($6) returned to NLXXX1980
NLXXX1980 collected $17.64 from pot
*** SUMMARY ***
Total pot $18 | Rake $0.36
Board [4c 5d 3h Jd 8c]
Seat 1: NLXXX1980 (button) (small blind) collected ($17.64)
Seat 2: sinsadir (big blind) folded on the River


PokerStars Hand #160690536574:  Hold'em Limit ($3/$6 USD) - 2016/10/31 9:21:15 ET
Table 'Iduna' 6-max Seat #4 is the button
Seat 1: NLXXX1980 ($247.18 in chips)
Seat 4: VolkovDmitri ($120 in chips)
VolkovDmitri: posts small blind $1
NLXXX1980: posts big blind $3
*** HOLE CARDS ***
VolkovDmitri: raises $3 to $6
NLXXX1980: calls $3
*** FLOP *** [Ks 4d 8d]
NLXXX1980: checks
VolkovDmitri: bets $3
NLXXX1980: raises $3 to $6
sinsadir joins the table at seat #2
VolkovDmitri: calls $3
*** TURN *** [Ks 4d 8d] [Th]
NLXXX1980: bets $6
VolkovDmitri: calls $6
*** RIVER *** [Ks 4d 8d Th] [Td]
NLXXX1980: bets $6
VolkovDmitri: raises $6 to $12
NLXXX1980: folds
Uncalled bet ($6) returned to VolkovDmitri
VolkovDmitri collected $47.50 from pot
VolkovDmitri: doesn't show hand
*** SUMMARY ***
Total pot $48 | Rake $0.50
Board [Ks 4d 8d Th Td]
Seat 1: NLXXX1980 (big blind) folded on the River
Seat 4: VolkovDmitri (button) (small blind) collected ($47.50)


PokerStars Hand #160690594111:  Hold'em Limit ($3/$6 USD) - 2016/10/31 9:22:56 ET
Table 'Iduna' 6-max Seat #1 is the button
Seat 1: NLXXX1980 ($225.82 in chips)
Seat 2: sinsadir ($116.76 in chips)
NLXXX1980: posts small blind $1
sinsadir: posts big blind $3
*** HOLE CARDS ***
NLXXX1980: calls $2
sinsadir: checks
*** FLOP *** [2h 7c 5d]
sinsadir: checks
NLXXX1980: bets $3
sinsadir: raises $3 to $6
NLXXX1980: calls $3
*** TURN *** [2h 7c 5d] [Ad]
sinsadir: checks
NLXXX1980: checks
*** RIVER *** [2h 7c 5d Ad] [3c]
sinsadir: checks
NLXXX1980: checks
*** SHOW DOWN ***
sinsadir: shows [5c Th] (a pair of Fives)
NLXXX1980: mucks hand
sinsadir collected $17.64 from pot
*** SUMMARY ***
Total pot $18 | Rake $0.36
Board [2h 7c 5d Ad 3c]
Seat 1: NLXXX1980 (button) (small blind) mucked
Seat 2: sinsadir (big blind) showed [5c Th] and won ($17.64) with a pair of Fives


PokerStars Hand #160690583303:  Hold'em Limit ($3/$6 USD) - 2016/10/31 9:22:37 ET
Table 'Iduna' 6-max Seat #2 is the button
Seat 1: NLXXX1980 ($231.82 in chips)
Seat 2: sinsadir ($111 in chips)
sinsadir: posts small blind $1
NLXXX1980: posts big blind $3
*** HOLE CARDS ***
sinsadir: raises $3 to $6
NLXXX1980: calls $3
*** FLOP *** [8c 6c 9h]
NLXXX1980: checks
sinsadir: bets $3
NLXXX1980: folds
Uncalled bet ($3) returned to sinsadir
sinsadir collected $11.76 from pot
sinsadir: doesn't show hand
*** SUMMARY ***
Total pot $12 | Rake $0.24
Board [8c 6c 9h]
Seat 1: NLXXX1980 (big blind) folded on the Flop
Seat 2: sinsadir (button) (small blind) collected ($11.76)


PokerStars Hand #160690613799:  Hold'em Limit ($3/$6 USD) - 2016/10/31 9:23:31 ET
Table 'Iduna' 6-max Seat #2 is the button
Seat 1: NLXXX1980 ($216.82 in chips)
Seat 2: sinsadir ($125.40 in chips)
sinsadir: posts small blind $1
NLXXX1980: posts big blind $3
*** HOLE CARDS ***
sinsadir: raises $3 to $6
NLXXX1980: calls $3
*** FLOP *** [8s 9s Kh]
NLXXX1980: checks
sinsadir: bets $3
NLXXX1980: calls $3
*** TURN *** [8s 9s Kh] [Th]
NLXXX1980: checks
sinsadir: bets $6
NLXXX1980: calls $6
*** RIVER *** [8s 9s Kh Th] [Kd]
NLXXX1980: checks
sinsadir: checks
*** SHOW DOWN ***
NLXXX1980: shows [6c Td] (two pair, Kings and Tens)
sinsadir: mucks hand
NLXXX1980 collected $29.50 from pot
*** SUMMARY ***
Total pot $30 | Rake $0.50
Board [8s 9s Kh Th Kd]
Seat 1: NLXXX1980 (big blind) showed [6c Td] and won ($29.50) with two pair, Kings and Tens
Seat 2: sinsadir (button) (small blind) mucked


PokerStars Hand #160690660695:  Hold'em Limit ($3/$6 USD) - 2016/10/31 9:24:53 ET
Table 'Iduna' 6-max Seat #1 is the button
Seat 1: NLXXX1980 ($231.20 in chips)
Seat 2: sinsadir ($110.40 in chips)
NLXXX1980: posts small blind $1
sinsadir: posts big blind $3
*** HOLE CARDS ***
NLXXX1980: calls $2
sinsadir: raises $3 to $6
NLXXX1980: calls $3
*** FLOP *** [2s 2c 6s]
sinsadir: checks
NLXXX1980: checks
*** TURN *** [2s 2c 6s] [9h]
sinsadir: bets $6
NLXXX1980: folds
Uncalled bet ($6) returned to sinsadir
sinsadir collected $11.76 from pot
sinsadir: doesn't show hand
*** SUMMARY ***
Total pot $12 | Rake $0.24
Board [2s 2c 6s 9h]
Seat 1: NLXXX1980 (button) (small blind) folded on the Turn
Seat 2: sinsadir (big blind) collected ($11.76)


PokerStars Hand #160690655008:  Hold'em Limit ($3/$6 USD) - 2016/10/31 9:24:43 ET
Table 'Iduna' 6-max Seat #2 is the button
Seat 1: NLXXX1980 ($234.20 in chips)
Seat 2: sinsadir ($107.40 in chips)
sinsadir: posts small blind $1
NLXXX1980: posts big blind $3
*** HOLE CARDS ***
sinsadir: raises $3 to $6
NLXXX1980: folds
Uncalled bet ($3) returned to sinsadir
sinsadir collected $6 from pot
sinsadir: doesn't show hand
*** SUMMARY ***
Total pot $6 | Rake $0
Seat 1: NLXXX1980 (big blind) folded before Flop
Seat 2: sinsadir (button) (small blind) collected ($6)


PokerStars Hand #160690640093:  Hold'em Limit ($3/$6 USD) - 2016/10/31 9:24:17 ET
Table 'Iduna' 6-max Seat #1 is the button
Seat 1: NLXXX1980 ($231.32 in chips)
Seat 2: sinsadir ($110.40 in chips)
NLXXX1980: posts small blind $1
sinsadir: posts big blind $3
*** HOLE CARDS ***
NLXXX1980: calls $2
sinsadir: checks
*** FLOP *** [3d Js 5s]
sinsadir: checks
NLXXX1980: bets $3
sinsadir: folds
Uncalled bet ($3) returned to NLXXX1980
NLXXX1980 collected $5.88 from pot
*** SUMMARY ***
Total pot $6 | Rake $0.12
Board [3d Js 5s]
Seat 1: NLXXX1980 (button) (small blind) collected ($5.88)
Seat 2: sinsadir (big blind) folded on the Flop


PokerStars Hand #160690703995:  Hold'em Limit ($3/$6 USD) - 2016/10/31 9:26:09 ET
Table 'Iduna' 6-max Seat #2 is the button
Seat 1: NLXXX1980 ($192.20 in chips)
Seat 2: sinsadir ($148.16 in chips)
sinsadir: posts small blind $1
NLXXX1980: posts big blind $3
*** HOLE CARDS ***
sinsadir: raises $3 to $6
NLXXX1980: calls $3
*** FLOP *** [As 9h 2c]
NLXXX1980: checks
sinsadir: bets $3
NLXXX1980: calls $3
*** TURN *** [As 9h 2c] [4h]
NLXXX1980: checks
sinsadir: checks
*** RIVER *** [As 9h 2c 4h] [7s]
NLXXX1980: bets $6
sinsadir: folds
Uncalled bet ($6) returned to NLXXX1980
NLXXX1980 collected $17.64 from pot
*** SUMMARY ***
Total pot $18 | Rake $0.36
Board [As 9h 2c 4h 7s]
Seat 1: NLXXX1980 (big blind) collected ($17.64)
Seat 2: sinsadir (button) (small blind) folded on the River


PokerStars Hand #160690694177:  Hold'em Limit ($3/$6 USD) - 2016/10/31 9:25:52 ET
Table 'Iduna' 6-max Seat #1 is the button
Seat 1: NLXXX1980 ($210.20 in chips)
Seat 2: sinsadir ($130.66 in chips)
NLXXX1980: posts small blind $1
sinsadir: posts big blind $3
*** HOLE CARDS ***
NLXXX1980: raises $3 to $6
sinsadir: raises $3 to $9
NLXXX1980: calls $3
*** FLOP *** [4h As Qc]
sinsadir: bets $3
NLXXX1980: calls $3
*** TURN *** [4h As Qc] [8d]
sinsadir: bets $6
NLXXX1980: calls $6
*** RIVER *** [4h As Qc 8d] [6h]
sinsadir: bets $6
NLXXX1980: folds
Uncalled bet ($6) returned to sinsadir
sinsadir collected $35.50 from pot
sinsadir: doesn't show hand
*** SUMMARY ***
Total pot $36 | Rake $0.50
Board [4h As Qc 8d 6h]
Seat 1: NLXXX1980 (button) (small blind) folded on the River
Seat 2: sinsadir (big blind) collected ($35.50)


PokerStars Hand #160690679526:  Hold'em Limit ($3/$6 USD) - 2016/10/31 9:25:26 ET
Table 'Iduna' 6-max Seat #2 is the button
Seat 1: NLXXX1980 ($225.20 in chips)
Seat 2: sinsadir ($116.16 in chips)
sinsadir: posts small blind $1
NLXXX1980: posts big blind $3
*** HOLE CARDS ***
sinsadir: raises $3 to $6
NLXXX1980: calls $3
*** FLOP *** [Qd Jd Ks]
NLXXX1980: checks
sinsadir: bets $3
NLXXX1980: calls $3
*** TURN *** [Qd Jd Ks] [3s]
NLXXX1980: checks
sinsadir: bets $6
NLXXX1980: calls $6
*** RIVER *** [Qd Jd Ks 3s] [5h]
NLXXX1980: checks
sinsadir: bets $6
NLXXX1980: folds
Uncalled bet ($6) returned to sinsadir
sinsadir collected $29.50 from pot
sinsadir: doesn't show hand
*** SUMMARY ***
Total pot $30 | Rake $0.50
Board [Qd Jd Ks 3s 5h]
Seat 1: NLXXX1980 (big blind) folded on the River
Seat 2: sinsadir (button) (small blind) collected ($29.50)


PokerStars Hand #160690729867:  Hold'em Limit ($3/$6 USD) - 2016/10/31 9:26:55 ET
Table 'Iduna' 6-max Seat #2 is the button
Seat 1: NLXXX1980 ($194.84 in chips)
Seat 2: sinsadir ($144.92 in chips)
sinsadir: posts small blind $1
NLXXX1980: posts big blind $3
*** HOLE CARDS ***
sinsadir: raises $3 to $6
NLXXX1980: calls $3
*** FLOP *** [3h Ad 9s]
NLXXX1980: checks
sinsadir: bets $3
NLXXX1980: calls $3
*** TURN *** [3h Ad 9s] [8d]
NLXXX1980: checks
sinsadir: bets $6
NLXXX1980: raises $6 to $12
sinsadir: folds
Uncalled bet ($6) returned to NLXXX1980
NLXXX1980 collected $29.50 from pot
*** SUMMARY ***
Total pot $30 | Rake $0.50
Board [3h Ad 9s 8d]
Seat 1: NLXXX1980 (big blind) collected ($29.50)
Seat 2: sinsadir (button) (small blind) folded on the Turn


PokerStars Hand #160690719495:  Hold'em Limit ($3/$6 USD) - 2016/10/31 9:26:36 ET
Table 'Iduna' 6-max Seat #1 is the button
Seat 1: NLXXX1980 ($200.84 in chips)
Seat 2: sinsadir ($139.16 in chips)
NLXXX1980: posts small blind $1
sinsadir: posts big blind $3
*** HOLE CARDS ***
NLXXX1980: calls $2
sinsadir: raises $3 to $6
NLXXX1980: calls $3
*** FLOP *** [8c 6s Th]
sinsadir: bets $3
NLXXX1980: folds
Uncalled bet ($3) returned to sinsadir
sinsadir collected $11.76 from pot
sinsadir: doesn't show hand
*** SUMMARY ***
Total pot $12 | Rake $0.24
Board [8c 6s Th]
Seat 1: NLXXX1980 (button) (small blind) folded on the Flop
Seat 2: sinsadir (big blind) collected ($11.76)


PokerStars Hand #160690768423:  Hold'em Limit ($3/$6 USD) - 2016/10/31 9:28:03 ET
Table 'Iduna' 6-max Seat #2 is the button
Seat 1: NLXXX1980 ($220.74 in chips)
Seat 2: sinsadir ($117.92 in chips)
sinsadir: posts small blind $1
NLXXX1980: posts big blind $3
*** HOLE CARDS ***
sinsadir: raises $3 to $6
NLXXX1980: calls $3
*** FLOP *** [9d Jh 5s]
NLXXX1980: checks
sinsadir: bets $3
NLXXX1980: folds
Uncalled bet ($3) returned to sinsadir
sinsadir collected $11.76 from pot
sinsadir: doesn't show hand
*** SUMMARY ***
Total pot $12 | Rake $0.24
Board [9d Jh 5s]
Seat 1: NLXXX1980 (big blind) folded on the Flop
Seat 2: sinsadir (button) (small blind) collected ($11.76)


PokerStars Hand #160690762629:  Hold'em Limit ($3/$6 USD) - 2016/10/31 9:27:52 ET
Table 'Iduna' 6-max Seat #1 is the button
Seat 1: NLXXX1980 ($214.98 in chips)
Seat 2: sinsadir ($123.92 in chips)
NLXXX1980: posts small blind $1
sinsadir: posts big blind $3
*** HOLE CARDS ***
NLXXX1980: raises $3 to $6
sinsadir: calls $3
*** FLOP *** [Js 8s Kd]
sinsadir: checks
NLXXX1980: bets $3
sinsadir: folds
Uncalled bet ($3) returned to NLXXX1980
NLXXX1980 collected $11.76 from pot
*** SUMMARY ***
Total pot $12 | Rake $0.24
Board [Js 8s Kd]
Seat 1: NLXXX1980 (button) (small blind) collected ($11.76)
Seat 2: sinsadir (big blind) folded on the Flop


PokerStars Hand #160690759019:  Hold'em Limit ($3/$6 USD) - 2016/10/31 9:27:46 ET
Table 'Iduna' 6-max Seat #2 is the button
Seat 1: NLXXX1980 ($217.98 in chips)
Seat 2: sinsadir ($120.92 in chips)
sinsadir: posts small blind $1
NLXXX1980: posts big blind $3
*** HOLE CARDS ***
sinsadir: raises $3 to $6
NLXXX1980: folds
Uncalled bet ($3) returned to sinsadir
sinsadir collected $6 from pot
sinsadir: doesn't show hand
*** SUMMARY ***
Total pot $6 | Rake $0
Seat 1: NLXXX1980 (big blind) folded before Flop
Seat 2: sinsadir (button) (small blind) collected ($6)


PokerStars Hand #160690743695:  Hold'em Limit ($3/$6 USD) - 2016/10/31 9:27:19 ET
Table 'Iduna' 6-max Seat #1 is the button
Seat 1: NLXXX1980 ($209.34 in chips)
Seat 2: sinsadir ($129.92 in chips)
NLXXX1980: posts small blind $1
sinsadir: posts big blind $3
*** HOLE CARDS ***
NLXXX1980: calls $2
sinsadir: checks
*** FLOP *** [4d Ah Qc]
sinsadir: checks
NLXXX1980: checks
*** TURN *** [4d Ah Qc] [3d]
sinsadir: checks
NLXXX1980: bets $6
sinsadir: calls $6
*** RIVER *** [4d Ah Qc 3d] [5c]
sinsadir: checks
NLXXX1980: bets $6
sinsadir: folds
Uncalled bet ($6) returned to NLXXX1980
NLXXX1980 collected $17.64 from pot
NLXXX1980: shows [Jd 9c] (high card Ace)
*** SUMMARY ***
Total pot $18 | Rake $0.36
Board [4d Ah Qc 3d 5c]
Seat 1: NLXXX1980 (button) (small blind) collected ($17.64)
Seat 2: sinsadir (big blind) folded on the River


PokerStars Hand #160690799198:  Hold'em Limit ($3/$6 USD) - 2016/10/31 9:28:57 ET
Table 'Iduna' 6-max Seat #2 is the button
Seat 1: NLXXX1980 ($199.74 in chips)
Seat 2: sinsadir ($138.18 in chips)
sinsadir: posts small blind $1
NLXXX1980: posts big blind $3
*** HOLE CARDS ***
sinsadir: raises $3 to $6
NLXXX1980: calls $3
*** FLOP *** [4d 5h Qs]
NLXXX1980: checks
sinsadir: bets $3
NLXXX1980: raises $3 to $6
sinsadir: calls $3
*** TURN *** [4d 5h Qs] [Ah]
NLXXX1980: checks
sinsadir: checks
*** RIVER *** [4d 5h Qs Ah] [3s]
NLXXX1980: checks
sinsadir: bets $6
NLXXX1980: folds
Uncalled bet ($6) returned to sinsadir
sinsadir collected $23.52 from pot
sinsadir: doesn't show hand
*** SUMMARY ***
Total pot $24 | Rake $0.48
Board [4d 5h Qs Ah 3s]
Seat 1: NLXXX1980 (big blind) folded on the River
Seat 2: sinsadir (button) (small blind) collected ($23.52)


PokerStars Hand #160690774731:  Hold'em Limit ($3/$6 USD) - 2016/10/31 9:28:14 ET
Table 'Iduna' 6-max Seat #1 is the button
Seat 1: NLXXX1980 ($214.74 in chips)
Seat 2: sinsadir ($123.68 in chips)
NLXXX1980: posts small blind $1
sinsadir: posts big blind $3
*** HOLE CARDS ***
NLXXX1980: calls $2
sinsadir: raises $3 to $6
NLXXX1980: calls $3
*** FLOP *** [6h Td Ac]
sinsadir: bets $3
NLXXX1980: calls $3
*** TURN *** [6h Td Ac] [7d]
sinsadir: bets $6
NLXXX1980: calls $6
*** RIVER *** [6h Td Ac 7d] [Ts]
sinsadir: bets $6
NLXXX1980: folds
Uncalled bet ($6) returned to sinsadir
sinsadir collected $29.50 from pot
sinsadir: doesn't show hand
*** SUMMARY ***
Total pot $30 | Rake $0.50
Board [6h Td Ac 7d Ts]
Seat 1: NLXXX1980 (button) (small blind) folded on the River
Seat 2: sinsadir (big blind) collected ($29.50)


PokerStars Hand #160690830792:  Hold'em Limit ($3/$6 USD) - 2016/10/31 9:29:52 ET
Table 'Iduna' 6-max Seat #2 is the button
Seat 1: NLXXX1980 ($190.62 in chips)
Seat 2: sinsadir ($146.70 in chips)
sinsadir: posts small blind $1
NLXXX1980: posts big blind $3
*** HOLE CARDS ***
sinsadir: raises $3 to $6
Zubasa07 joins the table at seat #3
NLXXX1980: raises $3 to $9
sinsadir: calls $3
*** FLOP *** [2d Ts Ad]
NLXXX1980: checks
sinsadir: bets $3
NLXXX1980: calls $3
*** TURN *** [2d Ts Ad] [8c]
NLXXX1980: checks
sinsadir: checks
*** RIVER *** [2d Ts Ad 8c] [Ah]
NLXXX1980: checks
sinsadir: checks
*** SHOW DOWN ***
NLXXX1980: shows [4c 4h] (two pair, Aces and Fours)
sinsadir: shows [5s 8h] (two pair, Aces and Eights)
sinsadir collected $23.52 from pot
*** SUMMARY ***
Total pot $24 | Rake $0.48
Board [2d Ts Ad 8c Ah]
Seat 1: NLXXX1980 (big blind) showed [4c 4h] and lost with two pair, Aces and Fours
Seat 2: sinsadir (button) (small blind) showed [5s 8h] and won ($23.52) with two pair, Aces and Eights


PokerStars Hand #160690819620:  Hold'em Limit ($3/$6 USD) - 2016/10/31 9:29:33 ET
Table 'Iduna' 6-max Seat #1 is the button
Seat 1: NLXXX1980 ($187.74 in chips)
Seat 2: sinsadir ($149.70 in chips)
NLXXX1980: posts small blind $1
sinsadir: posts big blind $3
*** HOLE CARDS ***
NLXXX1980: calls $2
sinsadir: checks
*** FLOP *** [4d Jc 3c]
sinsadir: checks
NLXXX1980: bets $3
sinsadir: folds
Uncalled bet ($3) returned to NLXXX1980
NLXXX1980 collected $5.88 from pot
*** SUMMARY ***
Total pot $6 | Rake $0.12
Board [4d Jc 3c]
Seat 1: NLXXX1980 (button) (small blind) collected ($5.88)
Seat 2: sinsadir (big blind) folded on the Flop


PokerStars Hand #160690848435:  Hold'em Limit ($3/$6 USD) - 2016/10/31 9:30:23 ET
Table 'Iduna' 6-max Seat #1 is the button
Seat 1: NLXXX1980 ($178.62 in chips)
Seat 2: sinsadir ($158.22 in chips)
NLXXX1980: posts small blind $1
sinsadir: posts big blind $3
*** HOLE CARDS ***
NLXXX1980: calls $2
sinsadir: checks
*** FLOP *** [3h 4d Qc]
sinsadir: checks
NLXXX1980: bets $3
sinsadir: folds
Uncalled bet ($3) returned to NLXXX1980
NLXXX1980 collected $5.88 from pot
*** SUMMARY ***
Total pot $6 | Rake $0.12
Board [3h 4d Qc]
Seat 1: NLXXX1980 (button) (small blind) collected ($5.88)
Seat 2: sinsadir (big blind) folded on the Flop


PokerStars Hand #160692651513:  Hold'em Limit ($3/$6 USD) - 2016/10/31 10:21:38 ET
Table 'Iduna' 6-max Seat #6 is the button
Seat 5: Krazy90 ($120 in chips)
Seat 6: hamsa222 ($136.10 in chips)
hamsa222 is disconnected
hamsa222 is connected
hamsa222: posts small blind $1
zizonmusang: is sitting out
Krazy90: posts big blind $3
*** HOLE CARDS ***
hamsa222: calls $2
Krazy90: raises $3 to $6
hamsa222: calls $3
*** FLOP *** [Qs 7d Js]
Krazy90: bets $3
hamsa222: folds
Uncalled bet ($3) returned to Krazy90
Krazy90 collected $11.76 from pot
Krazy90: doesn't show hand
*** SUMMARY ***
Total pot $12 | Rake $0.24
Board [Qs 7d Js]
Seat 5: Krazy90 (big blind) collected ($11.76)
Seat 6: hamsa222 (button) (small blind) folded on the Flop


PokerStars Hand #160692701088:  Hold'em Limit ($3/$6 USD) - 2016/10/31 10:23:02 ET
Table 'Iduna' 6-max Seat #6 is the button
Seat 5: Krazy90 ($140.26 in chips)
Seat 6: hamsa222 ($115.10 in chips)
hamsa222: posts small blind $1
Krazy90: posts big blind $3
*** HOLE CARDS ***
hamsa222: folds
Uncalled bet ($2) returned to Krazy90
Krazy90 collected $2 from pot
Krazy90: doesn't show hand
*** SUMMARY ***
Total pot $2 | Rake $0
Seat 5: Krazy90 (big blind) collected ($2)
Seat 6: hamsa222 (button) (small blind) folded before Flop


PokerStars Hand #160692684404:  Hold'em Limit ($3/$6 USD) - 2016/10/31 10:22:34 ET
Table 'Iduna' 6-max Seat #5 is the button
Seat 5: Krazy90 ($125.76 in chips)
Seat 6: hamsa222 ($130.10 in chips)
Krazy90: posts small blind $1
hamsa222: posts big blind $3
*** HOLE CARDS ***
Krazy90: raises $3 to $6
hamsa222: calls $3
*** FLOP *** [4h 7h 6s]
hamsa222: checks
Krazy90: bets $3
hamsa222: calls $3
*** TURN *** [4h 7h 6s] [7c]
hamsa222: checks
Krazy90: bets $6
hamsa222: calls $6
*** RIVER *** [4h 7h 6s 7c] [8d]
hamsa222: checks
Krazy90: bets $6
hamsa222: folds
Uncalled bet ($6) returned to Krazy90
Krazy90 collected $29.50 from pot
Krazy90: doesn't show hand
*** SUMMARY ***
Total pot $30 | Rake $0.50
Board [4h 7h 6s 7c 8d]
Seat 5: Krazy90 (button) (small blind) collected ($29.50)
Seat 6: hamsa222 (big blind) folded on the River


PokerStars Hand #160692730477:  Hold'em Limit ($3/$6 USD) - 2016/10/31 10:23:52 ET
Table 'Iduna' 6-max Seat #2 is the button
Seat 2: kdcl ($24 in chips)
Seat 5: Krazy90 ($147.02 in chips)
kdcl: posts small blind $1
Krazy90: posts big blind $3
*** HOLE CARDS ***
kdcl: raises $3 to $6
Krazy90: calls $3
*** FLOP *** [7d 7h 9h]
Krazy90: checks
kdcl: bets $3
melyh82 joins the table at seat #6
Krazy90: folds
Uncalled bet ($3) returned to kdcl
kdcl collected $11.76 from pot
*** SUMMARY ***
Total pot $12 | Rake $0.24
Board [7d 7h 9h]
Seat 2: kdcl (button) (small blind) collected ($11.76)
Seat 5: Krazy90 (big blind) folded on the Flop


PokerStars Hand #160692709975:  Hold'em Limit ($3/$6 USD) - 2016/10/31 10:23:17 ET
Table 'Iduna' 6-max Seat #5 is the button
Seat 2: kdcl ($30 in chips)
Seat 5: Krazy90 ($141.26 in chips)
Krazy90: posts small blind $1
kdcl: posts big blind $3
*** HOLE CARDS ***
Krazy90: raises $3 to $6
kdcl: calls $3
*** FLOP *** [7s 2d Qc]
kdcl: checks
zizonmusang leaves the table
Krazy90: checks
*** TURN *** [7s 2d Qc] [6c]
kdcl: checks
Krazy90: bets $6
kdcl: folds
Uncalled bet ($6) returned to Krazy90
Krazy90 collected $11.76 from pot
Krazy90: doesn't show hand
*** SUMMARY ***
Total pot $12 | Rake $0.24
Board [7s 2d Qc 6c]
Seat 2: kdcl (big blind) folded on the Turn
Seat 5: Krazy90 (button) (small blind) collected ($11.76)


PokerStars Hand #160693042686:  Hold'em Limit ($3/$6 USD) - 2016/10/31 10:32:37 ET
Table 'Iduna' 6-max Seat #5 is the button
Seat 5: Krazy90 ($120 in chips)
Seat 6: melyh82 ($103.42 in chips)
Krazy90: posts small blind $1
melyh82: posts big blind $3
*** HOLE CARDS ***
Krazy90: raises $3 to $6
melyh82: folds
Uncalled bet ($3) returned to Krazy90
Krazy90 collected $6 from pot
Krazy90: doesn't show hand
*** SUMMARY ***
Total pot $6 | Rake $0
Seat 5: Krazy90 (button) (small blind) collected ($6)
Seat 6: melyh82 (big blind) folded before Flop


PokerStars Hand #160693031230:  Hold'em Limit ($3/$6 USD) - 2016/10/31 10:32:18 ET
Table 'Iduna' 6-max Seat #6 is the button
Seat 5: Krazy90 ($125.51 in chips)
Seat 6: melyh82 ($97.66 in chips)
melyh82: posts small blind $1
zizonmusang: is sitting out
Krazy90: posts big blind $3
*** HOLE CARDS ***
melyh82: raises $3 to $6
Krazy90: calls $3
*** FLOP *** [3h 8h Qs]
Krazy90: checks
melyh82: checks
*** TURN *** [3h 8h Qs] [Ks]
Krazy90: checks
melyh82: bets $6
Krazy90: folds
Uncalled bet ($6) returned to melyh82
melyh82 collected $11.76 from pot
melyh82: doesn't show hand
*** SUMMARY ***
Total pot $12 | Rake $0.24
Board [3h 8h Qs Ks]
Seat 5: Krazy90 (big blind) folded on the Turn
Seat 6: melyh82 (button) (small blind) collected ($11.76)


PokerStars Hand #160693076355:  Hold'em Limit ($3/$6 USD) - 2016/10/31 10:33:34 ET
Table 'Iduna' 6-max Seat #6 is the button
Seat 5: Krazy90 ($122.50 in chips)
Seat 6: melyh82 ($99.92 in chips)
melyh82: posts small blind $1
Krazy90: posts big blind $3
*** HOLE CARDS ***
melyh82: raises $3 to $6
Krazy90: folds
Uncalled bet ($3) returned to melyh82
melyh82 collected $6 from pot
melyh82: doesn't show hand
*** SUMMARY ***
Total pot $6 | Rake $0
Seat 5: Krazy90 (big blind) folded before Flop
Seat 6: melyh82 (button) (small blind) collected ($6)


PokerStars Hand #160693059912:  Hold'em Limit ($3/$6 USD) - 2016/10/31 10:33:06 ET
Table 'Iduna' 6-max Seat #5 is the button
Seat 5: Krazy90 ($137.50 in chips)
Seat 6: melyh82 ($85.42 in chips)
Krazy90: posts small blind $1
melyh82: posts big blind $3
*** HOLE CARDS ***
Krazy90: raises $3 to $6
melyh82: calls $3
*** FLOP *** [Ah Qs 8d]
melyh82: checks
Krazy90: bets $3
melyh82: calls $3
*** TURN *** [Ah Qs 8d] [6d]
melyh82: checks
Krazy90: bets $6
melyh82: calls $6
*** RIVER *** [Ah Qs 8d 6d] [Qc]
melyh82: checks
Krazy90: checks
*** SHOW DOWN ***
melyh82: shows [3d Qd] (three of a kind, Queens)
Krazy90: mucks hand
melyh82 collected $29.50 from pot
*** SUMMARY ***
Total pot $30 | Rake $0.50
Board [Ah Qs 8d 6d Qc]
Seat 5: Krazy90 (button) (small blind) mucked
Seat 6: melyh82 (big blind) showed [3d Qd] and won ($29.50) with three of a kind, Queens


PokerStars Hand #160693047174:  Hold'em Limit ($3/$6 USD) - 2016/10/31 10:32:45 ET
Table 'Iduna' 6-max Seat #6 is the button
Seat 5: Krazy90 ($123 in chips)
Seat 6: melyh82 ($100.42 in chips)
melyh82: posts small blind $1
Krazy90: posts big blind $3
*** HOLE CARDS ***
melyh82: raises $3 to $6
Krazy90: calls $3
*** FLOP *** [3d 4h Ah]
Krazy90: checks
melyh82: bets $3
Krazy90: raises $3 to $6
melyh82: raises $3 to $9
Krazy90: calls $3
*** TURN *** [3d 4h Ah] [Ts]
Krazy90: checks
melyh82: checks
*** RIVER *** [3d 4h Ah Ts] [9c]
Krazy90: bets $6
melyh82: folds
Uncalled bet ($6) returned to Krazy90
Krazy90 collected $29.50 from pot
Krazy90: doesn't show hand
*** SUMMARY ***
Total pot $30 | Rake $0.50
Board [3d 4h Ah Ts 9c]
Seat 5: Krazy90 (big blind) collected ($29.50)
Seat 6: melyh82 (button) (small blind) folded on the River


PokerStars Hand #160693110228:  Hold'em Limit ($3/$6 USD) - 2016/10/31 10:34:30 ET
Table 'Iduna' 6-max Seat #5 is the button
Seat 5: Krazy90 ($158.50 in chips)
Seat 6: melyh82 ($63.92 in chips)
Krazy90: posts small blind $1
melyh82: posts big blind $3
*** HOLE CARDS ***
Krazy90: raises $3 to $6
melyh82: calls $3
*** FLOP *** [5h 3c 5d]
melyh82: checks
Krazy90: bets $3
melyh82: calls $3
*** TURN *** [5h 3c 5d] [6h]
melyh82: checks
Krazy90: checks
*** RIVER *** [5h 3c 5d 6h] [4h]
melyh82: bets $6
Krazy90: folds
Uncalled bet ($6) returned to melyh82
melyh82 collected $17.64 from pot
melyh82: doesn't show hand
*** SUMMARY ***
Total pot $18 | Rake $0.36
Board [5h 3c 5d 6h 4h]
Seat 5: Krazy90 (button) (small blind) folded on the River
Seat 6: melyh82 (big blind) collected ($17.64)


PokerStars Hand #160693092144:  Hold'em Limit ($3/$6 USD) - 2016/10/31 10:34:00 ET
Table 'Iduna' 6-max Seat #6 is the button
Seat 5: Krazy90 ($123 in chips)
Seat 6: melyh82 ($99.92 in chips)
melyh82: posts small blind $1
Krazy90: posts big blind $3
*** HOLE CARDS ***
melyh82: raises $3 to $6
Krazy90: calls $3
*** FLOP *** [6c 2c 8s]
Krazy90: checks
melyh82: bets $3
Krazy90: raises $3 to $6
melyh82: calls $3
*** TURN *** [6c 2c 8s] [7s]
Krazy90: bets $6
melyh82: raises $6 to $12
Krazy90: raises $6 to $18
melyh82: calls $6
*** RIVER *** [6c 2c 8s 7s] [Jc]
zizonmusang leaves the table
Krazy90: bets $6
melyh82: calls $6
*** SHOW DOWN ***
Krazy90: shows [5h 4s] (a straight, Four to Eight)
melyh82: mucks hand
Krazy90 collected $71.50 from pot
*** SUMMARY ***
Total pot $72 | Rake $0.50
Board [6c 2c 8s 7s Jc]
Seat 5: Krazy90 (big blind) showed [5h 4s] and won ($71.50) with a straight, Four to Eight
Seat 6: melyh82 (button) (small blind) mucked


PokerStars Hand #160693084564:  Hold'em Limit ($3/$6 USD) - 2016/10/31 10:33:47 ET
Table 'Iduna' 6-max Seat #5 is the button
Seat 5: Krazy90 ($120 in chips)
Seat 6: melyh82 ($102.92 in chips)
Krazy90: posts small blind $1
melyh82: posts big blind $3
*** HOLE CARDS ***
Krazy90: raises $3 to $6
melyh82: folds
Uncalled bet ($3) returned to Krazy90
Krazy90 collected $6 from pot
Krazy90: doesn't show hand
*** SUMMARY ***
Total pot $6 | Rake $0
Seat 5: Krazy90 (button) (small blind) collected ($6)
Seat 6: melyh82 (big blind) folded before Flop


PokerStars Hand #160693139626:  Hold'em Limit ($3/$6 USD) - 2016/10/31 10:35:18 ET
Table 'Iduna' 6-max Seat #5 is the button
Seat 5: Krazy90 ($122.50 in chips)
Seat 6: melyh82 ($99.06 in chips)
Krazy90: posts small blind $1
melyh82: posts big blind $3
*** HOLE CARDS ***
Krazy90: raises $3 to $6
melyh82: calls $3
*** FLOP *** [6h 6s 3h]
melyh82: checks
Krazy90: bets $3
melyh82: calls $3
*** TURN *** [6h 6s 3h] [As]
melyh82: checks
Krazy90: bets $6
melyh82: raises $6 to $12
Krazy90: calls $6
*** RIVER *** [6h 6s 3h As] [8s]
melyh82: checks
Krazy90: checks
*** SHOW DOWN ***
melyh82: shows [8h 7h] (two pair, Eights and Sixes)
Krazy90: shows [9h Ah] (two pair, Aces and Sixes)
Krazy90 collected $41.50 from pot
*** SUMMARY ***
Total pot $42 | Rake $0.50
Board [6h 6s 3h As 8s]
Seat 5: Krazy90 (button) (small blind) showed [9h Ah] and won ($41.50) with two pair, Aces and Sixes
Seat 6: melyh82 (big blind) showed [8h 7h] and lost with two pair, Eights and Sixes


PokerStars Hand #160693119758:  Hold'em Limit ($3/$6 USD) - 2016/10/31 10:34:45 ET
Table 'Iduna' 6-max Seat #6 is the button
Seat 5: Krazy90 ($149.50 in chips)
Seat 6: melyh82 ($72.56 in chips)
melyh82: posts small blind $1
Krazy90: posts big blind $3
*** HOLE CARDS ***
melyh82: raises $3 to $6
Krazy90: calls $3
*** FLOP *** [8c Kh Qs]
Krazy90: checks
melyh82: bets $3
Krazy90: calls $3
*** TURN *** [8c Kh Qs] [Qc]
Krazy90: checks
melyh82: bets $6
Krazy90: raises $6 to $12
melyh82: calls $6
*** RIVER *** [8c Kh Qs Qc] [8s]
Krazy90: bets $6
melyh82: raises $6 to $12
Krazy90: folds
Uncalled bet ($6) returned to melyh82
melyh82 collected $53.50 from pot
melyh82: doesn't show hand
*** SUMMARY ***
Total pot $54 | Rake $0.50
Board [8c Kh Qs Qc 8s]
Seat 5: Krazy90 (big blind) folded on the River
Seat 6: melyh82 (button) (small blind) collected ($53.50)


PokerStars Hand #160693157905:  Hold'em Limit ($3/$6 USD) - 2016/10/31 10:35:49 ET
Table 'Iduna' 6-max Seat #6 is the button
Seat 5: Krazy90 ($143 in chips)
Seat 6: melyh82 ($78.06 in chips)
melyh82: posts small blind $1
Krazy90: posts big blind $3
*** HOLE CARDS ***
melyh82: raises $3 to $6
Krazy90: calls $3
*** FLOP *** [8s Js 9c]
Krazy90: checks
melyh82: checks
*** TURN *** [8s Js 9c] [3s]
Krazy90: checks
melyh82: checks
*** RIVER *** [8s Js 9c 3s] [Ac]
Krazy90: checks
melyh82: checks
*** SHOW DOWN ***
Krazy90: shows [6h 5c] (high card Ace)
melyh82: shows [7c 7d] (a pair of Sevens)
melyh82 collected $11.76 from pot
*** SUMMARY ***
Total pot $12 | Rake $0.24
Board [8s Js 9c 3s Ac]
Seat 5: Krazy90 (big blind) showed [6h 5c] and lost with high card Ace
Seat 6: melyh82 (button) (small blind) showed [7c 7d] and won ($11.76) with a pair of Sevens


PokerStars Hand #160693172854:  Hold'em Limit ($3/$6 USD) - 2016/10/31 10:36:14 ET
Table 'Iduna' 6-max Seat #5 is the button
Seat 5: Krazy90 ($137 in chips)
Seat 6: melyh82 ($83.82 in chips)
Krazy90: posts small blind $1
melyh82: posts big blind $3
*** HOLE CARDS ***
Krazy90: raises $3 to $6
melyh82: calls $3
*** FLOP *** [Qs 8c 2d]
melyh82: checks
Krazy90: bets $3
melyh82: calls $3
*** TURN *** [Qs 8c 2d] [2h]
melyh82: checks
Krazy90: checks
*** RIVER *** [Qs 8c 2d 2h] [5c]
melyh82: bets $6
Krazy90: calls $6
*** SHOW DOWN ***
melyh82: shows [8s Qc] (two pair, Queens and Eights)
Krazy90: mucks hand
melyh82 collected $29.50 from pot
*** SUMMARY ***
Total pot $30 | Rake $0.50
Board [Qs 8c 2d 2h 5c]
Seat 5: Krazy90 (button) (small blind) mucked
Seat 6: melyh82 (big blind) showed [8s Qc] and won ($29.50) with two pair, Queens and Eights


PokerStars Hand #160693198681:  Hold'em Limit ($3/$6 USD) - 2016/10/31 10:36:57 ET
Table 'Iduna' 6-max Seat #6 is the button
Seat 5: Krazy90 ($122 in chips)
Seat 6: melyh82 ($98.32 in chips)
melyh82: posts small blind $1
Krazy90: posts big blind $3
*** HOLE CARDS ***
melyh82: raises $3 to $6
Krazy90: calls $3
*** FLOP *** [5d 8d Ks]
Krazy90: checks
melyh82: bets $3
Krazy90: folds
Uncalled bet ($3) returned to melyh82
melyh82 collected $11.76 from pot
melyh82: doesn't show hand
*** SUMMARY ***
Total pot $12 | Rake $0.24
Board [5d 8d Ks]
Seat 5: Krazy90 (big blind) folded on the Flop
Seat 6: melyh82 (button) (small blind) collected ($11.76)


PokerStars Hand #160693206302:  Hold'em Limit ($3/$6 USD) - 2016/10/31 10:37:09 ET
Table 'Iduna' 6-max Seat #5 is the button
Seat 5: Krazy90 ($120 in chips)
Seat 6: melyh82 ($104.08 in chips)
Krazy90: posts small blind $1
melyh82: posts big blind $3
*** HOLE CARDS ***
Krazy90: folds
Uncalled bet ($2) returned to melyh82
melyh82 collected $2 from pot
melyh82: doesn't show hand
*** SUMMARY ***
Total pot $2 | Rake $0
Seat 5: Krazy90 (button) (small blind) folded before Flop
Seat 6: melyh82 (big blind) collected ($2)


PokerStars Hand #160693209455:  Hold'em Limit ($3/$6 USD) - 2016/10/31 10:37:14 ET
Table 'Iduna' 6-max Seat #6 is the button
Seat 5: Krazy90 ($120 in chips)
Seat 6: melyh82 ($105.08 in chips)
melyh82: posts small blind $1
Krazy90: posts big blind $3
*** HOLE CARDS ***
melyh82: raises $3 to $6
Krazy90: calls $3
*** FLOP *** [5s Jd 3s]
Krazy90: checks
melyh82: bets $3
Krazy90: folds
Uncalled bet ($3) returned to melyh82
melyh82 collected $11.76 from pot
melyh82: doesn't show hand
*** SUMMARY ***
Total pot $12 | Rake $0.24
Board [5s Jd 3s]
Seat 5: Krazy90 (big blind) folded on the Flop
Seat 6: melyh82 (button) (small blind) collected ($11.76)


PokerStars Hand #160693221998:  Hold'em Limit ($3/$6 USD) - 2016/10/31 10:37:35 ET
Table 'Iduna' 6-max Seat #5 is the button
Seat 5: Krazy90 ($120 in chips)
Seat 6: melyh82 ($110.84 in chips)
Krazy90: posts small blind $1
melyh82: posts big blind $3
*** HOLE CARDS ***
Krazy90: raises $3 to $6
melyh82: calls $3
*** FLOP *** [7c 3d Jc]
melyh82: bets $3
Krazy90: calls $3
*** TURN *** [7c 3d Jc] [Ts]
melyh82: checks
Krazy90: bets $6
melyh82: folds
Uncalled bet ($6) returned to Krazy90
Krazy90 collected $17.64 from pot
Krazy90: doesn't show hand
*** SUMMARY ***
Total pot $18 | Rake $0.36
Board [7c 3d Jc Ts]
Seat 5: Krazy90 (button) (small blind) collected ($17.64)
Seat 6: melyh82 (big blind) folded on the Turn


PokerStars Hand #160693242972:  Hold'em Limit ($3/$6 USD) - 2016/10/31 10:38:10 ET
Table 'Iduna' 6-max Seat #5 is the button
Seat 5: Krazy90 ($122.64 in chips)
Seat 6: melyh82 ($107.60 in chips)
Krazy90: posts small blind $1
olech1515 joins the table at seat #1
melyh82: posts big blind $3
*** HOLE CARDS ***
Krazy90: folds
Uncalled bet ($2) returned to melyh82
melyh82 collected $2 from pot
melyh82: doesn't show hand
*** SUMMARY ***
Total pot $2 | Rake $0
Seat 5: Krazy90 (button) (small blind) folded before Flop
Seat 6: melyh82 (big blind) collected ($2)


PokerStars Hand #160693236481:  Hold'em Limit ($3/$6 USD) - 2016/10/31 10:37:59 ET
Table 'Iduna' 6-max Seat #6 is the button
Seat 5: Krazy90 ($128.64 in chips)
Seat 6: melyh82 ($101.84 in chips)
melyh82: posts small blind $1
Krazy90: posts big blind $3
*** HOLE CARDS ***
melyh82: raises $3 to $6
Krazy90: calls $3
*** FLOP *** [Tc 6c 9s]
Krazy90: checks
melyh82: bets $3
Krazy90: folds
Uncalled bet ($3) returned to melyh82
melyh82 collected $11.76 from pot
melyh82: doesn't show hand
*** SUMMARY ***
Total pot $12 | Rake $0.24
Board [Tc 6c 9s]
Seat 5: Krazy90 (big blind) folded on the Flop
Seat 6: melyh82 (button) (small blind) collected ($11.76)


PokerStars Hand #160693562914:  Hold'em Limit ($3/$6 USD) - 2016/10/31 10:46:54 ET
Table 'Iduna' 6-max Seat #6 is the button
Seat 5: Krazy90 ($141.19 in chips)
Seat 6: melyh82 ($141.51 in chips)
melyh82: posts small blind $1
Krazy90: posts big blind $3
*** HOLE CARDS ***
melyh82: raises $3 to $6
Krazy90: calls $3
*** FLOP *** [4h Td 9d]
Krazy90: checks
melyh82: bets $3
Krazy90: calls $3
*** TURN *** [4h Td 9d] [6d]
Krazy90: checks
melyh82: bets $6
Krazy90: calls $6
*** RIVER *** [4h Td 9d 6d] [Ts]
Krazy90: checks
melyh82: bets $6
Krazy90: calls $6
*** SHOW DOWN ***
melyh82: shows [Tc 9c] (a full house, Tens full of Nines)
Krazy90: mucks hand
melyh82 collected $41.50 from pot
*** SUMMARY ***
Total pot $42 | Rake $0.50
Board [4h Td 9d 6d Ts]
Seat 5: Krazy90 (big blind) mucked
Seat 6: melyh82 (button) (small blind) showed [Tc 9c] and won ($41.50) with a full house, Tens full of Nines


PokerStars Hand #160693580551:  Hold'em Limit ($3/$6 USD) - 2016/10/31 10:47:22 ET
Table 'Iduna' 6-max Seat #5 is the button
Seat 5: Krazy90 ($120.19 in chips)
Seat 6: melyh82 ($162.01 in chips)
Krazy90: posts small blind $1
melyh82: posts big blind $3
*** HOLE CARDS ***
Krazy90: raises $3 to $6
melyh82: calls $3
*** FLOP *** [9s 3h 2h]
melyh82: checks
Krazy90: checks
*** TURN *** [9s 3h 2h] [Ah]
melyh82: checks
Krazy90: bets $6
melyh82: raises $6 to $12
Krazy90: folds
Uncalled bet ($6) returned to melyh82
melyh82 collected $23.52 from pot
melyh82: doesn't show hand
*** SUMMARY ***
Total pot $24 | Rake $0.48
Board [9s 3h 2h Ah]
Seat 5: Krazy90 (button) (small blind) folded on the Turn
Seat 6: melyh82 (big blind) collected ($23.52)


PokerStars Hand #160693595301:  Hold'em Limit ($3/$6 USD) - 2016/10/31 10:47:47 ET
Table 'Iduna' 6-max Seat #6 is the button
Seat 5: Krazy90 ($120 in chips)
Seat 6: melyh82 ($173.53 in chips)
melyh82: posts small blind $1
Krazy90: posts big blind $3
*** HOLE CARDS ***
melyh82: folds
Uncalled bet ($2) returned to Krazy90
Krazy90 collected $2 from pot
Krazy90: doesn't show hand
*** SUMMARY ***
Total pot $2 | Rake $0
Seat 5: Krazy90 (big blind) collected ($2)
Seat 6: melyh82 (button) (small blind) folded before Flop


PokerStars Hand #160693600457:  Hold'em Limit ($3/$6 USD) - 2016/10/31 10:47:55 ET
Table 'Iduna' 6-max Seat #5 is the button
Seat 5: Krazy90 ($121 in chips)
Seat 6: melyh82 ($172.53 in chips)
Krazy90: posts small blind $1
melyh82: posts big blind $3
*** HOLE CARDS ***
Krazy90: raises $3 to $6
melyh82: folds
Uncalled bet ($3) returned to Krazy90
Krazy90 collected $6 from pot
Krazy90: doesn't show hand
*** SUMMARY ***
Total pot $6 | Rake $0
Seat 5: Krazy90 (button) (small blind) collected ($6)
Seat 6: melyh82 (big blind) folded before Flop


PokerStars Hand #160693604372:  Hold'em Limit ($3/$6 USD) - 2016/10/31 10:48:02 ET
Table 'Iduna' 6-max Seat #6 is the button
Seat 5: Krazy90 ($124 in chips)
Seat 6: melyh82 ($169.53 in chips)
melyh82: posts small blind $1
Krazy90: posts big blind $3
*** HOLE CARDS ***
melyh82: raises $3 to $6
Krazy90: calls $3
*** FLOP *** [6d Tc 9s]
Krazy90: checks
melyh82: bets $3
Krazy90: folds
Uncalled bet ($3) returned to melyh82
melyh82 collected $11.76 from pot
melyh82: doesn't show hand
*** SUMMARY ***
Total pot $12 | Rake $0.24
Board [6d Tc 9s]
Seat 5: Krazy90 (big blind) folded on the Flop
Seat 6: melyh82 (button) (small blind) collected ($11.76)


PokerStars Hand #160693616582:  Hold'em Limit ($3/$6 USD) - 2016/10/31 10:48:21 ET
Table 'Iduna' 6-max Seat #6 is the button
Seat 5: Krazy90 ($120 in chips)
Seat 6: melyh82 ($176.29 in chips)
melyh82: posts small blind $1
Krazy90: posts big blind $3
*** HOLE CARDS ***
melyh82: folds
Uncalled bet ($2) returned to Krazy90
Krazy90 collected $2 from pot
Krazy90: doesn't show hand
*** SUMMARY ***
Total pot $2 | Rake $0
Seat 5: Krazy90 (big blind) collected ($2)
Seat 6: melyh82 (button) (small blind) folded before Flop


PokerStars Hand #160693613722:  Hold'em Limit ($3/$6 USD) - 2016/10/31 10:48:17 ET
Table 'Iduna' 6-max Seat #5 is the button
Seat 5: Krazy90 ($120 in chips)
Seat 6: melyh82 ($175.29 in chips)
Krazy90: posts small blind $1
melyh82: posts big blind $3
*** HOLE CARDS ***
Krazy90: folds
Uncalled bet ($2) returned to melyh82
melyh82 collected $2 from pot
melyh82: doesn't show hand
*** SUMMARY ***
Total pot $2 | Rake $0
Seat 5: Krazy90 (button) (small blind) folded before Flop
Seat 6: melyh82 (big blind) collected ($2)


PokerStars Hand #160693621134:  Hold'em Limit ($3/$6 USD) - 2016/10/31 10:48:29 ET
Table 'Iduna' 6-max Seat #5 is the button
Seat 5: Krazy90 ($121 in chips)
Seat 6: melyh82 ($175.29 in chips)
Krazy90: posts small blind $1
melyh82: posts big blind $3
*** HOLE CARDS ***
Krazy90: raises $3 to $6
melyh82: folds
Uncalled bet ($3) returned to Krazy90
Krazy90 collected $6 from pot
Krazy90: doesn't show hand
*** SUMMARY ***
Total pot $6 | Rake $0
Seat 5: Krazy90 (button) (small blind) collected ($6)
Seat 6: melyh82 (big blind) folded before Flop


PokerStars Hand #160693631634:  Hold'em Limit ($3/$6 USD) - 2016/10/31 10:48:46 ET
Table 'Iduna' 6-max Seat #5 is the button
Seat 5: Krazy90 ($132.64 in chips)
Seat 6: melyh82 ($163.29 in chips)
Krazy90: posts small blind $1
melyh82: posts big blind $3
*** HOLE CARDS ***
Krazy90: folds
Uncalled bet ($2) returned to melyh82
baur017017 joins the table at seat #3
melyh82 collected $2 from pot
melyh82: doesn't show hand
*** SUMMARY ***
Total pot $2 | Rake $0
Seat 5: Krazy90 (button) (small blind) folded before Flop
Seat 6: melyh82 (big blind) collected ($2)


PokerStars Hand #160693624604:  Hold'em Limit ($3/$6 USD) - 2016/10/31 10:48:34 ET
Table 'Iduna' 6-max Seat #6 is the button
Seat 5: Krazy90 ($124 in chips)
Seat 6: melyh82 ($172.29 in chips)
melyh82: posts small blind $1
Krazy90: posts big blind $3
*** HOLE CARDS ***
melyh82: raises $3 to $6
Krazy90: raises $3 to $9
melyh82: calls $3
*** FLOP *** [Ac Ts Kh]
Krazy90: bets $3
melyh82: folds
Uncalled bet ($3) returned to Krazy90
Krazy90 collected $17.64 from pot
Krazy90: doesn't show hand
*** SUMMARY ***
Total pot $18 | Rake $0.36
Board [Ac Ts Kh]
Seat 5: Krazy90 (big blind) collected ($17.64)
Seat 6: melyh82 (button) (small blind) folded on the Flop


PokerStars Hand #160694423874:  Hold'em Limit ($3/$6 USD) - 2016/10/31 11:10:30 ET
Table 'Iduna' 6-max Seat #2 is the button
Seat 2: kolaz03 ($72 in chips)
Seat 6: melyh82 ($164.79 in chips)
kolaz03: posts small blind $1
Psynto: is sitting out
fire852181 was removed from the table for failing to post
melyh82: posts big blind $3
*** HOLE CARDS ***
kolaz03: raises $3 to $6
melyh82: calls $3
*** FLOP *** [Jh 3c 2h]
Psynto leaves the table
melyh82: checks
kolaz03: bets $3
melyh82: calls $3
*** TURN *** [Jh 3c 2h] [8h]
melyh82: checks
kolaz03: bets $6
melyh82: folds
Uncalled bet ($6) returned to kolaz03
kolaz03 collected $17.64 from pot
kolaz03: doesn't show hand
*** SUMMARY ***
Total pot $18 | Rake $0.36
Board [Jh 3c 2h 8h]
Seat 2: kolaz03 (button) (small blind) collected ($17.64)
Seat 6: melyh82 (big blind) folded on the Turn


PokerStars Hand #160694447134:  Hold'em Limit ($3/$6 USD) - 2016/10/31 11:11:07 ET
Table 'Iduna' 6-max Seat #6 is the button
Seat 2: kolaz03 ($80.64 in chips)
Seat 6: melyh82 ($155.79 in chips)
melyh82: posts small blind $1
kolaz03: posts big blind $3
*** HOLE CARDS ***
melyh82: raises $3 to $6
kolaz03: calls $3
*** FLOP *** [6s 9c 3h]
kolaz03: checks
Psynto joins the table at seat #3
melyh82: bets $3
kolaz03: folds
Uncalled bet ($3) returned to melyh82
melyh82 collected $11.76 from pot
melyh82: doesn't show hand
*** SUMMARY ***
Total pot $12 | Rake $0.24
Board [6s 9c 3h]
Seat 2: kolaz03 (big blind) folded on the Flop
Seat 6: melyh82 (button) (small blind) collected ($11.76)


PokerStars Hand #160695998717:  Hold'em Limit ($3/$6 USD) - 2016/10/31 11:50:31 ET
Table 'Iduna' 6-max Seat #2 is the button
Seat 2: Psynto ($113.74 in chips)
Seat 4: logikos22 ($135.95 in chips)
mk882 will be allowed to play after the button
Psynto: posts small blind $1
zizonmusang: is sitting out
logikos22: posts big blind $3
*** HOLE CARDS ***
Psynto: raises $3 to $6
logikos22: folds
Uncalled bet ($3) returned to Psynto
Psynto collected $6 from pot
Psynto: doesn't show hand
*** SUMMARY ***
Total pot $6 | Rake $0
Seat 2: Psynto (button) (small blind) collected ($6)
Seat 4: logikos22 (big blind) folded before Flop


PokerStars Hand #160696103302:  Hold'em Limit ($3/$6 USD) - 2016/10/31 11:53:06 ET
Table 'Iduna' 6-max Seat #6 is the button
Seat 2: Psynto ($97.20 in chips)
Seat 6: mk882 ($79.41 in chips)
mk882: posts small blind $1
yoyoma7777: is sitting out
Psynto: posts big blind $3
*** HOLE CARDS ***
mk882: raises $3 to $6
mk882 said, "wow"
Psynto: folds
Uncalled bet ($3) returned to mk882
mk882 collected $6 from pot
mk882: doesn't show hand
*** SUMMARY ***
Total pot $6 | Rake $0
Seat 2: Psynto (big blind) folded before Flop
Seat 6: mk882 (button) (small blind) collected ($6)


PokerStars Hand #160698770928:  Hold'em Limit ($3/$6 USD) - 2016/10/31 12:55:36 ET
Table 'Iduna' 6-max Seat #2 is the button
Seat 2: jackRizzar ($170.35 in chips)
Seat 6: LolDnkaments ($203.32 in chips)
jackRizzar: posts small blind $1
LolDnkaments: posts big blind $3
*** HOLE CARDS ***
jackRizzar: folds
Uncalled bet ($2) returned to LolDnkaments
GrumpyGonzo leaves the table
LolDnkaments collected $2 from pot
LolDnkaments: doesn't show hand
*** SUMMARY ***
Total pot $2 | Rake $0
Seat 2: jackRizzar (button) (small blind) folded before Flop
Seat 6: LolDnkaments (big blind) collected ($2)


PokerStars Hand #160698763083:  Hold'em Limit ($3/$6 USD) - 2016/10/31 12:55:23 ET
Table 'Iduna' 6-max Seat #6 is the button
Seat 2: jackRizzar ($173.35 in chips)
Seat 6: LolDnkaments ($200.32 in chips)
zizonmusang will be allowed to play after the button
LolDnkaments: posts small blind $1
GrumpyGonzo: is sitting out
jackRizzar: posts big blind $3
*** HOLE CARDS ***
LolDnkaments: raises $3 to $6
jackRizzar: folds
Uncalled bet ($3) returned to LolDnkaments
LolDnkaments collected $6 from pot
LolDnkaments: doesn't show hand
zizonmusang leaves the table
*** SUMMARY ***
Total pot $6 | Rake $0
Seat 2: jackRizzar (big blind) folded before Flop
Seat 6: LolDnkaments (button) (small blind) collected ($6)


