PokerStars Hand #159775428792:  Hold'em Limit ($3/$6 USD) - 2016/10/11 6:18:21 ET
Table 'Iguassu' 6-max Seat #1 is the button
Seat 1: kekjg ($120 in chips)
Seat 4: Actionni13 ($150 in chips)
kekjg: posts small blind $1
Actionni13: posts big blind $3
*** HOLE CARDS ***
kekjg: folds
Uncalled bet ($2) returned to Actionni13
Actionni13 collected $2 from pot
Actionni13: doesn't show hand
*** SUMMARY ***
Total pot $2 | Rake $0
Seat 1: kekjg (button) (small blind) folded before Flop
Seat 4: Actionni13 (big blind) collected ($2)


PokerStars Hand #159775432059:  Hold'em Limit ($3/$6 USD) - 2016/10/11 6:18:29 ET
Table 'Iguassu' 6-max Seat #4 is the button
Seat 1: kekjg ($119 in chips)
Seat 4: Actionni13 ($151 in chips)
Actionni13: posts small blind $1
kekjg: posts big blind $3
*** HOLE CARDS ***
Actionni13: raises $3 to $6
xRauIx joins the table at seat #2
kekjg: raises $3 to $9
Actionni13: calls $3
*** FLOP *** [5s Js 2s]
kekjg: bets $3
Actionni13: calls $3
*** TURN *** [5s Js 2s] [5d]
kekjg: bets $6
Actionni13: calls $6
*** RIVER *** [5s Js 2s 5d] [Qd]
kekjg: bets $6
Actionni13: folds
Uncalled bet ($6) returned to kekjg
kekjg collected $35.50 from pot
*** SUMMARY ***
Total pot $36 | Rake $0.50
Board [5s Js 2s 5d Qd]
Seat 1: kekjg (big blind) collected ($35.50)
Seat 4: Actionni13 (button) (small blind) folded on the River


