PokerStars Hand #166844550314:  Hold'em Limit ($3/$6 USD) - 2017/02/27 6:48:01 ET
Table 'Iguassu' 6-max Seat #4 is the button
Seat 1: japachess ($94.52 in chips)
Seat 4: Agrotait ($66.76 in chips)
Agrotait: posts small blind $1
japachess: posts big blind $3
*** HOLE CARDS ***
Agrotait: raises $3 to $6
japachess: raises $3 to $9
Agrotait: calls $3
*** FLOP *** [2h 5d 8d]
japachess: bets $3
Agrotait: calls $3
*** TURN *** [2h 5d 8d] [Td]
japachess: bets $6
Agrotait: folds
Uncalled bet ($6) returned to japachess
japachess collected $23.52 from pot
japachess: doesn't show hand
*** SUMMARY ***
Total pot $24 | Rake $0.48
Board [2h 5d 8d Td]
Seat 1: japachess (big blind) collected ($23.52)
Seat 4: Agrotait (button) (small blind) folded on the Turn


PokerStars Hand #166844560467:  Hold'em Limit ($3/$6 USD) - 2017/02/27 6:48:22 ET
Table 'Iguassu' 6-max Seat #1 is the button
Seat 1: japachess ($106.04 in chips)
Seat 4: Agrotait ($72 in chips)
japachess: posts small blind $1
Agrotait: posts big blind $3
*** HOLE CARDS ***
japachess: raises $3 to $6
Agrotait: calls $3
*** FLOP *** [8h Js Qc]
Agrotait: checks
japachess: checks
*** TURN *** [8h Js Qc] [Ad]
Agrotait: checks
japachess: checks
*** RIVER *** [8h Js Qc Ad] [8s]
Agrotait: checks
japachess: checks
*** SHOW DOWN ***
Agrotait: shows [5h 7d] (a pair of Eights)
japachess: shows [Kh 2c] (a pair of Eights - Ace+King kicker)
japachess collected $11.76 from pot
*** SUMMARY ***
Total pot $12 | Rake $0.24
Board [8h Js Qc Ad 8s]
Seat 1: japachess (button) (small blind) showed [Kh 2c] and won ($11.76) with a pair of Eights
Seat 4: Agrotait (big blind) showed [5h 7d] and lost with a pair of Eights


PokerStars Hand #166844573844:  Hold'em Limit ($3/$6 USD) - 2017/02/27 6:48:50 ET
Table 'Iguassu' 6-max Seat #4 is the button
Seat 1: japachess ($111.80 in chips)
Seat 4: Agrotait ($66 in chips)
Agrotait: posts small blind $1
japachess: posts big blind $3
*** HOLE CARDS ***
Agrotait: raises $3 to $6
japachess: calls $3
*** FLOP *** [8d Th 5s]
japachess: checks
Agrotait: bets $3
japachess: calls $3
*** TURN *** [8d Th 5s] [Tc]
japachess: checks
Agrotait: bets $6
japachess: folds
Uncalled bet ($6) returned to Agrotait
Agrotait collected $17.64 from pot
Agrotait: doesn't show hand
*** SUMMARY ***
Total pot $18 | Rake $0.36
Board [8d Th 5s Tc]
Seat 1: japachess (big blind) folded on the Turn
Seat 4: Agrotait (button) (small blind) collected ($17.64)


PokerStars Hand #166844582230:  Hold'em Limit ($3/$6 USD) - 2017/02/27 6:49:07 ET
Table 'Iguassu' 6-max Seat #1 is the button
Seat 1: japachess ($102.80 in chips)
Seat 4: Agrotait ($74.64 in chips)
japachess: posts small blind $1
Agrotait: posts big blind $3
*** HOLE CARDS ***
japachess: raises $3 to $6
Agrotait: raises $3 to $9
japachess: calls $3
*** FLOP *** [Th 5c 7s]
Agrotait: bets $3
japachess: calls $3
*** TURN *** [Th 5c 7s] [8s]
Agrotait: checks
japachess: bets $6
Agrotait: calls $6
*** RIVER *** [Th 5c 7s 8s] [Jc]
Agrotait: checks
japachess: checks
*** SHOW DOWN ***
Agrotait: shows [As Qd] (high card Ace)
japachess: shows [Kh 7d] (a pair of Sevens)
japachess collected $35.50 from pot
*** SUMMARY ***
Total pot $36 | Rake $0.50
Board [Th 5c 7s 8s Jc]
Seat 1: japachess (button) (small blind) showed [Kh 7d] and won ($35.50) with a pair of Sevens
Seat 4: Agrotait (big blind) showed [As Qd] and lost with high card Ace


PokerStars Hand #166844608930:  Hold'em Limit ($3/$6 USD) - 2017/02/27 6:50:04 ET
Table 'Iguassu' 6-max Seat #1 is the button
Seat 1: japachess ($137.80 in chips)
Seat 4: Agrotait ($72 in chips)
japachess: posts small blind $1
Agrotait: posts big blind $3
*** HOLE CARDS ***
japachess: raises $3 to $6
Agrotait: calls $3
*** FLOP *** [4c Jh 8s]
Agrotait: checks
japachess: bets $3
Agrotait: raises $3 to $6
japachess: calls $3
*** TURN *** [4c Jh 8s] [9s]
Agrotait: bets $6
japachess: calls $6
*** RIVER *** [4c Jh 8s 9s] [5h]
Agrotait: bets $6
japachess: folds [Ah 7d]
Uncalled bet ($6) returned to Agrotait
Agrotait collected $35.50 from pot
Agrotait: doesn't show hand
*** SUMMARY ***
Total pot $36 | Rake $0.50
Board [4c Jh 8s 9s 5h]
Seat 1: japachess (button) (small blind) folded on the River
Seat 4: Agrotait (big blind) collected ($35.50)


PokerStars Hand #166844591474:  Hold'em Limit ($3/$6 USD) - 2017/02/27 6:49:27 ET
Table 'Iguassu' 6-max Seat #4 is the button
Seat 1: japachess ($120.30 in chips)
Seat 4: Agrotait ($72 in chips)
Agrotait: posts small blind $1
japachess: posts big blind $3
*** HOLE CARDS ***
Agrotait: raises $3 to $6
japachess: raises $3 to $9
Agrotait: calls $3
*** FLOP *** [Th 7s 9s]
japachess: bets $3
Agrotait: calls $3
*** TURN *** [Th 7s 9s] [7d]
japachess: bets $6
Agrotait: calls $6
*** RIVER *** [Th 7s 9s 7d] [Qs]
japachess: checks
Agrotait: checks
*** SHOW DOWN ***
japachess: shows [Jd Js] (two pair, Jacks and Sevens)
Agrotait: mucks hand
japachess collected $35.50 from pot
*** SUMMARY ***
Total pot $36 | Rake $0.50
Board [Th 7s 9s 7d Qs]
Seat 1: japachess (big blind) showed [Jd Js] and won ($35.50) with two pair, Jacks and Sevens
Seat 4: Agrotait (button) (small blind) mucked


PokerStars Hand #166844644310:  Hold'em Limit ($3/$6 USD) - 2017/02/27 6:51:19 ET
Table 'Iguassu' 6-max Seat #4 is the button
Seat 1: japachess ($120.44 in chips)
Seat 4: Agrotait ($88.26 in chips)
Agrotait: posts small blind $1
japachess: posts big blind $3
*** HOLE CARDS ***
Agrotait: raises $3 to $6
japachess: raises $3 to $9
Agrotait: calls $3
*** FLOP *** [Td Js Ad]
japachess: bets $3
Agrotait: calls $3
*** TURN *** [Td Js Ad] [Ah]
japachess: bets $6
Agrotait: calls $6
*** RIVER *** [Td Js Ad Ah] [7d]
japachess: bets $6
Agrotait: raises $6 to $12
japachess: calls $6
*** SHOW DOWN ***
Agrotait: shows [Ac 7c] (a full house, Aces full of Sevens)
japachess: mucks hand
Agrotait collected $59.50 from pot
*** SUMMARY ***
Total pot $60 | Rake $0.50
Board [Td Js Ad Ah 7d]
Seat 1: japachess (big blind) mucked
Seat 4: Agrotait (button) (small blind) showed [Ac 7c] and won ($59.50) with a full house, Aces full of Sevens


PokerStars Hand #166844637171:  Hold'em Limit ($3/$6 USD) - 2017/02/27 6:51:04 ET
Table 'Iguassu' 6-max Seat #4 is the button
Seat 1: japachess ($127.44 in chips)
Seat 4: Agrotait ($81.50 in chips)
Agrotait: posts small blind $1
japachess: posts big blind $3
*** HOLE CARDS ***
Agrotait: raises $3 to $6
japachess: calls $3
*** FLOP *** [6h 9d As]
japachess: checks
Agrotait: bets $3
japachess: folds
Uncalled bet ($3) returned to Agrotait
Agrotait collected $11.76 from pot
Agrotait: doesn't show hand
*** SUMMARY ***
Total pot $12 | Rake $0.24
Board [6h 9d As]
Seat 1: japachess (big blind) folded on the Flop
Seat 4: Agrotait (button) (small blind) collected ($11.76)


PokerStars Hand #166844634887:  Hold'em Limit ($3/$6 USD) - 2017/02/27 6:50:59 ET
Table 'Iguassu' 6-max Seat #1 is the button
Seat 1: japachess ($128.44 in chips)
Seat 4: Agrotait ($80.50 in chips)
japachess: posts small blind $1
Agrotait: posts big blind $3
*** HOLE CARDS ***
japachess: folds
Uncalled bet ($2) returned to Agrotait
Agrotait collected $2 from pot
Agrotait: doesn't show hand
*** SUMMARY ***
Total pot $2 | Rake $0
Seat 1: japachess (button) (small blind) folded before Flop
Seat 4: Agrotait (big blind) collected ($2)


PokerStars Hand #166844623802:  Hold'em Limit ($3/$6 USD) - 2017/02/27 6:50:35 ET
Table 'Iguassu' 6-max Seat #4 is the button
Seat 1: japachess ($119.80 in chips)
Seat 4: Agrotait ($89.50 in chips)
Agrotait: posts small blind $1
japachess: posts big blind $3
*** HOLE CARDS ***
Agrotait: raises $3 to $6
japachess: raises $3 to $9
Agrotait: calls $3
*** FLOP *** [9c 5d Ah]
japachess: bets $3
Agrotait: folds
Uncalled bet ($3) returned to japachess
japachess collected $17.64 from pot
japachess: doesn't show hand
*** SUMMARY ***
Total pot $18 | Rake $0.36
Board [9c 5d Ah]
Seat 1: japachess (big blind) collected ($17.64)
Seat 4: Agrotait (button) (small blind) folded on the Flop


PokerStars Hand #166844653176:  Hold'em Limit ($3/$6 USD) - 2017/02/27 6:51:37 ET
Table 'Iguassu' 6-max Seat #1 is the button
Seat 1: japachess ($90.44 in chips)
Seat 4: Agrotait ($117.76 in chips)
japachess: posts small blind $1
Agrotait: posts big blind $3
*** HOLE CARDS ***
japachess: raises $3 to $6
Agrotait: calls $3
*** FLOP *** [4h 3h 9h]
Agrotait: bets $3
japachess: calls $3
*** TURN *** [4h 3h 9h] [5c]
Agrotait: bets $6
japachess: raises $6 to $12
Agrotait: calls $6
*** RIVER *** [4h 3h 9h 5c] [2h]
Agrotait: checks
japachess: bets $6
Agrotait: folds
Uncalled bet ($6) returned to japachess
japachess collected $41.50 from pot
japachess: doesn't show hand
*** SUMMARY ***
Total pot $42 | Rake $0.50
Board [4h 3h 9h 5c 2h]
Seat 1: japachess (button) (small blind) collected ($41.50)
Seat 4: Agrotait (big blind) folded on the River


PokerStars Hand #166844667110:  Hold'em Limit ($3/$6 USD) - 2017/02/27 6:52:06 ET
Table 'Iguassu' 6-max Seat #4 is the button
Seat 1: japachess ($110.94 in chips)
Seat 4: Agrotait ($96.76 in chips)
Agrotait: posts small blind $1
japachess: posts big blind $3
*** HOLE CARDS ***
Agrotait: raises $3 to $6
japachess: calls $3
*** FLOP *** [3d Qh 8s]
japachess: checks
Agrotait: bets $3
japachess: calls $3
*** TURN *** [3d Qh 8s] [2h]
japachess: checks
Agrotait: bets $6
japachess: raises $6 to $12
Agrotait: calls $6
*** RIVER *** [3d Qh 8s 2h] [8c]
japachess: bets $6
Agrotait: calls $6
*** SHOW DOWN ***
japachess: shows [Qs Ts] (two pair, Queens and Eights)
Agrotait: mucks hand
japachess collected $53.50 from pot
*** SUMMARY ***
Total pot $54 | Rake $0.50
Board [3d Qh 8s 2h 8c]
Seat 1: japachess (big blind) showed [Qs Ts] and won ($53.50) with two pair, Queens and Eights
Seat 4: Agrotait (button) (small blind) mucked


PokerStars Hand #166844683519:  Hold'em Limit ($3/$6 USD) - 2017/02/27 6:52:41 ET
Table 'Iguassu' 6-max Seat #4 is the button
Seat 1: japachess ($136.44 in chips)
Seat 4: Agrotait ($70.76 in chips)
Agrotait: posts small blind $1
japachess: posts big blind $3
*** HOLE CARDS ***
Agrotait: raises $3 to $6
japachess: raises $3 to $9
Agrotait: calls $3
*** FLOP *** [6c Js 7h]
japachess: bets $3
Agrotait: calls $3
*** TURN *** [6c Js 7h] [Qh]
japachess: bets $6
Agrotait: calls $6
*** RIVER *** [6c Js 7h Qh] [4s]
japachess: bets $6
Agrotait: folds
Uncalled bet ($6) returned to japachess
japachess collected $35.50 from pot
japachess: doesn't show hand
*** SUMMARY ***
Total pot $36 | Rake $0.50
Board [6c Js 7h Qh 4s]
Seat 1: japachess (big blind) collected ($35.50)
Seat 4: Agrotait (button) (small blind) folded on the River


PokerStars Hand #166844709773:  Hold'em Limit ($3/$6 USD) - 2017/02/27 6:53:37 ET
Table 'Iguassu' 6-max Seat #4 is the button
Seat 1: japachess ($139.94 in chips)
Seat 4: Agrotait ($85.52 in chips)
Agrotait: posts small blind $1
japachess: posts big blind $3
*** HOLE CARDS ***
Agrotait: raises $3 to $6
japachess: folds
Uncalled bet ($3) returned to Agrotait
Agrotait collected $6 from pot
Agrotait: doesn't show hand
*** SUMMARY ***
Total pot $6 | Rake $0
Seat 1: japachess (big blind) folded before Flop
Seat 4: Agrotait (button) (small blind) collected ($6)


PokerStars Hand #166844695102:  Hold'em Limit ($3/$6 USD) - 2017/02/27 6:53:06 ET
Table 'Iguassu' 6-max Seat #4 is the button
Seat 1: japachess ($152.94 in chips)
Seat 4: Agrotait ($73 in chips)
Agrotait: posts small blind $1
japachess: posts big blind $3
*** HOLE CARDS ***
Agrotait: raises $3 to $6
japachess: calls $3
*** FLOP *** [2d 5d Js]
japachess: checks
Agrotait: checks
*** TURN *** [2d 5d Js] [Ad]
japachess: bets $6
Agrotait: calls $6
*** RIVER *** [2d 5d Js Ad] [3s]
japachess: checks
Agrotait: bets $6
japachess: folds
Uncalled bet ($6) returned to Agrotait
Agrotait collected $23.52 from pot
Agrotait: doesn't show hand
*** SUMMARY ***
Total pot $24 | Rake $0.48
Board [2d 5d Js Ad 3s]
Seat 1: japachess (big blind) folded on the River
Seat 4: Agrotait (button) (small blind) collected ($23.52)


PokerStars Hand #166844732459:  Hold'em Limit ($3/$6 USD) - 2017/02/27 6:54:24 ET
Table 'Iguassu' 6-max Seat #4 is the button
Seat 1: japachess ($150.44 in chips)
Seat 4: Agrotait ($74.16 in chips)
Agrotait: posts small blind $1
japachess: posts big blind $3
*** HOLE CARDS ***
Agrotait: calls $2
japachess: checks
*** FLOP *** [9s 8d Ts]
japachess: checks
Agrotait: checks
*** TURN *** [9s 8d Ts] [2c]
japachess: bets $6
Agrotait: calls $6
*** RIVER *** [9s 8d Ts 2c] [3s]
japachess: bets $6
krytalex joins the table at seat #2
Agrotait: raises $6 to $12
japachess: calls $6
*** SHOW DOWN ***
Agrotait: shows [9d 3c] (two pair, Nines and Threes)
japachess: shows [7c 6h] (a straight, Six to Ten)
japachess collected $41.50 from pot
*** SUMMARY ***
Total pot $42 | Rake $0.50
Board [9s 8d Ts 2c 3s]
Seat 1: japachess (big blind) showed [7c 6h] and won ($41.50) with a straight, Six to Ten
Seat 4: Agrotait (button) (small blind) showed [9d 3c] and lost with two pair, Nines and Threes


PokerStars Hand #166844722935:  Hold'em Limit ($3/$6 USD) - 2017/02/27 6:54:04 ET
Table 'Iguassu' 6-max Seat #4 is the button
Seat 1: japachess ($127.94 in chips)
Seat 4: Agrotait ($97.16 in chips)
Agrotait: posts small blind $1
japachess: posts big blind $3
*** HOLE CARDS ***
Agrotait: raises $3 to $6
japachess: raises $3 to $9
Agrotait: calls $3
*** FLOP *** [5c 7s Tc]
japachess: bets $3
Agrotait: calls $3
*** TURN *** [5c 7s Tc] [2h]
japachess: bets $6
Agrotait: calls $6
*** RIVER *** [5c 7s Tc 2h] [Kd]
japachess: bets $6
Agrotait: calls $6
*** SHOW DOWN ***
japachess: shows [Th Js] (a pair of Tens)
Agrotait: mucks hand
japachess collected $47.50 from pot
*** SUMMARY ***
Total pot $48 | Rake $0.50
Board [5c 7s Tc 2h Kd]
Seat 1: japachess (big blind) showed [Th Js] and won ($47.50) with a pair of Tens
Seat 4: Agrotait (button) (small blind) mucked


PokerStars Hand #166844713374:  Hold'em Limit ($3/$6 USD) - 2017/02/27 6:53:44 ET
Table 'Iguassu' 6-max Seat #1 is the button
Seat 1: japachess ($136.94 in chips)
Seat 4: Agrotait ($88.52 in chips)
japachess: posts small blind $1
Agrotait: posts big blind $3
*** HOLE CARDS ***
japachess: raises $3 to $6
Agrotait: calls $3
*** FLOP *** [Ac 4h Qc]
Agrotait: checks
japachess: bets $3
Agrotait: raises $3 to $6
japachess: folds
Uncalled bet ($3) returned to Agrotait
Agrotait collected $17.64 from pot
Agrotait: doesn't show hand
*** SUMMARY ***
Total pot $18 | Rake $0.36
Board [Ac 4h Qc]
Seat 1: japachess (button) (small blind) folded on the Flop
Seat 4: Agrotait (big blind) collected ($17.64)


PokerStars Hand #166845001403:  Hold'em Limit ($3/$6 USD) - 2017/02/27 7:04:17 ET
Table 'Iguassu' 6-max Seat #3 is the button
Seat 2: krytalex ($157.46 in chips)
Seat 3: japachess ($73.50 in chips)
japachess: posts small blind $1
krytalex: posts big blind $3
*** HOLE CARDS ***
japachess: raises $3 to $6
krytalex: folds
Uncalled bet ($3) returned to japachess
japachess collected $6 from pot
japachess: doesn't show hand
*** SUMMARY ***
Total pot $6 | Rake $0
Seat 2: krytalex (big blind) folded before Flop
Seat 3: japachess (button) (small blind) collected ($6)


PokerStars Hand #166844989501:  Hold'em Limit ($3/$6 USD) - 2017/02/27 7:03:53 ET
Table 'Iguassu' 6-max Seat #2 is the button
Seat 2: krytalex ($127.96 in chips)
Seat 3: japachess ($103.50 in chips)
krytalex: posts small blind $1
japachess: posts big blind $3
*** HOLE CARDS ***
krytalex: raises $3 to $6
japachess: calls $3
*** FLOP *** [8h Jh Ah]
japachess: checks
krytalex: bets $3
japachess: raises $3 to $6
krytalex: calls $3
*** TURN *** [8h Jh Ah] [6s]
japachess: bets $6
krytalex: raises $6 to $12
japachess: calls $6
*** RIVER *** [8h Jh Ah 6s] [3h]
japachess: bets $6
krytalex: calls $6
*** SHOW DOWN ***
japachess: shows [9d 7c] (high card Ace)
krytalex: shows [Ad Jc] (two pair, Aces and Jacks)
krytalex collected $59.50 from pot
*** SUMMARY ***
Total pot $60 | Rake $0.50
Board [8h Jh Ah 6s 3h]
Seat 2: krytalex (button) (small blind) showed [Ad Jc] and won ($59.50) with two pair, Aces and Jacks
Seat 3: japachess (big blind) showed [9d 7c] and lost with high card Ace


PokerStars Hand #166845011657:  Hold'em Limit ($3/$6 USD) - 2017/02/27 7:04:39 ET
Table 'Iguassu' 6-max Seat #3 is the button
Seat 2: krytalex ($177.96 in chips)
Seat 3: japachess ($52.50 in chips)
japachess: posts small blind $1
krytalex: posts big blind $3
*** HOLE CARDS ***
japachess: raises $3 to $6
krytalex: calls $3
*** FLOP *** [Td 9d As]
krytalex: checks
japachess: bets $3
krytalex: folds
Uncalled bet ($3) returned to japachess
japachess collected $11.76 from pot
japachess: doesn't show hand
*** SUMMARY ***
Total pot $12 | Rake $0.24
Board [Td 9d As]
Seat 2: krytalex (big blind) folded on the Flop
Seat 3: japachess (button) (small blind) collected ($11.76)


PokerStars Hand #166845004274:  Hold'em Limit ($3/$6 USD) - 2017/02/27 7:04:23 ET
Table 'Iguassu' 6-max Seat #2 is the button
Seat 2: krytalex ($154.46 in chips)
Seat 3: japachess ($76.50 in chips)
krytalex: posts small blind $1
japachess: posts big blind $3
*** HOLE CARDS ***
krytalex: raises $3 to $6
japachess: raises $3 to $9
krytalex: calls $3
*** FLOP *** [2s 5h Ks]
japachess: bets $3
krytalex: calls $3
*** TURN *** [2s 5h Ks] [7c]
japachess: bets $6
krytalex: calls $6
*** RIVER *** [2s 5h Ks 7c] [7d]
japachess: bets $6
krytalex: calls $6
*** SHOW DOWN ***
japachess: shows [9c Qc] (a pair of Sevens)
krytalex: shows [5s Qs] (two pair, Sevens and Fives)
krytalex collected $47.50 from pot
*** SUMMARY ***
Total pot $48 | Rake $0.50
Board [2s 5h Ks 7c 7d]
Seat 2: krytalex (button) (small blind) showed [5s Qs] and won ($47.50) with two pair, Sevens and Fives
Seat 3: japachess (big blind) showed [9c Qc] and lost with a pair of Sevens


PokerStars Hand #166845039500:  Hold'em Limit ($3/$6 USD) - 2017/02/27 7:05:36 ET
Table 'Iguassu' 6-max Seat #3 is the button
Seat 2: krytalex ($166.96 in chips)
Seat 3: japachess ($62.90 in chips)
japachess: posts small blind $1
krytalex: posts big blind $3
*** HOLE CARDS ***
japachess: folds
Uncalled bet ($2) returned to krytalex
krytalex collected $2 from pot
*** SUMMARY ***
Total pot $2 | Rake $0
Seat 2: krytalex (big blind) collected ($2)
Seat 3: japachess (button) (small blind) folded before Flop


PokerStars Hand #166845032379:  Hold'em Limit ($3/$6 USD) - 2017/02/27 7:05:21 ET
Table 'Iguassu' 6-max Seat #2 is the button
Seat 2: krytalex ($175.96 in chips)
Seat 3: japachess ($54.26 in chips)
krytalex: posts small blind $1
japachess: posts big blind $3
*** HOLE CARDS ***
krytalex: raises $3 to $6
japachess: raises $3 to $9
krytalex: calls $3
*** FLOP *** [2h 4c Ac]
japachess: bets $3
krytalex: folds
Uncalled bet ($3) returned to japachess
japachess collected $17.64 from pot
japachess: doesn't show hand
*** SUMMARY ***
Total pot $18 | Rake $0.36
Board [2h 4c Ac]
Seat 2: krytalex (button) (small blind) folded on the Flop
Seat 3: japachess (big blind) collected ($17.64)


PokerStars Hand #166845030033:  Hold'em Limit ($3/$6 USD) - 2017/02/27 7:05:17 ET
Table 'Iguassu' 6-max Seat #3 is the button
Seat 2: krytalex ($174.96 in chips)
Seat 3: japachess ($55.26 in chips)
japachess: posts small blind $1
krytalex: posts big blind $3
*** HOLE CARDS ***
japachess: folds
Uncalled bet ($2) returned to krytalex
krytalex collected $2 from pot
*** SUMMARY ***
Total pot $2 | Rake $0
Seat 2: krytalex (big blind) collected ($2)
Seat 3: japachess (button) (small blind) folded before Flop


PokerStars Hand #166845027041:  Hold'em Limit ($3/$6 USD) - 2017/02/27 7:05:10 ET
Table 'Iguassu' 6-max Seat #2 is the button
Seat 2: krytalex ($171.96 in chips)
Seat 3: japachess ($58.26 in chips)
krytalex: posts small blind $1
japachess: posts big blind $3
*** HOLE CARDS ***
krytalex: raises $3 to $6
japachess: folds
Uncalled bet ($3) returned to krytalex
krytalex collected $6 from pot
*** SUMMARY ***
Total pot $6 | Rake $0
Seat 2: krytalex (button) (small blind) collected ($6)
Seat 3: japachess (big blind) folded before Flop


PokerStars Hand #166845024639:  Hold'em Limit ($3/$6 USD) - 2017/02/27 7:05:05 ET
Table 'Iguassu' 6-max Seat #3 is the button
Seat 2: krytalex ($170.96 in chips)
Seat 3: japachess ($59.26 in chips)
japachess: posts small blind $1
krytalex: posts big blind $3
*** HOLE CARDS ***
japachess: folds
Uncalled bet ($2) returned to krytalex
krytalex collected $2 from pot
*** SUMMARY ***
Total pot $2 | Rake $0
Seat 2: krytalex (big blind) collected ($2)
Seat 3: japachess (button) (small blind) folded before Flop


PokerStars Hand #166845017122:  Hold'em Limit ($3/$6 USD) - 2017/02/27 7:04:50 ET
Table 'Iguassu' 6-max Seat #2 is the button
Seat 2: krytalex ($171.96 in chips)
Seat 3: japachess ($58.26 in chips)
krytalex: posts small blind $1
japachess: posts big blind $3
*** HOLE CARDS ***
krytalex: folds
Uncalled bet ($2) returned to japachess
japachess collected $2 from pot
japachess: doesn't show hand
*** SUMMARY ***
Total pot $2 | Rake $0
Seat 2: krytalex (button) (small blind) folded before Flop
Seat 3: japachess (big blind) collected ($2)


PokerStars Hand #166845041870:  Hold'em Limit ($3/$6 USD) - 2017/02/27 7:05:41 ET
Table 'Iguassu' 6-max Seat #2 is the button
Seat 2: krytalex ($167.96 in chips)
Seat 3: japachess ($61.90 in chips)
krytalex: posts small blind $1
japachess: posts big blind $3
*** HOLE CARDS ***
ABATAPP joins the table at seat #4
krytalex: raises $3 to $6
japachess: calls $3
*** FLOP *** [Ts 8d Ac]
japachess: checks
krytalex: bets $3
japachess: calls $3
*** TURN *** [Ts 8d Ac] [Qs]
japachess: checks
krytalex: checks
*** RIVER *** [Ts 8d Ac Qs] [Ah]
japachess: bets $6
krytalex: folds
Uncalled bet ($6) returned to japachess
japachess collected $17.64 from pot
japachess: doesn't show hand
*** SUMMARY ***
Total pot $18 | Rake $0.36
Board [Ts 8d Ac Qs Ah]
Seat 2: krytalex (button) (small blind) folded on the River
Seat 3: japachess (big blind) collected ($17.64)


PokerStars Hand #166845141611:  Hold'em Limit ($3/$6 USD) - 2017/02/27 7:09:07 ET
Table 'Iguassu' 6-max Seat #4 is the button
Seat 2: krytalex ($167.03 in chips)
Seat 4: ABATAPP ($155.91 in chips)
ABATAPP: posts small blind $1
krytalex: posts big blind $3
*** HOLE CARDS ***
ABATAPP: folds
Uncalled bet ($2) returned to krytalex
ABATAPP leaves the table
krytalex collected $2 from pot
*** SUMMARY ***
Total pot $2 | Rake $0
Seat 2: krytalex (big blind) collected ($2)
Seat 4: ABATAPP (button) (small blind) folded before Flop


PokerStars Hand #166845136692:  Hold'em Limit ($3/$6 USD) - 2017/02/27 7:08:57 ET
Table 'Iguassu' 6-max Seat #2 is the button
Seat 2: krytalex ($164.03 in chips)
Seat 4: ABATAPP ($158.91 in chips)
krytalex: posts small blind $1
japachess: is sitting out
ABATAPP: posts big blind $3
*** HOLE CARDS ***
japachess leaves the table
krytalex: raises $3 to $6
ABATAPP: folds
Uncalled bet ($3) returned to krytalex
krytalex collected $6 from pot
*** SUMMARY ***
Total pot $6 | Rake $0
Seat 2: krytalex (button) (small blind) collected ($6)
Seat 4: ABATAPP (big blind) folded before Flop


PokerStars Hand #166845632303:  Hold'em Limit ($3/$6 USD) - 2017/02/27 7:25:36 ET
Table 'Iguassu' 6-max Seat #5 is the button
Seat 2: krytalex ($159.03 in chips)
Seat 5: japachess ($98.64 in chips)
japachess: posts small blind $1
krytalex: posts big blind $3
*** HOLE CARDS ***
japachess: folds
Uncalled bet ($2) returned to krytalex
krytalex collected $2 from pot
*** SUMMARY ***
Total pot $2 | Rake $0
Seat 2: krytalex (big blind) collected ($2)
Seat 5: japachess (button) (small blind) folded before Flop


PokerStars Hand #166845625783:  Hold'em Limit ($3/$6 USD) - 2017/02/27 7:25:23 ET
Table 'Iguassu' 6-max Seat #2 is the button
Seat 2: krytalex ($168.03 in chips)
Seat 5: japachess ($90 in chips)
krytalex: posts small blind $1
japachess: posts big blind $3
*** HOLE CARDS ***
krytalex: raises $3 to $6
japachess: raises $3 to $9
krytalex: calls $3
*** FLOP *** [5h As 5s]
japachess: bets $3
krytalex: folds
Uncalled bet ($3) returned to japachess
japachess collected $17.64 from pot
japachess: doesn't show hand
*** SUMMARY ***
Total pot $18 | Rake $0.36
Board [5h As 5s]
Seat 2: krytalex (button) (small blind) folded on the Flop
Seat 5: japachess (big blind) collected ($17.64)


PokerStars Hand #166845645465:  Hold'em Limit ($3/$6 USD) - 2017/02/27 7:26:03 ET
Table 'Iguassu' 6-max Seat #5 is the button
Seat 2: krytalex ($183.53 in chips)
Seat 5: japachess ($73.64 in chips)
japachess: posts small blind $1
krytalex: posts big blind $3
*** HOLE CARDS ***
japachess: raises $3 to $6
krytalex: calls $3
*** FLOP *** [7h 3s 9s]
krytalex: checks
japachess: bets $3
krytalex: raises $3 to $6
japachess: calls $3
*** TURN *** [7h 3s 9s] [Kd]
krytalex: bets $6
japachess: folds
Uncalled bet ($6) returned to krytalex
krytalex collected $23.52 from pot
*** SUMMARY ***
Total pot $24 | Rake $0.48
Board [7h 3s 9s Kd]
Seat 2: krytalex (big blind) collected ($23.52)
Seat 5: japachess (button) (small blind) folded on the Turn


PokerStars Hand #166845634731:  Hold'em Limit ($3/$6 USD) - 2017/02/27 7:25:41 ET
Table 'Iguassu' 6-max Seat #2 is the button
Seat 2: krytalex ($160.03 in chips)
Seat 5: japachess ($97.64 in chips)
krytalex: posts small blind $1
japachess: posts big blind $3
*** HOLE CARDS ***
krytalex: raises $3 to $6
japachess: calls $3
*** FLOP *** [As Js 6d]
japachess: checks
krytalex: bets $3
japachess: raises $3 to $6
krytalex: calls $3
*** TURN *** [As Js 6d] [7h]
japachess: bets $6
krytalex: calls $6
*** RIVER *** [As Js 6d 7h] [3s]
japachess: bets $6
krytalex: calls $6
*** SHOW DOWN ***
japachess: shows [Jd 2s] (a pair of Jacks)
krytalex: shows [Qd Qs] (a pair of Queens)
krytalex collected $47.50 from pot
*** SUMMARY ***
Total pot $48 | Rake $0.50
Board [As Js 6d 7h 3s]
Seat 2: krytalex (button) (small blind) showed [Qd Qs] and won ($47.50) with a pair of Queens
Seat 5: japachess (big blind) showed [Jd 2s] and lost with a pair of Jacks


PokerStars Hand #166845653814:  Hold'em Limit ($3/$6 USD) - 2017/02/27 7:26:19 ET
Table 'Iguassu' 6-max Seat #2 is the button
Seat 2: krytalex ($195.05 in chips)
Seat 5: japachess ($61.64 in chips)
krytalex: posts small blind $1
japachess: posts big blind $3
*** HOLE CARDS ***
krytalex: raises $3 to $6
japachess: calls $3
*** FLOP *** [7d Th 6d]
japachess: checks
krytalex: checks
*** TURN *** [7d Th 6d] [Td]
japachess: bets $6
krytalex: calls $6
*** RIVER *** [7d Th 6d Td] [Qd]
japachess: checks
krytalex: bets $6
japachess: folds
Uncalled bet ($6) returned to krytalex
krytalex collected $23.52 from pot
*** SUMMARY ***
Total pot $24 | Rake $0.48
Board [7d Th 6d Td Qd]
Seat 2: krytalex (button) (small blind) collected ($23.52)
Seat 5: japachess (big blind) folded on the River


PokerStars Hand #166845680266:  Hold'em Limit ($3/$6 USD) - 2017/02/27 7:27:11 ET
Table 'Iguassu' 6-max Seat #2 is the button
Seat 2: krytalex ($200.57 in chips)
Seat 5: japachess ($55.40 in chips)
krytalex: posts small blind $1
japachess: posts big blind $3
*** HOLE CARDS ***
krytalex: raises $3 to $6
japachess: calls $3
*** FLOP *** [9h Ad Qd]
japachess: checks
krytalex: bets $3
japachess: calls $3
*** TURN *** [9h Ad Qd] [Jd]
japachess: checks
krytalex: checks
*** RIVER *** [9h Ad Qd Jd] [Ts]
japachess: bets $6
krytalex: calls $6
*** SHOW DOWN ***
japachess: shows [9d 6d] (a flush, Ace high)
krytalex: mucks hand
japachess collected $29.50 from pot
*** SUMMARY ***
Total pot $30 | Rake $0.50
Board [9h Ad Qd Jd Ts]
Seat 2: krytalex (button) (small blind) mucked
Seat 5: japachess (big blind) showed [9d 6d] and won ($29.50) with a flush, Ace high


PokerStars Hand #166845669186:  Hold'em Limit ($3/$6 USD) - 2017/02/27 7:26:50 ET
Table 'Iguassu' 6-max Seat #5 is the button
Seat 2: krytalex ($206.57 in chips)
Seat 5: japachess ($49.64 in chips)
japachess: posts small blind $1
krytalex: posts big blind $3
*** HOLE CARDS ***
japachess: raises $3 to $6
krytalex: calls $3
*** FLOP *** [Kc 5c Qd]
krytalex: checks
japachess: bets $3
krytalex: folds
Uncalled bet ($3) returned to japachess
japachess collected $11.76 from pot
japachess: doesn't show hand
*** SUMMARY ***
Total pot $12 | Rake $0.24
Board [Kc 5c Qd]
Seat 2: krytalex (big blind) folded on the Flop
Seat 5: japachess (button) (small blind) collected ($11.76)


PokerStars Hand #166845712440:  Hold'em Limit ($3/$6 USD) - 2017/02/27 7:28:15 ET
Table 'Iguassu' 6-max Seat #2 is the button
Seat 2: krytalex ($174.57 in chips)
Seat 5: japachess ($80.42 in chips)
krytalex: posts small blind $1
japachess: posts big blind $3
*** HOLE CARDS ***
krytalex: folds
Uncalled bet ($2) returned to japachess
japachess collected $2 from pot
japachess: doesn't show hand
*** SUMMARY ***
Total pot $2 | Rake $0
Seat 2: krytalex (button) (small blind) folded before Flop
Seat 5: japachess (big blind) collected ($2)


PokerStars Hand #166845709251:  Hold'em Limit ($3/$6 USD) - 2017/02/27 7:28:09 ET
Table 'Iguassu' 6-max Seat #5 is the button
Seat 2: krytalex ($173.57 in chips)
Seat 5: japachess ($81.42 in chips)
japachess: posts small blind $1
krytalex: posts big blind $3
*** HOLE CARDS ***
japachess: folds
Uncalled bet ($2) returned to krytalex
krytalex collected $2 from pot
*** SUMMARY ***
Total pot $2 | Rake $0
Seat 2: krytalex (big blind) collected ($2)
Seat 5: japachess (button) (small blind) folded before Flop


PokerStars Hand #166845706337:  Hold'em Limit ($3/$6 USD) - 2017/02/27 7:28:03 ET
Table 'Iguassu' 6-max Seat #2 is the button
Seat 2: krytalex ($174.57 in chips)
Seat 5: japachess ($80.42 in chips)
krytalex: posts small blind $1
japachess: posts big blind $3
*** HOLE CARDS ***
krytalex: folds
Uncalled bet ($2) returned to japachess
japachess collected $2 from pot
japachess: doesn't show hand
*** SUMMARY ***
Total pot $2 | Rake $0
Seat 2: krytalex (button) (small blind) folded before Flop
Seat 5: japachess (big blind) collected ($2)


PokerStars Hand #166845703779:  Hold'em Limit ($3/$6 USD) - 2017/02/27 7:27:58 ET
Table 'Iguassu' 6-max Seat #5 is the button
Seat 2: krytalex ($173.57 in chips)
Seat 5: japachess ($81.42 in chips)
japachess: posts small blind $1
krytalex: posts big blind $3
*** HOLE CARDS ***
japachess: folds
Uncalled bet ($2) returned to krytalex
krytalex collected $2 from pot
*** SUMMARY ***
Total pot $2 | Rake $0
Seat 2: krytalex (big blind) collected ($2)
Seat 5: japachess (button) (small blind) folded before Flop


PokerStars Hand #166845698252:  Hold'em Limit ($3/$6 USD) - 2017/02/27 7:27:47 ET
Table 'Iguassu' 6-max Seat #2 is the button
Seat 2: krytalex ($179.57 in chips)
Seat 5: japachess ($75.66 in chips)
krytalex: posts small blind $1
japachess: posts big blind $3
*** HOLE CARDS ***
krytalex: raises $3 to $6
japachess: calls $3
*** FLOP *** [Kc Ad 7h]
japachess: bets $3
krytalex: folds
Uncalled bet ($3) returned to japachess
japachess collected $11.76 from pot
japachess: doesn't show hand
*** SUMMARY ***
Total pot $12 | Rake $0.24
Board [Kc Ad 7h]
Seat 2: krytalex (button) (small blind) folded on the Flop
Seat 5: japachess (big blind) collected ($11.76)


PokerStars Hand #166845689650:  Hold'em Limit ($3/$6 USD) - 2017/02/27 7:27:30 ET
Table 'Iguassu' 6-max Seat #5 is the button
Seat 2: krytalex ($185.57 in chips)
Seat 5: japachess ($69.90 in chips)
japachess: posts small blind $1
krytalex: posts big blind $3
*** HOLE CARDS ***
japachess: raises $3 to $6
krytalex: calls $3
*** FLOP *** [2s 2h 9h]
krytalex: checks
japachess: bets $3
krytalex: folds
Uncalled bet ($3) returned to japachess
japachess collected $11.76 from pot
japachess: doesn't show hand
*** SUMMARY ***
Total pot $12 | Rake $0.24
Board [2s 2h 9h]
Seat 2: krytalex (big blind) folded on the Flop
Seat 5: japachess (button) (small blind) collected ($11.76)


PokerStars Hand #166845717102:  Hold'em Limit ($3/$6 USD) - 2017/02/27 7:28:25 ET
Table 'Iguassu' 6-max Seat #5 is the button
Seat 2: krytalex ($173.57 in chips)
Seat 5: japachess ($81.42 in chips)
japachess: posts small blind $1
krytalex: posts big blind $3
*** HOLE CARDS ***
japachess: raises $3 to $6
krytalex: calls $3
*** FLOP *** [Qs 9c Qc]
krytalex: checks
japachess: bets $3
krytalex: calls $3
*** TURN *** [Qs 9c Qc] [7h]
krytalex: checks
japachess: bets $6
krytalex: calls $6
*** RIVER *** [Qs 9c Qc 7h] [Ah]
krytalex: checks
japachess: bets $6
krytalex: calls $6
*** SHOW DOWN ***
japachess: shows [Js 5s] (a pair of Queens)
krytalex: shows [Ac 2c] (two pair, Aces and Queens)
krytalex collected $41.50 from pot
*** SUMMARY ***
Total pot $42 | Rake $0.50
Board [Qs 9c Qc 7h Ah]
Seat 2: krytalex (big blind) showed [Ac 2c] and won ($41.50) with two pair, Aces and Queens
Seat 5: japachess (button) (small blind) showed [Js 5s] and lost with a pair of Queens


PokerStars Hand #166845743579:  Hold'em Limit ($3/$6 USD) - 2017/02/27 7:29:16 ET
Table 'Iguassu' 6-max Seat #5 is the button
Seat 2: krytalex ($176.07 in chips)
Seat 5: japachess ($77.92 in chips)
japachess: posts small blind $1
krytalex: posts big blind $3
*** HOLE CARDS ***
japachess: folds
Uncalled bet ($2) returned to krytalex
krytalex collected $2 from pot
*** SUMMARY ***
Total pot $2 | Rake $0
Seat 2: krytalex (big blind) collected ($2)
Seat 5: japachess (button) (small blind) folded before Flop


PokerStars Hand #166845733873:  Hold'em Limit ($3/$6 USD) - 2017/02/27 7:28:57 ET
Table 'Iguassu' 6-max Seat #2 is the button
Seat 2: krytalex ($194.07 in chips)
Seat 5: japachess ($60.42 in chips)
krytalex: posts small blind $1
japachess: posts big blind $3
*** HOLE CARDS ***
krytalex: raises $3 to $6
japachess: raises $3 to $9
krytalex: calls $3
*** FLOP *** [Qh Kd Js]
japachess: bets $3
krytalex: calls $3
*** TURN *** [Qh Kd Js] [Qc]
japachess: bets $6
krytalex: calls $6
*** RIVER *** [Qh Kd Js Qc] [7s]
japachess: checks
krytalex: checks
*** SHOW DOWN ***
japachess: shows [6h 6c] (two pair, Queens and Sixes)
krytalex: mucks hand
japachess collected $35.50 from pot
*** SUMMARY ***
Total pot $36 | Rake $0.50
Board [Qh Kd Js Qc 7s]
Seat 2: krytalex (button) (small blind) mucked
Seat 5: japachess (big blind) showed [6h 6c] and won ($35.50) with two pair, Queens and Sixes


PokerStars Hand #166845746553:  Hold'em Limit ($3/$6 USD) - 2017/02/27 7:29:22 ET
Table 'Iguassu' 6-max Seat #2 is the button
Seat 2: krytalex ($177.07 in chips)
Seat 5: japachess ($76.92 in chips)
krytalex: posts small blind $1
japachess: posts big blind $3
*** HOLE CARDS ***
krytalex: raises $3 to $6
japachess: raises $3 to $9
krytalex: calls $3
*** FLOP *** [As Qd 3h]
japachess: bets $3
krytalex: folds
Uncalled bet ($3) returned to japachess
japachess collected $17.64 from pot
japachess: doesn't show hand
*** SUMMARY ***
Total pot $18 | Rake $0.36
Board [As Qd 3h]
Seat 2: krytalex (button) (small blind) folded on the Flop
Seat 5: japachess (big blind) collected ($17.64)


PokerStars Hand #166845760367:  Hold'em Limit ($3/$6 USD) - 2017/02/27 7:29:50 ET
Table 'Iguassu' 6-max Seat #2 is the button
Seat 2: krytalex ($165.07 in chips)
Seat 5: japachess ($88.56 in chips)
krytalex: posts small blind $1
japachess: posts big blind $3
*** HOLE CARDS ***
krytalex: raises $3 to $6
japachess: folds
Uncalled bet ($3) returned to krytalex
krytalex collected $6 from pot
*** SUMMARY ***
Total pot $6 | Rake $0
Seat 2: krytalex (button) (small blind) collected ($6)
Seat 5: japachess (big blind) folded before Flop


PokerStars Hand #166845763786:  Hold'em Limit ($3/$6 USD) - 2017/02/27 7:29:56 ET
Table 'Iguassu' 6-max Seat #5 is the button
Seat 2: krytalex ($168.07 in chips)
Seat 5: japachess ($85.56 in chips)
japachess: posts small blind $1
krytalex: posts big blind $3
*** HOLE CARDS ***
japachess: raises $3 to $6
krytalex: calls $3
*** FLOP *** [3c 2d 6d]
krytalex: checks
japachess: bets $3
krytalex: calls $3
*** TURN *** [3c 2d 6d] [7d]
krytalex: checks
japachess: checks
*** RIVER *** [3c 2d 6d 7d] [Jc]
krytalex: checks
japachess: checks
*** SHOW DOWN ***
krytalex: shows [Kc 5d] (high card King)
japachess: mucks hand
krytalex collected $17.64 from pot
*** SUMMARY ***
Total pot $18 | Rake $0.36
Board [3c 2d 6d 7d Jc]
Seat 2: krytalex (big blind) showed [Kc 5d] and won ($17.64) with high card King
Seat 5: japachess (button) (small blind) mucked


PokerStars Hand #166845773150:  Hold'em Limit ($3/$6 USD) - 2017/02/27 7:30:15 ET
Table 'Iguassu' 6-max Seat #2 is the button
Seat 2: krytalex ($176.71 in chips)
Seat 5: japachess ($76.56 in chips)
krytalex: posts small blind $1
japachess: posts big blind $3
*** HOLE CARDS ***
krytalex: folds
Uncalled bet ($2) returned to japachess
japachess collected $2 from pot
japachess: doesn't show hand
*** SUMMARY ***
Total pot $2 | Rake $0
Seat 2: krytalex (button) (small blind) folded before Flop
Seat 5: japachess (big blind) collected ($2)


PokerStars Hand #166845778601:  Hold'em Limit ($3/$6 USD) - 2017/02/27 7:30:26 ET
Table 'Iguassu' 6-max Seat #5 is the button
Seat 2: krytalex ($175.71 in chips)
Seat 5: japachess ($77.56 in chips)
japachess: posts small blind $1
krytalex: posts big blind $3
*** HOLE CARDS ***
japachess: raises $3 to $6
krytalex: calls $3
*** FLOP *** [Ah Qc Js]
krytalex: checks
japachess: bets $3
krytalex: calls $3
*** TURN *** [Ah Qc Js] [4d]
krytalex: checks
japachess: checks
*** RIVER *** [Ah Qc Js 4d] [9d]
krytalex: bets $6
japachess: calls $6
*** SHOW DOWN ***
krytalex: shows [Qd 7h] (a pair of Queens)
japachess: shows [Ac 6h] (a pair of Aces)
japachess collected $29.50 from pot
*** SUMMARY ***
Total pot $30 | Rake $0.50
Board [Ah Qc Js 4d 9d]
Seat 2: krytalex (big blind) showed [Qd 7h] and lost with a pair of Queens
Seat 5: japachess (button) (small blind) showed [Ac 6h] and won ($29.50) with a pair of Aces


PokerStars Hand #166845796117:  Hold'em Limit ($3/$6 USD) - 2017/02/27 7:31:00 ET
Table 'Iguassu' 6-max Seat #2 is the button
Seat 2: krytalex ($160.71 in chips)
Seat 5: japachess ($92.06 in chips)
krytalex: posts small blind $1
japachess: posts big blind $3
*** HOLE CARDS ***
krytalex: raises $3 to $6
japachess: calls $3
*** FLOP *** [6s 7s 5s]
japachess: checks
krytalex: bets $3
japachess: raises $3 to $6
krytalex: calls $3
*** TURN *** [6s 7s 5s] [Th]
japachess: bets $6
krytalex: calls $6
*** RIVER *** [6s 7s 5s Th] [4d]
japachess: bets $6
krytalex: calls $6
*** SHOW DOWN ***
japachess: shows [6c Jh] (a pair of Sixes)
krytalex: mucks hand
japachess collected $47.50 from pot
*** SUMMARY ***
Total pot $48 | Rake $0.50
Board [6s 7s 5s Th 4d]
Seat 2: krytalex (button) (small blind) mucked
Seat 5: japachess (big blind) showed [6c Jh] and won ($47.50) with a pair of Sixes


PokerStars Hand #166845806915:  Hold'em Limit ($3/$6 USD) - 2017/02/27 7:31:21 ET
Table 'Iguassu' 6-max Seat #5 is the button
Seat 2: krytalex ($136.71 in chips)
Seat 5: japachess ($115.56 in chips)
japachess: posts small blind $1
krytalex: posts big blind $3
*** HOLE CARDS ***
japachess: folds
Uncalled bet ($2) returned to krytalex
krytalex collected $2 from pot
*** SUMMARY ***
Total pot $2 | Rake $0
Seat 2: krytalex (big blind) collected ($2)
Seat 5: japachess (button) (small blind) folded before Flop


