PokerStars Hand #155125911115:  Hold'em Limit ($3/$6 USD) - 2016/06/24 0:07:44 ET
Table 'Iguassu' 6-max Seat #1 is the button
Seat 1: LifeisagameX ($60 in chips)
Seat 3: pukuotukxx89 ($32 in chips)
LifeisagameX: posts small blind $1
pukuotukxx89: posts big blind $3
*** HOLE CARDS ***
LifeisagameX: raises $3 to $6
AzureCaper joins the table at seat #4
pukuotukxx89: calls $3
*** FLOP *** [Th Ks Qh]
pukuotukxx89: checks
LifeisagameX: bets $3
pukuotukxx89: calls $3
*** TURN *** [Th Ks Qh] [3d]
pukuotukxx89: checks
LifeisagameX: bets $6
pukuotukxx89: calls $6
*** RIVER *** [Th Ks Qh 3d] [7h]
pukuotukxx89: checks
LifeisagameX: bets $6
pukuotukxx89: calls $6
*** SHOW DOWN ***
LifeisagameX: shows [9h Jh] (a flush, Queen high)
pukuotukxx89: mucks hand
LifeisagameX collected $41.50 from pot
*** SUMMARY ***
Total pot $42 | Rake $0.50
Board [Th Ks Qh 3d 7h]
Seat 1: LifeisagameX (button) (small blind) showed [9h Jh] and won ($41.50) with a flush, Queen high
Seat 3: pukuotukxx89 (big blind) mucked


