PokerStars Hand #153245441076:  Hold'em Limit ($3/$6 USD) - 2016/05/13 6:46:22 ET
Table 'Iguassu' 10-max Seat #5 is the button
Seat 5: FabronxRJ ($100 in chips)
Seat 6: Agrotait ($72 in chips)
FabronxRJ: posts small blind $1
Agrotait: posts big blind $3
*** HOLE CARDS ***
FabronxRJ: calls $2
Agrotait said, "4"
Agrotait: checks
*** FLOP *** [3c 7d 6d]
Agrotait: bets $3
FabronxRJ: raises $3 to $6
Agrotait: calls $3
*** TURN *** [3c 7d 6d] [6h]
SuperShark joins the table at seat #1
Agrotait: checks
FabronxRJ: bets $6
Agrotait: folds
Uncalled bet ($6) returned to FabronxRJ
FabronxRJ collected $17.64 from pot
FabronxRJ: doesn't show hand
*** SUMMARY ***
Total pot $18 | Rake $0.36
Board [3c 7d 6d 6h]
Seat 5: FabronxRJ (button) (small blind) collected ($17.64)
Seat 6: Agrotait (big blind) folded on the Turn


PokerStars Hand #153245592415:  Hold'em Limit ($3/$6 USD) - 2016/05/13 6:52:28 ET
Table 'Iguassu' 10-max Seat #5 is the button
Seat 2: Tryptamean ($145.29 in chips)
Seat 5: FabronxRJ ($197.35 in chips)
FabronxRJ: posts small blind $1
Tryptamean: posts big blind $3
*** HOLE CARDS ***
FabronxRJ: calls $2
Tryptamean: raises $3 to $6
FabronxRJ said, "why??"
FabronxRJ said, "raise all time"
FabronxRJ: calls $3
*** FLOP *** [Ac Qd 4c]
Tryptamean: bets $3
FabronxRJ: calls $3
*** TURN *** [Ac Qd 4c] [9c]
FabronxRJ said, "lol"
Tryptamean: bets $6
FabronxRJ said, "donks"
FabronxRJ: calls $6
*** RIVER *** [Ac Qd 4c 9c] [2d]
Tryptamean: checks
FabronxRJ: bets $6
Tryptamean: calls $6
*** SHOW DOWN ***
FabronxRJ: shows [7c Kc] (a flush, Ace high)
Tryptamean: mucks hand
FabronxRJ collected $41.50 from pot
*** SUMMARY ***
Total pot $42 | Rake $0.50
Board [Ac Qd 4c 9c 2d]
Seat 2: Tryptamean (big blind) mucked
Seat 5: FabronxRJ (button) (small blind) showed [7c Kc] and won ($41.50) with a flush, Ace high


PokerStars Hand #153245617806:  Hold'em Limit ($3/$6 USD) - 2016/05/13 6:53:29 ET
Table 'Iguassu' 10-max Seat #5 is the button
Seat 2: Tryptamean ($130.05 in chips)
Seat 5: FabronxRJ ($211.85 in chips)
FabronxRJ: posts small blind $1
Tryptamean: posts big blind $3
*** HOLE CARDS ***
FabronxRJ: calls $2
Tryptamean: checks
*** FLOP *** [Ah 5d 7h]
Tryptamean: checks
FabronxRJ: bets $3
Tryptamean: folds
Uncalled bet ($3) returned to FabronxRJ
FabronxRJ collected $5.88 from pot
FabronxRJ: doesn't show hand
*** SUMMARY ***
Total pot $6 | Rake $0.12
Board [Ah 5d 7h]
Seat 2: Tryptamean (big blind) folded on the Flop
Seat 5: FabronxRJ (button) (small blind) collected ($5.88)


PokerStars Hand #153245610145:  Hold'em Limit ($3/$6 USD) - 2016/05/13 6:53:10 ET
Table 'Iguassu' 10-max Seat #2 is the button
Seat 2: Tryptamean ($124.29 in chips)
Seat 5: FabronxRJ ($217.85 in chips)
Tryptamean: posts small blind $1
FabronxRJ: posts big blind $3
*** HOLE CARDS ***
Tryptamean: raises $3 to $6
FabronxRJ: calls $3
*** FLOP *** [7d As Qc]
FabronxRJ: checks
Tryptamean: bets $3
FabronxRJ: folds
Uncalled bet ($3) returned to Tryptamean
Tryptamean collected $11.76 from pot
Tryptamean: doesn't show hand
*** SUMMARY ***
Total pot $12 | Rake $0.24
Board [7d As Qc]
Seat 2: Tryptamean (button) (small blind) collected ($11.76)
Seat 5: FabronxRJ (big blind) folded on the Flop


PokerStars Hand #153245625423:  Hold'em Limit ($3/$6 USD) - 2016/05/13 6:53:47 ET
Table 'Iguassu' 10-max Seat #2 is the button
Seat 2: Tryptamean ($127.05 in chips)
Seat 5: FabronxRJ ($214.73 in chips)
Tryptamean: posts small blind $1
FabronxRJ: posts big blind $3
*** HOLE CARDS ***
Tryptamean: raises $3 to $6
FabronxRJ: calls $3
*** FLOP *** [Qd 9c 6s]
FabronxRJ: bets $3
Tryptamean: calls $3
*** TURN *** [Qd 9c 6s] [Kd]
FabronxRJ: checks
Tryptamean: bets $6
FabronxRJ: folds
Uncalled bet ($6) returned to Tryptamean
Tryptamean collected $17.64 from pot
Tryptamean: doesn't show hand
FabronxRJ leaves the table
*** SUMMARY ***
Total pot $18 | Rake $0.36
Board [Qd 9c 6s Kd]
Seat 2: Tryptamean (button) (small blind) collected ($17.64)
Seat 5: FabronxRJ (big blind) folded on the Turn


PokerStars Hand #153245832889:  Hold'em Limit ($3/$6 USD) - 2016/05/13 7:02:43 ET
Table 'Iguassu' 10-max Seat #2 is the button
Seat 2: Tryptamean ($135.44 in chips)
Seat 6: __P0o_P0o__ ($119.75 in chips)
Tryptamean: posts small blind $1
__P0o_P0o__: posts big blind $3
*** HOLE CARDS ***
Tryptamean: raises $3 to $6
__P0o_P0o__: folds
Uncalled bet ($3) returned to Tryptamean
Tryptamean collected $6 from pot
Tryptamean: doesn't show hand
*** SUMMARY ***
Total pot $6 | Rake $0
Seat 2: Tryptamean (button) (small blind) collected ($6)
Seat 6: __P0o_P0o__ (big blind) folded before Flop


PokerStars Hand #153245821765:  Hold'em Limit ($3/$6 USD) - 2016/05/13 7:02:16 ET
Table 'Iguassu' 10-max Seat #6 is the button
Seat 2: Tryptamean ($135.69 in chips)
Seat 6: __P0o_P0o__ ($120 in chips)
__P0o_P0o__: posts small blind $1
Tryptamean: posts big blind $3
*** HOLE CARDS ***
__P0o_P0o__: raises $3 to $6
Tryptamean: calls $3
*** FLOP *** [6c As Qs]
Tryptamean: checks
__P0o_P0o__: bets $3
Tryptamean: calls $3
*** TURN *** [6c As Qs] [Ah]
Tryptamean: checks
__P0o_P0o__: bets $6
Tryptamean: calls $6
*** RIVER *** [6c As Qs Ah] [Kd]
Tryptamean: checks
__P0o_P0o__: checks
*** SHOW DOWN ***
Tryptamean: shows [6h Ts] (two pair, Aces and Sixes)
__P0o_P0o__: shows [6d Jh] (two pair, Aces and Sixes)
Tryptamean collected $14.75 from pot
__P0o_P0o__ collected $14.75 from pot
*** SUMMARY ***
Total pot $30 | Rake $0.50
Board [6c As Qs Ah Kd]
Seat 2: Tryptamean (big blind) showed [6h Ts] and won ($14.75) with two pair, Aces and Sixes
Seat 6: __P0o_P0o__ (button) (small blind) showed [6d Jh] and won ($14.75) with two pair, Aces and Sixes


PokerStars Hand #153245876044:  Hold'em Limit ($3/$6 USD) - 2016/05/13 7:04:26 ET
Table 'Iguassu' 10-max Seat #6 is the button
Seat 2: Tryptamean ($168.19 in chips)
Seat 6: __P0o_P0o__ ($85.50 in chips)
__P0o_P0o__: posts small blind $1
Tryptamean: posts big blind $3
*** HOLE CARDS ***
__P0o_P0o__: raises $3 to $6
Tryptamean: calls $3
*** FLOP *** [Ks Qc Kc]
Tryptamean: checks
__P0o_P0o__: bets $3
Tryptamean: calls $3
*** TURN *** [Ks Qc Kc] [9c]
Tryptamean: checks
__P0o_P0o__: checks
*** RIVER *** [Ks Qc Kc 9c] [8h]
Tryptamean: bets $6
__P0o_P0o__: folds
Uncalled bet ($6) returned to Tryptamean
Tryptamean collected $17.64 from pot
Tryptamean: doesn't show hand
*** SUMMARY ***
Total pot $18 | Rake $0.36
Board [Ks Qc Kc 9c 8h]
Seat 2: Tryptamean (big blind) collected ($17.64)
Seat 6: __P0o_P0o__ (button) (small blind) folded on the River


PokerStars Hand #153245861690:  Hold'em Limit ($3/$6 USD) - 2016/05/13 7:03:52 ET
Table 'Iguassu' 10-max Seat #2 is the button
Seat 2: Tryptamean ($168.44 in chips)
Seat 6: __P0o_P0o__ ($85.75 in chips)
Tryptamean: posts small blind $1
__P0o_P0o__: posts big blind $3
*** HOLE CARDS ***
Tryptamean: raises $3 to $6
__P0o_P0o__: calls $3
*** FLOP *** [6h Td 2s]
__P0o_P0o__: checks
Tryptamean: bets $3
__P0o_P0o__: calls $3
*** TURN *** [6h Td 2s] [As]
__P0o_P0o__: checks
Tryptamean: bets $6
__P0o_P0o__: raises $6 to $12
Tryptamean: calls $6
*** RIVER *** [6h Td 2s As] [6d]
__P0o_P0o__: bets $6
Tryptamean: calls $6
*** SHOW DOWN ***
__P0o_P0o__: shows [3s Ac] (two pair, Aces and Sixes)
Tryptamean: shows [5h Ah] (two pair, Aces and Sixes)
__P0o_P0o__ collected $26.75 from pot
Tryptamean collected $26.75 from pot
*** SUMMARY ***
Total pot $54 | Rake $0.50
Board [6h Td 2s As 6d]
Seat 2: Tryptamean (button) (small blind) showed [5h Ah] and won ($26.75) with two pair, Aces and Sixes
Seat 6: __P0o_P0o__ (big blind) showed [3s Ac] and won ($26.75) with two pair, Aces and Sixes


PokerStars Hand #153245859888:  Hold'em Limit ($3/$6 USD) - 2016/05/13 7:03:47 ET
Table 'Iguassu' 10-max Seat #6 is the button
Seat 2: Tryptamean ($167.44 in chips)
Seat 6: __P0o_P0o__ ($86.75 in chips)
__P0o_P0o__: posts small blind $1
Tryptamean: posts big blind $3
*** HOLE CARDS ***
__P0o_P0o__: folds
Uncalled bet ($2) returned to Tryptamean
Tryptamean collected $2 from pot
Tryptamean: doesn't show hand
*** SUMMARY ***
Total pot $2 | Rake $0
Seat 2: Tryptamean (big blind) collected ($2)
Seat 6: __P0o_P0o__ (button) (small blind) folded before Flop


PokerStars Hand #153245850097:  Hold'em Limit ($3/$6 USD) - 2016/05/13 7:03:25 ET
Table 'Iguassu' 10-max Seat #2 is the button
Seat 2: Tryptamean ($152.94 in chips)
Seat 6: __P0o_P0o__ ($101.75 in chips)
Tryptamean: posts small blind $1
__P0o_P0o__: posts big blind $3
*** HOLE CARDS ***
Tryptamean: raises $3 to $6
__P0o_P0o__: calls $3
*** FLOP *** [7c 9c Qc]
__P0o_P0o__: checks
Tryptamean: bets $3
__P0o_P0o__: calls $3
*** TURN *** [7c 9c Qc] [Jh]
__P0o_P0o__: checks
Tryptamean: bets $6
__P0o_P0o__: calls $6
*** RIVER *** [7c 9c Qc Jh] [Kh]
__P0o_P0o__: checks
Tryptamean: bets $6
__P0o_P0o__: folds
Uncalled bet ($6) returned to Tryptamean
Tryptamean collected $29.50 from pot
Tryptamean: doesn't show hand
*** SUMMARY ***
Total pot $30 | Rake $0.50
Board [7c 9c Qc Jh Kh]
Seat 2: Tryptamean (button) (small blind) collected ($29.50)
Seat 6: __P0o_P0o__ (big blind) folded on the River


PokerStars Hand #153245835320:  Hold'em Limit ($3/$6 USD) - 2016/05/13 7:02:49 ET
Table 'Iguassu' 10-max Seat #6 is the button
Seat 2: Tryptamean ($138.44 in chips)
Seat 6: __P0o_P0o__ ($116.75 in chips)
__P0o_P0o__: posts small blind $1
Tryptamean: posts big blind $3
*** HOLE CARDS ***
__P0o_P0o__: raises $3 to $6
Tryptamean: raises $3 to $9
__P0o_P0o__: calls $3
*** FLOP *** [2s 3c 5s]
Tryptamean: bets $3
__P0o_P0o__: raises $3 to $6
Tryptamean: calls $3
*** TURN *** [2s 3c 5s] [9h]
Tryptamean: checks
__P0o_P0o__: checks
*** RIVER *** [2s 3c 5s 9h] [7h]
Tryptamean: bets $6
__P0o_P0o__: folds
Uncalled bet ($6) returned to Tryptamean
Tryptamean collected $29.50 from pot
Tryptamean: doesn't show hand
*** SUMMARY ***
Total pot $30 | Rake $0.50
Board [2s 3c 5s 9h 7h]
Seat 2: Tryptamean (big blind) collected ($29.50)
Seat 6: __P0o_P0o__ (button) (small blind) folded on the River


PokerStars Hand #153245906024:  Hold'em Limit ($3/$6 USD) - 2016/05/13 7:05:36 ET
Table 'Iguassu' 10-max Seat #6 is the button
Seat 2: Tryptamean ($200.33 in chips)
Seat 6: __P0o_P0o__ ($52.50 in chips)
__P0o_P0o__: posts small blind $1
Tryptamean: posts big blind $3
*** HOLE CARDS ***
__P0o_P0o__: raises $3 to $6
Tryptamean: folds
Uncalled bet ($3) returned to __P0o_P0o__
__P0o_P0o__ collected $6 from pot
*** SUMMARY ***
Total pot $6 | Rake $0
Seat 2: Tryptamean (big blind) folded before Flop
Seat 6: __P0o_P0o__ (button) (small blind) collected ($6)


PokerStars Hand #153245887206:  Hold'em Limit ($3/$6 USD) - 2016/05/13 7:04:53 ET
Table 'Iguassu' 10-max Seat #2 is the button
Seat 2: Tryptamean ($176.83 in chips)
Seat 6: __P0o_P0o__ ($76.50 in chips)
Tryptamean: posts small blind $1
__P0o_P0o__: posts big blind $3
*** HOLE CARDS ***
Tryptamean: raises $3 to $6
__P0o_P0o__: raises $3 to $9
Tryptamean: calls $3
*** FLOP *** [Kc 3s 5c]
__P0o_P0o__: bets $3
Tryptamean: calls $3
*** TURN *** [Kc 3s 5c] [Tc]
__P0o_P0o__: bets $6
Tryptamean: calls $6
*** RIVER *** [Kc 3s 5c Tc] [Kh]
__P0o_P0o__: bets $6
Tryptamean: calls $6
*** SHOW DOWN ***
__P0o_P0o__: shows [Jh Qh] (a pair of Kings)
Tryptamean: shows [4d Td] (two pair, Kings and Tens)
Tryptamean collected $47.50 from pot
*** SUMMARY ***
Total pot $48 | Rake $0.50
Board [Kc 3s 5c Tc Kh]
Seat 2: Tryptamean (button) (small blind) showed [4d Td] and won ($47.50) with two pair, Kings and Tens
Seat 6: __P0o_P0o__ (big blind) showed [Jh Qh] and lost with a pair of Kings


PokerStars Hand #153245909028:  Hold'em Limit ($3/$6 USD) - 2016/05/13 7:05:44 ET
Table 'Iguassu' 10-max Seat #2 is the button
Seat 2: Tryptamean ($197.33 in chips)
Seat 6: __P0o_P0o__ ($55.50 in chips)
Tryptamean: posts small blind $1
__P0o_P0o__: posts big blind $3
*** HOLE CARDS ***
Tryptamean: raises $3 to $6
__P0o_P0o__: calls $3
*** FLOP *** [Qd Tc 5h]
__P0o_P0o__: checks
40 ft cliff joins the table at seat #8
Tryptamean: bets $3
__P0o_P0o__: calls $3
*** TURN *** [Qd Tc 5h] [5s]
__P0o_P0o__: checks
Tryptamean: checks
*** RIVER *** [Qd Tc 5h 5s] [6h]
__P0o_P0o__: checks
Tryptamean: bets $6
__P0o_P0o__: folds
Uncalled bet ($6) returned to Tryptamean
Tryptamean collected $17.64 from pot
Tryptamean: doesn't show hand
*** SUMMARY ***
Total pot $18 | Rake $0.36
Board [Qd Tc 5h 5s 6h]
Seat 2: Tryptamean (button) (small blind) collected ($17.64)
Seat 6: __P0o_P0o__ (big blind) folded on the River


PokerStars Hand #153246062445:  Hold'em Limit ($3/$6 USD) - 2016/05/13 7:11:43 ET
Table 'Iguassu' 10-max Seat #6 is the button
Seat 2: Tryptamean ($141.99 in chips)
Seat 6: __P0o_P0o__ ($120.04 in chips)
40 ft cliff has timed out while being disconnected
40 ft cliff: is sitting out
__P0o_P0o__: posts small blind $1
Tryptamean: posts big blind $3
*** HOLE CARDS ***
__P0o_P0o__: raises $3 to $6
Tryptamean: calls $3
*** FLOP *** [Td Qd Kd]
Tryptamean: checks
__P0o_P0o__: bets $3
Tryptamean: calls $3
*** TURN *** [Td Qd Kd] [4d]
40 ft cliff is disconnected
Tryptamean: checks
__P0o_P0o__: bets $6
Tryptamean: raises $6 to $12
__P0o_P0o__: folds
Uncalled bet ($6) returned to Tryptamean
Tryptamean collected $29.50 from pot
Tryptamean: doesn't show hand
*** SUMMARY ***
Total pot $30 | Rake $0.50
Board [Td Qd Kd 4d]
Seat 2: Tryptamean (big blind) collected ($29.50)
Seat 6: __P0o_P0o__ (button) (small blind) folded on the Turn


PokerStars Hand #153246096431:  Hold'em Limit ($3/$6 USD) - 2016/05/13 7:13:02 ET
Table 'Iguassu' 10-max Seat #8 is the button
Seat 2: Tryptamean ($156.24 in chips)
Seat 8: 40 ft cliff ($100.19 in chips)
40 ft cliff: posts small blind $1
Tryptamean: posts big blind $3
*** HOLE CARDS ***
40 ft cliff: raises $3 to $6
Tryptamean: calls $3
*** FLOP *** [Qs Ad 4h]
Tryptamean: checks
40 ft cliff: bets $3
Tryptamean: folds
Uncalled bet ($3) returned to 40 ft cliff
40 ft cliff collected $11.76 from pot
40 ft cliff: doesn't show hand
*** SUMMARY ***
Total pot $12 | Rake $0.24
Board [Qs Ad 4h]
Seat 2: Tryptamean (big blind) folded on the Flop
Seat 8: 40 ft cliff (button) (small blind) collected ($11.76)


PokerStars Hand #153246086743:  Hold'em Limit ($3/$6 USD) - 2016/05/13 7:12:40 ET
Table 'Iguassu' 10-max Seat #2 is the button
Seat 2: Tryptamean ($156.49 in chips)
Seat 8: 40 ft cliff ($100.44 in chips)
Tryptamean: posts small blind $1
40 ft cliff: posts big blind $3
*** HOLE CARDS ***
Tryptamean: raises $3 to $6
40 ft cliff: raises $3 to $9
Tryptamean: calls $3
*** FLOP *** [3c Qc 2h]
40 ft cliff: bets $3
Tryptamean: calls $3
*** TURN *** [3c Qc 2h] [3d]
40 ft cliff: bets $6
Tryptamean: calls $6
*** RIVER *** [3c Qc 2h 3d] [2s]
40 ft cliff: bets $6
Tryptamean: calls $6
*** SHOW DOWN ***
40 ft cliff: shows [6s Ad] (two pair, Threes and Deuces)
Tryptamean: shows [As 7s] (two pair, Threes and Deuces)
40 ft cliff collected $23.75 from pot
Tryptamean collected $23.75 from pot
*** SUMMARY ***
Total pot $48 | Rake $0.50
Board [3c Qc 2h 3d 2s]
Seat 2: Tryptamean (button) (small blind) showed [As 7s] and won ($23.75) with two pair, Threes and Deuces
Seat 8: 40 ft cliff (big blind) showed [6s Ad] and won ($23.75) with two pair, Threes and Deuces


PokerStars Hand #153246101458:  Hold'em Limit ($3/$6 USD) - 2016/05/13 7:13:14 ET
Table 'Iguassu' 10-max Seat #2 is the button
Seat 2: Tryptamean ($150.24 in chips)
Seat 8: 40 ft cliff ($105.95 in chips)
Tryptamean: posts small blind $1
40 ft cliff: posts big blind $3
*** HOLE CARDS ***
Tryptamean: raises $3 to $6
40 ft cliff: calls $3
*** FLOP *** [3h 4d Qs]
40 ft cliff: checks
Tryptamean: bets $3
40 ft cliff: calls $3
*** TURN *** [3h 4d Qs] [4s]
40 ft cliff: checks
Tryptamean: bets $6
40 ft cliff: raises $6 to $12
Tryptamean: raises $6 to $18
40 ft cliff: raises $6 to $24
Betting is capped
Tryptamean: calls $6
*** RIVER *** [3h 4d Qs 4s] [8c]
40 ft cliff: checks
Tryptamean: bets $6
40 ft cliff: calls $6
*** SHOW DOWN ***
Tryptamean: shows [Kh 4c] (three of a kind, Fours)
40 ft cliff: mucks hand
Tryptamean collected $77.50 from pot
*** SUMMARY ***
Total pot $78 | Rake $0.50
Board [3h 4d Qs 4s 8c]
Seat 2: Tryptamean (button) (small blind) showed [Kh 4c] and won ($77.50) with three of a kind, Fours
Seat 8: 40 ft cliff (big blind) mucked


PokerStars Hand #153246131172:  Hold'em Limit ($3/$6 USD) - 2016/05/13 7:14:24 ET
Table 'Iguassu' 10-max Seat #8 is the button
Seat 2: Tryptamean ($212.24 in chips)
Seat 8: 40 ft cliff ($42.95 in chips)
40 ft cliff: posts small blind $1
Tryptamean: posts big blind $3
*** HOLE CARDS ***
40 ft cliff: raises $3 to $6
Tryptamean: calls $3
*** FLOP *** [6s Qd Jd]
Tryptamean: checks
40 ft cliff: bets $3
Tryptamean: folds
Uncalled bet ($3) returned to 40 ft cliff
40 ft cliff collected $11.76 from pot
40 ft cliff: doesn't show hand
*** SUMMARY ***
Total pot $12 | Rake $0.24
Board [6s Qd Jd]
Seat 2: Tryptamean (big blind) folded on the Flop
Seat 8: 40 ft cliff (button) (small blind) collected ($11.76)


PokerStars Hand #153246127932:  Hold'em Limit ($3/$6 USD) - 2016/05/13 7:14:16 ET
Table 'Iguassu' 10-max Seat #2 is the button
Seat 2: Tryptamean ($209.24 in chips)
Seat 8: 40 ft cliff ($45.95 in chips)
Tryptamean: posts small blind $1
40 ft cliff: posts big blind $3
*** HOLE CARDS ***
Tryptamean: raises $3 to $6
40 ft cliff: folds
Uncalled bet ($3) returned to Tryptamean
Tryptamean collected $6 from pot
Tryptamean: doesn't show hand
*** SUMMARY ***
Total pot $6 | Rake $0
Seat 2: Tryptamean (button) (small blind) collected ($6)
Seat 8: 40 ft cliff (big blind) folded before Flop


PokerStars Hand #153246116203:  Hold'em Limit ($3/$6 USD) - 2016/05/13 7:13:49 ET
Table 'Iguassu' 10-max Seat #8 is the button
Seat 2: Tryptamean ($188.74 in chips)
Seat 8: 40 ft cliff ($66.95 in chips)
40 ft cliff: posts small blind $1
Tryptamean: posts big blind $3
*** HOLE CARDS ***
40 ft cliff: raises $3 to $6
Tryptamean: raises $3 to $9
40 ft cliff: calls $3
*** FLOP *** [2c Jh 3s]
Tryptamean: bets $3
40 ft cliff: raises $3 to $6
Tryptamean: calls $3
*** TURN *** [2c Jh 3s] [Tc]
Tryptamean: checks
40 ft cliff: bets $6
Tryptamean: calls $6
*** RIVER *** [2c Jh 3s Tc] [9c]
Tryptamean: checks
40 ft cliff: checks
*** SHOW DOWN ***
Tryptamean: shows [Qs Ts] (a pair of Tens)
40 ft cliff: mucks hand
Tryptamean collected $41.50 from pot
*** SUMMARY ***
Total pot $42 | Rake $0.50
Board [2c Jh 3s Tc 9c]
Seat 2: Tryptamean (big blind) showed [Qs Ts] and won ($41.50) with a pair of Tens
Seat 8: 40 ft cliff (button) (small blind) mucked


PokerStars Hand #153246147448:  Hold'em Limit ($3/$6 USD) - 2016/05/13 7:15:01 ET
Table 'Iguassu' 10-max Seat #8 is the button
Seat 2: Tryptamean ($220.74 in chips)
Seat 8: 40 ft cliff ($33.71 in chips)
40 ft cliff: posts small blind $1
Tryptamean: posts big blind $3
*** HOLE CARDS ***
40 ft cliff: folds
Uncalled bet ($2) returned to Tryptamean
Tryptamean collected $2 from pot
Tryptamean: doesn't show hand
*** SUMMARY ***
Total pot $2 | Rake $0
Seat 2: Tryptamean (big blind) collected ($2)
Seat 8: 40 ft cliff (button) (small blind) folded before Flop


PokerStars Hand #153246150060:  Hold'em Limit ($3/$6 USD) - 2016/05/13 7:15:08 ET
Table 'Iguassu' 10-max Seat #2 is the button
Seat 2: Tryptamean ($221.74 in chips)
Seat 8: 40 ft cliff ($32.71 in chips)
Tryptamean: posts small blind $1
40 ft cliff: posts big blind $3
*** HOLE CARDS ***
Tryptamean: raises $3 to $6
40 ft cliff: calls $3
*** FLOP *** [9d Th 8s]
40 ft cliff: checks
Tryptamean: bets $3
40 ft cliff: calls $3
*** TURN *** [9d Th 8s] [Jh]
40 ft cliff: checks
Tryptamean: bets $6
40 ft cliff: raises $6 to $12
Tryptamean: calls $6
*** RIVER *** [9d Th 8s Jh] [3s]
40 ft cliff: bets $6
Tryptamean: raises $6 to $12
40 ft cliff: calls $5.71 and is all-in
Uncalled bet ($0.29) returned to Tryptamean
*** SHOW DOWN ***
Tryptamean: shows [Qc 9c] (a straight, Eight to Queen)
40 ft cliff: shows [Qs 5h] (a straight, Eight to Queen)
40 ft cliff collected $32.46 from pot
Tryptamean collected $32.46 from pot
*** SUMMARY ***
Total pot $65.42 | Rake $0.50
Board [9d Th 8s Jh 3s]
Seat 2: Tryptamean (button) (small blind) showed [Qc 9c] and won ($32.46) with a straight, Eight to Queen
Seat 8: 40 ft cliff (big blind) showed [Qs 5h] and won ($32.46) with a straight, Eight to Queen


PokerStars Hand #153246136886:  Hold'em Limit ($3/$6 USD) - 2016/05/13 7:14:37 ET
Table 'Iguassu' 10-max Seat #2 is the button
Seat 2: Tryptamean ($206.24 in chips)
Seat 8: 40 ft cliff ($48.71 in chips)
Tryptamean: posts small blind $1
40 ft cliff: posts big blind $3
*** HOLE CARDS ***
Tryptamean: raises $3 to $6
40 ft cliff: calls $3
*** FLOP *** [2s 3d 7h]
40 ft cliff: checks
Tryptamean: bets $3
40 ft cliff: calls $3
*** TURN *** [2s 3d 7h] [5d]
40 ft cliff: checks
Tryptamean: bets $6
40 ft cliff: calls $6
*** RIVER *** [2s 3d 7h 5d] [Th]
40 ft cliff: checks
Tryptamean: bets $6
40 ft cliff: folds
Uncalled bet ($6) returned to Tryptamean
Tryptamean collected $29.50 from pot
Tryptamean: doesn't show hand
*** SUMMARY ***
Total pot $30 | Rake $0.50
Board [2s 3d 7h 5d Th]
Seat 2: Tryptamean (button) (small blind) collected ($29.50)
Seat 8: 40 ft cliff (big blind) folded on the River


PokerStars Hand #153246174846:  Hold'em Limit ($3/$6 USD) - 2016/05/13 7:16:05 ET
Table 'Iguassu' 10-max Seat #2 is the button
Seat 2: Tryptamean ($244.99 in chips)
Seat 8: 40 ft cliff ($8.46 in chips)
Tryptamean: posts small blind $1
40 ft cliff: posts big blind $3
*** HOLE CARDS ***
Tryptamean: folds
Uncalled bet ($2) returned to 40 ft cliff
40 ft cliff collected $2 from pot
40 ft cliff: doesn't show hand
*** SUMMARY ***
Total pot $2 | Rake $0
Seat 2: Tryptamean (button) (small blind) folded before Flop
Seat 8: 40 ft cliff (big blind) collected ($2)


PokerStars Hand #153246163336:  Hold'em Limit ($3/$6 USD) - 2016/05/13 7:15:38 ET
Table 'Iguassu' 10-max Seat #8 is the button
Seat 2: Tryptamean ($221.49 in chips)
Seat 8: 40 ft cliff ($32.46 in chips)
40 ft cliff: posts small blind $1
Tryptamean: posts big blind $3
*** HOLE CARDS ***
40 ft cliff: raises $3 to $6
Tryptamean: calls $3
*** FLOP *** [8h 2s Kh]
Tryptamean: checks
40 ft cliff: bets $3
Tryptamean: raises $3 to $6
40 ft cliff: calls $3
*** TURN *** [8h 2s Kh] [8d]
Tryptamean: bets $6
40 ft cliff: calls $6
*** RIVER *** [8h 2s Kh 8d] [Tc]
Tryptamean: bets $6
40 ft cliff: calls $6
*** SHOW DOWN ***
Tryptamean: shows [8c Ks] (a full house, Eights full of Kings)
40 ft cliff: mucks hand
Tryptamean collected $47.50 from pot
*** SUMMARY ***
Total pot $48 | Rake $0.50
Board [8h 2s Kh 8d Tc]
Seat 2: Tryptamean (big blind) showed [8c Ks] and won ($47.50) with a full house, Eights full of Kings
Seat 8: 40 ft cliff (button) (small blind) mucked


