PokerStars Hand #159363084685:  Hold'em Limit ($3/$6 USD) - 2016/10/02 4:15:26 ET
Table 'Ijiraq' 6-max Seat #6 is the button
Seat 4: VolkovDmitri ($120 in chips)
Seat 6: 19woody58 ($120 in chips)
19woody58: posts small blind $1
VolkovDmitri: posts big blind $3
*** HOLE CARDS ***
19woody58: calls $2
VolkovDmitri: raises $3 to $6
19woody58: calls $3
*** FLOP *** [9d 4s 2c]
VolkovDmitri: bets $3
19woody58: calls $3
*** TURN *** [9d 4s 2c] [5s]
VolkovDmitri: bets $6
19woody58: folds
Uncalled bet ($6) returned to VolkovDmitri
VolkovDmitri collected $17.64 from pot
VolkovDmitri: doesn't show hand
*** SUMMARY ***
Total pot $18 | Rake $0.36
Board [9d 4s 2c 5s]
Seat 4: VolkovDmitri (big blind) collected ($17.64)
Seat 6: 19woody58 (button) (small blind) folded on the Turn


PokerStars Hand #159363101169:  Hold'em Limit ($3/$6 USD) - 2016/10/02 4:16:17 ET
Table 'Ijiraq' 6-max Seat #4 is the button
Seat 4: VolkovDmitri ($135.40 in chips)
Seat 6: 19woody58 ($104 in chips)
VolkovDmitri: posts small blind $1
19woody58: posts big blind $3
*** HOLE CARDS ***
VolkovDmitri: raises $3 to $6
19woody58: calls $3
*** FLOP *** [Jh Tc 6d]
19woody58: checks
VolkovDmitri: bets $3
19woody58: calls $3
*** TURN *** [Jh Tc 6d] [2h]
19woody58: checks
VolkovDmitri: bets $6
19woody58: calls $6
*** RIVER *** [Jh Tc 6d 2h] [4h]
19woody58: checks
VolkovDmitri: bets $6
19woody58: folds
Uncalled bet ($6) returned to VolkovDmitri
VolkovDmitri collected $29.50 from pot
VolkovDmitri: doesn't show hand
*** SUMMARY ***
Total pot $30 | Rake $0.50
Board [Jh Tc 6d 2h 4h]
Seat 4: VolkovDmitri (button) (small blind) collected ($29.50)
Seat 6: 19woody58 (big blind) folded on the River


PokerStars Hand #159363112443:  Hold'em Limit ($3/$6 USD) - 2016/10/02 4:16:52 ET
Table 'Ijiraq' 6-max Seat #6 is the button
Seat 4: VolkovDmitri ($149.90 in chips)
Seat 6: 19woody58 ($89 in chips)
19woody58: posts small blind $1
VolkovDmitri: posts big blind $3
*** HOLE CARDS ***
19woody58: folds
Uncalled bet ($2) returned to VolkovDmitri
VolkovDmitri collected $2 from pot
VolkovDmitri: doesn't show hand
*** SUMMARY ***
Total pot $2 | Rake $0
Seat 4: VolkovDmitri (big blind) collected ($2)
Seat 6: 19woody58 (button) (small blind) folded before Flop


PokerStars Hand #159363099572:  Hold'em Limit ($3/$6 USD) - 2016/10/02 4:16:12 ET
Table 'Ijiraq' 6-max Seat #6 is the button
Seat 4: VolkovDmitri ($134.40 in chips)
Seat 6: 19woody58 ($105 in chips)
19woody58: posts small blind $1
VolkovDmitri: posts big blind $3
*** HOLE CARDS ***
19woody58: folds
Uncalled bet ($2) returned to VolkovDmitri
VolkovDmitri collected $2 from pot
VolkovDmitri: doesn't show hand
*** SUMMARY ***
Total pot $2 | Rake $0
Seat 4: VolkovDmitri (big blind) collected ($2)
Seat 6: 19woody58 (button) (small blind) folded before Flop


PokerStars Hand #159363091615:  Hold'em Limit ($3/$6 USD) - 2016/10/02 4:15:48 ET
Table 'Ijiraq' 6-max Seat #4 is the button
Seat 4: VolkovDmitri ($128.64 in chips)
Seat 6: 19woody58 ($111 in chips)
VolkovDmitri: posts small blind $1
19woody58: posts big blind $3
*** HOLE CARDS ***
VolkovDmitri: raises $3 to $6
19woody58: calls $3
*** FLOP *** [Kc Qd 3s]
19woody58: checks
VolkovDmitri: bets $3
19woody58: folds
Uncalled bet ($3) returned to VolkovDmitri
VolkovDmitri collected $11.76 from pot
VolkovDmitri: doesn't show hand
*** SUMMARY ***
Total pot $12 | Rake $0.24
Board [Kc Qd 3s]
Seat 4: VolkovDmitri (button) (small blind) collected ($11.76)
Seat 6: 19woody58 (big blind) folded on the Flop


PokerStars Hand #159363130767:  Hold'em Limit ($3/$6 USD) - 2016/10/02 4:17:48 ET
Table 'Ijiraq' 6-max Seat #6 is the button
Seat 4: VolkovDmitri ($160.66 in chips)
Seat 6: 19woody58 ($78 in chips)
19woody58: posts small blind $1
VolkovDmitri: posts big blind $3
*** HOLE CARDS ***
19woody58: folds
Uncalled bet ($2) returned to VolkovDmitri
VolkovDmitri collected $2 from pot
VolkovDmitri: doesn't show hand
*** SUMMARY ***
Total pot $2 | Rake $0
Seat 4: VolkovDmitri (big blind) collected ($2)
Seat 6: 19woody58 (button) (small blind) folded before Flop


PokerStars Hand #159363128317:  Hold'em Limit ($3/$6 USD) - 2016/10/02 4:17:40 ET
Table 'Ijiraq' 6-max Seat #4 is the button
Seat 4: VolkovDmitri ($157.66 in chips)
Seat 6: 19woody58 ($81 in chips)
VolkovDmitri: posts small blind $1
19woody58: posts big blind $3
*** HOLE CARDS ***
VolkovDmitri: raises $3 to $6
19woody58: folds
Uncalled bet ($3) returned to VolkovDmitri
VolkovDmitri collected $6 from pot
VolkovDmitri: doesn't show hand
*** SUMMARY ***
Total pot $6 | Rake $0
Seat 4: VolkovDmitri (button) (small blind) collected ($6)
Seat 6: 19woody58 (big blind) folded before Flop


PokerStars Hand #159363126372:  Hold'em Limit ($3/$6 USD) - 2016/10/02 4:17:34 ET
Table 'Ijiraq' 6-max Seat #6 is the button
Seat 4: VolkovDmitri ($156.66 in chips)
Seat 6: 19woody58 ($82 in chips)
19woody58: posts small blind $1
VolkovDmitri: posts big blind $3
*** HOLE CARDS ***
19woody58: folds
Uncalled bet ($2) returned to VolkovDmitri
VolkovDmitri collected $2 from pot
VolkovDmitri: doesn't show hand
*** SUMMARY ***
Total pot $2 | Rake $0
Seat 4: VolkovDmitri (big blind) collected ($2)
Seat 6: 19woody58 (button) (small blind) folded before Flop


PokerStars Hand #159363114077:  Hold'em Limit ($3/$6 USD) - 2016/10/02 4:16:57 ET
Table 'Ijiraq' 6-max Seat #4 is the button
Seat 4: VolkovDmitri ($150.90 in chips)
Seat 6: 19woody58 ($88 in chips)
VolkovDmitri: posts small blind $1
19woody58: posts big blind $3
*** HOLE CARDS ***
VolkovDmitri: raises $3 to $6
19woody58: calls $3
*** FLOP *** [6d 7s Th]
19woody58: checks
VolkovDmitri: bets $3
19woody58: folds
Uncalled bet ($3) returned to VolkovDmitri
VolkovDmitri collected $11.76 from pot
VolkovDmitri: doesn't show hand
*** SUMMARY ***
Total pot $12 | Rake $0.24
Board [6d 7s Th]
Seat 4: VolkovDmitri (button) (small blind) collected ($11.76)
Seat 6: 19woody58 (big blind) folded on the Flop


PokerStars Hand #159363132796:  Hold'em Limit ($3/$6 USD) - 2016/10/02 4:17:54 ET
Table 'Ijiraq' 6-max Seat #4 is the button
Seat 4: VolkovDmitri ($161.66 in chips)
Seat 6: 19woody58 ($77 in chips)
VolkovDmitri: posts small blind $1
19woody58: posts big blind $3
*** HOLE CARDS ***
VolkovDmitri: raises $3 to $6
19woody58: calls $3
*** FLOP *** [8h 8c 7s]
19woody58: checks
VolkovDmitri: bets $3
19woody58: calls $3
*** TURN *** [8h 8c 7s] [Kd]
19woody58: checks
VolkovDmitri: checks
*** RIVER *** [8h 8c 7s Kd] [5s]
19woody58: bets $6
VolkovDmitri: raises $6 to $12
19woody58: calls $6
*** SHOW DOWN ***
VolkovDmitri: shows [6s 4h] (a straight, Four to Eight)
19woody58: mucks hand
VolkovDmitri collected $41.50 from pot
*** SUMMARY ***
Total pot $42 | Rake $0.50
Board [8h 8c 7s Kd 5s]
Seat 4: VolkovDmitri (button) (small blind) showed [6s 4h] and won ($41.50) with a straight, Four to Eight
Seat 6: 19woody58 (big blind) mucked


PokerStars Hand #159363143905:  Hold'em Limit ($3/$6 USD) - 2016/10/02 4:18:27 ET
Table 'Ijiraq' 6-max Seat #6 is the button
Seat 4: VolkovDmitri ($182.16 in chips)
Seat 6: 19woody58 ($56 in chips)
19woody58: posts small blind $1
VolkovDmitri: posts big blind $3
*** HOLE CARDS ***
19woody58: raises $3 to $6
VolkovDmitri: calls $3
*** FLOP *** [Td 6c 7c]
VolkovDmitri: checks
19woody58: bets $3
VolkovDmitri: raises $3 to $6
19woody58: calls $3
*** TURN *** [Td 6c 7c] [7s]
VolkovDmitri: bets $6
19woody58: folds
Uncalled bet ($6) returned to VolkovDmitri
VolkovDmitri collected $23.52 from pot
VolkovDmitri: doesn't show hand
*** SUMMARY ***
Total pot $24 | Rake $0.48
Board [Td 6c 7c 7s]
Seat 4: VolkovDmitri (big blind) collected ($23.52)
Seat 6: 19woody58 (button) (small blind) folded on the Turn


PokerStars Hand #159363157314:  Hold'em Limit ($3/$6 USD) - 2016/10/02 4:19:07 ET
Table 'Ijiraq' 6-max Seat #4 is the button
Seat 4: VolkovDmitri ($193.68 in chips)
Seat 6: 19woody58 ($44 in chips)
VolkovDmitri: posts small blind $1
19woody58: posts big blind $3
*** HOLE CARDS ***
VolkovDmitri: calls $2
19woody58: raises $3 to $6
VolkovDmitri: calls $3
*** FLOP *** [4c Ah 2d]
19woody58: bets $3
Hannibal2211 joins the table at seat #1
VolkovDmitri: calls $3
*** TURN *** [4c Ah 2d] [Td]
19woody58: bets $6
VolkovDmitri: calls $6
*** RIVER *** [4c Ah 2d Td] [6c]
19woody58: bets $6
VolkovDmitri: folds
Uncalled bet ($6) returned to 19woody58
19woody58 collected $29.50 from pot
*** SUMMARY ***
Total pot $30 | Rake $0.50
Board [4c Ah 2d Td 6c]
Seat 4: VolkovDmitri (button) (small blind) folded on the River
Seat 6: 19woody58 (big blind) collected ($29.50)


PokerStars Hand #159363296452:  Hold'em Limit ($3/$6 USD) - 2016/10/02 4:26:00 ET
Table 'Ijiraq' 6-max Seat #1 is the button
Seat 1: Hannibal2211 ($100.11 in chips)
Seat 6: 19woody58 ($73.61 in chips)
Hannibal2211: posts small blind $1
VolkovDmitri: is sitting out
19woody58: posts big blind $3
*** HOLE CARDS ***
Hannibal2211: raises $3 to $6
19woody58: folds
Uncalled bet ($3) returned to Hannibal2211
Hannibal2211 collected $6 from pot
*** SUMMARY ***
Total pot $6 | Rake $0
Seat 1: Hannibal2211 (button) (small blind) collected ($6)
Seat 6: 19woody58 (big blind) folded before Flop


PokerStars Hand #159363308526:  Hold'em Limit ($3/$6 USD) - 2016/10/02 4:26:36 ET
Table 'Ijiraq' 6-max Seat #1 is the button
Seat 1: Hannibal2211 ($111.75 in chips)
Seat 6: 19woody58 ($61.61 in chips)
Hannibal2211: posts small blind $1
19woody58: posts big blind $3
*** HOLE CARDS ***
Hannibal2211: raises $3 to $6
19woody58: folds
Uncalled bet ($3) returned to Hannibal2211
Hannibal2211 collected $6 from pot
*** SUMMARY ***
Total pot $6 | Rake $0
Seat 1: Hannibal2211 (button) (small blind) collected ($6)
Seat 6: 19woody58 (big blind) folded before Flop


PokerStars Hand #159363299911:  Hold'em Limit ($3/$6 USD) - 2016/10/02 4:26:10 ET
Table 'Ijiraq' 6-max Seat #6 is the button
Seat 1: Hannibal2211 ($103.11 in chips)
Seat 6: 19woody58 ($70.61 in chips)
19woody58: posts small blind $1
Hannibal2211: posts big blind $3
*** HOLE CARDS ***
19woody58: raises $3 to $6
Hannibal2211: calls $3
*** FLOP *** [Ac 4h 3d]
Hannibal2211: checks
19woody58: bets $3
Hannibal2211: raises $3 to $6
19woody58: folds
Uncalled bet ($3) returned to Hannibal2211
Hannibal2211 collected $17.64 from pot
*** SUMMARY ***
Total pot $18 | Rake $0.36
Board [Ac 4h 3d]
Seat 1: Hannibal2211 (big blind) collected ($17.64)
Seat 6: 19woody58 (button) (small blind) folded on the Flop


PokerStars Hand #159363311384:  Hold'em Limit ($3/$6 USD) - 2016/10/02 4:26:44 ET
Table 'Ijiraq' 6-max Seat #6 is the button
Seat 1: Hannibal2211 ($114.75 in chips)
Seat 6: 19woody58 ($58.61 in chips)
19woody58: posts small blind $1
Hannibal2211: posts big blind $3
*** HOLE CARDS ***
19woody58: raises $3 to $6
Hannibal2211: calls $3
*** FLOP *** [Tc 9s 8h]
Hannibal2211: checks
19woody58: bets $3
Hannibal2211: raises $3 to $6
19woody58: calls $3
*** TURN *** [Tc 9s 8h] [Ts]
Hannibal2211: bets $6
19woody58: calls $6
*** RIVER *** [Tc 9s 8h Ts] [4c]
Hannibal2211: bets $6
19woody58: calls $6
*** SHOW DOWN ***
Hannibal2211: shows [Jh 7s] (a straight, Seven to Jack)
19woody58: mucks hand
Hannibal2211 collected $47.50 from pot
WSpieler joins the table at seat #5
*** SUMMARY ***
Total pot $48 | Rake $0.50
Board [Tc 9s 8h Ts 4c]
Seat 1: Hannibal2211 (big blind) showed [Jh 7s] and won ($47.50) with a straight, Seven to Jack
Seat 6: 19woody58 (button) (small blind) mucked


PokerStars Hand #159363464717:  Hold'em Limit ($3/$6 USD) - 2016/10/02 4:34:11 ET
Table 'Ijiraq' 6-max Seat #2 is the button
Seat 1: Hannibal2211 ($217.37 in chips)
Seat 2: BuzovaPro ($72 in chips)
BuzovaPro: posts small blind $1
Hannibal2211: posts big blind $3
*** HOLE CARDS ***
BuzovaPro: folds
Uncalled bet ($2) returned to Hannibal2211
Hannibal2211 collected $2 from pot
*** SUMMARY ***
Total pot $2 | Rake $0
Seat 1: Hannibal2211 (big blind) collected ($2)
Seat 2: BuzovaPro (button) (small blind) folded before Flop


PokerStars Hand #159363485992:  Hold'em Limit ($3/$6 USD) - 2016/10/02 4:35:12 ET
Table 'Ijiraq' 6-max Seat #6 is the button
Seat 1: Hannibal2211 ($200.37 in chips)
Seat 6: 19woody58 ($63.40 in chips)
19woody58: posts small blind $1
Hannibal2211: posts big blind $3
*** HOLE CARDS ***
19woody58: calls $2
Hannibal2211: checks
*** FLOP *** [4h 9d 8d]
Hannibal2211: checks
19woody58: checks
*** TURN *** [4h 9d 8d] [6d]
Hannibal2211: bets $6
19woody58: calls $6
*** RIVER *** [4h 9d 8d 6d] [Ad]
Hannibal2211: checks
19woody58: bets $6
Hannibal2211: calls $6
*** SHOW DOWN ***
19woody58: shows [3s Qd] (a flush, Ace high)
Hannibal2211: mucks hand
19woody58 collected $29.50 from pot
*** SUMMARY ***
Total pot $30 | Rake $0.50
Board [4h 9d 8d 6d Ad]
Seat 1: Hannibal2211 (big blind) mucked
Seat 6: 19woody58 (button) (small blind) showed [3s Qd] and won ($29.50) with a flush, Ace high


PokerStars Hand #159363495665:  Hold'em Limit ($3/$6 USD) - 2016/10/02 4:35:41 ET
Table 'Ijiraq' 6-max Seat #1 is the button
Seat 1: Hannibal2211 ($185.37 in chips)
Seat 6: 19woody58 ($77.90 in chips)
Hannibal2211: posts small blind $1
19woody58: posts big blind $3
*** HOLE CARDS ***
Hannibal2211: folds
Uncalled bet ($2) returned to 19woody58
19woody58 collected $2 from pot
*** SUMMARY ***
Total pot $2 | Rake $0
Seat 1: Hannibal2211 (button) (small blind) folded before Flop
Seat 6: 19woody58 (big blind) collected ($2)


PokerStars Hand #159363476918:  Hold'em Limit ($3/$6 USD) - 2016/10/02 4:34:46 ET
Table 'Ijiraq' 6-max Seat #1 is the button
Seat 1: Hannibal2211 ($218.37 in chips)
Seat 6: 19woody58 ($45.90 in chips)
Hannibal2211: posts small blind $1
19woody58: posts big blind $3
*** HOLE CARDS ***
Hannibal2211: raises $3 to $6
19woody58: calls $3
*** FLOP *** [2d 8s 9c]
19woody58: checks
Hannibal2211: checks
*** TURN *** [2d 8s 9c] [4h]
19woody58: bets $6
Hannibal2211: calls $6
*** RIVER *** [2d 8s 9c 4h] [3s]
19woody58: bets $6
Hannibal2211: calls $6
*** SHOW DOWN ***
19woody58: shows [Jc Js] (a pair of Jacks)
Hannibal2211: mucks hand
19woody58 collected $35.50 from pot
*** SUMMARY ***
Total pot $36 | Rake $0.50
Board [2d 8s 9c 4h 3s]
Seat 1: Hannibal2211 (button) (small blind) mucked
Seat 6: 19woody58 (big blind) showed [Jc Js] and won ($35.50) with a pair of Jacks


PokerStars Hand #159363497831:  Hold'em Limit ($3/$6 USD) - 2016/10/02 4:35:47 ET
Table 'Ijiraq' 6-max Seat #6 is the button
Seat 1: Hannibal2211 ($184.37 in chips)
Seat 6: 19woody58 ($78.90 in chips)
19woody58: posts small blind $1
Hannibal2211: posts big blind $3
*** HOLE CARDS ***
19woody58: calls $2
Hannibal2211: checks
*** FLOP *** [Qh 9d 3s]
Hannibal2211: checks
19woody58: bets $3
Hannibal2211: folds
Uncalled bet ($3) returned to 19woody58
19woody58 collected $5.88 from pot
*** SUMMARY ***
Total pot $6 | Rake $0.12
Board [Qh 9d 3s]
Seat 1: Hannibal2211 (big blind) folded on the Flop
Seat 6: 19woody58 (button) (small blind) collected ($5.88)


PokerStars Hand #159363510059:  Hold'em Limit ($3/$6 USD) - 2016/10/02 4:36:22 ET
Table 'Ijiraq' 6-max Seat #6 is the button
Seat 1: Hannibal2211 ($190.01 in chips)
Seat 6: 19woody58 ($72.78 in chips)
19woody58: posts small blind $1
Hannibal2211: posts big blind $3
*** HOLE CARDS ***
19woody58: folds
Uncalled bet ($2) returned to Hannibal2211
Hannibal2211 collected $2 from pot
*** SUMMARY ***
Total pot $2 | Rake $0
Seat 1: Hannibal2211 (big blind) collected ($2)
Seat 6: 19woody58 (button) (small blind) folded before Flop


PokerStars Hand #159363502600:  Hold'em Limit ($3/$6 USD) - 2016/10/02 4:36:01 ET
Table 'Ijiraq' 6-max Seat #1 is the button
Seat 1: Hannibal2211 ($181.37 in chips)
Seat 6: 19woody58 ($81.78 in chips)
Hannibal2211: posts small blind $1
19woody58: posts big blind $3
*** HOLE CARDS ***
Hannibal2211: raises $3 to $6
19woody58: calls $3
*** FLOP *** [5h 4d 5c]
19woody58: checks
Hannibal2211: bets $3
19woody58: calls $3
*** TURN *** [5h 4d 5c] [6h]
19woody58: checks
Hannibal2211: checks
*** RIVER *** [5h 4d 5c 6h] [Tc]
19woody58: checks
Hannibal2211: checks
*** SHOW DOWN ***
19woody58: shows [Kd 9h] (a pair of Fives)
Hannibal2211: shows [2s Ac] (a pair of Fives - Ace kicker)
Hannibal2211 collected $17.64 from pot
*** SUMMARY ***
Total pot $18 | Rake $0.36
Board [5h 4d 5c 6h Tc]
Seat 1: Hannibal2211 (button) (small blind) showed [2s Ac] and won ($17.64) with a pair of Fives
Seat 6: 19woody58 (big blind) showed [Kd 9h] and lost with a pair of Fives


PokerStars Hand #159363523611:  Hold'em Limit ($3/$6 USD) - 2016/10/02 4:37:01 ET
Table 'Ijiraq' 6-max Seat #6 is the button
Seat 1: Hannibal2211 ($176.01 in chips)
Seat 6: 19woody58 ($86.28 in chips)
19woody58: posts small blind $1
Hannibal2211: posts big blind $3
*** HOLE CARDS ***
19woody58: folds
Uncalled bet ($2) returned to Hannibal2211
Hannibal2211 collected $2 from pot
*** SUMMARY ***
Total pot $2 | Rake $0
Seat 1: Hannibal2211 (big blind) collected ($2)
Seat 6: 19woody58 (button) (small blind) folded before Flop


PokerStars Hand #159363511731:  Hold'em Limit ($3/$6 USD) - 2016/10/02 4:36:27 ET
Table 'Ijiraq' 6-max Seat #1 is the button
Seat 1: Hannibal2211 ($191.01 in chips)
Seat 6: 19woody58 ($71.78 in chips)
Hannibal2211: posts small blind $1
19woody58: posts big blind $3
*** HOLE CARDS ***
Hannibal2211: raises $3 to $6
19woody58: calls $3
*** FLOP *** [7s Kh 9s]
19woody58: checks
Hannibal2211: bets $3
19woody58: calls $3
*** TURN *** [7s Kh 9s] [Ac]
19woody58: checks
Hannibal2211: bets $6
19woody58: calls $6
*** RIVER *** [7s Kh 9s Ac] [8d]
19woody58: checks
Hannibal2211: checks
*** SHOW DOWN ***
19woody58: shows [Jc Ts] (a straight, Seven to Jack)
Hannibal2211: mucks hand
19woody58 collected $29.50 from pot
*** SUMMARY ***
Total pot $30 | Rake $0.50
Board [7s Kh 9s Ac 8d]
Seat 1: Hannibal2211 (button) (small blind) mucked
Seat 6: 19woody58 (big blind) showed [Jc Ts] and won ($29.50) with a straight, Seven to Jack


