PokerStars Hand #161056929375:  Hold'em Limit ($3/$6 USD) - 2016/11/07 15:22:10 ET
Table 'Ijiraq' 6-max Seat #4 is the button
Seat 3: dorina888 ($29.54 in chips)
Seat 4: assitoni ($73 in chips)
assitoni: posts small blind $1
dorina888: posts big blind $3
*** HOLE CARDS ***
assitoni: raises $3 to $6
dorina888: calls $3
*** FLOP *** [Ts 2s Qs]
dorina888: checks
assitoni: bets $3
dorina888: raises $3 to $6
assitoni: raises $3 to $9
dorina888: calls $3
*** TURN *** [Ts 2s Qs] [Kh]
dorina888: bets $6
assitoni: raises $6 to $12
dorina888: raises $2.54 to $14.54 and is all-in
assitoni: calls $2.54
*** RIVER *** [Ts 2s Qs Kh] [7h]
*** SHOW DOWN ***
dorina888: shows [2c 2h] (three of a kind, Deuces)
assitoni: shows [As Ac] (a pair of Aces)
dorina888 collected $58.58 from pot
*** SUMMARY ***
Total pot $59.08 | Rake $0.50
Board [Ts 2s Qs Kh 7h]
Seat 3: dorina888 (big blind) showed [2c 2h] and won ($58.58) with three of a kind, Deuces
Seat 4: assitoni (button) (small blind) showed [As Ac] and lost with a pair of Aces


PokerStars Hand #161056963050:  Hold'em Limit ($3/$6 USD) - 2016/11/07 15:22:43 ET
Table 'Ijiraq' 6-max Seat #3 is the button
Seat 3: dorina888 ($58.58 in chips)
Seat 4: assitoni ($72 in chips)
dorina888: posts small blind $1
assitoni: posts big blind $3
*** HOLE CARDS ***
dorina888: folds
Uncalled bet ($2) returned to assitoni
assitoni collected $2 from pot
assitoni: doesn't show hand
*** SUMMARY ***
Total pot $2 | Rake $0
Seat 3: dorina888 (button) (small blind) folded before Flop
Seat 4: assitoni (big blind) collected ($2)


