PokerStars Hand #176563560612:  Hold'em Limit ($3/$6 USD) - 2017/10/06 11:15:39 ET
Table 'Ilioneus' 6-max Seat #4 is the button
Seat 1: sismos404 ($70.62 in chips)
Seat 4: Actionni13 ($151 in chips)
Actionni13: posts small blind $1
sismos404: posts big blind $3
*** HOLE CARDS ***
Actionni13: folds
Uncalled bet ($2) returned to sismos404
sismos404 collected $2 from pot
*** SUMMARY ***
Total pot $2 | Rake $0
Seat 1: sismos404 (big blind) collected ($2)
Seat 4: Actionni13 (button) (small blind) folded before Flop


PokerStars Hand #176563557571:  Hold'em Limit ($3/$6 USD) - 2017/10/06 11:15:34 ET
Table 'Ilioneus' 6-max Seat #1 is the button
Seat 1: sismos404 ($71.62 in chips)
Seat 4: Actionni13 ($150 in chips)
sismos404: posts small blind $1
Actionni13: posts big blind $3
*** HOLE CARDS ***
sismos404: folds
Uncalled bet ($2) returned to Actionni13
Actionni13 collected $2 from pot
Actionni13: doesn't show hand
*** SUMMARY ***
Total pot $2 | Rake $0
Seat 1: sismos404 (button) (small blind) folded before Flop
Seat 4: Actionni13 (big blind) collected ($2)


PokerStars Hand #176563592433:  Hold'em Limit ($3/$6 USD) - 2017/10/06 11:16:34 ET
Table 'Ilioneus' 6-max Seat #4 is the button
Seat 1: sismos404 ($93.76 in chips)
Seat 4: Actionni13 ($151 in chips)
Actionni13: posts small blind $1
sismos404: posts big blind $3
*** HOLE CARDS ***
Actionni13: raises $3 to $6
sismos404: calls $3
*** FLOP *** [9s Kh 3s]
vestimokrec joins the table at seat #2
sismos404: checks
Actionni13: checks
*** TURN *** [9s Kh 3s] [Th]
sismos404: bets $6
Actionni13: calls $6
*** RIVER *** [9s Kh 3s Th] [Qs]
sismos404: checks
Actionni13: checks
*** SHOW DOWN ***
sismos404: shows [2h Ts] (a pair of Tens)
Actionni13: shows [Td 4d] (a pair of Tens)
sismos404 collected $11.76 from pot
Actionni13 collected $11.76 from pot
*** SUMMARY ***
Total pot $24 | Rake $0.48
Board [9s Kh 3s Th Qs]
Seat 1: sismos404 (big blind) showed [2h Ts] and won ($11.76) with a pair of Tens
Seat 4: Actionni13 (button) (small blind) showed [Td 4d] and won ($11.76) with a pair of Tens


PokerStars Hand #176563588865:  Hold'em Limit ($3/$6 USD) - 2017/10/06 11:16:28 ET
Table 'Ilioneus' 6-max Seat #1 is the button
Seat 1: sismos404 ($94.76 in chips)
Seat 4: Actionni13 ($150 in chips)
sismos404: posts small blind $1
Actionni13: posts big blind $3
*** HOLE CARDS ***
sismos404: folds
Uncalled bet ($2) returned to Actionni13
Actionni13 collected $2 from pot
Actionni13: doesn't show hand
*** SUMMARY ***
Total pot $2 | Rake $0
Seat 1: sismos404 (button) (small blind) folded before Flop
Seat 4: Actionni13 (big blind) collected ($2)


PokerStars Hand #176563574963:  Hold'em Limit ($3/$6 USD) - 2017/10/06 11:16:04 ET
Table 'Ilioneus' 6-max Seat #4 is the button
Seat 1: sismos404 ($80.26 in chips)
Seat 4: Actionni13 ($150 in chips)
Actionni13: posts small blind $1
sismos404: posts big blind $3
*** HOLE CARDS ***
Actionni13: raises $3 to $6
sismos404: calls $3
*** FLOP *** [As 4h 7h]
sismos404: checks
Actionni13: bets $3
sismos404: calls $3
*** TURN *** [As 4h 7h] [Js]
sismos404: checks
Actionni13: checks
*** RIVER *** [As 4h 7h Js] [2h]
sismos404: bets $6
Actionni13: calls $6
*** SHOW DOWN ***
sismos404: shows [Th Ac] (a pair of Aces)
Actionni13: mucks hand
sismos404 collected $29.50 from pot
*** SUMMARY ***
Total pot $30 | Rake $0.50
Board [As 4h 7h Js 2h]
Seat 1: sismos404 (big blind) showed [Th Ac] and won ($29.50) with a pair of Aces
Seat 4: Actionni13 (button) (small blind) mucked


PokerStars Hand #176563563513:  Hold'em Limit ($3/$6 USD) - 2017/10/06 11:15:44 ET
Table 'Ilioneus' 6-max Seat #1 is the button
Seat 1: sismos404 ($71.62 in chips)
Seat 4: Actionni13 ($150 in chips)
sismos404: posts small blind $1
Actionni13: posts big blind $3
*** HOLE CARDS ***
sismos404: raises $3 to $6
Actionni13: calls $3
*** FLOP *** [Jh Kc 7c]
Actionni13: checks
sismos404: bets $3
Actionni13: calls $3
*** TURN *** [Jh Kc 7c] [Qh]
Actionni13: checks
sismos404: bets $6
Actionni13: folds
Uncalled bet ($6) returned to sismos404
sismos404 collected $17.64 from pot
*** SUMMARY ***
Total pot $18 | Rake $0.36
Board [Jh Kc 7c Qh]
Seat 1: sismos404 (button) (small blind) collected ($17.64)
Seat 4: Actionni13 (big blind) folded on the Turn


