PokerStars Hand #153193943040:  Hold'em Limit ($3/$6 USD) - 2016/05/12 2:14:53 ET
Table 'Ilioneus' 6-max Seat #2 is the button
Seat 1: chipmover360 ($46.27 in chips)
Seat 2: Agrotait ($72 in chips)
Agrotait: posts small blind $1
VolkovDmitri: is sitting out
bentinck113: is sitting out
chipmover360: posts big blind $3
*** HOLE CARDS ***
VolkovDmitri leaves the table
Agrotait: folds
Uncalled bet ($2) returned to chipmover360
chipmover360 collected $2 from pot
chipmover360: doesn't show hand
bentinck113 leaves the table
*** SUMMARY ***
Total pot $2 | Rake $0
Seat 1: chipmover360 (big blind) collected ($2)
Seat 2: Agrotait (button) (small blind) folded before Flop


PokerStars Hand #153193945110:  Hold'em Limit ($3/$6 USD) - 2016/05/12 2:15:02 ET
Table 'Ilioneus' 6-max Seat #1 is the button
Seat 1: chipmover360 ($47.27 in chips)
Seat 2: Agrotait ($71 in chips)
chipmover360: posts small blind $1
Agrotait: posts big blind $3
*** HOLE CARDS ***
chipmover360: folds
Uncalled bet ($2) returned to Agrotait
Agrotait collected $2 from pot
Agrotait: doesn't show hand
*** SUMMARY ***
Total pot $2 | Rake $0
Seat 1: chipmover360 (button) (small blind) folded before Flop
Seat 2: Agrotait (big blind) collected ($2)


PokerStars Hand #153193963569:  Hold'em Limit ($3/$6 USD) - 2016/05/12 2:16:15 ET
Table 'Ilioneus' 6-max Seat #2 is the button
Seat 2: Agrotait ($86.98 in chips)
Seat 6: .uuum7 ($151.97 in chips)
Agrotait: posts small blind $1
.uuum7: posts big blind $3
*** HOLE CARDS ***
Agrotait: raises $3 to $6
.uuum7: folds
Uncalled bet ($3) returned to Agrotait
chipmover360 leaves the table
Agrotait collected $6 from pot
Agrotait: doesn't show hand
*** SUMMARY ***
Total pot $6 | Rake $0
Seat 2: Agrotait (button) (small blind) collected ($6)
Seat 6: .uuum7 (big blind) folded before Flop


PokerStars Hand #153193965598:  Hold'em Limit ($3/$6 USD) - 2016/05/12 2:16:23 ET
Table 'Ilioneus' 6-max Seat #6 is the button
Seat 2: Agrotait ($89.98 in chips)
Seat 6: .uuum7 ($148.97 in chips)
.uuum7: posts small blind $1
Agrotait: posts big blind $3
*** HOLE CARDS ***
.uuum7: folds
Uncalled bet ($2) returned to Agrotait
Agrotait collected $2 from pot
Agrotait: doesn't show hand
*** SUMMARY ***
Total pot $2 | Rake $0
Seat 2: Agrotait (big blind) collected ($2)
Seat 6: .uuum7 (button) (small blind) folded before Flop


