PokerStars Hand #152758621276:  Hold'em Limit ($3/$6 USD) - 2016/05/02 13:45:19 ET
Table 'Ilioneus III' 6-max Seat #5 is the button
Seat 4: Great_Kang ($125.40 in chips)
Seat 5: NAUTJE1337 ($50.40 in chips)
NAUTJE1337: posts small blind $1
Great_Kang: posts big blind $3
*** HOLE CARDS ***
NAUTJE1337: folds
Uncalled bet ($2) returned to Great_Kang
Great_Kang collected $2 from pot
Great_Kang: doesn't show hand
*** SUMMARY ***
Total pot $2 | Rake $0
Seat 4: Great_Kang (big blind) collected ($2)
Seat 5: NAUTJE1337 (button) (small blind) folded before Flop


PokerStars Hand #152758601948:  Hold'em Limit ($3/$6 USD) - 2016/05/02 13:44:55 ET
Table 'Ilioneus III' 6-max Seat #4 is the button
Seat 4: Great_Kang ($134.40 in chips)
Seat 5: NAUTJE1337 ($41.76 in chips)
Great_Kang: posts small blind $1
NAUTJE1337: posts big blind $3
*** HOLE CARDS ***
Great_Kang: raises $3 to $6
NAUTJE1337: raises $3 to $9
Great_Kang: calls $3
*** FLOP *** [2c Jd Ac]
NAUTJE1337: bets $3
Great_Kang: folds
Uncalled bet ($3) returned to NAUTJE1337
NAUTJE1337 collected $17.64 from pot
*** SUMMARY ***
Total pot $18 | Rake $0.36
Board [2c Jd Ac]
Seat 4: Great_Kang (button) (small blind) folded on the Flop
Seat 5: NAUTJE1337 (big blind) collected ($17.64)


PokerStars Hand #152758570358:  Hold'em Limit ($3/$6 USD) - 2016/05/02 13:44:21 ET
Table 'Ilioneus III' 6-max Seat #5 is the button
Seat 4: Great_Kang ($125.76 in chips)
Seat 5: NAUTJE1337 ($50.76 in chips)
NAUTJE1337: posts small blind $1
Great_Kang: posts big blind $3
*** HOLE CARDS ***
NAUTJE1337: raises $3 to $6
Great_Kang: calls $3
*** FLOP *** [7d 8s Kh]
Great_Kang: checks
NAUTJE1337: bets $3
Great_Kang: calls $3
*** TURN *** [7d 8s Kh] [Ts]
Great_Kang: checks
NAUTJE1337: checks
*** RIVER *** [7d 8s Kh Ts] [Td]
Great_Kang: bets $6
NAUTJE1337: folds
Uncalled bet ($6) returned to Great_Kang
Great_Kang collected $17.64 from pot
Great_Kang: doesn't show hand
*** SUMMARY ***
Total pot $18 | Rake $0.36
Board [7d 8s Kh Ts Td]
Seat 4: Great_Kang (big blind) collected ($17.64)
Seat 5: NAUTJE1337 (button) (small blind) folded on the River


PokerStars Hand #152758626679:  Hold'em Limit ($3/$6 USD) - 2016/05/02 13:45:26 ET
Table 'Ilioneus III' 6-max Seat #4 is the button
Seat 4: Great_Kang ($126.40 in chips)
Seat 5: NAUTJE1337 ($49.40 in chips)
Great_Kang: posts small blind $1
NAUTJE1337: posts big blind $3
*** HOLE CARDS ***
Great_Kang: raises $3 to $6
NAUTJE1337: raises $3 to $9
Great_Kang: calls $3
*** FLOP *** [Tc 4c Td]
RockKillerTY joins the table at seat #6
NAUTJE1337: bets $3
Great_Kang: calls $3
*** TURN *** [Tc 4c Td] [Kc]
NAUTJE1337: bets $6
Great_Kang: folds
Uncalled bet ($6) returned to NAUTJE1337
NAUTJE1337 collected $23.52 from pot
*** SUMMARY ***
Total pot $24 | Rake $0.48
Board [Tc 4c Td Kc]
Seat 4: Great_Kang (button) (small blind) folded on the Turn
Seat 5: NAUTJE1337 (big blind) collected ($23.52)


PokerStars Hand #152758741227:  Hold'em Limit ($3/$6 USD) - 2016/05/02 13:47:50 ET
Table 'Ilioneus III' 6-max Seat #6 is the button
Seat 4: Great_Kang ($120 in chips)
Seat 6: RockKillerTY ($107.07 in chips)
RockKillerTY: posts small blind $1
Great_Kang: posts big blind $3
*** HOLE CARDS ***
RockKillerTY: raises $3 to $6
LolDnkaments leaves the table
Great_Kang: calls $3
*** FLOP *** [5d Ks 8s]
Great_Kang: checks
RockKillerTY: bets $3
Great_Kang: folds
Uncalled bet ($3) returned to RockKillerTY
RockKillerTY collected $11.76 from pot
RockKillerTY: doesn't show hand
*** SUMMARY ***
Total pot $12 | Rake $0.24
Board [5d Ks 8s]
Seat 4: Great_Kang (big blind) folded on the Flop
Seat 6: RockKillerTY (button) (small blind) collected ($11.76)


PokerStars Hand #152758844288:  Hold'em Limit ($3/$6 USD) - 2016/05/02 13:50:00 ET
Table 'Ilioneus III' 6-max Seat #5 is the button
Seat 5: Great_Kang ($120 in chips)
Seat 6: NAUTJE1337 ($50 in chips)
Great_Kang: posts small blind $1
NAUTJE1337: posts big blind $3
*** HOLE CARDS ***
Great_Kang: raises $3 to $6
RockKillerTY joins the table at seat #1
NAUTJE1337: folds
Uncalled bet ($3) returned to Great_Kang
Great_Kang collected $6 from pot
Great_Kang: doesn't show hand
*** SUMMARY ***
Total pot $6 | Rake $0
Seat 5: Great_Kang (button) (small blind) collected ($6)
Seat 6: NAUTJE1337 (big blind) folded before Flop


PokerStars Hand #152760588192:  Hold'em Limit ($3/$6 USD) - 2016/05/02 14:26:50 ET
Table 'Ilioneus III' 6-max Seat #1 is the button
Seat 1: tangxueke ($154.31 in chips)
Seat 6: LolDnkaments ($140.10 in chips)
tangxueke: posts small blind $1
Great_Kang: is sitting out
LolDnkaments: posts big blind $3
*** HOLE CARDS ***
tangxueke: calls $2
Great_Kang leaves the table
LolDnkaments: checks
*** FLOP *** [Qs 3s 7h]
LolDnkaments: checks
tangxueke: bets $3
LolDnkaments: folds
Uncalled bet ($3) returned to tangxueke
tangxueke collected $5.88 from pot
tangxueke: doesn't show hand
*** SUMMARY ***
Total pot $6 | Rake $0.12
Board [Qs 3s 7h]
Seat 1: tangxueke (button) (small blind) collected ($5.88)
Seat 6: LolDnkaments (big blind) folded on the Flop


PokerStars Hand #152760874563:  Hold'em Limit ($3/$6 USD) - 2016/05/02 14:32:24 ET
Table 'Ilioneus III' 6-max Seat #6 is the button
Seat 3: asshair0815 ($120 in chips)
Seat 6: LolDnkaments ($137.10 in chips)
LolDnkaments: posts small blind $1
asshair0815: posts big blind $3
*** HOLE CARDS ***
Ale4o joins the table at seat #4
LolDnkaments: raises $3 to $6
asshair0815: calls $3
*** FLOP *** [Kd 6s 6h]
asshair0815: checks
LolDnkaments: bets $3
asshair0815: calls $3
*** TURN *** [Kd 6s 6h] [2d]
asshair0815: checks
LolDnkaments: checks
*** RIVER *** [Kd 6s 6h 2d] [7h]
asshair0815: checks
LolDnkaments: checks
*** SHOW DOWN ***
asshair0815: shows [As 9c] (a pair of Sixes)
LolDnkaments: mucks hand
asshair0815 collected $17.64 from pot
*** SUMMARY ***
Total pot $18 | Rake $0.36
Board [Kd 6s 6h 2d 7h]
Seat 3: asshair0815 (big blind) showed [As 9c] and won ($17.64) with a pair of Sixes
Seat 6: LolDnkaments (button) (small blind) mucked


PokerStars Hand #152762485934:  Hold'em Limit ($3/$6 USD) - 2016/05/02 15:03:25 ET
Table 'Ilioneus III' 6-max Seat #5 is the button
Seat 5: hairy1961 ($170.19 in chips)
Seat 6: LolDnkaments ($72 in chips)
hairy1961: posts small blind $1
LolDnkaments: posts big blind $3
*** HOLE CARDS ***
hairy1961: raises $3 to $6
LolDnkaments: raises $3 to $9
hairy1961: calls $3
*** FLOP *** [6c Ad Qc]
LolDnkaments: bets $3
hairy1961: calls $3
*** TURN *** [6c Ad Qc] [Ts]
LolDnkaments: checks
hairy1961: bets $6
LolDnkaments: calls $6
*** RIVER *** [6c Ad Qc Ts] [3s]
LolDnkaments: checks
hairy1961: bets $6
LolDnkaments: calls $6
*** SHOW DOWN ***
hairy1961: shows [As 3h] (two pair, Aces and Threes)
LolDnkaments: mucks hand
hairy1961 collected $47.50 from pot
*** SUMMARY ***
Total pot $48 | Rake $0.50
Board [6c Ad Qc Ts 3s]
Seat 5: hairy1961 (button) (small blind) showed [As 3h] and won ($47.50) with two pair, Aces and Threes
Seat 6: LolDnkaments (big blind) mucked


PokerStars Hand #152762519896:  Hold'em Limit ($3/$6 USD) - 2016/05/02 15:04:00 ET
Table 'Ilioneus III' 6-max Seat #5 is the button
Seat 5: hairy1961 ($208.19 in chips)
Seat 6: LolDnkaments ($72 in chips)
hairy1961: posts small blind $1
LolDnkaments: posts big blind $3
*** HOLE CARDS ***
hairy1961: folds
Uncalled bet ($2) returned to LolDnkaments
LolDnkaments collected $2 from pot
LolDnkaments: doesn't show hand
*** SUMMARY ***
Total pot $2 | Rake $0
Seat 5: hairy1961 (button) (small blind) folded before Flop
Seat 6: LolDnkaments (big blind) collected ($2)


PokerStars Hand #152762504736:  Hold'em Limit ($3/$6 USD) - 2016/05/02 15:03:44 ET
Table 'Ilioneus III' 6-max Seat #6 is the button
Seat 5: hairy1961 ($193.69 in chips)
Seat 6: LolDnkaments ($72 in chips)
LolDnkaments: posts small blind $1
hairy1961: posts big blind $3
*** HOLE CARDS ***
LolDnkaments: raises $3 to $6
hairy1961: calls $3
*** FLOP *** [3d Kh Qc]
hairy1961: checks
LolDnkaments: bets $3
hairy1961: calls $3
*** TURN *** [3d Kh Qc] [4c]
hairy1961: checks
LolDnkaments: checks
*** RIVER *** [3d Kh Qc 4c] [Ks]
hairy1961: bets $6
LolDnkaments: calls $6
*** SHOW DOWN ***
hairy1961: shows [Ad Jh] (a pair of Kings)
LolDnkaments: mucks hand
hairy1961 collected $29.50 from pot
*** SUMMARY ***
Total pot $30 | Rake $0.50
Board [3d Kh Qc 4c Ks]
Seat 5: hairy1961 (big blind) showed [Ad Jh] and won ($29.50) with a pair of Kings
Seat 6: LolDnkaments (button) (small blind) mucked


PokerStars Hand #152762461887:  Hold'em Limit ($3/$6 USD) - 2016/05/02 15:02:59 ET
Table 'Ilioneus III' 6-max Seat #6 is the button
Seat 5: hairy1961 ($143.69 in chips)
Seat 6: LolDnkaments ($80.46 in chips)
LolDnkaments: posts small blind $1
hairy1961: posts big blind $3
*** HOLE CARDS ***
LolDnkaments: raises $3 to $6
hairy1961: calls $3
*** FLOP *** [8s 9d 9h]
hairy1961: checks
LolDnkaments: bets $3
hairy1961: calls $3
*** TURN *** [8s 9d 9h] [4h]
hairy1961: checks
LolDnkaments: bets $6
hairy1961: raises $6 to $12
LolDnkaments: calls $6
*** RIVER *** [8s 9d 9h 4h] [9s]
hairy1961: bets $6
LolDnkaments: calls $6
*** SHOW DOWN ***
hairy1961: shows [Jd 8h] (a full house, Nines full of Eights)
LolDnkaments: mucks hand
hairy1961 collected $53.50 from pot
*** SUMMARY ***
Total pot $54 | Rake $0.50
Board [8s 9d 9h 4h 9s]
Seat 5: hairy1961 (big blind) showed [Jd 8h] and won ($53.50) with a full house, Nines full of Eights
Seat 6: LolDnkaments (button) (small blind) mucked


PokerStars Hand #152762579092:  Hold'em Limit ($3/$6 USD) - 2016/05/02 15:05:02 ET
Table 'Ilioneus III' 6-max Seat #5 is the button
Seat 5: hairy1961 ($164.19 in chips)
Seat 6: LolDnkaments ($115 in chips)
hairy1961: posts small blind $1
LolDnkaments: posts big blind $3
*** HOLE CARDS ***
hairy1961: folds
Uncalled bet ($2) returned to LolDnkaments
LolDnkaments collected $2 from pot
LolDnkaments: doesn't show hand
*** SUMMARY ***
Total pot $2 | Rake $0
Seat 5: hairy1961 (button) (small blind) folded before Flop
Seat 6: LolDnkaments (big blind) collected ($2)


PokerStars Hand #152762550301:  Hold'em Limit ($3/$6 USD) - 2016/05/02 15:04:32 ET
Table 'Ilioneus III' 6-max Seat #6 is the button
Seat 5: hairy1961 ($191.19 in chips)
Seat 6: LolDnkaments ($88.50 in chips)
LolDnkaments: posts small blind $1
hairy1961: posts big blind $3
*** HOLE CARDS ***
LolDnkaments: raises $3 to $6
hairy1961: raises $3 to $9
LolDnkaments: raises $3 to $12
Betting is capped
hairy1961: calls $3
*** FLOP *** [3d Jh 8h]
hairy1961: checks
LolDnkaments: bets $3
hairy1961: calls $3
*** TURN *** [3d Jh 8h] [6c]
hairy1961: checks
LolDnkaments: bets $6
hairy1961: calls $6
*** RIVER *** [3d Jh 8h 6c] [Jd]
Ultrafranke joins the table at seat #3
hairy1961: bets $6
LolDnkaments: raises $6 to $12
hairy1961: folds
Uncalled bet ($6) returned to LolDnkaments
LolDnkaments collected $53.50 from pot
LolDnkaments: doesn't show hand
*** SUMMARY ***
Total pot $54 | Rake $0.50
Board [3d Jh 8h 6c Jd]
Seat 5: hairy1961 (big blind) folded on the River
Seat 6: LolDnkaments (button) (small blind) collected ($53.50)


PokerStars Hand #152762524543:  Hold'em Limit ($3/$6 USD) - 2016/05/02 15:04:05 ET
Table 'Ilioneus III' 6-max Seat #6 is the button
Seat 5: hairy1961 ($207.19 in chips)
Seat 6: LolDnkaments ($73 in chips)
LolDnkaments: posts small blind $1
hairy1961: posts big blind $3
*** HOLE CARDS ***
LolDnkaments: raises $3 to $6
hairy1961: calls $3
*** FLOP *** [Kc Jh Td]
hairy1961: checks
LolDnkaments: bets $3
hairy1961: calls $3
*** TURN *** [Kc Jh Td] [5s]
hairy1961: checks
LolDnkaments: bets $6
hairy1961: calls $6
*** RIVER *** [Kc Jh Td 5s] [7s]
hairy1961: checks
LolDnkaments: checks
*** SHOW DOWN ***
hairy1961: shows [Qd 8d] (high card King)
LolDnkaments: shows [7c Qs] (a pair of Sevens)
LolDnkaments collected $29.50 from pot
*** SUMMARY ***
Total pot $30 | Rake $0.50
Board [Kc Jh Td 5s 7s]
Seat 5: hairy1961 (big blind) showed [Qd 8d] and lost with high card King
Seat 6: LolDnkaments (button) (small blind) showed [7c Qs] and won ($29.50) with a pair of Sevens


PokerStars Hand #152762545496:  Hold'em Limit ($3/$6 USD) - 2016/05/02 15:04:27 ET
Table 'Ilioneus III' 6-max Seat #5 is the button
Seat 5: hairy1961 ($192.19 in chips)
Seat 6: LolDnkaments ($87.50 in chips)
hairy1961: posts small blind $1
LolDnkaments: posts big blind $3
*** HOLE CARDS ***
hairy1961: folds
Uncalled bet ($2) returned to LolDnkaments
LolDnkaments collected $2 from pot
LolDnkaments: doesn't show hand
*** SUMMARY ***
Total pot $2 | Rake $0
Seat 5: hairy1961 (button) (small blind) folded before Flop
Seat 6: LolDnkaments (big blind) collected ($2)


PokerStars Hand #152763066286:  Hold'em Limit ($3/$6 USD) - 2016/05/02 15:13:34 ET
Table 'Ilioneus III' 6-max Seat #4 is the button
Seat 4: anetkaapro ($238.57 in chips)
Seat 6: Zubasa07 ($448.26 in chips)
anetkaapro: posts small blind $1
Zubasa07: posts big blind $3
*** HOLE CARDS ***
Ultrafranke leaves the table
anetkaapro: raises $3 to $6
Zubasa07: calls $3
*** FLOP *** [5s 9d 2d]
Zubasa07: checks
anetkaapro: bets $3
Zubasa07: calls $3
*** TURN *** [5s 9d 2d] [Ks]
Zubasa07: checks
anetkaapro: checks
*** RIVER *** [5s 9d 2d Ks] [8s]
Zubasa07: checks
anetkaapro: checks
*** SHOW DOWN ***
Zubasa07: shows [Qd 6h] (high card King)
anetkaapro: shows [Ad 2s] (a pair of Deuces)
anetkaapro collected $17.64 from pot
*** SUMMARY ***
Total pot $18 | Rake $0.36
Board [5s 9d 2d Ks 8s]
Seat 4: anetkaapro (button) (small blind) showed [Ad 2s] and won ($17.64) with a pair of Deuces
Seat 6: Zubasa07 (big blind) showed [Qd 6h] and lost with high card King


