PokerStars Hand #155038776695:  Hold'em Limit ($3/$6 USD) - 2016/06/21 18:42:04 ET
Table 'Ilioneus' 6-max Seat #5 is the button
Seat 3: Garuda Black ($116.28 in chips)
Seat 5: krytalex ($91.35 in chips)
krytalex: posts small blind $1
BrownieSpy: is sitting out
BrownieSpy leaves the table
Garuda Black: posts big blind $3
*** HOLE CARDS ***
krytalex: raises $3 to $6
Garuda Black: raises $3 to $9
krytalex: calls $3
*** FLOP *** [Ac 3s 8d]
Garuda Black: bets $3
krytalex: calls $3
*** TURN *** [Ac 3s 8d] [Ks]
Garuda Black: bets $6
krytalex: folds
Uncalled bet ($6) returned to Garuda Black
Garuda Black collected $23.52 from pot
Garuda Black: doesn't show hand
*** SUMMARY ***
Total pot $24 | Rake $0.48
Board [Ac 3s 8d Ks]
Seat 3: Garuda Black (big blind) collected ($23.52)
Seat 5: krytalex (button) (small blind) folded on the Turn


PokerStars Hand #155038787058:  Hold'em Limit ($3/$6 USD) - 2016/06/21 18:42:20 ET
Table 'Ilioneus' 6-max Seat #3 is the button
Seat 3: Garuda Black ($127.80 in chips)
Seat 5: krytalex ($79.35 in chips)
Garuda Black: posts small blind $1
krytalex: posts big blind $3
*** HOLE CARDS ***
Garuda Black: raises $3 to $6
krytalex: calls $3
*** FLOP *** [Js 6h 8d]
krytalex: checks
Garuda Black: bets $3
krytalex: folds
Uncalled bet ($3) returned to Garuda Black
Garuda Black collected $11.76 from pot
Garuda Black: doesn't show hand
*** SUMMARY ***
Total pot $12 | Rake $0.24
Board [Js 6h 8d]
Seat 3: Garuda Black (button) (small blind) collected ($11.76)
Seat 5: krytalex (big blind) folded on the Flop


