PokerStars Hand #168989810373:  Hold'em Limit ($3/$6 USD) - 2017/04/13 14:50:06 ET
Table 'Illyria II' 6-max Seat #3 is the button
Seat 3: Jokkez 85 ($122.52 in chips)
Seat 4: AzureCaper ($80 in chips)
Jokkez 85: posts small blind $1
AzureCaper: posts big blind $3
*** HOLE CARDS ***
Jokkez 85: raises $3 to $6
AzureCaper: folds
Uncalled bet ($3) returned to Jokkez 85
Jokkez 85 collected $6 from pot
Jokkez 85: doesn't show hand
*** SUMMARY ***
Total pot $6 | Rake $0
Seat 3: Jokkez 85 (button) (small blind) collected ($6)
Seat 4: AzureCaper (big blind) folded before Flop


PokerStars Hand #168989805012:  Hold'em Limit ($3/$6 USD) - 2017/04/13 14:49:59 ET
Table 'Illyria II' 6-max Seat #4 is the button
Seat 3: Jokkez 85 ($125.52 in chips)
Seat 4: AzureCaper ($77 in chips)
AzureCaper: posts small blind $1
Jokkez 85: posts big blind $3
*** HOLE CARDS ***
AzureCaper: raises $3 to $6
Jokkez 85: folds
Uncalled bet ($3) returned to AzureCaper
AzureCaper collected $6 from pot
AzureCaper: doesn't show hand
*** SUMMARY ***
Total pot $6 | Rake $0
Seat 3: Jokkez 85 (big blind) folded before Flop
Seat 4: AzureCaper (button) (small blind) collected ($6)


PokerStars Hand #168989855709:  Hold'em Limit ($3/$6 USD) - 2017/04/13 14:51:00 ET
Table 'Illyria II' 6-max Seat #4 is the button
Seat 3: Jokkez 85 ($132.28 in chips)
Seat 4: AzureCaper ($73 in chips)
AzureCaper: posts small blind $1
Jokkez 85: posts big blind $3
*** HOLE CARDS ***
AzureCaper: folds
Uncalled bet ($2) returned to Jokkez 85
Jokkez 85 collected $2 from pot
Jokkez 85: doesn't show hand
*** SUMMARY ***
Total pot $2 | Rake $0
Seat 3: Jokkez 85 (big blind) collected ($2)
Seat 4: AzureCaper (button) (small blind) folded before Flop


PokerStars Hand #168989851654:  Hold'em Limit ($3/$6 USD) - 2017/04/13 14:50:55 ET
Table 'Illyria II' 6-max Seat #3 is the button
Seat 3: Jokkez 85 ($133.28 in chips)
Seat 4: AzureCaper ($72 in chips)
Jokkez 85: posts small blind $1
AzureCaper: posts big blind $3
*** HOLE CARDS ***
Jokkez 85: folds
Uncalled bet ($2) returned to AzureCaper
AzureCaper collected $2 from pot
AzureCaper: doesn't show hand
*** SUMMARY ***
Total pot $2 | Rake $0
Seat 3: Jokkez 85 (button) (small blind) folded before Flop
Seat 4: AzureCaper (big blind) collected ($2)


PokerStars Hand #168989846687:  Hold'em Limit ($3/$6 USD) - 2017/04/13 14:50:50 ET
Table 'Illyria II' 6-max Seat #4 is the button
Seat 3: Jokkez 85 ($132.28 in chips)
Seat 4: AzureCaper ($72 in chips)
AzureCaper: posts small blind $1
Jokkez 85: posts big blind $3
*** HOLE CARDS ***
AzureCaper: folds
Uncalled bet ($2) returned to Jokkez 85
Jokkez 85 collected $2 from pot
Jokkez 85: doesn't show hand
*** SUMMARY ***
Total pot $2 | Rake $0
Seat 3: Jokkez 85 (big blind) collected ($2)
Seat 4: AzureCaper (button) (small blind) folded before Flop


PokerStars Hand #168989820399:  Hold'em Limit ($3/$6 USD) - 2017/04/13 14:50:18 ET
Table 'Illyria II' 6-max Seat #3 is the button
Seat 3: Jokkez 85 ($126.52 in chips)
Seat 4: AzureCaper ($76 in chips)
Jokkez 85: posts small blind $1
AzureCaper: posts big blind $3
*** HOLE CARDS ***
Jokkez 85: raises $3 to $6
AzureCaper: calls $3
*** FLOP *** [Ac 5h 4d]
AzureCaper: checks
Jokkez 85: checks
*** TURN *** [Ac 5h 4d] [8h]
AzureCaper: checks
Jokkez 85: checks
*** RIVER *** [Ac 5h 4d 8h] [Jh]
AzureCaper: checks
Jokkez 85: bets $6
AzureCaper: folds
Uncalled bet ($6) returned to Jokkez 85
Jokkez 85 collected $11.76 from pot
Jokkez 85: doesn't show hand
*** SUMMARY ***
Total pot $12 | Rake $0.24
Board [Ac 5h 4d 8h Jh]
Seat 3: Jokkez 85 (button) (small blind) collected ($11.76)
Seat 4: AzureCaper (big blind) folded on the River


PokerStars Hand #168989815899:  Hold'em Limit ($3/$6 USD) - 2017/04/13 14:50:13 ET
Table 'Illyria II' 6-max Seat #4 is the button
Seat 3: Jokkez 85 ($125.52 in chips)
Seat 4: AzureCaper ($77 in chips)
AzureCaper: posts small blind $1
Jokkez 85: posts big blind $3
*** HOLE CARDS ***
AzureCaper: folds
Uncalled bet ($2) returned to Jokkez 85
Jokkez 85 collected $2 from pot
Jokkez 85: doesn't show hand
*** SUMMARY ***
Total pot $2 | Rake $0
Seat 3: Jokkez 85 (big blind) collected ($2)
Seat 4: AzureCaper (button) (small blind) folded before Flop


PokerStars Hand #168989909526:  Hold'em Limit ($3/$6 USD) - 2017/04/13 14:52:05 ET
Table 'Illyria II' 6-max Seat #4 is the button
Seat 3: Jokkez 85 ($147.04 in chips)
Seat 4: AzureCaper ($72 in chips)
AzureCaper: posts small blind $1
Jokkez 85: posts big blind $3
*** HOLE CARDS ***
AzureCaper: raises $3 to $6
Jokkez 85: folds
Uncalled bet ($3) returned to AzureCaper
AzureCaper collected $6 from pot
AzureCaper: doesn't show hand
*** SUMMARY ***
Total pot $6 | Rake $0
Seat 3: Jokkez 85 (big blind) folded before Flop
Seat 4: AzureCaper (button) (small blind) collected ($6)


PokerStars Hand #168989889590:  Hold'em Limit ($3/$6 USD) - 2017/04/13 14:51:41 ET
Table 'Illyria II' 6-max Seat #3 is the button
Seat 3: Jokkez 85 ($141.28 in chips)
Seat 4: AzureCaper ($72 in chips)
Jokkez 85: posts small blind $1
AzureCaper: posts big blind $3
*** HOLE CARDS ***
Jokkez 85: raises $3 to $6
AzureCaper: calls $3
*** FLOP *** [4d 2c Kc]
AzureCaper: checks
Jokkez 85: checks
*** TURN *** [4d 2c Kc] [5d]
AzureCaper: checks
Jokkez 85: bets $6
AzureCaper: folds
Uncalled bet ($6) returned to Jokkez 85
Jokkez 85 collected $11.76 from pot
Jokkez 85: doesn't show hand
*** SUMMARY ***
Total pot $12 | Rake $0.24
Board [4d 2c Kc 5d]
Seat 3: Jokkez 85 (button) (small blind) collected ($11.76)
Seat 4: AzureCaper (big blind) folded on the Turn


PokerStars Hand #168989870304:  Hold'em Limit ($3/$6 USD) - 2017/04/13 14:51:18 ET
Table 'Illyria II' 6-max Seat #4 is the button
Seat 3: Jokkez 85 ($136.28 in chips)
Seat 4: AzureCaper ($72 in chips)
AzureCaper: posts small blind $1
Jokkez 85: posts big blind $3
*** HOLE CARDS ***
AzureCaper: folds
Uncalled bet ($2) returned to Jokkez 85
Jokkez 85 collected $2 from pot
Jokkez 85: doesn't show hand
*** SUMMARY ***
Total pot $2 | Rake $0
Seat 3: Jokkez 85 (big blind) collected ($2)
Seat 4: AzureCaper (button) (small blind) folded before Flop


PokerStars Hand #168989863352:  Hold'em Limit ($3/$6 USD) - 2017/04/13 14:51:10 ET
Table 'Illyria II' 6-max Seat #3 is the button
Seat 3: Jokkez 85 ($133.28 in chips)
Seat 4: AzureCaper ($72 in chips)
Jokkez 85: posts small blind $1
AzureCaper: posts big blind $3
*** HOLE CARDS ***
Jokkez 85: raises $3 to $6
AzureCaper: folds
Uncalled bet ($3) returned to Jokkez 85
Jokkez 85 collected $6 from pot
Jokkez 85: doesn't show hand
*** SUMMARY ***
Total pot $6 | Rake $0
Seat 3: Jokkez 85 (button) (small blind) collected ($6)
Seat 4: AzureCaper (big blind) folded before Flop


PokerStars Hand #168989875203:  Hold'em Limit ($3/$6 USD) - 2017/04/13 14:51:24 ET
Table 'Illyria II' 6-max Seat #3 is the button
Seat 3: Jokkez 85 ($137.28 in chips)
Seat 4: AzureCaper ($72 in chips)
Jokkez 85: posts small blind $1
AzureCaper: posts big blind $3
*** HOLE CARDS ***
Jokkez 85: raises $3 to $6
AzureCaper: folds
Uncalled bet ($3) returned to Jokkez 85
Jokkez 85 collected $6 from pot
Jokkez 85: doesn't show hand
*** SUMMARY ***
Total pot $6 | Rake $0
Seat 3: Jokkez 85 (button) (small blind) collected ($6)
Seat 4: AzureCaper (big blind) folded before Flop


PokerStars Hand #168989880347:  Hold'em Limit ($3/$6 USD) - 2017/04/13 14:51:30 ET
Table 'Illyria II' 6-max Seat #4 is the button
Seat 3: Jokkez 85 ($140.28 in chips)
Seat 4: AzureCaper ($72 in chips)
AzureCaper: posts small blind $1
Jokkez 85: posts big blind $3
*** HOLE CARDS ***
AzureCaper: folds
Uncalled bet ($2) returned to Jokkez 85
Jokkez 85 collected $2 from pot
Jokkez 85: doesn't show hand
*** SUMMARY ***
Total pot $2 | Rake $0
Seat 3: Jokkez 85 (big blind) collected ($2)
Seat 4: AzureCaper (button) (small blind) folded before Flop


PokerStars Hand #168989914720:  Hold'em Limit ($3/$6 USD) - 2017/04/13 14:52:11 ET
Table 'Illyria II' 6-max Seat #3 is the button
Seat 3: Jokkez 85 ($144.04 in chips)
Seat 4: AzureCaper ($75 in chips)
Jokkez 85: posts small blind $1
AzureCaper: posts big blind $3
*** HOLE CARDS ***
Jokkez 85: raises $3 to $6
AzureCaper: calls $3
*** FLOP *** [2h 5s 7d]
AzureCaper: checks
Jokkez 85: bets $3
AzureCaper: raises $3 to $6
Jokkez 85: raises $3 to $9
AzureCaper: calls $3
*** TURN *** [2h 5s 7d] [3s]
AzureCaper: checks
Jokkez 85: bets $6
AzureCaper: calls $6
*** RIVER *** [2h 5s 7d 3s] [Qs]
AzureCaper: checks
Jokkez 85: checks
*** SHOW DOWN ***
AzureCaper: shows [8d 6s] (high card Queen)
Jokkez 85: shows [8h 7h] (a pair of Sevens)
Jokkez 85 collected $41.50 from pot
*** SUMMARY ***
Total pot $42 | Rake $0.50
Board [2h 5s 7d 3s Qs]
Seat 3: Jokkez 85 (button) (small blind) showed [8h 7h] and won ($41.50) with a pair of Sevens
Seat 4: AzureCaper (big blind) showed [8d 6s] and lost with high card Queen


PokerStars Hand #168989942237:  Hold'em Limit ($3/$6 USD) - 2017/04/13 14:52:44 ET
Table 'Illyria II' 6-max Seat #4 is the button
Seat 3: Jokkez 85 ($164.54 in chips)
Seat 4: AzureCaper ($72 in chips)
AzureCaper: posts small blind $1
Jokkez 85: posts big blind $3
*** HOLE CARDS ***
AzureCaper: raises $3 to $6
Jokkez 85: folds
Uncalled bet ($3) returned to AzureCaper
AzureCaper collected $6 from pot
AzureCaper: doesn't show hand
*** SUMMARY ***
Total pot $6 | Rake $0
Seat 3: Jokkez 85 (big blind) folded before Flop
Seat 4: AzureCaper (button) (small blind) collected ($6)


PokerStars Hand #168989995568:  Hold'em Limit ($3/$6 USD) - 2017/04/13 14:53:48 ET
Table 'Illyria II' 6-max Seat #4 is the button
Seat 3: Jokkez 85 ($179.04 in chips)
Seat 4: AzureCaper ($89.50 in chips)
AzureCaper: posts small blind $1
Jokkez 85: posts big blind $3
*** HOLE CARDS ***
AzureCaper: raises $3 to $6
Jokkez 85: calls $3
*** FLOP *** [3h Js 4s]
Jokkez 85: checks
AzureCaper: bets $3
Jokkez 85: calls $3
*** TURN *** [3h Js 4s] [5c]
Jokkez 85: checks
AzureCaper: checks
*** RIVER *** [3h Js 4s 5c] [9s]
Jokkez 85: bets $6
AzureCaper: calls $6
*** SHOW DOWN ***
Jokkez 85: shows [3d 8s] (a pair of Threes)
AzureCaper: shows [Ad 9h] (a pair of Nines)
AzureCaper collected $29.50 from pot
*** SUMMARY ***
Total pot $30 | Rake $0.50
Board [3h Js 4s 5c 9s]
Seat 3: Jokkez 85 (big blind) showed [3d 8s] and lost with a pair of Threes
Seat 4: AzureCaper (button) (small blind) showed [Ad 9h] and won ($29.50) with a pair of Nines


PokerStars Hand #168989947819:  Hold'em Limit ($3/$6 USD) - 2017/04/13 14:52:51 ET
Table 'Illyria II' 6-max Seat #3 is the button
Seat 3: Jokkez 85 ($161.54 in chips)
Seat 4: AzureCaper ($75 in chips)
Jokkez 85: posts small blind $1
AzureCaper: posts big blind $3
*** HOLE CARDS ***
Jokkez 85: raises $3 to $6
AzureCaper: calls $3
*** FLOP *** [9h 5h 3h]
AzureCaper: bets $3
Jokkez 85: raises $3 to $6
AzureCaper: raises $3 to $9
Jokkez 85: raises $3 to $12
Betting is capped
AzureCaper: calls $3
*** TURN *** [9h 5h 3h] [5d]
AzureCaper: bets $6
Jokkez 85: raises $6 to $12
AzureCaper: calls $6
*** RIVER *** [9h 5h 3h 5d] [3d]
AzureCaper: checks
Jokkez 85: bets $6
AzureCaper: calls $6
*** SHOW DOWN ***
Jokkez 85: shows [Ah 5c] (a full house, Fives full of Threes)
AzureCaper: mucks hand
Jokkez 85 collected $71.50 from pot
*** SUMMARY ***
Total pot $72 | Rake $0.50
Board [9h 5h 3h 5d 3d]
Seat 3: Jokkez 85 (button) (small blind) showed [Ah 5c] and won ($71.50) with a full house, Fives full of Threes
Seat 4: AzureCaper (big blind) mucked


PokerStars Hand #168989971975:  Hold'em Limit ($3/$6 USD) - 2017/04/13 14:53:20 ET
Table 'Illyria II' 6-max Seat #4 is the button
Seat 3: Jokkez 85 ($197.04 in chips)
Seat 4: AzureCaper ($72 in chips)
AzureCaper: posts small blind $1
Jokkez 85: posts big blind $3
*** HOLE CARDS ***
AzureCaper: raises $3 to $6
Jokkez 85: raises $3 to $9
AzureCaper: calls $3
*** FLOP *** [Ks 5d Tc]
Jokkez 85: bets $3
AzureCaper: raises $3 to $6
Jokkez 85: calls $3
*** TURN *** [Ks 5d Tc] [Js]
Jokkez 85: checks
AzureCaper: bets $6
Jokkez 85: calls $6
*** RIVER *** [Ks 5d Tc Js] [4h]
Jokkez 85: checks
AzureCaper: checks
*** SHOW DOWN ***
Jokkez 85: shows [6h As] (high card Ace)
AzureCaper: shows [Ts 9d] (a pair of Tens)
AzureCaper collected $41.50 from pot
*** SUMMARY ***
Total pot $42 | Rake $0.50
Board [Ks 5d Tc Js 4h]
Seat 3: Jokkez 85 (big blind) showed [6h As] and lost with high card Ace
Seat 4: AzureCaper (button) (small blind) showed [Ts 9d] and won ($41.50) with a pair of Tens


PokerStars Hand #168989989887:  Hold'em Limit ($3/$6 USD) - 2017/04/13 14:53:41 ET
Table 'Illyria II' 6-max Seat #3 is the button
Seat 3: Jokkez 85 ($176.04 in chips)
Seat 4: AzureCaper ($92.50 in chips)
Jokkez 85: posts small blind $1
AzureCaper: posts big blind $3
*** HOLE CARDS ***
Jokkez 85: raises $3 to $6
AzureCaper: folds
Uncalled bet ($3) returned to Jokkez 85
Jokkez 85 collected $6 from pot
Jokkez 85: doesn't show hand
*** SUMMARY ***
Total pot $6 | Rake $0
Seat 3: Jokkez 85 (button) (small blind) collected ($6)
Seat 4: AzureCaper (big blind) folded before Flop


PokerStars Hand #168990018849:  Hold'em Limit ($3/$6 USD) - 2017/04/13 14:54:16 ET
Table 'Illyria II' 6-max Seat #4 is the button
Seat 3: Jokkez 85 ($169.80 in chips)
Seat 4: AzureCaper ($98 in chips)
AzureCaper: posts small blind $1
Jokkez 85: posts big blind $3
*** HOLE CARDS ***
AzureCaper: folds
Uncalled bet ($2) returned to Jokkez 85
AzureCaper leaves the table
Jokkez 85 collected $2 from pot
Jokkez 85: doesn't show hand
*** SUMMARY ***
Total pot $2 | Rake $0
Seat 3: Jokkez 85 (big blind) collected ($2)
Seat 4: AzureCaper (button) (small blind) folded before Flop


PokerStars Hand #168990010437:  Hold'em Limit ($3/$6 USD) - 2017/04/13 14:54:06 ET
Table 'Illyria II' 6-max Seat #3 is the button
Seat 3: Jokkez 85 ($164.04 in chips)
Seat 4: AzureCaper ($104 in chips)
Jokkez 85: posts small blind $1
AzureCaper: posts big blind $3
*** HOLE CARDS ***
Jokkez 85: raises $3 to $6
AzureCaper: calls $3
*** FLOP *** [Ah Kd Jh]
AzureCaper: checks
Jokkez 85: bets $3
AzureCaper: folds
Uncalled bet ($3) returned to Jokkez 85
Jokkez 85 collected $11.76 from pot
Jokkez 85: doesn't show hand
*** SUMMARY ***
Total pot $12 | Rake $0.24
Board [Ah Kd Jh]
Seat 3: Jokkez 85 (button) (small blind) collected ($11.76)
Seat 4: AzureCaper (big blind) folded on the Flop


