PokerStars Hand #144832632790:  Hold'em Limit ($3/$6 USD) - 2015/12/04 18:21:25 ET
Table 'Ilmatar IV' 2-max Seat #1 is the button
Seat 1: caritasest ($166.76 in chips)
Seat 2: Necromadx ($120 in chips)
caritasest: posts small blind $1
Necromadx: posts big blind $3
*** HOLE CARDS ***
caritasest: raises $3 to $6
Necromadx: raises $3 to $9
caritasest: calls $3
*** FLOP *** [8d 8h Ts]
Necromadx: bets $3
caritasest: calls $3
*** TURN *** [8d 8h Ts] [Qd]
Necromadx: bets $6
caritasest: calls $6
*** RIVER *** [8d 8h Ts Qd] [Ad]
Necromadx: bets $6
caritasest: calls $6
*** SHOW DOWN ***
Necromadx: shows [Qh Th] (two pair, Queens and Tens)
caritasest: shows [Ah 9h] (two pair, Aces and Eights)
caritasest collected $47.50 from pot
*** SUMMARY ***
Total pot $48 | Rake $0.50
Board [8d 8h Ts Qd Ad]
Seat 1: caritasest (button) (small blind) showed [Ah 9h] and won ($47.50) with two pair, Aces and Eights
Seat 2: Necromadx (big blind) showed [Qh Th] and lost with two pair, Queens and Tens


PokerStars Hand #144832650493:  Hold'em Limit ($3/$6 USD) - 2015/12/04 18:21:48 ET
Table 'Ilmatar IV' 2-max Seat #2 is the button
Seat 1: caritasest ($190.26 in chips)
Seat 2: Necromadx ($120 in chips)
Necromadx: posts small blind $1
caritasest: posts big blind $3
*** HOLE CARDS ***
Necromadx: raises $3 to $6
caritasest: calls $3
*** FLOP *** [2h 6h 4s]
caritasest: checks
Necromadx: bets $3
caritasest: calls $3
*** TURN *** [2h 6h 4s] [5s]
caritasest: checks
Necromadx: checks
*** RIVER *** [2h 6h 4s 5s] [2d]
caritasest: bets $6
Necromadx: calls $6
*** SHOW DOWN ***
caritasest: shows [Qs 7s] (a pair of Deuces)
Necromadx: shows [Ts 4d] (two pair, Fours and Deuces)
Necromadx collected $29.50 from pot
*** SUMMARY ***
Total pot $30 | Rake $0.50
Board [2h 6h 4s 5s 2d]
Seat 1: caritasest (big blind) showed [Qs 7s] and lost with a pair of Deuces
Seat 2: Necromadx (button) (small blind) showed [Ts 4d] and won ($29.50) with two pair, Fours and Deuces


PokerStars Hand #144832696010:  Hold'em Limit ($3/$6 USD) - 2015/12/04 18:22:45 ET
Table 'Ilmatar IV' 2-max Seat #2 is the button
Seat 1: caritasest ($183.90 in chips)
Seat 2: Necromadx ($125.50 in chips)
Necromadx: posts small blind $1
caritasest: posts big blind $3
*** HOLE CARDS ***
Necromadx: raises $3 to $6
caritasest: calls $3
*** FLOP *** [8h Qh Ac]
caritasest: checks
Necromadx: bets $3
caritasest: folds
Uncalled bet ($3) returned to Necromadx
Necromadx collected $11.76 from pot
Necromadx: doesn't show hand
*** SUMMARY ***
Total pot $12 | Rake $0.24
Board [8h Qh Ac]
Seat 1: caritasest (big blind) folded on the Flop
Seat 2: Necromadx (button) (small blind) collected ($11.76)


PokerStars Hand #144832668335:  Hold'em Limit ($3/$6 USD) - 2015/12/04 18:22:10 ET
Table 'Ilmatar IV' 2-max Seat #1 is the button
Seat 1: caritasest ($175.26 in chips)
Seat 2: Necromadx ($134.50 in chips)
caritasest: posts small blind $1
Necromadx: posts big blind $3
*** HOLE CARDS ***
caritasest: raises $3 to $6
Necromadx: calls $3
*** FLOP *** [3h Kd 9d]
Necromadx: checks
caritasest: bets $3
Necromadx is disconnected
Necromadx is connected
Necromadx: calls $3
*** TURN *** [3h Kd 9d] [2s]
Necromadx: checks
caritasest: bets $6
Necromadx: folds
Uncalled bet ($6) returned to caritasest
caritasest collected $17.64 from pot
*** SUMMARY ***
Total pot $18 | Rake $0.36
Board [3h Kd 9d 2s]
Seat 1: caritasest (button) (small blind) collected ($17.64)
Seat 2: Necromadx (big blind) folded on the Turn


PokerStars Hand #144832714349:  Hold'em Limit ($3/$6 USD) - 2015/12/04 18:23:08 ET
Table 'Ilmatar IV' 2-max Seat #2 is the button
Seat 1: caritasest ($177.65 in chips)
Seat 2: Necromadx ($131.01 in chips)
Necromadx: posts small blind $1
caritasest: posts big blind $3
*** HOLE CARDS ***
Necromadx: folds
Uncalled bet ($2) returned to caritasest
caritasest collected $2 from pot
*** SUMMARY ***
Total pot $2 | Rake $0
Seat 1: caritasest (big blind) collected ($2)
Seat 2: Necromadx (button) (small blind) folded before Flop


PokerStars Hand #144832702997:  Hold'em Limit ($3/$6 USD) - 2015/12/04 18:22:53 ET
Table 'Ilmatar IV' 2-max Seat #1 is the button
Seat 1: caritasest ($177.90 in chips)
Seat 2: Necromadx ($131.26 in chips)
caritasest: posts small blind $1
Necromadx: posts big blind $3
*** HOLE CARDS ***
caritasest: raises $3 to $6
Necromadx: calls $3
*** FLOP *** [Jc 5c 7c]
Necromadx: checks
caritasest: bets $3
Necromadx: calls $3
*** TURN *** [Jc 5c 7c] [Qc]
Necromadx: checks
caritasest: checks
*** RIVER *** [Jc 5c 7c Qc] [2c]
Necromadx: bets $6
caritasest: calls $6
*** SHOW DOWN ***
Necromadx: shows [8s 4d] (a flush, Queen high)
caritasest: shows [Th 5d] (a flush, Queen high)
Necromadx collected $14.75 from pot
caritasest collected $14.75 from pot
*** SUMMARY ***
Total pot $30 | Rake $0.50
Board [Jc 5c 7c Qc 2c]
Seat 1: caritasest (button) (small blind) showed [Th 5d] and won ($14.75) with a flush, Queen high
Seat 2: Necromadx (big blind) showed [8s 4d] and won ($14.75) with a flush, Queen high


PokerStars Hand #144832749467:  Hold'em Limit ($3/$6 USD) - 2015/12/04 18:23:51 ET
Table 'Ilmatar IV' 2-max Seat #1 is the button
Seat 1: caritasest ($160.41 in chips)
Seat 2: Necromadx ($147.51 in chips)
caritasest: posts small blind $1
Necromadx: posts big blind $3
*** HOLE CARDS ***
caritasest: raises $3 to $6
Necromadx: calls $3
*** FLOP *** [Ts Kd 4s]
Necromadx: checks
caritasest: bets $3
Necromadx: calls $3
*** TURN *** [Ts Kd 4s] [Qs]
Necromadx: checks
caritasest: bets $6
Necromadx: calls $6
*** RIVER *** [Ts Kd 4s Qs] [Ks]
Necromadx: checks
caritasest: bets $6
Necromadx: folds
Uncalled bet ($6) returned to caritasest
caritasest collected $29.50 from pot
*** SUMMARY ***
Total pot $30 | Rake $0.50
Board [Ts Kd 4s Qs Ks]
Seat 1: caritasest (button) (small blind) collected ($29.50)
Seat 2: Necromadx (big blind) folded on the River


PokerStars Hand #144832735572:  Hold'em Limit ($3/$6 USD) - 2015/12/04 18:23:34 ET
Table 'Ilmatar IV' 2-max Seat #2 is the button
Seat 1: caritasest ($184.41 in chips)
Seat 2: Necromadx ($124.01 in chips)
Necromadx: posts small blind $1
caritasest: posts big blind $3
*** HOLE CARDS ***
Necromadx: raises $3 to $6
caritasest: raises $3 to $9
Necromadx: calls $3
*** FLOP *** [9d 9c 3c]
caritasest: bets $3
Necromadx: calls $3
*** TURN *** [9d 9c 3c] [2c]
caritasest: checks
Necromadx: bets $6
caritasest: calls $6
*** RIVER *** [9d 9c 3c 2c] [2h]
caritasest: checks
Necromadx: bets $6
caritasest: calls $6
*** SHOW DOWN ***
Necromadx: shows [Qd Ah] (two pair, Nines and Deuces)
caritasest: mucks hand
Necromadx collected $47.50 from pot
*** SUMMARY ***
Total pot $48 | Rake $0.50
Board [9d 9c 3c 2c 2h]
Seat 1: caritasest (big blind) mucked
Seat 2: Necromadx (button) (small blind) showed [Qd Ah] and won ($47.50) with two pair, Nines and Deuces


PokerStars Hand #144832717515:  Hold'em Limit ($3/$6 USD) - 2015/12/04 18:23:12 ET
Table 'Ilmatar IV' 2-max Seat #1 is the button
Seat 1: caritasest ($178.65 in chips)
Seat 2: Necromadx ($130.01 in chips)
caritasest: posts small blind $1
Necromadx: posts big blind $3
*** HOLE CARDS ***
caritasest: raises $3 to $6
Necromadx: calls $3
*** FLOP *** [4s Qh 8s]
Necromadx: checks
caritasest: bets $3
Necromadx: folds
Uncalled bet ($3) returned to caritasest
caritasest collected $11.76 from pot
*** SUMMARY ***
Total pot $12 | Rake $0.24
Board [4s Qh 8s]
Seat 1: caritasest (button) (small blind) collected ($11.76)
Seat 2: Necromadx (big blind) folded on the Flop


PokerStars Hand #144832760151:  Hold'em Limit ($3/$6 USD) - 2015/12/04 18:24:05 ET
Table 'Ilmatar IV' 2-max Seat #2 is the button
Seat 1: caritasest ($174.91 in chips)
Seat 2: Necromadx ($132.51 in chips)
Necromadx: posts small blind $1
caritasest: posts big blind $3
*** HOLE CARDS ***
Necromadx: folds
Uncalled bet ($2) returned to caritasest
caritasest collected $2 from pot
*** SUMMARY ***
Total pot $2 | Rake $0
Seat 1: caritasest (big blind) collected ($2)
Seat 2: Necromadx (button) (small blind) folded before Flop


PokerStars Hand #144832798359:  Hold'em Limit ($3/$6 USD) - 2015/12/04 18:24:53 ET
Table 'Ilmatar IV' 2-max Seat #1 is the button
Seat 1: caritasest ($146.43 in chips)
Seat 2: Necromadx ($160.02 in chips)
caritasest: posts small blind $1
Necromadx: posts big blind $3
*** HOLE CARDS ***
caritasest: raises $3 to $6
Necromadx: calls $3
*** FLOP *** [7d 2h Jd]
Necromadx: checks
caritasest: bets $3
Necromadx: folds
Uncalled bet ($3) returned to caritasest
caritasest collected $11.76 from pot
*** SUMMARY ***
Total pot $12 | Rake $0.24
Board [7d 2h Jd]
Seat 1: caritasest (button) (small blind) collected ($11.76)
Seat 2: Necromadx (big blind) folded on the Flop


PokerStars Hand #144832772447:  Hold'em Limit ($3/$6 USD) - 2015/12/04 18:24:20 ET
Table 'Ilmatar IV' 2-max Seat #2 is the button
Seat 1: caritasest ($187.43 in chips)
Seat 2: Necromadx ($120 in chips)
Necromadx: posts small blind $1
caritasest: posts big blind $3
*** HOLE CARDS ***
Necromadx: raises $3 to $6
caritasest: calls $3
*** FLOP *** [Js 7d 7h]
caritasest: checks
Necromadx: bets $3
caritasest: raises $3 to $6
Necromadx: calls $3
*** TURN *** [Js 7d 7h] [Ah]
caritasest: checks
Necromadx: checks
*** RIVER *** [Js 7d 7h Ah] [Ad]
caritasest: checks
Necromadx: checks
*** SHOW DOWN ***
caritasest: shows [Ts Kh] (two pair, Aces and Sevens)
Necromadx: shows [Tc Td] (two pair, Aces and Tens)
Necromadx collected $23.52 from pot
*** SUMMARY ***
Total pot $24 | Rake $0.48
Board [Js 7d 7h Ah Ad]
Seat 1: caritasest (big blind) showed [Ts Kh] and lost with two pair, Aces and Sevens
Seat 2: Necromadx (button) (small blind) showed [Tc Td] and won ($23.52) with two pair, Aces and Tens


PokerStars Hand #144832763705:  Hold'em Limit ($3/$6 USD) - 2015/12/04 18:24:09 ET
Table 'Ilmatar IV' 2-max Seat #1 is the button
Seat 1: caritasest ($175.91 in chips)
Seat 2: Necromadx ($131.51 in chips)
caritasest: posts small blind $1
Necromadx: posts big blind $3
*** HOLE CARDS ***
caritasest: raises $3 to $6
Necromadx: calls $3
*** FLOP *** [3d Th 6d]
Necromadx: checks
caritasest: checks
*** TURN *** [3d Th 6d] [6c]
Necromadx: checks
caritasest: checks
*** RIVER *** [3d Th 6d 6c] [5c]
Necromadx: bets $6
caritasest: calls $6
*** SHOW DOWN ***
Necromadx: shows [8c 4h] (a pair of Sixes)
caritasest: shows [Ac 5s] (two pair, Sixes and Fives)
caritasest collected $23.52 from pot
*** SUMMARY ***
Total pot $24 | Rake $0.48
Board [3d Th 6d 6c 5c]
Seat 1: caritasest (button) (small blind) showed [Ac 5s] and won ($23.52) with two pair, Sixes and Fives
Seat 2: Necromadx (big blind) showed [8c 4h] and lost with a pair of Sixes


PokerStars Hand #144832804230:  Hold'em Limit ($3/$6 USD) - 2015/12/04 18:25:00 ET
Table 'Ilmatar IV' 2-max Seat #2 is the button
Seat 1: caritasest ($152.19 in chips)
Seat 2: Necromadx ($154.02 in chips)
Necromadx: posts small blind $1
caritasest: posts big blind $3
*** HOLE CARDS ***
Necromadx: raises $3 to $6
caritasest: calls $3
*** FLOP *** [5s 5h 7s]
caritasest: checks
Necromadx: bets $3
caritasest: raises $3 to $6
Necromadx: calls $3
*** TURN *** [5s 5h 7s] [Th]
caritasest: bets $6
Necromadx: calls $6
*** RIVER *** [5s 5h 7s Th] [Jh]
caritasest: bets $6
Necromadx: raises $6 to $12
caritasest: folds
Uncalled bet ($6) returned to Necromadx
Necromadx collected $47.50 from pot
Necromadx: doesn't show hand
*** SUMMARY ***
Total pot $48 | Rake $0.50
Board [5s 5h 7s Th Jh]
Seat 1: caritasest (big blind) folded on the River
Seat 2: Necromadx (button) (small blind) collected ($47.50)


PokerStars Hand #144832850115:  Hold'em Limit ($3/$6 USD) - 2015/12/04 18:25:58 ET
Table 'Ilmatar IV' 2-max Seat #2 is the button
Seat 1: caritasest ($106.83 in chips)
Seat 2: Necromadx ($197.66 in chips)
Necromadx: posts small blind $1
caritasest: posts big blind $3
*** HOLE CARDS ***
Necromadx: folds
Uncalled bet ($2) returned to caritasest
caritasest collected $2 from pot
*** SUMMARY ***
Total pot $2 | Rake $0
Seat 1: caritasest (big blind) collected ($2)
Seat 2: Necromadx (button) (small blind) folded before Flop


PokerStars Hand #144832831247:  Hold'em Limit ($3/$6 USD) - 2015/12/04 18:25:34 ET
Table 'Ilmatar IV' 2-max Seat #2 is the button
Seat 1: caritasest ($119.19 in chips)
Seat 2: Necromadx ($186.16 in chips)
Necromadx: posts small blind $1
caritasest: posts big blind $3
*** HOLE CARDS ***
Necromadx: raises $3 to $6
caritasest: raises $3 to $9
Necromadx: calls $3
*** FLOP *** [8h 7h 4d]
caritasest: bets $3
Necromadx: folds
Uncalled bet ($3) returned to caritasest
caritasest collected $17.64 from pot
*** SUMMARY ***
Total pot $18 | Rake $0.36
Board [8h 7h 4d]
Seat 1: caritasest (big blind) collected ($17.64)
Seat 2: Necromadx (button) (small blind) folded on the Flop


PokerStars Hand #144832855472:  Hold'em Limit ($3/$6 USD) - 2015/12/04 18:26:05 ET
Table 'Ilmatar IV' 2-max Seat #1 is the button
Seat 1: caritasest ($107.83 in chips)
Seat 2: Necromadx ($196.66 in chips)
caritasest: posts small blind $1
Necromadx: posts big blind $3
*** HOLE CARDS ***
caritasest: raises $3 to $6
Necromadx: calls $3
*** FLOP *** [2d 5h Qs]
Necromadx: checks
caritasest: checks
*** TURN *** [2d 5h Qs] [8c]
Necromadx: bets $6
caritasest: folds
Uncalled bet ($6) returned to Necromadx
Necromadx collected $11.76 from pot
Necromadx: doesn't show hand
*** SUMMARY ***
Total pot $12 | Rake $0.24
Board [2d 5h Qs 8c]
Seat 1: caritasest (button) (small blind) folded on the Turn
Seat 2: Necromadx (big blind) collected ($11.76)


PokerStars Hand #144832892246:  Hold'em Limit ($3/$6 USD) - 2015/12/04 18:26:51 ET
Table 'Ilmatar IV' 2-max Seat #1 is the button
Seat 1: caritasest ($85.83 in chips)
Seat 2: Necromadx ($217.94 in chips)
caritasest: posts small blind $1
Necromadx: posts big blind $3
*** HOLE CARDS ***
caritasest: raises $3 to $6
Necromadx: calls $3
*** FLOP *** [5s Js Td]
Necromadx: checks
caritasest: bets $3
Necromadx: calls $3
*** TURN *** [5s Js Td] [5d]
Necromadx: checks
caritasest: checks
*** RIVER *** [5s Js Td 5d] [7s]
Necromadx: checks
caritasest: checks
*** SHOW DOWN ***
Necromadx: shows [3c Ad] (a pair of Fives)
caritasest: shows [7d 9s] (two pair, Sevens and Fives)
caritasest collected $17.64 from pot
*** SUMMARY ***
Total pot $18 | Rake $0.36
Board [5s Js Td 5d 7s]
Seat 1: caritasest (button) (small blind) showed [7d 9s] and won ($17.64) with two pair, Sevens and Fives
Seat 2: Necromadx (big blind) showed [3c Ad] and lost with a pair of Fives


PokerStars Hand #144832888511:  Hold'em Limit ($3/$6 USD) - 2015/12/04 18:26:46 ET
Table 'Ilmatar IV' 2-max Seat #2 is the button
Seat 1: caritasest ($88.83 in chips)
Seat 2: Necromadx ($214.94 in chips)
Necromadx: posts small blind $1
caritasest: posts big blind $3
*** HOLE CARDS ***
Necromadx: raises $3 to $6
caritasest: folds
Uncalled bet ($3) returned to Necromadx
Necromadx collected $6 from pot
Necromadx: doesn't show hand
*** SUMMARY ***
Total pot $6 | Rake $0
Seat 1: caritasest (big blind) folded before Flop
Seat 2: Necromadx (button) (small blind) collected ($6)


PokerStars Hand #144832900253:  Hold'em Limit ($3/$6 USD) - 2015/12/04 18:27:01 ET
Table 'Ilmatar IV' 2-max Seat #2 is the button
Seat 1: caritasest ($94.47 in chips)
Seat 2: Necromadx ($208.94 in chips)
Necromadx: posts small blind $1
caritasest: posts big blind $3
*** HOLE CARDS ***
Necromadx: raises $3 to $6
caritasest: raises $3 to $9
Necromadx: calls $3
*** FLOP *** [9h 8d 8c]
caritasest: bets $3
Necromadx: calls $3
*** TURN *** [9h 8d 8c] [7s]
caritasest: bets $6
Necromadx: calls $6
*** RIVER *** [9h 8d 8c 7s] [Qc]
caritasest: bets $6
Necromadx: calls $6
*** SHOW DOWN ***
caritasest: shows [Ad 7d] (two pair, Eights and Sevens)
Necromadx: mucks hand
caritasest collected $47.50 from pot
*** SUMMARY ***
Total pot $48 | Rake $0.50
Board [9h 8d 8c 7s Qc]
Seat 1: caritasest (big blind) showed [Ad 7d] and won ($47.50) with two pair, Eights and Sevens
Seat 2: Necromadx (button) (small blind) mucked


PokerStars Hand #144832884589:  Hold'em Limit ($3/$6 USD) - 2015/12/04 18:26:41 ET
Table 'Ilmatar IV' 2-max Seat #1 is the button
Seat 1: caritasest ($85.83 in chips)
Seat 2: Necromadx ($217.94 in chips)
caritasest: posts small blind $1
Necromadx: posts big blind $3
*** HOLE CARDS ***
caritasest: raises $3 to $6
Necromadx: folds
Uncalled bet ($3) returned to caritasest
caritasest collected $6 from pot
*** SUMMARY ***
Total pot $6 | Rake $0
Seat 1: caritasest (button) (small blind) collected ($6)
Seat 2: Necromadx (big blind) folded before Flop


PokerStars Hand #144832880422:  Hold'em Limit ($3/$6 USD) - 2015/12/04 18:26:36 ET
Table 'Ilmatar IV' 2-max Seat #2 is the button
Seat 1: caritasest ($88.83 in chips)
Seat 2: Necromadx ($214.94 in chips)
Necromadx: posts small blind $1
caritasest: posts big blind $3
*** HOLE CARDS ***
Necromadx: raises $3 to $6
caritasest: folds
Uncalled bet ($3) returned to Necromadx
Necromadx collected $6 from pot
Necromadx: doesn't show hand
*** SUMMARY ***
Total pot $6 | Rake $0
Seat 1: caritasest (big blind) folded before Flop
Seat 2: Necromadx (button) (small blind) collected ($6)


PokerStars Hand #144832876523:  Hold'em Limit ($3/$6 USD) - 2015/12/04 18:26:31 ET
Table 'Ilmatar IV' 2-max Seat #1 is the button
Seat 1: caritasest ($89.83 in chips)
Seat 2: Necromadx ($213.94 in chips)
caritasest: posts small blind $1
Necromadx: posts big blind $3
*** HOLE CARDS ***
caritasest: folds
Uncalled bet ($2) returned to Necromadx
Necromadx collected $2 from pot
*** SUMMARY ***
Total pot $2 | Rake $0
Seat 1: caritasest (button) (small blind) folded before Flop
Seat 2: Necromadx (big blind) collected ($2)


PokerStars Hand #144832863589:  Hold'em Limit ($3/$6 USD) - 2015/12/04 18:26:15 ET
Table 'Ilmatar IV' 2-max Seat #2 is the button
Seat 1: caritasest ($101.83 in chips)
Seat 2: Necromadx ($202.42 in chips)
Necromadx: posts small blind $1
caritasest: posts big blind $3
*** HOLE CARDS ***
Necromadx: raises $3 to $6
caritasest: raises $3 to $9
Necromadx: calls $3
*** FLOP *** [2c As 2s]
caritasest: bets $3
Necromadx: calls $3
*** TURN *** [2c As 2s] [Qd]
caritasest: checks
Necromadx: checks
*** RIVER *** [2c As 2s Qd] [Kc]
caritasest: checks
Necromadx: checks
*** SHOW DOWN ***
caritasest: shows [Jc 7c] (a pair of Deuces)
Necromadx: shows [Th Ts] (two pair, Tens and Deuces)
Necromadx collected $23.52 from pot
*** SUMMARY ***
Total pot $24 | Rake $0.48
Board [2c As 2s Qd Kc]
Seat 1: caritasest (big blind) showed [Jc 7c] and lost with a pair of Deuces
Seat 2: Necromadx (button) (small blind) showed [Th Ts] and won ($23.52) with two pair, Tens and Deuces


PokerStars Hand #144832936979:  Hold'em Limit ($3/$6 USD) - 2015/12/04 18:27:48 ET
Table 'Ilmatar IV' 2-max Seat #1 is the button
Seat 1: caritasest ($117.73 in chips)
Seat 2: Necromadx ($184.70 in chips)
caritasest: posts small blind $1
Necromadx: posts big blind $3
*** HOLE CARDS ***
caritasest: raises $3 to $6
Necromadx: calls $3
*** FLOP *** [9c 9s 3h]
Necromadx: checks
caritasest: checks
*** TURN *** [9c 9s 3h] [Js]
Necromadx: checks
caritasest: bets $6
Necromadx: calls $6
*** RIVER *** [9c 9s 3h Js] [Ac]
Necromadx: checks
caritasest: checks
*** SHOW DOWN ***
Necromadx: shows [5c Ad] (two pair, Aces and Nines)
caritasest: mucks hand
Necromadx collected $23.52 from pot
*** SUMMARY ***
Total pot $24 | Rake $0.48
Board [9c 9s 3h Js Ac]
Seat 1: caritasest (button) (small blind) mucked
Seat 2: Necromadx (big blind) showed [5c Ad] and won ($23.52) with two pair, Aces and Nines


PokerStars Hand #144832929406:  Hold'em Limit ($3/$6 USD) - 2015/12/04 18:27:38 ET
Table 'Ilmatar IV' 2-max Seat #2 is the button
Seat 1: caritasest ($123.73 in chips)
Seat 2: Necromadx ($178.94 in chips)
Necromadx: posts small blind $1
caritasest: posts big blind $3
*** HOLE CARDS ***
Necromadx: raises $3 to $6
caritasest: calls $3
*** FLOP *** [Ts 9s 8h]
caritasest: checks
Necromadx: bets $3
caritasest: folds
Uncalled bet ($3) returned to Necromadx
Necromadx collected $11.76 from pot
Necromadx: doesn't show hand
*** SUMMARY ***
Total pot $12 | Rake $0.24
Board [Ts 9s 8h]
Seat 1: caritasest (big blind) folded on the Flop
Seat 2: Necromadx (button) (small blind) collected ($11.76)


PokerStars Hand #144832909846:  Hold'em Limit ($3/$6 USD) - 2015/12/04 18:27:14 ET
Table 'Ilmatar IV' 2-max Seat #1 is the button
Seat 1: caritasest ($117.97 in chips)
Seat 2: Necromadx ($184.94 in chips)
caritasest: posts small blind $1
Necromadx: posts big blind $3
*** HOLE CARDS ***
caritasest: raises $3 to $6
Necromadx: calls $3
*** FLOP *** [Ts 9d 2h]
Necromadx: checks
caritasest: checks
*** TURN *** [Ts 9d 2h] [8c]
Necromadx: checks
caritasest: checks
*** RIVER *** [Ts 9d 2h 8c] [5h]
Necromadx: checks
caritasest: checks
*** SHOW DOWN ***
Necromadx: shows [Qs 3d] (high card Queen)
caritasest: shows [Ks Ad] (high card Ace)
caritasest collected $11.76 from pot
*** SUMMARY ***
Total pot $12 | Rake $0.24
Board [Ts 9d 2h 8c 5h]
Seat 1: caritasest (button) (small blind) showed [Ks Ad] and won ($11.76) with high card Ace
Seat 2: Necromadx (big blind) showed [Qs 3d] and lost with high card Queen


PokerStars Hand #144832954534:  Hold'em Limit ($3/$6 USD) - 2015/12/04 18:28:10 ET
Table 'Ilmatar IV' 2-max Seat #1 is the button
Seat 1: caritasest ($111.49 in chips)
Seat 2: Necromadx ($190.22 in chips)
caritasest: posts small blind $1
Necromadx: posts big blind $3
*** HOLE CARDS ***
caritasest: raises $3 to $6
Necromadx: folds
Uncalled bet ($3) returned to caritasest
caritasest collected $6 from pot
*** SUMMARY ***
Total pot $6 | Rake $0
Seat 1: caritasest (button) (small blind) collected ($6)
Seat 2: Necromadx (big blind) folded before Flop


PokerStars Hand #144832962979:  Hold'em Limit ($3/$6 USD) - 2015/12/04 18:28:20 ET
Table 'Ilmatar IV' 2-max Seat #1 is the button
Seat 1: caritasest ($115.49 in chips)
Seat 2: Necromadx ($186.22 in chips)
caritasest: posts small blind $1
Necromadx: posts big blind $3
*** HOLE CARDS ***
caritasest: calls $2
Necromadx: raises $3 to $6
caritasest: calls $3
*** FLOP *** [9c Qh 6s]
Necromadx: bets $3
caritasest: calls $3
*** TURN *** [9c Qh 6s] [8h]
Necromadx: bets $6
caritasest: folds
Uncalled bet ($6) returned to Necromadx
Necromadx collected $17.64 from pot
Necromadx: doesn't show hand
*** SUMMARY ***
Total pot $18 | Rake $0.36
Board [9c Qh 6s 8h]
Seat 1: caritasest (button) (small blind) folded on the Turn
Seat 2: Necromadx (big blind) collected ($17.64)


PokerStars Hand #144832974061:  Hold'em Limit ($3/$6 USD) - 2015/12/04 18:28:34 ET
Table 'Ilmatar IV' 2-max Seat #2 is the button
Seat 1: caritasest ($106.49 in chips)
Seat 2: Necromadx ($194.86 in chips)
Necromadx: posts small blind $1
caritasest: posts big blind $3
*** HOLE CARDS ***
Necromadx: raises $3 to $6
caritasest: raises $3 to $9
Necromadx: calls $3
*** FLOP *** [Js 6h As]
caritasest: bets $3
Necromadx: folds
Uncalled bet ($3) returned to caritasest
caritasest collected $17.64 from pot
*** SUMMARY ***
Total pot $18 | Rake $0.36
Board [Js 6h As]
Seat 1: caritasest (big blind) collected ($17.64)
Seat 2: Necromadx (button) (small blind) folded on the Flop


PokerStars Hand #144832983440:  Hold'em Limit ($3/$6 USD) - 2015/12/04 18:28:46 ET
Table 'Ilmatar IV' 2-max Seat #1 is the button
Seat 1: caritasest ($115.13 in chips)
Seat 2: Necromadx ($185.86 in chips)
caritasest: posts small blind $1
Necromadx: posts big blind $3
*** HOLE CARDS ***
caritasest: folds
Uncalled bet ($2) returned to Necromadx
Necromadx collected $2 from pot
Necromadx: doesn't show hand
*** SUMMARY ***
Total pot $2 | Rake $0
Seat 1: caritasest (button) (small blind) folded before Flop
Seat 2: Necromadx (big blind) collected ($2)


PokerStars Hand #144832987025:  Hold'em Limit ($3/$6 USD) - 2015/12/04 18:28:51 ET
Table 'Ilmatar IV' 2-max Seat #2 is the button
Seat 1: caritasest ($114.13 in chips)
Seat 2: Necromadx ($186.86 in chips)
Necromadx: posts small blind $1
caritasest: posts big blind $3
*** HOLE CARDS ***
Necromadx: raises $3 to $6
caritasest: calls $3
*** FLOP *** [4h 8c 7h]
caritasest: checks
Necromadx: bets $3
caritasest: raises $3 to $6
Necromadx: calls $3
*** TURN *** [4h 8c 7h] [6s]
caritasest: bets $6
Necromadx: calls $6
*** RIVER *** [4h 8c 7h 6s] [Kc]
caritasest: bets $6
Necromadx: folds
Uncalled bet ($6) returned to caritasest
caritasest collected $35.50 from pot
*** SUMMARY ***
Total pot $36 | Rake $0.50
Board [4h 8c 7h 6s Kc]
Seat 1: caritasest (big blind) collected ($35.50)
Seat 2: Necromadx (button) (small blind) folded on the River


PokerStars Hand #144832959093:  Hold'em Limit ($3/$6 USD) - 2015/12/04 18:28:16 ET
Table 'Ilmatar IV' 2-max Seat #2 is the button
Seat 1: caritasest ($114.49 in chips)
Seat 2: Necromadx ($187.22 in chips)
Necromadx: posts small blind $1
caritasest: posts big blind $3
*** HOLE CARDS ***
Necromadx: folds
Uncalled bet ($2) returned to caritasest
caritasest collected $2 from pot
*** SUMMARY ***
Total pot $2 | Rake $0
Seat 1: caritasest (big blind) collected ($2)
Seat 2: Necromadx (button) (small blind) folded before Flop


PokerStars Hand #144832997450:  Hold'em Limit ($3/$6 USD) - 2015/12/04 18:29:03 ET
Table 'Ilmatar IV' 2-max Seat #1 is the button
Seat 1: caritasest ($131.63 in chips)
Seat 2: Necromadx ($168.86 in chips)
caritasest: posts small blind $1
Necromadx: posts big blind $3
*** HOLE CARDS ***
caritasest: raises $3 to $6
Necromadx: calls $3
*** FLOP *** [Ac Ah 3s]
Necromadx: checks
caritasest: bets $3
Necromadx: raises $3 to $6
caritasest: raises $3 to $9
Necromadx: calls $3
*** TURN *** [Ac Ah 3s] [2c]
Necromadx: checks
caritasest: bets $6
Necromadx: calls $6
*** RIVER *** [Ac Ah 3s 2c] [Ts]
Necromadx: checks
caritasest: bets $6
Necromadx: folds
Uncalled bet ($6) returned to caritasest
caritasest collected $41.50 from pot
*** SUMMARY ***
Total pot $42 | Rake $0.50
Board [Ac Ah 3s 2c Ts]
Seat 1: caritasest (button) (small blind) collected ($41.50)
Seat 2: Necromadx (big blind) folded on the River


PokerStars Hand #144833012080:  Hold'em Limit ($3/$6 USD) - 2015/12/04 18:29:23 ET
Table 'Ilmatar IV' 2-max Seat #1 is the button
Seat 1: caritasest ($153.13 in chips)
Seat 2: Necromadx ($146.86 in chips)
caritasest: posts small blind $1
Necromadx: posts big blind $3
*** HOLE CARDS ***
caritasest: raises $3 to $6
Necromadx: calls $3
*** FLOP *** [Ad Ks 5s]
Necromadx: checks
caritasest: bets $3
Necromadx: raises $3 to $6
caritasest: calls $3
*** TURN *** [Ad Ks 5s] [8c]
Necromadx: bets $6
caritasest: calls $6
*** RIVER *** [Ad Ks 5s 8c] [9d]
Necromadx: bets $6
caritasest: folds
Uncalled bet ($6) returned to Necromadx
Necromadx collected $35.50 from pot
Necromadx: doesn't show hand
*** SUMMARY ***
Total pot $36 | Rake $0.50
Board [Ad Ks 5s 8c 9d]
Seat 1: caritasest (button) (small blind) folded on the River
Seat 2: Necromadx (big blind) collected ($35.50)


PokerStars Hand #144833022119:  Hold'em Limit ($3/$6 USD) - 2015/12/04 18:29:36 ET
Table 'Ilmatar IV' 2-max Seat #2 is the button
Seat 1: caritasest ($135.13 in chips)
Seat 2: Necromadx ($164.36 in chips)
Necromadx: posts small blind $1
caritasest: posts big blind $3
*** HOLE CARDS ***
Necromadx: raises $3 to $6
caritasest: raises $3 to $9
Necromadx: calls $3
*** FLOP *** [9h 7s Kd]
caritasest: bets $3
Necromadx: calls $3
*** TURN *** [9h 7s Kd] [4c]
caritasest: bets $6
Necromadx: calls $6
*** RIVER *** [9h 7s Kd 4c] [Jc]
caritasest: bets $6
Necromadx: folds
Uncalled bet ($6) returned to caritasest
caritasest collected $35.50 from pot
*** SUMMARY ***
Total pot $36 | Rake $0.50
Board [9h 7s Kd 4c Jc]
Seat 1: caritasest (big blind) collected ($35.50)
Seat 2: Necromadx (button) (small blind) folded on the River


PokerStars Hand #144833041181:  Hold'em Limit ($3/$6 USD) - 2015/12/04 18:30:00 ET
Table 'Ilmatar IV' 2-max Seat #2 is the button
Seat 1: caritasest ($131.63 in chips)
Seat 2: Necromadx ($166.86 in chips)
Necromadx: posts small blind $1
caritasest: posts big blind $3
*** HOLE CARDS ***
Necromadx: raises $3 to $6
caritasest: raises $3 to $9
Necromadx: calls $3
*** FLOP *** [3h 5d Jc]
caritasest: bets $3
Necromadx: calls $3
*** TURN *** [3h 5d Jc] [8c]
caritasest: bets $6
Necromadx: calls $6
*** RIVER *** [3h 5d Jc 8c] [5h]
caritasest: checks
Necromadx: checks
*** SHOW DOWN ***
caritasest: shows [9h 4c] (a pair of Fives)
Necromadx: shows [Td Kh] (a pair of Fives - King kicker)
Necromadx collected $35.50 from pot
*** SUMMARY ***
Total pot $36 | Rake $0.50
Board [3h 5d Jc 8c 5h]
Seat 1: caritasest (big blind) showed [9h 4c] and lost with a pair of Fives
Seat 2: Necromadx (button) (small blind) showed [Td Kh] and won ($35.50) with a pair of Fives


PokerStars Hand #144833061257:  Hold'em Limit ($3/$6 USD) - 2015/12/04 18:30:22 ET
Table 'Ilmatar IV' 2-max Seat #2 is the button
Seat 1: caritasest ($107.63 in chips)
Seat 2: Necromadx ($190.12 in chips)
Necromadx: posts small blind $1
caritasest: posts big blind $3
*** HOLE CARDS ***
Necromadx: raises $3 to $6
caritasest: folds
Uncalled bet ($3) returned to Necromadx
Necromadx collected $6 from pot
Necromadx: doesn't show hand
*** SUMMARY ***
Total pot $6 | Rake $0
Seat 1: caritasest (big blind) folded before Flop
Seat 2: Necromadx (button) (small blind) collected ($6)


PokerStars Hand #144833064906:  Hold'em Limit ($3/$6 USD) - 2015/12/04 18:30:27 ET
Table 'Ilmatar IV' 2-max Seat #1 is the button
Seat 1: caritasest ($104.63 in chips)
Seat 2: Necromadx ($193.12 in chips)
caritasest: posts small blind $1
Necromadx: posts big blind $3
*** HOLE CARDS ***
caritasest: raises $3 to $6
Necromadx: calls $3
*** FLOP *** [9c Ad 3s]
Necromadx: checks
caritasest: bets $3
Necromadx: calls $3
*** TURN *** [9c Ad 3s] [5s]
Necromadx: checks
caritasest: bets $6
Necromadx: calls $6
*** RIVER *** [9c Ad 3s 5s] [Th]
Necromadx: checks
caritasest: bets $6
Necromadx: folds
Uncalled bet ($6) returned to caritasest
caritasest collected $29.50 from pot
*** SUMMARY ***
Total pot $30 | Rake $0.50
Board [9c Ad 3s 5s Th]
Seat 1: caritasest (button) (small blind) collected ($29.50)
Seat 2: Necromadx (big blind) folded on the River


PokerStars Hand #144833073622:  Hold'em Limit ($3/$6 USD) - 2015/12/04 18:30:38 ET
Table 'Ilmatar IV' 2-max Seat #2 is the button
Seat 1: caritasest ($119.13 in chips)
Seat 2: Necromadx ($178.12 in chips)
Necromadx: posts small blind $1
caritasest: posts big blind $3
*** HOLE CARDS ***
Necromadx: raises $3 to $6
caritasest: raises $3 to $9
Necromadx: calls $3
*** FLOP *** [5s As 8s]
caritasest: bets $3
Necromadx: calls $3
*** TURN *** [5s As 8s] [8h]
caritasest: checks
Necromadx: bets $6
caritasest: raises $6 to $12
Necromadx: calls $6
*** RIVER *** [5s As 8s 8h] [Th]
caritasest: checks
Necromadx: bets $6
caritasest: folds
Uncalled bet ($6) returned to Necromadx
Necromadx collected $47.50 from pot
Necromadx: doesn't show hand
*** SUMMARY ***
Total pot $48 | Rake $0.50
Board [5s As 8s 8h Th]
Seat 1: caritasest (big blind) folded on the River
Seat 2: Necromadx (button) (small blind) collected ($47.50)


PokerStars Hand #144833085147:  Hold'em Limit ($3/$6 USD) - 2015/12/04 18:30:52 ET
Table 'Ilmatar IV' 2-max Seat #1 is the button
Seat 1: caritasest ($95.13 in chips)
Seat 2: Necromadx ($201.62 in chips)
caritasest: posts small blind $1
Necromadx: posts big blind $3
*** HOLE CARDS ***
caritasest: raises $3 to $6
Necromadx: folds
Uncalled bet ($3) returned to caritasest
caritasest collected $6 from pot
*** SUMMARY ***
Total pot $6 | Rake $0
Seat 1: caritasest (button) (small blind) collected ($6)
Seat 2: Necromadx (big blind) folded before Flop


PokerStars Hand #144833092158:  Hold'em Limit ($3/$6 USD) - 2015/12/04 18:31:00 ET
Table 'Ilmatar IV' 2-max Seat #2 is the button
Seat 1: caritasest ($98.13 in chips)
Seat 2: Necromadx ($198.62 in chips)
Necromadx: posts small blind $1
caritasest: posts big blind $3
*** HOLE CARDS ***
Necromadx: raises $3 to $6
caritasest: raises $3 to $9
Necromadx: calls $3
*** FLOP *** [8h 2d Ac]
caritasest: bets $3
Necromadx: calls $3
*** TURN *** [8h 2d Ac] [As]
caritasest: bets $6
Necromadx: calls $6
*** RIVER *** [8h 2d Ac As] [2c]
caritasest: bets $6
Necromadx: calls $6
*** SHOW DOWN ***
caritasest: shows [Qh Ah] (a full house, Aces full of Deuces)
Necromadx: mucks hand
caritasest collected $47.50 from pot
*** SUMMARY ***
Total pot $48 | Rake $0.50
Board [8h 2d Ac As 2c]
Seat 1: caritasest (big blind) showed [Qh Ah] and won ($47.50) with a full house, Aces full of Deuces
Seat 2: Necromadx (button) (small blind) mucked


PokerStars Hand #144833121903:  Hold'em Limit ($3/$6 USD) - 2015/12/04 18:31:38 ET
Table 'Ilmatar IV' 2-max Seat #1 is the button
Seat 1: caritasest ($121.63 in chips)
Seat 2: Necromadx ($174.62 in chips)
caritasest: posts small blind $1
Necromadx: posts big blind $3
*** HOLE CARDS ***
caritasest: calls $2
Necromadx: raises $3 to $6
caritasest: calls $3
*** FLOP *** [Jh Kh 7s]
Necromadx: bets $3
caritasest: folds
Uncalled bet ($3) returned to Necromadx
Necromadx collected $11.76 from pot
Necromadx: doesn't show hand
*** SUMMARY ***
Total pot $12 | Rake $0.24
Board [Jh Kh 7s]
Seat 1: caritasest (button) (small blind) folded on the Flop
Seat 2: Necromadx (big blind) collected ($11.76)


PokerStars Hand #144833136066:  Hold'em Limit ($3/$6 USD) - 2015/12/04 18:31:56 ET
Table 'Ilmatar IV' 2-max Seat #2 is the button
Seat 1: caritasest ($115.63 in chips)
Seat 2: Necromadx ($180.38 in chips)
Necromadx: posts small blind $1
caritasest: posts big blind $3
*** HOLE CARDS ***
Necromadx: folds
Uncalled bet ($2) returned to caritasest
caritasest collected $2 from pot
*** SUMMARY ***
Total pot $2 | Rake $0
Seat 1: caritasest (big blind) collected ($2)
Seat 2: Necromadx (button) (small blind) folded before Flop


PokerStars Hand #144833164295:  Hold'em Limit ($3/$6 USD) - 2015/12/04 18:32:30 ET
Table 'Ilmatar IV' 2-max Seat #2 is the button
Seat 1: caritasest ($131.13 in chips)
Seat 2: Necromadx ($164.38 in chips)
Necromadx: posts small blind $1
caritasest: posts big blind $3
*** HOLE CARDS ***
Necromadx: raises $3 to $6
caritasest: folds
Uncalled bet ($3) returned to Necromadx
Necromadx collected $6 from pot
Necromadx: doesn't show hand
*** SUMMARY ***
Total pot $6 | Rake $0
Seat 1: caritasest (big blind) folded before Flop
Seat 2: Necromadx (button) (small blind) collected ($6)


PokerStars Hand #144833143033:  Hold'em Limit ($3/$6 USD) - 2015/12/04 18:32:04 ET
Table 'Ilmatar IV' 2-max Seat #1 is the button
Seat 1: caritasest ($116.63 in chips)
Seat 2: Necromadx ($179.38 in chips)
caritasest: posts small blind $1
Necromadx: posts big blind $3
*** HOLE CARDS ***
caritasest: raises $3 to $6
Necromadx: raises $3 to $9
caritasest: calls $3
*** FLOP *** [6c 4d 3d]
Necromadx: bets $3
caritasest: raises $3 to $6
Necromadx: calls $3
*** TURN *** [6c 4d 3d] [Js]
Necromadx: checks
caritasest: checks
*** RIVER *** [6c 4d 3d Js] [5c]
Necromadx: checks
caritasest: checks
*** SHOW DOWN ***
Necromadx: shows [Ah 8s] (high card Ace)
caritasest: shows [9d Ad] (high card Ace - Jack+Nine kicker)
caritasest collected $29.50 from pot
*** SUMMARY ***
Total pot $30 | Rake $0.50
Board [6c 4d 3d Js 5c]
Seat 1: caritasest (button) (small blind) showed [9d Ad] and won ($29.50) with high card Ace
Seat 2: Necromadx (big blind) showed [Ah 8s] and lost with high card Ace


PokerStars Hand #144833168663:  Hold'em Limit ($3/$6 USD) - 2015/12/04 18:32:35 ET
Table 'Ilmatar IV' 2-max Seat #1 is the button
Seat 1: caritasest ($128.13 in chips)
Seat 2: Necromadx ($167.38 in chips)
caritasest: posts small blind $1
Necromadx: posts big blind $3
*** HOLE CARDS ***
caritasest: calls $2
Necromadx: raises $3 to $6
caritasest: calls $3
*** FLOP *** [4c 3d Th]
Necromadx: bets $3
caritasest: calls $3
*** TURN *** [4c 3d Th] [8s]
Necromadx: bets $6
caritasest: folds
Uncalled bet ($6) returned to Necromadx
Necromadx collected $17.64 from pot
Necromadx: doesn't show hand
*** SUMMARY ***
Total pot $18 | Rake $0.36
Board [4c 3d Th 8s]
Seat 1: caritasest (button) (small blind) folded on the Turn
Seat 2: Necromadx (big blind) collected ($17.64)


PokerStars Hand #144833188327:  Hold'em Limit ($3/$6 USD) - 2015/12/04 18:32:59 ET
Table 'Ilmatar IV' 2-max Seat #2 is the button
Seat 1: caritasest ($119.13 in chips)
Seat 2: Necromadx ($176.02 in chips)
Necromadx: posts small blind $1
caritasest: posts big blind $3
*** HOLE CARDS ***
Necromadx: folds
Uncalled bet ($2) returned to caritasest
caritasest collected $2 from pot
*** SUMMARY ***
Total pot $2 | Rake $0
Seat 1: caritasest (big blind) collected ($2)
Seat 2: Necromadx (button) (small blind) folded before Flop


PokerStars Hand #144833205572:  Hold'em Limit ($3/$6 USD) - 2015/12/04 18:33:20 ET
Table 'Ilmatar IV' 2-max Seat #2 is the button
Seat 1: caritasest ($140.63 in chips)
Seat 2: Necromadx ($154.02 in chips)
Necromadx: posts small blind $1
caritasest: posts big blind $3
*** HOLE CARDS ***
Necromadx: raises $3 to $6
caritasest: calls $3
*** FLOP *** [2d Qc 6s]
caritasest: checks
Necromadx: bets $3
caritasest: raises $3 to $6
Necromadx: calls $3
*** TURN *** [2d Qc 6s] [3c]
caritasest: bets $6
Necromadx: calls $6
*** RIVER *** [2d Qc 6s 3c] [Td]
caritasest: bets $6
Necromadx: raises $6 to $12
caritasest: folds
Uncalled bet ($6) returned to Necromadx
Necromadx collected $47.50 from pot
Necromadx: doesn't show hand
*** SUMMARY ***
Total pot $48 | Rake $0.50
Board [2d Qc 6s 3c Td]
Seat 1: caritasest (big blind) folded on the River
Seat 2: Necromadx (button) (small blind) collected ($47.50)


PokerStars Hand #144833223275:  Hold'em Limit ($3/$6 USD) - 2015/12/04 18:33:42 ET
Table 'Ilmatar IV' 2-max Seat #1 is the button
Seat 1: caritasest ($116.63 in chips)
Seat 2: Necromadx ($177.52 in chips)
caritasest: posts small blind $1
Necromadx: posts big blind $3
*** HOLE CARDS ***
caritasest: raises $3 to $6
Necromadx: raises $3 to $9
caritasest: calls $3
*** FLOP *** [8s 2d 2s]
Necromadx: bets $3
caritasest: calls $3
*** TURN *** [8s 2d 2s] [Ac]
Necromadx: checks
caritasest: checks
*** RIVER *** [8s 2d 2s Ac] [6s]
Necromadx: bets $6
caritasest: folds
Uncalled bet ($6) returned to Necromadx
Necromadx collected $23.52 from pot
Necromadx: doesn't show hand
*** SUMMARY ***
Total pot $24 | Rake $0.48
Board [8s 2d 2s Ac 6s]
Seat 1: caritasest (button) (small blind) folded on the River
Seat 2: Necromadx (big blind) collected ($23.52)


PokerStars Hand #144833232456:  Hold'em Limit ($3/$6 USD) - 2015/12/04 18:33:53 ET
Table 'Ilmatar IV' 2-max Seat #2 is the button
Seat 1: caritasest ($104.63 in chips)
Seat 2: Necromadx ($189.04 in chips)
Necromadx: posts small blind $1
caritasest: posts big blind $3
*** HOLE CARDS ***
Necromadx: raises $3 to $6
caritasest: calls $3
*** FLOP *** [7h Qc 4c]
caritasest: checks
Necromadx: bets $3
caritasest: raises $3 to $6
Necromadx: calls $3
*** TURN *** [7h Qc 4c] [7s]
caritasest: bets $6
Necromadx: calls $6
*** RIVER *** [7h Qc 4c 7s] [Th]
caritasest: bets $6
Necromadx: raises $6 to $12
caritasest: calls $6
*** SHOW DOWN ***
Necromadx: shows [As 7c] (three of a kind, Sevens)
caritasest: mucks hand
Necromadx collected $59.50 from pot
*** SUMMARY ***
Total pot $60 | Rake $0.50
Board [7h Qc 4c 7s Th]
Seat 1: caritasest (big blind) mucked
Seat 2: Necromadx (button) (small blind) showed [As 7c] and won ($59.50) with three of a kind, Sevens


PokerStars Hand #144833252476:  Hold'em Limit ($3/$6 USD) - 2015/12/04 18:34:18 ET
Table 'Ilmatar IV' 2-max Seat #1 is the button
Seat 1: caritasest ($74.63 in chips)
Seat 2: Necromadx ($218.54 in chips)
caritasest: posts small blind $1
Necromadx: posts big blind $3
*** HOLE CARDS ***
caritasest: raises $3 to $6
Necromadx: raises $3 to $9
caritasest: raises $3 to $12
Betting is capped
Necromadx: calls $3
*** FLOP *** [Qh 9s Qc]
Necromadx: checks
caritasest: bets $3
Necromadx: raises $3 to $6
caritasest: calls $3
*** TURN *** [Qh 9s Qc] [6d]
Necromadx: bets $6
caritasest: calls $6
*** RIVER *** [Qh 9s Qc 6d] [Jc]
Necromadx: bets $6
caritasest: calls $6
*** SHOW DOWN ***
Necromadx: shows [Js Qs] (a full house, Queens full of Jacks)
caritasest: mucks hand
Necromadx collected $59.50 from pot
*** SUMMARY ***
Total pot $60 | Rake $0.50
Board [Qh 9s Qc 6d Jc]
Seat 1: caritasest (button) (small blind) mucked
Seat 2: Necromadx (big blind) showed [Js Qs] and won ($59.50) with a full house, Queens full of Jacks


PokerStars Hand #144833267163:  Hold'em Limit ($3/$6 USD) - 2015/12/04 18:34:36 ET
Table 'Ilmatar IV' 2-max Seat #2 is the button
Seat 1: caritasest ($44.63 in chips)
Seat 2: Necromadx ($248.04 in chips)
Necromadx: posts small blind $1
caritasest: posts big blind $3
*** HOLE CARDS ***
Necromadx: raises $3 to $6
caritasest: raises $3 to $9
Necromadx: calls $3
*** FLOP *** [4c 9h 7s]
caritasest: bets $3
Necromadx: calls $3
*** TURN *** [4c 9h 7s] [3c]
caritasest: checks
Necromadx: checks
*** RIVER *** [4c 9h 7s 3c] [2s]
caritasest: checks
Necromadx: checks
*** SHOW DOWN ***
caritasest: shows [Jd Td] (high card Jack)
Necromadx: shows [8h Ks] (high card King)
Necromadx collected $23.52 from pot
*** SUMMARY ***
Total pot $24 | Rake $0.48
Board [4c 9h 7s 3c 2s]
Seat 1: caritasest (big blind) showed [Jd Td] and lost with high card Jack
Seat 2: Necromadx (button) (small blind) showed [8h Ks] and won ($23.52) with high card King


PokerStars Hand #144833277101:  Hold'em Limit ($3/$6 USD) - 2015/12/04 18:34:48 ET
Table 'Ilmatar IV' 2-max Seat #1 is the button
Seat 1: caritasest ($32.63 in chips)
Seat 2: Necromadx ($259.56 in chips)
caritasest: posts small blind $1
Necromadx: posts big blind $3
*** HOLE CARDS ***
caritasest: raises $3 to $6
Necromadx: calls $3
*** FLOP *** [9h 6s Ah]
Necromadx: checks
caritasest: bets $3
Necromadx: calls $3
*** TURN *** [9h 6s Ah] [3h]
Necromadx: checks
caritasest: bets $6
Necromadx: folds
Uncalled bet ($6) returned to caritasest
caritasest collected $17.64 from pot
*** SUMMARY ***
Total pot $18 | Rake $0.36
Board [9h 6s Ah 3h]
Seat 1: caritasest (button) (small blind) collected ($17.64)
Seat 2: Necromadx (big blind) folded on the Turn


PokerStars Hand #144833297220:  Hold'em Limit ($3/$6 USD) - 2015/12/04 18:35:14 ET
Table 'Ilmatar IV' 2-max Seat #1 is the button
Seat 1: caritasest ($58.77 in chips)
Seat 2: Necromadx ($232.56 in chips)
caritasest: posts small blind $1
Necromadx: posts big blind $3
*** HOLE CARDS ***
caritasest: raises $3 to $6
Necromadx: folds
Uncalled bet ($3) returned to caritasest
caritasest collected $6 from pot
*** SUMMARY ***
Total pot $6 | Rake $0
Seat 1: caritasest (button) (small blind) collected ($6)
Seat 2: Necromadx (big blind) folded before Flop


PokerStars Hand #144833284677:  Hold'em Limit ($3/$6 USD) - 2015/12/04 18:34:58 ET
Table 'Ilmatar IV' 2-max Seat #2 is the button
Seat 1: caritasest ($41.27 in chips)
Seat 2: Necromadx ($250.56 in chips)
Necromadx: posts small blind $1
caritasest: posts big blind $3
*** HOLE CARDS ***
Necromadx: raises $3 to $6
caritasest: raises $3 to $9
Necromadx: calls $3
*** FLOP *** [Kh 7d 3s]
caritasest: bets $3
Necromadx: calls $3
*** TURN *** [Kh 7d 3s] [9c]
caritasest: bets $6
Necromadx: calls $6
*** RIVER *** [Kh 7d 3s 9c] [Js]
caritasest: checks
Necromadx: checks
*** SHOW DOWN ***
caritasest: shows [6c 7h] (a pair of Sevens)
Necromadx: mucks hand
caritasest collected $35.50 from pot
*** SUMMARY ***
Total pot $36 | Rake $0.50
Board [Kh 7d 3s 9c Js]
Seat 1: caritasest (big blind) showed [6c 7h] and won ($35.50) with a pair of Sevens
Seat 2: Necromadx (button) (small blind) mucked


PokerStars Hand #144833301136:  Hold'em Limit ($3/$6 USD) - 2015/12/04 18:35:18 ET
Table 'Ilmatar IV' 2-max Seat #2 is the button
Seat 1: caritasest ($61.77 in chips)
Seat 2: Necromadx ($229.56 in chips)
Necromadx: posts small blind $1
caritasest: posts big blind $3
*** HOLE CARDS ***
Necromadx: raises $3 to $6
caritasest: raises $3 to $9
Necromadx: calls $3
*** FLOP *** [4d 8h 3s]
caritasest: bets $3
Necromadx: calls $3
*** TURN *** [4d 8h 3s] [3h]
caritasest: bets $6
Necromadx: raises $6 to $12
caritasest: calls $6
*** RIVER *** [4d 8h 3s 3h] [4h]
caritasest: checks
Necromadx: bets $6
caritasest: calls $6
*** SHOW DOWN ***
Necromadx: shows [Tc 3c] (a full house, Threes full of Fours)
caritasest: mucks hand
Necromadx collected $59.50 from pot
*** SUMMARY ***
Total pot $60 | Rake $0.50
Board [4d 8h 3s 3h 4h]
Seat 1: caritasest (big blind) mucked
Seat 2: Necromadx (button) (small blind) showed [Tc 3c] and won ($59.50) with a full house, Threes full of Fours


PokerStars Hand #144833317003:  Hold'em Limit ($3/$6 USD) - 2015/12/04 18:35:38 ET
Table 'Ilmatar IV' 2-max Seat #1 is the button
Seat 1: caritasest ($91.77 in chips)
Seat 2: Necromadx ($259.06 in chips)
caritasest: posts small blind $1
Necromadx: posts big blind $3
*** HOLE CARDS ***
caritasest: raises $3 to $6
Necromadx: raises $3 to $9
caritasest: raises $3 to $12
Betting is capped
Necromadx: calls $3
*** FLOP *** [Td 5c 7d]
Necromadx: checks
caritasest: bets $3
Necromadx: calls $3
*** TURN *** [Td 5c 7d] [8h]
Necromadx: checks
caritasest: bets $6
Necromadx: calls $6
*** RIVER *** [Td 5c 7d 8h] [6h]
Necromadx: checks
caritasest: bets $6
Necromadx: folds
Uncalled bet ($6) returned to caritasest
caritasest collected $41.50 from pot
*** SUMMARY ***
Total pot $42 | Rake $0.50
Board [Td 5c 7d 8h 6h]
Seat 1: caritasest (button) (small blind) collected ($41.50)
Seat 2: Necromadx (big blind) folded on the River


PokerStars Hand #144833343719:  Hold'em Limit ($3/$6 USD) - 2015/12/04 18:36:12 ET
Table 'Ilmatar IV' 2-max Seat #1 is the button
Seat 1: caritasest ($129.77 in chips)
Seat 2: Necromadx ($220.06 in chips)
caritasest: posts small blind $1
Necromadx: posts big blind $3
*** HOLE CARDS ***
caritasest: raises $3 to $6
Necromadx: folds
Uncalled bet ($3) returned to caritasest
caritasest collected $6 from pot
*** SUMMARY ***
Total pot $6 | Rake $0
Seat 1: caritasest (button) (small blind) collected ($6)
Seat 2: Necromadx (big blind) folded before Flop


PokerStars Hand #144833328186:  Hold'em Limit ($3/$6 USD) - 2015/12/04 18:35:52 ET
Table 'Ilmatar IV' 2-max Seat #2 is the button
Seat 1: caritasest ($112.27 in chips)
Seat 2: Necromadx ($238.06 in chips)
Necromadx: posts small blind $1
caritasest: posts big blind $3
*** HOLE CARDS ***
Necromadx: raises $3 to $6
caritasest: raises $3 to $9
Necromadx: calls $3
*** FLOP *** [8c 4c Ah]
caritasest: bets $3
Necromadx: calls $3
*** TURN *** [8c 4c Ah] [7h]
caritasest: bets $6
Necromadx: calls $6
*** RIVER *** [8c 4c Ah 7h] [3c]
caritasest: bets $6
Necromadx: folds
Uncalled bet ($6) returned to caritasest
caritasest collected $35.50 from pot
*** SUMMARY ***
Total pot $36 | Rake $0.50
Board [8c 4c Ah 7h 3c]
Seat 1: caritasest (big blind) collected ($35.50)
Seat 2: Necromadx (button) (small blind) folded on the River


PokerStars Hand #144833348134:  Hold'em Limit ($3/$6 USD) - 2015/12/04 18:36:17 ET
Table 'Ilmatar IV' 2-max Seat #2 is the button
Seat 1: caritasest ($132.77 in chips)
Seat 2: Necromadx ($217.06 in chips)
Necromadx: posts small blind $1
caritasest: posts big blind $3
*** HOLE CARDS ***
Necromadx: raises $3 to $6
caritasest: calls $3
*** FLOP *** [3c Js 4d]
caritasest: checks
Necromadx: bets $3
caritasest: calls $3
*** TURN *** [3c Js 4d] [Ah]
caritasest: checks
Necromadx: bets $6
caritasest: calls $6
*** RIVER *** [3c Js 4d Ah] [5d]
caritasest: checks
Necromadx: bets $6
caritasest: calls $6
*** SHOW DOWN ***
Necromadx: shows [8d 9c] (high card Ace)
caritasest: shows [7d Jh] (a pair of Jacks)
caritasest collected $41.50 from pot
*** SUMMARY ***
Total pot $42 | Rake $0.50
Board [3c Js 4d Ah 5d]
Seat 1: caritasest (big blind) showed [7d Jh] and won ($41.50) with a pair of Jacks
Seat 2: Necromadx (button) (small blind) showed [8d 9c] and lost with high card Ace


PokerStars Hand #144833365139:  Hold'em Limit ($3/$6 USD) - 2015/12/04 18:36:38 ET
Table 'Ilmatar IV' 2-max Seat #2 is the button
Seat 1: caritasest ($147.27 in chips)
Seat 2: Necromadx ($201.82 in chips)
Necromadx: posts small blind $1
caritasest: posts big blind $3
*** HOLE CARDS ***
Necromadx: raises $3 to $6
caritasest: raises $3 to $9
Necromadx: calls $3
*** FLOP *** [Qc 8s 7c]
caritasest: bets $3
Necromadx: calls $3
*** TURN *** [Qc 8s 7c] [3c]
caritasest: bets $6
Necromadx: calls $6
*** RIVER *** [Qc 8s 7c 3c] [Kc]
caritasest: checks
Necromadx: bets $6
caritasest: calls $6
*** SHOW DOWN ***
Necromadx: shows [8c 5h] (a flush, King high)
caritasest: mucks hand
Necromadx collected $47.50 from pot
*** SUMMARY ***
Total pot $48 | Rake $0.50
Board [Qc 8s 7c 3c Kc]
Seat 1: caritasest (big blind) mucked
Seat 2: Necromadx (button) (small blind) showed [8c 5h] and won ($47.50) with a flush, King high


PokerStars Hand #144833377884:  Hold'em Limit ($3/$6 USD) - 2015/12/04 18:36:55 ET
Table 'Ilmatar IV' 2-max Seat #1 is the button
Seat 1: caritasest ($123.27 in chips)
Seat 2: Necromadx ($225.32 in chips)
caritasest: posts small blind $1
Necromadx: posts big blind $3
*** HOLE CARDS ***
caritasest: raises $3 to $6
Necromadx: calls $3
*** FLOP *** [9d 4c 6h]
Necromadx: checks
caritasest: bets $3
Necromadx: calls $3
*** TURN *** [9d 4c 6h] [4d]
Necromadx: checks
caritasest: bets $6
Necromadx: folds
Uncalled bet ($6) returned to caritasest
caritasest collected $17.64 from pot
*** SUMMARY ***
Total pot $18 | Rake $0.36
Board [9d 4c 6h 4d]
Seat 1: caritasest (button) (small blind) collected ($17.64)
Seat 2: Necromadx (big blind) folded on the Turn


PokerStars Hand #144833357902:  Hold'em Limit ($3/$6 USD) - 2015/12/04 18:36:29 ET
Table 'Ilmatar IV' 2-max Seat #1 is the button
Seat 1: caritasest ($153.27 in chips)
Seat 2: Necromadx ($196.06 in chips)
caritasest: posts small blind $1
Necromadx: posts big blind $3
*** HOLE CARDS ***
caritasest: raises $3 to $6
Necromadx: calls $3
*** FLOP *** [8c 6h 3s]
Necromadx: checks
caritasest: checks
*** TURN *** [8c 6h 3s] [4s]
Necromadx: bets $6
caritasest: folds
Uncalled bet ($6) returned to Necromadx
Necromadx collected $11.76 from pot
Necromadx: doesn't show hand
*** SUMMARY ***
Total pot $12 | Rake $0.24
Board [8c 6h 3s 4s]
Seat 1: caritasest (button) (small blind) folded on the Turn
Seat 2: Necromadx (big blind) collected ($11.76)


PokerStars Hand #144833426383:  Hold'em Limit ($3/$6 USD) - 2015/12/04 18:37:56 ET
Table 'Ilmatar IV' 2-max Seat #2 is the button
Seat 1: caritasest ($125.17 in chips)
Seat 2: Necromadx ($221.34 in chips)
Necromadx: posts small blind $1
caritasest: posts big blind $3
*** HOLE CARDS ***
Necromadx: raises $3 to $6
caritasest: folds
Uncalled bet ($3) returned to Necromadx
Necromadx collected $6 from pot
Necromadx: doesn't show hand
*** SUMMARY ***
Total pot $6 | Rake $0
Seat 1: caritasest (big blind) folded before Flop
Seat 2: Necromadx (button) (small blind) collected ($6)


PokerStars Hand #144833420204:  Hold'em Limit ($3/$6 USD) - 2015/12/04 18:37:48 ET
Table 'Ilmatar IV' 2-max Seat #1 is the button
Seat 1: caritasest ($119.41 in chips)
Seat 2: Necromadx ($227.34 in chips)
caritasest: posts small blind $1
Necromadx: posts big blind $3
*** HOLE CARDS ***
caritasest: raises $3 to $6
Necromadx: calls $3
*** FLOP *** [Ks Jc 8c]
Necromadx: checks
caritasest: bets $3
Necromadx: folds
Uncalled bet ($3) returned to caritasest
caritasest collected $11.76 from pot
*** SUMMARY ***
Total pot $12 | Rake $0.24
Board [Ks Jc 8c]
Seat 1: caritasest (button) (small blind) collected ($11.76)
Seat 2: Necromadx (big blind) folded on the Flop


PokerStars Hand #144833430139:  Hold'em Limit ($3/$6 USD) - 2015/12/04 18:38:01 ET
Table 'Ilmatar IV' 2-max Seat #1 is the button
Seat 1: caritasest ($122.17 in chips)
Seat 2: Necromadx ($224.34 in chips)
caritasest: posts small blind $1
Necromadx: posts big blind $3
*** HOLE CARDS ***
caritasest: raises $3 to $6
Necromadx: calls $3
*** FLOP *** [3h 3c 9c]
Necromadx: checks
caritasest: checks
*** TURN *** [3h 3c 9c] [Ac]
Necromadx: checks
caritasest: bets $6
Necromadx: calls $6
*** RIVER *** [3h 3c 9c Ac] [9h]
Necromadx: checks
caritasest: checks
*** SHOW DOWN ***
Necromadx: shows [6h 5c] (two pair, Nines and Threes)
caritasest: shows [Ks 8c] (two pair, Nines and Threes)
Necromadx collected $11.76 from pot
caritasest collected $11.76 from pot
*** SUMMARY ***
Total pot $24 | Rake $0.48
Board [3h 3c 9c Ac 9h]
Seat 1: caritasest (button) (small blind) showed [Ks 8c] and won ($11.76) with two pair, Nines and Threes
Seat 2: Necromadx (big blind) showed [6h 5c] and won ($11.76) with two pair, Nines and Threes


PokerStars Hand #144833438263:  Hold'em Limit ($3/$6 USD) - 2015/12/04 18:38:11 ET
Table 'Ilmatar IV' 2-max Seat #2 is the button
Seat 1: caritasest ($121.93 in chips)
Seat 2: Necromadx ($224.10 in chips)
Necromadx: posts small blind $1
caritasest: posts big blind $3
*** HOLE CARDS ***
Necromadx: raises $3 to $6
caritasest: raises $3 to $9
Necromadx: calls $3
*** FLOP *** [Ah 6h Jd]
caritasest: bets $3
Necromadx: folds
Uncalled bet ($3) returned to caritasest
caritasest collected $17.64 from pot
*** SUMMARY ***
Total pot $18 | Rake $0.36
Board [Ah 6h Jd]
Seat 1: caritasest (big blind) collected ($17.64)
Seat 2: Necromadx (button) (small blind) folded on the Flop


PokerStars Hand #144833443763:  Hold'em Limit ($3/$6 USD) - 2015/12/04 18:38:18 ET
Table 'Ilmatar IV' 2-max Seat #1 is the button
Seat 1: caritasest ($130.57 in chips)
Seat 2: Necromadx ($215.10 in chips)
caritasest: posts small blind $1
Necromadx: posts big blind $3
*** HOLE CARDS ***
caritasest: calls $2
Necromadx: checks
*** FLOP *** [9d Ac 4h]
Necromadx: bets $3
caritasest: calls $3
*** TURN *** [9d Ac 4h] [Qc]
Necromadx: checks
caritasest: checks
*** RIVER *** [9d Ac 4h Qc] [6s]
Necromadx: bets $6
caritasest: calls $6
*** SHOW DOWN ***
Necromadx: shows [8d 7c] (high card Ace)
caritasest: shows [9h Ts] (a pair of Nines)
caritasest collected $23.52 from pot
*** SUMMARY ***
Total pot $24 | Rake $0.48
Board [9d Ac 4h Qc 6s]
Seat 1: caritasest (button) (small blind) showed [9h Ts] and won ($23.52) with a pair of Nines
Seat 2: Necromadx (big blind) showed [8d 7c] and lost with high card Ace


PokerStars Hand #144833408894:  Hold'em Limit ($3/$6 USD) - 2015/12/04 18:37:34 ET
Table 'Ilmatar IV' 2-max Seat #2 is the button
Seat 1: caritasest ($95.91 in chips)
Seat 2: Necromadx ($251.34 in chips)
Necromadx: posts small blind $1
caritasest: posts big blind $3
*** HOLE CARDS ***
Necromadx: raises $3 to $6
caritasest: raises $3 to $9
Necromadx: calls $3
*** FLOP *** [Ks Qs 4d]
caritasest: bets $3
Necromadx: calls $3
*** TURN *** [Ks Qs 4d] [Jh]
caritasest: bets $6
Necromadx: calls $6
*** RIVER *** [Ks Qs 4d Jh] [Ad]
caritasest: bets $6
Necromadx: calls $6
*** SHOW DOWN ***
caritasest: shows [Jd Jc] (three of a kind, Jacks)
Necromadx: mucks hand
caritasest collected $47.50 from pot
*** SUMMARY ***
Total pot $48 | Rake $0.50
Board [Ks Qs 4d Jh Ad]
Seat 1: caritasest (big blind) showed [Jd Jc] and won ($47.50) with three of a kind, Jacks
Seat 2: Necromadx (button) (small blind) mucked


PokerStars Hand #144833451891:  Hold'em Limit ($3/$6 USD) - 2015/12/04 18:38:28 ET
Table 'Ilmatar IV' 2-max Seat #2 is the button
Seat 1: caritasest ($142.09 in chips)
Seat 2: Necromadx ($203.10 in chips)
Necromadx: posts small blind $1
caritasest: posts big blind $3
*** HOLE CARDS ***
Necromadx: raises $3 to $6
caritasest: calls $3
*** FLOP *** [4s 7h 5h]
caritasest: checks
Necromadx: bets $3
caritasest: raises $3 to $6
Necromadx: calls $3
*** TURN *** [4s 7h 5h] [4d]
caritasest: bets $6
Necromadx: calls $6
*** RIVER *** [4s 7h 5h 4d] [4c]
caritasest: bets $6
Necromadx: raises $6 to $12
caritasest: folds
Uncalled bet ($6) returned to Necromadx
Necromadx collected $47.50 from pot
Necromadx: doesn't show hand
*** SUMMARY ***
Total pot $48 | Rake $0.50
Board [4s 7h 5h 4d 4c]
Seat 1: caritasest (big blind) folded on the River
Seat 2: Necromadx (button) (small blind) collected ($47.50)


PokerStars Hand #144833466469:  Hold'em Limit ($3/$6 USD) - 2015/12/04 18:38:47 ET
Table 'Ilmatar IV' 2-max Seat #1 is the button
Seat 1: caritasest ($118.09 in chips)
Seat 2: Necromadx ($226.60 in chips)
caritasest: posts small blind $1
Necromadx: posts big blind $3
*** HOLE CARDS ***
caritasest: raises $3 to $6
Necromadx: calls $3
*** FLOP *** [7d 9c 3d]
Necromadx: checks
caritasest: bets $3
Necromadx: calls $3
*** TURN *** [7d 9c 3d] [Kh]
Necromadx: checks
caritasest: bets $6
Necromadx: folds
Uncalled bet ($6) returned to caritasest
caritasest collected $17.64 from pot
*** SUMMARY ***
Total pot $18 | Rake $0.36
Board [7d 9c 3d Kh]
Seat 1: caritasest (button) (small blind) collected ($17.64)
Seat 2: Necromadx (big blind) folded on the Turn


PokerStars Hand #144833473665:  Hold'em Limit ($3/$6 USD) - 2015/12/04 18:38:56 ET
Table 'Ilmatar IV' 2-max Seat #2 is the button
Seat 1: caritasest ($126.73 in chips)
Seat 2: Necromadx ($217.60 in chips)
Necromadx: posts small blind $1
caritasest: posts big blind $3
*** HOLE CARDS ***
Necromadx: raises $3 to $6
caritasest: raises $3 to $9
Necromadx: calls $3
*** FLOP *** [Ah Tc 9h]
caritasest: bets $3
Necromadx: folds
Uncalled bet ($3) returned to caritasest
caritasest collected $17.64 from pot
*** SUMMARY ***
Total pot $18 | Rake $0.36
Board [Ah Tc 9h]
Seat 1: caritasest (big blind) collected ($17.64)
Seat 2: Necromadx (button) (small blind) folded on the Flop


PokerStars Hand #144833478953:  Hold'em Limit ($3/$6 USD) - 2015/12/04 18:39:03 ET
Table 'Ilmatar IV' 2-max Seat #1 is the button
Seat 1: caritasest ($135.37 in chips)
Seat 2: Necromadx ($208.60 in chips)
caritasest: posts small blind $1
Necromadx: posts big blind $3
*** HOLE CARDS ***
caritasest: calls $2
Necromadx: raises $3 to $6
caritasest: calls $3
*** FLOP *** [7c 3h 7h]
Necromadx: bets $3
caritasest: calls $3
*** TURN *** [7c 3h 7h] [Kc]
Necromadx: bets $6
caritasest: calls $6
*** RIVER *** [7c 3h 7h Kc] [5s]
Necromadx: bets $6
caritasest: raises $6 to $12
Necromadx: raises $6 to $18
caritasest: calls $6
*** SHOW DOWN ***
Necromadx: shows [Kh Kd] (a full house, Kings full of Sevens)
caritasest: mucks hand
Necromadx collected $65.50 from pot
*** SUMMARY ***
Total pot $66 | Rake $0.50
Board [7c 3h 7h Kc 5s]
Seat 1: caritasest (button) (small blind) mucked
Seat 2: Necromadx (big blind) showed [Kh Kd] and won ($65.50) with a full house, Kings full of Sevens


PokerStars Hand #144833490394:  Hold'em Limit ($3/$6 USD) - 2015/12/04 18:39:18 ET
Table 'Ilmatar IV' 2-max Seat #2 is the button
Seat 1: caritasest ($102.37 in chips)
Seat 2: Necromadx ($241.10 in chips)
Necromadx: posts small blind $1
caritasest: posts big blind $3
*** HOLE CARDS ***
Necromadx: raises $3 to $6
caritasest: raises $3 to $9
Necromadx: calls $3
*** FLOP *** [5s 2c 3s]
caritasest: bets $3
Necromadx: calls $3
*** TURN *** [5s 2c 3s] [Jd]
caritasest: bets $6
Necromadx: calls $6
*** RIVER *** [5s 2c 3s Jd] [9s]
caritasest: bets $6
Necromadx: calls $6
*** SHOW DOWN ***
caritasest: shows [Jc 5c] (two pair, Jacks and Fives)
Necromadx: mucks hand
caritasest collected $47.50 from pot
*** SUMMARY ***
Total pot $48 | Rake $0.50
Board [5s 2c 3s Jd 9s]
Seat 1: caritasest (big blind) showed [Jc 5c] and won ($47.50) with two pair, Jacks and Fives
Seat 2: Necromadx (button) (small blind) mucked


PokerStars Hand #144833499453:  Hold'em Limit ($3/$6 USD) - 2015/12/04 18:39:29 ET
Table 'Ilmatar IV' 2-max Seat #1 is the button
Seat 1: caritasest ($125.87 in chips)
Seat 2: Necromadx ($217.10 in chips)
caritasest: posts small blind $1
Necromadx: posts big blind $3
*** HOLE CARDS ***
caritasest: raises $3 to $6
Necromadx: calls $3
*** FLOP *** [4s 7s Tc]
Necromadx: checks
caritasest: bets $3
Necromadx: calls $3
*** TURN *** [4s 7s Tc] [6c]
Necromadx: checks
caritasest: checks
*** RIVER *** [4s 7s Tc 6c] [7h]
Necromadx: checks
caritasest: checks
*** SHOW DOWN ***
Necromadx: shows [8c Qh] (a pair of Sevens)
caritasest: shows [3h Ad] (a pair of Sevens - Ace kicker)
caritasest collected $17.64 from pot
*** SUMMARY ***
Total pot $18 | Rake $0.36
Board [4s 7s Tc 6c 7h]
Seat 1: caritasest (button) (small blind) showed [3h Ad] and won ($17.64) with a pair of Sevens
Seat 2: Necromadx (big blind) showed [8c Qh] and lost with a pair of Sevens


PokerStars Hand #144833508403:  Hold'em Limit ($3/$6 USD) - 2015/12/04 18:39:41 ET
Table 'Ilmatar IV' 2-max Seat #2 is the button
Seat 1: caritasest ($134.51 in chips)
Seat 2: Necromadx ($208.10 in chips)
Necromadx: posts small blind $1
caritasest: posts big blind $3
*** HOLE CARDS ***
Necromadx: folds
Uncalled bet ($2) returned to caritasest
caritasest collected $2 from pot
*** SUMMARY ***
Total pot $2 | Rake $0
Seat 1: caritasest (big blind) collected ($2)
Seat 2: Necromadx (button) (small blind) folded before Flop


PokerStars Hand #144833512197:  Hold'em Limit ($3/$6 USD) - 2015/12/04 18:39:46 ET
Table 'Ilmatar IV' 2-max Seat #1 is the button
Seat 1: caritasest ($135.51 in chips)
Seat 2: Necromadx ($207.10 in chips)
caritasest: posts small blind $1
Necromadx: posts big blind $3
*** HOLE CARDS ***
caritasest: raises $3 to $6
Necromadx: calls $3
*** FLOP *** [3h 5h Qh]
Necromadx: checks
caritasest: checks
*** TURN *** [3h 5h Qh] [Kc]
Necromadx: checks
caritasest: bets $6
Necromadx: folds
Uncalled bet ($6) returned to caritasest
caritasest collected $11.76 from pot
*** SUMMARY ***
Total pot $12 | Rake $0.24
Board [3h 5h Qh Kc]
Seat 1: caritasest (button) (small blind) collected ($11.76)
Seat 2: Necromadx (big blind) folded on the Turn


PokerStars Hand #144833519818:  Hold'em Limit ($3/$6 USD) - 2015/12/04 18:39:55 ET
Table 'Ilmatar IV' 2-max Seat #2 is the button
Seat 1: caritasest ($141.27 in chips)
Seat 2: Necromadx ($201.10 in chips)
Necromadx: posts small blind $1
caritasest: posts big blind $3
*** HOLE CARDS ***
Necromadx: raises $3 to $6
caritasest: calls $3
*** FLOP *** [7s Ts 5c]
caritasest: checks
Necromadx: bets $3
caritasest: raises $3 to $6
Necromadx: calls $3
*** TURN *** [7s Ts 5c] [5h]
caritasest: bets $6
Necromadx: calls $6
*** RIVER *** [7s Ts 5c 5h] [Qs]
caritasest: bets $6
Necromadx: calls $6
*** SHOW DOWN ***
caritasest: shows [2s Th] (two pair, Tens and Fives)
Necromadx: mucks hand
caritasest collected $47.50 from pot
*** SUMMARY ***
Total pot $48 | Rake $0.50
Board [7s Ts 5c 5h Qs]
Seat 1: caritasest (big blind) showed [2s Th] and won ($47.50) with two pair, Tens and Fives
Seat 2: Necromadx (button) (small blind) mucked


PokerStars Hand #144833530359:  Hold'em Limit ($3/$6 USD) - 2015/12/04 18:40:09 ET
Table 'Ilmatar IV' 2-max Seat #1 is the button
Seat 1: caritasest ($164.77 in chips)
Seat 2: Necromadx ($177.10 in chips)
caritasest: posts small blind $1
Necromadx: posts big blind $3
*** HOLE CARDS ***
caritasest: calls $2
Necromadx: raises $3 to $6
caritasest: calls $3
*** FLOP *** [5s 9h 6c]
Necromadx: bets $3
caritasest: calls $3
*** TURN *** [5s 9h 6c] [4c]
Necromadx: checks
caritasest: bets $6
Necromadx: folds
Uncalled bet ($6) returned to caritasest
caritasest collected $17.64 from pot
*** SUMMARY ***
Total pot $18 | Rake $0.36
Board [5s 9h 6c 4c]
Seat 1: caritasest (button) (small blind) collected ($17.64)
Seat 2: Necromadx (big blind) folded on the Turn


PokerStars Hand #144833538273:  Hold'em Limit ($3/$6 USD) - 2015/12/04 18:40:19 ET
Table 'Ilmatar IV' 2-max Seat #2 is the button
Seat 1: caritasest ($173.41 in chips)
Seat 2: Necromadx ($168.10 in chips)
Necromadx: posts small blind $1
caritasest: posts big blind $3
*** HOLE CARDS ***
Necromadx: raises $3 to $6
caritasest: calls $3
*** FLOP *** [Ks 2c 8h]
caritasest: checks
Necromadx: bets $3
caritasest: folds
Uncalled bet ($3) returned to Necromadx
Necromadx collected $11.76 from pot
Necromadx: doesn't show hand
*** SUMMARY ***
Total pot $12 | Rake $0.24
Board [Ks 2c 8h]
Seat 1: caritasest (big blind) folded on the Flop
Seat 2: Necromadx (button) (small blind) collected ($11.76)


PokerStars Hand #144833578112:  Hold'em Limit ($3/$6 USD) - 2015/12/04 18:41:10 ET
Table 'Ilmatar IV' 2-max Seat #1 is the button
Seat 1: caritasest ($211.29 in chips)
Seat 2: Necromadx ($128.86 in chips)
caritasest: posts small blind $1
Necromadx: posts big blind $3
*** HOLE CARDS ***
caritasest: calls $2
Necromadx: checks
*** FLOP *** [Ac Jd Js]
Necromadx: checks
caritasest: checks
*** TURN *** [Ac Jd Js] [2c]
Necromadx: checks
caritasest: bets $6
Necromadx: folds
Uncalled bet ($6) returned to caritasest
caritasest collected $5.88 from pot
*** SUMMARY ***
Total pot $6 | Rake $0.12
Board [Ac Jd Js 2c]
Seat 1: caritasest (button) (small blind) collected ($5.88)
Seat 2: Necromadx (big blind) folded on the Turn


PokerStars Hand #144833545870:  Hold'em Limit ($3/$6 USD) - 2015/12/04 18:40:29 ET
Table 'Ilmatar IV' 2-max Seat #1 is the button
Seat 1: caritasest ($167.41 in chips)
Seat 2: Necromadx ($173.86 in chips)
caritasest: posts small blind $1
Necromadx: posts big blind $3
*** HOLE CARDS ***
caritasest: calls $2
Necromadx: checks
*** FLOP *** [2c Qh 4d]
Necromadx: checks
caritasest: checks
*** TURN *** [2c Qh 4d] [Td]
Necromadx: checks
caritasest: checks
*** RIVER *** [2c Qh 4d Td] [3c]
Necromadx: checks
caritasest: checks
*** SHOW DOWN ***
Necromadx: shows [5c Ks] (high card King)
caritasest: shows [7s Kd] (high card King - Queen+Ten+Seven kicker)
caritasest collected $5.88 from pot
*** SUMMARY ***
Total pot $6 | Rake $0.12
Board [2c Qh 4d Td 3c]
Seat 1: caritasest (button) (small blind) showed [7s Kd] and won ($5.88) with high card King
Seat 2: Necromadx (big blind) showed [5c Ks] and lost with high card King


PokerStars Hand #144833554244:  Hold'em Limit ($3/$6 USD) - 2015/12/04 18:40:39 ET
Table 'Ilmatar IV' 2-max Seat #2 is the button
Seat 1: caritasest ($170.29 in chips)
Seat 2: Necromadx ($170.86 in chips)
Necromadx: posts small blind $1
caritasest: posts big blind $3
*** HOLE CARDS ***
Necromadx: raises $3 to $6
caritasest: folds
Uncalled bet ($3) returned to Necromadx
Necromadx collected $6 from pot
Necromadx: doesn't show hand
*** SUMMARY ***
Total pot $6 | Rake $0
Seat 1: caritasest (big blind) folded before Flop
Seat 2: Necromadx (button) (small blind) collected ($6)


PokerStars Hand #144833558002:  Hold'em Limit ($3/$6 USD) - 2015/12/04 18:40:44 ET
Table 'Ilmatar IV' 2-max Seat #1 is the button
Seat 1: caritasest ($167.29 in chips)
Seat 2: Necromadx ($173.86 in chips)
caritasest: posts small blind $1
Necromadx: posts big blind $3
*** HOLE CARDS ***
caritasest: calls $2
Necromadx: checks
*** FLOP *** [2c Ah 6h]
Necromadx: bets $3
caritasest: raises $3 to $6
Necromadx: calls $3
*** TURN *** [2c Ah 6h] [3c]
Necromadx: checks
caritasest: bets $6
Necromadx: calls $6
*** RIVER *** [2c Ah 6h 3c] [Ac]
Necromadx: checks
caritasest: bets $6
Necromadx: calls $6
*** SHOW DOWN ***
caritasest: shows [3h 7h] (two pair, Aces and Threes)
Necromadx: mucks hand
caritasest collected $41.50 from pot
*** SUMMARY ***
Total pot $42 | Rake $0.50
Board [2c Ah 6h 3c Ac]
Seat 1: caritasest (button) (small blind) showed [3h 7h] and won ($41.50) with two pair, Aces and Threes
Seat 2: Necromadx (big blind) mucked


PokerStars Hand #144833567165:  Hold'em Limit ($3/$6 USD) - 2015/12/04 18:40:56 ET
Table 'Ilmatar IV' 2-max Seat #2 is the button
Seat 1: caritasest ($187.79 in chips)
Seat 2: Necromadx ($152.86 in chips)
Necromadx: posts small blind $1
caritasest: posts big blind $3
*** HOLE CARDS ***
Necromadx: raises $3 to $6
caritasest: calls $3
*** FLOP *** [7h As 7c]
caritasest: checks
Necromadx: bets $3
caritasest: raises $3 to $6
Necromadx: calls $3
*** TURN *** [7h As 7c] [6d]
caritasest: bets $6
Necromadx: calls $6
*** RIVER *** [7h As 7c 6d] [7d]
caritasest: checks
Necromadx: bets $6
caritasest: calls $6
*** SHOW DOWN ***
Necromadx: shows [3h 5h] (three of a kind, Sevens)
caritasest: shows [3c Qh] (three of a kind, Sevens - Ace+Queen kicker)
caritasest collected $47.50 from pot
*** SUMMARY ***
Total pot $48 | Rake $0.50
Board [7h As 7c 6d 7d]
Seat 1: caritasest (big blind) showed [3c Qh] and won ($47.50) with three of a kind, Sevens
Seat 2: Necromadx (button) (small blind) showed [3h 5h] and lost with three of a kind, Sevens


PokerStars Hand #144833585826:  Hold'em Limit ($3/$6 USD) - 2015/12/04 18:41:20 ET
Table 'Ilmatar IV' 2-max Seat #2 is the button
Seat 1: caritasest ($214.17 in chips)
Seat 2: Necromadx ($125.86 in chips)
Necromadx: posts small blind $1
caritasest: posts big blind $3
*** HOLE CARDS ***
Necromadx: raises $3 to $6
caritasest: calls $3
*** FLOP *** [Ks 5d 4d]
caritasest: checks
Necromadx: bets $3
caritasest: raises $3 to $6
Necromadx: folds
Uncalled bet ($3) returned to caritasest
caritasest collected $17.64 from pot
*** SUMMARY ***
Total pot $18 | Rake $0.36
Board [Ks 5d 4d]
Seat 1: caritasest (big blind) collected ($17.64)
Seat 2: Necromadx (button) (small blind) folded on the Flop


PokerStars Hand #144833603575:  Hold'em Limit ($3/$6 USD) - 2015/12/04 18:41:43 ET
Table 'Ilmatar IV' 2-max Seat #2 is the button
Seat 1: caritasest ($207.81 in chips)
Seat 2: Necromadx ($134.50 in chips)
Necromadx: posts small blind $1
caritasest: posts big blind $3
*** HOLE CARDS ***
Necromadx: folds
Uncalled bet ($2) returned to caritasest
caritasest collected $2 from pot
*** SUMMARY ***
Total pot $2 | Rake $0
Seat 1: caritasest (big blind) collected ($2)
Seat 2: Necromadx (button) (small blind) folded before Flop


PokerStars Hand #144833592038:  Hold'em Limit ($3/$6 USD) - 2015/12/04 18:41:28 ET
Table 'Ilmatar IV' 2-max Seat #1 is the button
Seat 1: caritasest ($222.81 in chips)
Seat 2: Necromadx ($120 in chips)
caritasest: posts small blind $1
Necromadx: posts big blind $3
*** HOLE CARDS ***
caritasest: calls $2
Necromadx: raises $3 to $6
caritasest: calls $3
*** FLOP *** [Ah 7c 8s]
Necromadx: bets $3
caritasest: calls $3
*** TURN *** [Ah 7c 8s] [Qc]
Necromadx: checks
caritasest: checks
*** RIVER *** [Ah 7c 8s Qc] [As]
Necromadx: bets $6
caritasest: calls $6
*** SHOW DOWN ***
Necromadx: shows [9s 9h] (two pair, Aces and Nines)
caritasest: mucks hand
Necromadx collected $29.50 from pot
*** SUMMARY ***
Total pot $30 | Rake $0.50
Board [Ah 7c 8s Qc As]
Seat 1: caritasest (button) (small blind) mucked
Seat 2: Necromadx (big blind) showed [9s 9h] and won ($29.50) with two pair, Aces and Nines


PokerStars Hand #144833606572:  Hold'em Limit ($3/$6 USD) - 2015/12/04 18:41:47 ET
Table 'Ilmatar IV' 2-max Seat #1 is the button
Seat 1: caritasest ($208.81 in chips)
Seat 2: Necromadx ($133.50 in chips)
caritasest: posts small blind $1
Necromadx: posts big blind $3
*** HOLE CARDS ***
caritasest: calls $2
Necromadx: raises $3 to $6
caritasest: calls $3
*** FLOP *** [Js 5s Td]
Necromadx: bets $3
caritasest: calls $3
*** TURN *** [Js 5s Td] [5c]
Necromadx: checks
caritasest: checks
*** RIVER *** [Js 5s Td 5c] [Ad]
Necromadx: bets $6
caritasest: calls $6
*** SHOW DOWN ***
Necromadx: shows [6c Ah] (two pair, Aces and Fives)
caritasest: mucks hand
Necromadx collected $29.50 from pot
*** SUMMARY ***
Total pot $30 | Rake $0.50
Board [Js 5s Td 5c Ad]
Seat 1: caritasest (button) (small blind) mucked
Seat 2: Necromadx (big blind) showed [6c Ah] and won ($29.50) with two pair, Aces and Fives


PokerStars Hand #144833640471:  Hold'em Limit ($3/$6 USD) - 2015/12/04 18:42:31 ET
Table 'Ilmatar IV' 2-max Seat #1 is the button
Seat 1: caritasest ($219.73 in chips)
Seat 2: Necromadx ($121 in chips)
caritasest: posts small blind $1
Necromadx: posts big blind $3
*** HOLE CARDS ***
caritasest: raises $3 to $6
Necromadx: calls $3
*** FLOP *** [Ac Td 9s]
Necromadx: checks
caritasest: checks
*** TURN *** [Ac Td 9s] [Ts]
Necromadx: checks
caritasest: checks
*** RIVER *** [Ac Td 9s Ts] [4s]
Necromadx: bets $6
caritasest: calls $6
*** SHOW DOWN ***
Necromadx: shows [5d 9h] (two pair, Tens and Nines)
caritasest: mucks hand
Necromadx collected $23.52 from pot
*** SUMMARY ***
Total pot $24 | Rake $0.48
Board [Ac Td 9s Ts 4s]
Seat 1: caritasest (button) (small blind) mucked
Seat 2: Necromadx (big blind) showed [5d 9h] and won ($23.52) with two pair, Tens and Nines


PokerStars Hand #144833650954:  Hold'em Limit ($3/$6 USD) - 2015/12/04 18:42:44 ET
Table 'Ilmatar IV' 2-max Seat #2 is the button
Seat 1: caritasest ($207.73 in chips)
Seat 2: Necromadx ($132.52 in chips)
Necromadx: posts small blind $1
caritasest: posts big blind $3
*** HOLE CARDS ***
Necromadx: raises $3 to $6
caritasest: raises $3 to $9
Necromadx: calls $3
*** FLOP *** [7d Ts 8h]
caritasest: bets $3
Necromadx: calls $3
*** TURN *** [7d Ts 8h] [Jc]
caritasest: bets $6
Necromadx: raises $6 to $12
caritasest: raises $6 to $18
Necromadx: calls $6
*** RIVER *** [7d Ts 8h Jc] [Kd]
caritasest: bets $6
Necromadx: calls $6
*** SHOW DOWN ***
caritasest: shows [Qc 9c] (a straight, Nine to King)
Necromadx: mucks hand
caritasest collected $71.50 from pot
*** SUMMARY ***
Total pot $72 | Rake $0.50
Board [7d Ts 8h Jc Kd]
Seat 1: caritasest (big blind) showed [Qc 9c] and won ($71.50) with a straight, Nine to King
Seat 2: Necromadx (button) (small blind) mucked


PokerStars Hand #144833634777:  Hold'em Limit ($3/$6 USD) - 2015/12/04 18:42:23 ET
Table 'Ilmatar IV' 2-max Seat #2 is the button
Seat 1: caritasest ($211.09 in chips)
Seat 2: Necromadx ($130 in chips)
Necromadx: posts small blind $1
caritasest: posts big blind $3
*** HOLE CARDS ***
Necromadx: raises $3 to $6
caritasest: raises $3 to $9
Necromadx: calls $3
*** FLOP *** [8c Qs Js]
caritasest: bets $3
Necromadx: folds
Uncalled bet ($3) returned to caritasest
caritasest collected $17.64 from pot
*** SUMMARY ***
Total pot $18 | Rake $0.36
Board [8c Qs Js]
Seat 1: caritasest (big blind) collected ($17.64)
Seat 2: Necromadx (button) (small blind) folded on the Flop


PokerStars Hand #144833627954:  Hold'em Limit ($3/$6 USD) - 2015/12/04 18:42:14 ET
Table 'Ilmatar IV' 2-max Seat #1 is the button
Seat 1: caritasest ($205.33 in chips)
Seat 2: Necromadx ($136 in chips)
caritasest: posts small blind $1
Necromadx: posts big blind $3
*** HOLE CARDS ***
caritasest: raises $3 to $6
Necromadx: calls $3
*** FLOP *** [8c 9c 2h]
Necromadx: checks
caritasest: bets $3
Necromadx: folds
Uncalled bet ($3) returned to caritasest
caritasest collected $11.76 from pot
*** SUMMARY ***
Total pot $12 | Rake $0.24
Board [8c 9c 2h]
Seat 1: caritasest (button) (small blind) collected ($11.76)
Seat 2: Necromadx (big blind) folded on the Flop


PokerStars Hand #144833674973:  Hold'em Limit ($3/$6 USD) - 2015/12/04 18:43:15 ET
Table 'Ilmatar IV' 2-max Seat #2 is the button
Seat 1: caritasest ($225.23 in chips)
Seat 2: Necromadx ($137.50 in chips)
Necromadx: posts small blind $1
caritasest: posts big blind $3
*** HOLE CARDS ***
Necromadx: folds
Uncalled bet ($2) returned to caritasest
caritasest collected $2 from pot
*** SUMMARY ***
Total pot $2 | Rake $0
Seat 1: caritasest (big blind) collected ($2)
Seat 2: Necromadx (button) (small blind) folded before Flop


PokerStars Hand #144833664088:  Hold'em Limit ($3/$6 USD) - 2015/12/04 18:43:01 ET
Table 'Ilmatar IV' 2-max Seat #1 is the button
Seat 1: caritasest ($243.23 in chips)
Seat 2: Necromadx ($120 in chips)
caritasest: posts small blind $1
Necromadx: posts big blind $3
*** HOLE CARDS ***
caritasest: raises $3 to $6
Necromadx: raises $3 to $9
caritasest: calls $3
*** FLOP *** [7c 6c Ac]
Necromadx: bets $3
caritasest: calls $3
*** TURN *** [7c 6c Ac] [9d]
Necromadx: checks
caritasest: bets $6
Necromadx: calls $6
*** RIVER *** [7c 6c Ac 9d] [6h]
Necromadx: checks
caritasest: checks
*** SHOW DOWN ***
Necromadx: shows [Kh Th] (a pair of Sixes)
caritasest: mucks hand
Necromadx collected $35.50 from pot
*** SUMMARY ***
Total pot $36 | Rake $0.50
Board [7c 6c Ac 9d 6h]
Seat 1: caritasest (button) (small blind) mucked
Seat 2: Necromadx (big blind) showed [Kh Th] and won ($35.50) with a pair of Sixes


PokerStars Hand #144833618492:  Hold'em Limit ($3/$6 USD) - 2015/12/04 18:42:02 ET
Table 'Ilmatar IV' 2-max Seat #2 is the button
Seat 1: caritasest ($193.81 in chips)
Seat 2: Necromadx ($148 in chips)
Necromadx: posts small blind $1
caritasest: posts big blind $3
*** HOLE CARDS ***
Necromadx: raises $3 to $6
caritasest: raises $3 to $9
Necromadx: calls $3
*** FLOP *** [2d 2s 2c]
caritasest: bets $3
Necromadx: calls $3
*** TURN *** [2d 2s 2c] [7c]
caritasest: bets $6
Necromadx: folds
Uncalled bet ($6) returned to caritasest
caritasest collected $23.52 from pot
*** SUMMARY ***
Total pot $24 | Rake $0.48
Board [2d 2s 2c 7c]
Seat 1: caritasest (big blind) collected ($23.52)
Seat 2: Necromadx (button) (small blind) folded on the Turn


PokerStars Hand #144833677921:  Hold'em Limit ($3/$6 USD) - 2015/12/04 18:43:19 ET
Table 'Ilmatar IV' 2-max Seat #1 is the button
Seat 1: caritasest ($226.23 in chips)
Seat 2: Necromadx ($136.50 in chips)
caritasest: posts small blind $1
Necromadx: posts big blind $3
*** HOLE CARDS ***
caritasest: raises $3 to $6
Necromadx: calls $3
*** FLOP *** [6h 4c 5c]
Necromadx: checks
caritasest: bets $3
Necromadx: calls $3
*** TURN *** [6h 4c 5c] [3c]
Necromadx: checks
caritasest: checks
*** RIVER *** [6h 4c 5c 3c] [5h]
Necromadx: checks
caritasest: bets $6
Necromadx: folds
Uncalled bet ($6) returned to caritasest
caritasest collected $17.64 from pot
*** SUMMARY ***
Total pot $18 | Rake $0.36
Board [6h 4c 5c 3c 5h]
Seat 1: caritasest (button) (small blind) collected ($17.64)
Seat 2: Necromadx (big blind) folded on the River


PokerStars Hand #144833702172:  Hold'em Limit ($3/$6 USD) - 2015/12/04 18:43:51 ET
Table 'Ilmatar IV' 2-max Seat #2 is the button
Seat 1: caritasest ($229.87 in chips)
Seat 2: Necromadx ($132.26 in chips)
Necromadx: posts small blind $1
caritasest: posts big blind $3
*** HOLE CARDS ***
Necromadx: raises $3 to $6
caritasest: calls $3
*** FLOP *** [Jc 8d Qs]
caritasest: bets $3
Necromadx: calls $3
*** TURN *** [Jc 8d Qs] [Kc]
caritasest: bets $6
Necromadx: calls $6
*** RIVER *** [Jc 8d Qs Kc] [Jd]
caritasest: bets $6
Necromadx: calls $6
*** SHOW DOWN ***
caritasest: shows [Kd 3d] (two pair, Kings and Jacks)
Necromadx: mucks hand
caritasest collected $41.50 from pot
*** SUMMARY ***
Total pot $42 | Rake $0.50
Board [Jc 8d Qs Kc Jd]
Seat 1: caritasest (big blind) showed [Kd 3d] and won ($41.50) with two pair, Kings and Jacks
Seat 2: Necromadx (button) (small blind) mucked


PokerStars Hand #144833690851:  Hold'em Limit ($3/$6 USD) - 2015/12/04 18:43:36 ET
Table 'Ilmatar IV' 2-max Seat #1 is the button
Seat 1: caritasest ($235.87 in chips)
Seat 2: Necromadx ($126.50 in chips)
caritasest: posts small blind $1
Necromadx: posts big blind $3
*** HOLE CARDS ***
caritasest: raises $3 to $6
Necromadx: calls $3
*** FLOP *** [Jd 6h 7s]
Necromadx: checks
caritasest: checks
*** TURN *** [Jd 6h 7s] [Tc]
Necromadx: checks
caritasest: checks
*** RIVER *** [Jd 6h 7s Tc] [Ks]
Necromadx: bets $6
caritasest: folds
Uncalled bet ($6) returned to Necromadx
Necromadx collected $11.76 from pot
Necromadx: doesn't show hand
*** SUMMARY ***
Total pot $12 | Rake $0.24
Board [Jd 6h 7s Tc Ks]
Seat 1: caritasest (button) (small blind) folded on the River
Seat 2: Necromadx (big blind) collected ($11.76)


PokerStars Hand #144833687890:  Hold'em Limit ($3/$6 USD) - 2015/12/04 18:43:32 ET
Table 'Ilmatar IV' 2-max Seat #2 is the button
Seat 1: caritasest ($234.87 in chips)
Seat 2: Necromadx ($127.50 in chips)
Necromadx: posts small blind $1
caritasest: posts big blind $3
*** HOLE CARDS ***
Necromadx: folds
Uncalled bet ($2) returned to caritasest
caritasest collected $2 from pot
*** SUMMARY ***
Total pot $2 | Rake $0
Seat 1: caritasest (big blind) collected ($2)
Seat 2: Necromadx (button) (small blind) folded before Flop


PokerStars Hand #144833755851:  Hold'em Limit ($3/$6 USD) - 2015/12/04 18:45:01 ET
Table 'Ilmatar IV' 2-max Seat #2 is the button
Seat 1: caritasest ($287.89 in chips)
Seat 2: Necromadx ($120 in chips)
Necromadx: posts small blind $1
caritasest: posts big blind $3
*** HOLE CARDS ***
Necromadx: raises $3 to $6
caritasest: calls $3
*** FLOP *** [4s Ad 3h]
caritasest: checks
Necromadx: bets $3
caritasest: calls $3
*** TURN *** [4s Ad 3h] [5h]
caritasest: checks
Necromadx: checks
*** RIVER *** [4s Ad 3h 5h] [2s]
caritasest: bets $6
Necromadx: calls $6
*** SHOW DOWN ***
caritasest: shows [5c 8h] (a straight, Ace to Five)
Necromadx: shows [Kd Ks] (a straight, Ace to Five)
caritasest collected $14.75 from pot
Necromadx collected $14.75 from pot
*** SUMMARY ***
Total pot $30 | Rake $0.50
Board [4s Ad 3h 5h 2s]
Seat 1: caritasest (big blind) showed [5c 8h] and won ($14.75) with a straight, Ace to Five
Seat 2: Necromadx (button) (small blind) showed [Kd Ks] and won ($14.75) with a straight, Ace to Five


PokerStars Hand #144833748498:  Hold'em Limit ($3/$6 USD) - 2015/12/04 18:44:51 ET
Table 'Ilmatar IV' 2-max Seat #1 is the button
Seat 1: caritasest ($285.01 in chips)
Seat 2: Necromadx ($120 in chips)
caritasest: posts small blind $1
Necromadx: posts big blind $3
*** HOLE CARDS ***
caritasest: calls $2
Necromadx: checks
*** FLOP *** [9s 3d 5c]
Necromadx: checks
caritasest: checks
*** TURN *** [9s 3d 5c] [5h]
Necromadx: checks
caritasest: bets $6
Necromadx: folds
Uncalled bet ($6) returned to caritasest
caritasest collected $5.88 from pot
*** SUMMARY ***
Total pot $6 | Rake $0.12
Board [9s 3d 5c 5h]
Seat 1: caritasest (button) (small blind) collected ($5.88)
Seat 2: Necromadx (big blind) folded on the Turn


PokerStars Hand #144833743498:  Hold'em Limit ($3/$6 USD) - 2015/12/04 18:44:45 ET
Table 'Ilmatar IV' 2-max Seat #2 is the button
Seat 1: caritasest ($276.37 in chips)
Seat 2: Necromadx ($120 in chips)
Necromadx: posts small blind $1
caritasest: posts big blind $3
*** HOLE CARDS ***
Necromadx: raises $3 to $6
caritasest: raises $3 to $9
Necromadx: calls $3
*** FLOP *** [Kh 2s 4c]
caritasest: bets $3
Necromadx: folds
Uncalled bet ($3) returned to caritasest
caritasest collected $17.64 from pot
*** SUMMARY ***
Total pot $18 | Rake $0.36
Board [Kh 2s 4c]
Seat 1: caritasest (big blind) collected ($17.64)
Seat 2: Necromadx (button) (small blind) folded on the Flop


PokerStars Hand #144833734221:  Hold'em Limit ($3/$6 USD) - 2015/12/04 18:44:33 ET
Table 'Ilmatar IV' 2-max Seat #1 is the button
Seat 1: caritasest ($261.87 in chips)
Seat 2: Necromadx ($123 in chips)
caritasest: posts small blind $1
Necromadx: posts big blind $3
*** HOLE CARDS ***
caritasest: raises $3 to $6
Necromadx: calls $3
*** FLOP *** [7d 8s Th]
Necromadx: checks
caritasest: bets $3
Necromadx: calls $3
*** TURN *** [7d 8s Th] [2d]
Necromadx: checks
caritasest: bets $6
Necromadx: calls $6
*** RIVER *** [7d 8s Th 2d] [2c]
Necromadx: checks
caritasest: checks
*** SHOW DOWN ***
Necromadx: shows [Kh 9d] (a pair of Deuces)
caritasest: shows [Jc 9h] (a straight, Seven to Jack)
caritasest collected $29.50 from pot
*** SUMMARY ***
Total pot $30 | Rake $0.50
Board [7d 8s Th 2d 2c]
Seat 1: caritasest (button) (small blind) showed [Jc 9h] and won ($29.50) with a straight, Seven to Jack
Seat 2: Necromadx (big blind) showed [Kh 9d] and lost with a pair of Deuces


PokerStars Hand #144833730503:  Hold'em Limit ($3/$6 USD) - 2015/12/04 18:44:28 ET
Table 'Ilmatar IV' 2-max Seat #2 is the button
Seat 1: caritasest ($264.87 in chips)
Seat 2: Necromadx ($120 in chips)
Necromadx: posts small blind $1
caritasest: posts big blind $3
*** HOLE CARDS ***
Necromadx: raises $3 to $6
caritasest: folds
Uncalled bet ($3) returned to Necromadx
Necromadx collected $6 from pot
Necromadx: doesn't show hand
*** SUMMARY ***
Total pot $6 | Rake $0
Seat 1: caritasest (big blind) folded before Flop
Seat 2: Necromadx (button) (small blind) collected ($6)


PokerStars Hand #144833718238:  Hold'em Limit ($3/$6 USD) - 2015/12/04 18:44:12 ET
Table 'Ilmatar IV' 2-max Seat #1 is the button
Seat 1: caritasest ($250.37 in chips)
Seat 2: Necromadx ($120 in chips)
caritasest: posts small blind $1
Necromadx: posts big blind $3
*** HOLE CARDS ***
caritasest: calls $2
Necromadx: raises $3 to $6
caritasest: raises $3 to $9
Necromadx: calls $3
*** FLOP *** [9c 5h Ah]
Necromadx: checks
caritasest: checks
*** TURN *** [9c 5h Ah] [4d]
Necromadx: checks
caritasest: bets $6
Necromadx: calls $6
*** RIVER *** [9c 5h Ah 4d] [2c]
Necromadx: checks
caritasest: checks
*** SHOW DOWN ***
Necromadx: shows [5d 6d] (a pair of Fives)
caritasest: shows [3h 3c] (a straight, Ace to Five)
caritasest collected $29.50 from pot
*** SUMMARY ***
Total pot $30 | Rake $0.50
Board [9c 5h Ah 4d 2c]
Seat 1: caritasest (button) (small blind) showed [3h 3c] and won ($29.50) with a straight, Ace to Five
Seat 2: Necromadx (big blind) showed [5d 6d] and lost with a pair of Fives


PokerStars Hand #144833808495:  Hold'em Limit ($3/$6 USD) - 2015/12/04 18:46:09 ET
Table 'Ilmatar IV' 2-max Seat #1 is the button
Seat 1: caritasest ($246.64 in chips)
Seat 2: Necromadx ($159.64 in chips)
caritasest: posts small blind $1
Necromadx: posts big blind $3
*** HOLE CARDS ***
caritasest: raises $3 to $6
Necromadx: calls $3
*** FLOP *** [4d Ts 4c]
Necromadx: checks
caritasest: bets $3
Necromadx: folds
Uncalled bet ($3) returned to caritasest
caritasest collected $11.76 from pot
*** SUMMARY ***
Total pot $12 | Rake $0.24
Board [4d Ts 4c]
Seat 1: caritasest (button) (small blind) collected ($11.76)
Seat 2: Necromadx (big blind) folded on the Flop


PokerStars Hand #144833803793:  Hold'em Limit ($3/$6 USD) - 2015/12/04 18:46:03 ET
Table 'Ilmatar IV' 2-max Seat #2 is the button
Seat 1: caritasest ($245.64 in chips)
Seat 2: Necromadx ($160.64 in chips)
Necromadx: posts small blind $1
caritasest: posts big blind $3
*** HOLE CARDS ***
Necromadx: folds
Uncalled bet ($2) returned to caritasest
caritasest collected $2 from pot
*** SUMMARY ***
Total pot $2 | Rake $0
Seat 1: caritasest (big blind) collected ($2)
Seat 2: Necromadx (button) (small blind) folded before Flop


PokerStars Hand #144833777036:  Hold'em Limit ($3/$6 USD) - 2015/12/04 18:45:28 ET
Table 'Ilmatar IV' 2-max Seat #2 is the button
Seat 1: caritasest ($269.64 in chips)
Seat 2: Necromadx ($137.50 in chips)
Necromadx: posts small blind $1
caritasest: posts big blind $3
*** HOLE CARDS ***
Necromadx: raises $3 to $6
caritasest: calls $3
*** FLOP *** [Ks 5h 8h]
caritasest: checks
Necromadx: bets $3
caritasest: calls $3
*** TURN *** [Ks 5h 8h] [9s]
caritasest: checks
Necromadx: checks
*** RIVER *** [Ks 5h 8h 9s] [6c]
caritasest: checks
Necromadx: checks
*** SHOW DOWN ***
caritasest: shows [4c Ad] (high card Ace)
Necromadx: shows [Qs 6d] (a pair of Sixes)
Necromadx collected $17.64 from pot
*** SUMMARY ***
Total pot $18 | Rake $0.36
Board [Ks 5h 8h 9s 6c]
Seat 1: caritasest (big blind) showed [4c Ad] and lost with high card Ace
Seat 2: Necromadx (button) (small blind) showed [Qs 6d] and won ($17.64) with a pair of Sixes


PokerStars Hand #144833766302:  Hold'em Limit ($3/$6 USD) - 2015/12/04 18:45:14 ET
Table 'Ilmatar IV' 2-max Seat #1 is the button
Seat 1: caritasest ($287.64 in chips)
Seat 2: Necromadx ($120 in chips)
caritasest: posts small blind $1
Necromadx: posts big blind $3
*** HOLE CARDS ***
caritasest: raises $3 to $6
Necromadx: raises $3 to $9
caritasest: calls $3
*** FLOP *** [Ad 2d 8s]
Necromadx: bets $3
caritasest: calls $3
*** TURN *** [Ad 2d 8s] [Jc]
Necromadx: checks
caritasest: bets $6
Necromadx: calls $6
*** RIVER *** [Ad 2d 8s Jc] [4h]
Necromadx: checks
caritasest: checks
*** SHOW DOWN ***
Necromadx: shows [4d 4c] (three of a kind, Fours)
caritasest: mucks hand
Necromadx collected $35.50 from pot
*** SUMMARY ***
Total pot $36 | Rake $0.50
Board [Ad 2d 8s Jc 4h]
Seat 1: caritasest (button) (small blind) mucked
Seat 2: Necromadx (big blind) showed [4d 4c] and won ($35.50) with three of a kind, Fours


PokerStars Hand #144833844399:  Hold'em Limit ($3/$6 USD) - 2015/12/04 18:46:56 ET
Table 'Ilmatar IV' 2-max Seat #2 is the button
Seat 1: caritasest ($199.40 in chips)
Seat 2: Necromadx ($205.64 in chips)
Necromadx: posts small blind $1
caritasest: posts big blind $3
*** HOLE CARDS ***
Necromadx: raises $3 to $6
caritasest: raises $3 to $9
Necromadx: calls $3
*** FLOP *** [3h Qh 9d]
caritasest: bets $3
Necromadx: folds
Uncalled bet ($3) returned to caritasest
caritasest collected $17.64 from pot
*** SUMMARY ***
Total pot $18 | Rake $0.36
Board [3h Qh 9d]
Seat 1: caritasest (big blind) collected ($17.64)
Seat 2: Necromadx (button) (small blind) folded on the Flop


PokerStars Hand #144833833955:  Hold'em Limit ($3/$6 USD) - 2015/12/04 18:46:42 ET
Table 'Ilmatar IV' 2-max Seat #1 is the button
Seat 1: caritasest ($226.40 in chips)
Seat 2: Necromadx ($179.14 in chips)
caritasest: posts small blind $1
Necromadx: posts big blind $3
*** HOLE CARDS ***
caritasest: raises $3 to $6
Necromadx: calls $3
*** FLOP *** [6c Ks 9c]
Necromadx: checks
caritasest: bets $3
Necromadx: calls $3
*** TURN *** [6c Ks 9c] [As]
Necromadx: checks
caritasest: bets $6
Necromadx: raises $6 to $12
caritasest: calls $6
*** RIVER *** [6c Ks 9c As] [5d]
Necromadx: bets $6
caritasest: calls $6
*** SHOW DOWN ***
Necromadx: shows [Ac 3s] (a pair of Aces)
caritasest: mucks hand
Necromadx collected $53.50 from pot
*** SUMMARY ***
Total pot $54 | Rake $0.50
Board [6c Ks 9c As 5d]
Seat 1: caritasest (button) (small blind) mucked
Seat 2: Necromadx (big blind) showed [Ac 3s] and won ($53.50) with a pair of Aces


PokerStars Hand #144833830907:  Hold'em Limit ($3/$6 USD) - 2015/12/04 18:46:38 ET
Table 'Ilmatar IV' 2-max Seat #2 is the button
Seat 1: caritasest ($225.40 in chips)
Seat 2: Necromadx ($180.14 in chips)
Necromadx: posts small blind $1
caritasest: posts big blind $3
*** HOLE CARDS ***
Necromadx: folds
Uncalled bet ($2) returned to caritasest
caritasest collected $2 from pot
*** SUMMARY ***
Total pot $2 | Rake $0
Seat 1: caritasest (big blind) collected ($2)
Seat 2: Necromadx (button) (small blind) folded before Flop


PokerStars Hand #144833827288:  Hold'em Limit ($3/$6 USD) - 2015/12/04 18:46:33 ET
Table 'Ilmatar IV' 2-max Seat #1 is the button
Seat 1: caritasest ($222.40 in chips)
Seat 2: Necromadx ($183.14 in chips)
caritasest: posts small blind $1
Necromadx: posts big blind $3
*** HOLE CARDS ***
caritasest: raises $3 to $6
Necromadx: folds
Uncalled bet ($3) returned to caritasest
caritasest collected $6 from pot
*** SUMMARY ***
Total pot $6 | Rake $0
Seat 1: caritasest (button) (small blind) collected ($6)
Seat 2: Necromadx (big blind) folded before Flop


PokerStars Hand #144833814487:  Hold'em Limit ($3/$6 USD) - 2015/12/04 18:46:17 ET
Table 'Ilmatar IV' 2-max Seat #2 is the button
Seat 1: caritasest ($252.40 in chips)
Seat 2: Necromadx ($153.64 in chips)
Necromadx: posts small blind $1
caritasest: posts big blind $3
*** HOLE CARDS ***
Necromadx: raises $3 to $6
caritasest: raises $3 to $9
Necromadx: calls $3
*** FLOP *** [Js 5h 2h]
caritasest: bets $3
Necromadx: calls $3
*** TURN *** [Js 5h 2h] [3d]
caritasest: bets $6
Necromadx: calls $6
*** RIVER *** [Js 5h 2h 3d] [7h]
caritasest: bets $6
Necromadx: raises $6 to $12
caritasest: calls $6
*** SHOW DOWN ***
Necromadx: shows [5c 7d] (two pair, Sevens and Fives)
caritasest: mucks hand
Necromadx collected $59.50 from pot
*** SUMMARY ***
Total pot $60 | Rake $0.50
Board [Js 5h 2h 3d 7h]
Seat 1: caritasest (big blind) mucked
Seat 2: Necromadx (button) (small blind) showed [5c 7d] and won ($59.50) with two pair, Sevens and Fives


PokerStars Hand #144833895573:  Hold'em Limit ($3/$6 USD) - 2015/12/04 18:48:03 ET
Table 'Ilmatar IV' 2-max Seat #1 is the button
Seat 1: caritasest ($224.70 in chips)
Seat 2: Necromadx ($177.80 in chips)
caritasest: posts small blind $1
Necromadx: posts big blind $3
*** HOLE CARDS ***
caritasest: calls $2
Necromadx: raises $3 to $6
caritasest: calls $3
*** FLOP *** [Jd 6c 2h]
Necromadx: bets $3
caritasest: folds
Uncalled bet ($3) returned to Necromadx
Necromadx collected $11.76 from pot
Necromadx: doesn't show hand
*** SUMMARY ***
Total pot $12 | Rake $0.24
Board [Jd 6c 2h]
Seat 1: caritasest (button) (small blind) folded on the Flop
Seat 2: Necromadx (big blind) collected ($11.76)


PokerStars Hand #144833889941:  Hold'em Limit ($3/$6 USD) - 2015/12/04 18:47:56 ET
Table 'Ilmatar IV' 2-max Seat #2 is the button
Seat 1: caritasest ($216.06 in chips)
Seat 2: Necromadx ($186.80 in chips)
Necromadx: posts small blind $1
caritasest: posts big blind $3
*** HOLE CARDS ***
Necromadx: raises $3 to $6
caritasest: raises $3 to $9
Necromadx: calls $3
*** FLOP *** [Ad 4h Qs]
caritasest: bets $3
Necromadx: folds
Uncalled bet ($3) returned to caritasest
caritasest collected $17.64 from pot
*** SUMMARY ***
Total pot $18 | Rake $0.36
Board [Ad 4h Qs]
Seat 1: caritasest (big blind) collected ($17.64)
Seat 2: Necromadx (button) (small blind) folded on the Flop


PokerStars Hand #144833879924:  Hold'em Limit ($3/$6 USD) - 2015/12/04 18:47:43 ET
Table 'Ilmatar IV' 2-max Seat #1 is the button
Seat 1: caritasest ($228.06 in chips)
Seat 2: Necromadx ($175.28 in chips)
caritasest: posts small blind $1
Necromadx: posts big blind $3
*** HOLE CARDS ***
caritasest: raises $3 to $6
Necromadx: calls $3
*** FLOP *** [Qc Ad Qs]
Necromadx: checks
caritasest: checks
*** TURN *** [Qc Ad Qs] [9d]
Necromadx: checks
caritasest: bets $6
Necromadx: calls $6
*** RIVER *** [Qc Ad Qs 9d] [5c]
Necromadx: checks
caritasest: checks
*** SHOW DOWN ***
Necromadx: shows [Kh 3d] (a pair of Queens)
caritasest: mucks hand
Necromadx collected $23.52 from pot
*** SUMMARY ***
Total pot $24 | Rake $0.48
Board [Qc Ad Qs 9d 5c]
Seat 1: caritasest (button) (small blind) mucked
Seat 2: Necromadx (big blind) showed [Kh 3d] and won ($23.52) with a pair of Queens


PokerStars Hand #144833876226:  Hold'em Limit ($3/$6 USD) - 2015/12/04 18:47:38 ET
Table 'Ilmatar IV' 2-max Seat #2 is the button
Seat 1: caritasest ($231.06 in chips)
Seat 2: Necromadx ($172.28 in chips)
Necromadx: posts small blind $1
caritasest: posts big blind $3
*** HOLE CARDS ***
Necromadx: raises $3 to $6
caritasest: folds
Uncalled bet ($3) returned to Necromadx
Necromadx collected $6 from pot
Necromadx: doesn't show hand
*** SUMMARY ***
Total pot $6 | Rake $0
Seat 1: caritasest (big blind) folded before Flop
Seat 2: Necromadx (button) (small blind) collected ($6)


PokerStars Hand #144833865788:  Hold'em Limit ($3/$6 USD) - 2015/12/04 18:47:24 ET
Table 'Ilmatar IV' 2-max Seat #1 is the button
Seat 1: caritasest ($210.56 in chips)
Seat 2: Necromadx ($193.28 in chips)
caritasest: posts small blind $1
Necromadx: posts big blind $3
*** HOLE CARDS ***
caritasest: raises $3 to $6
Necromadx: calls $3
*** FLOP *** [2c 7s Ad]
Necromadx: checks
caritasest: bets $3
Necromadx: calls $3
*** TURN *** [2c 7s Ad] [Jc]
Necromadx: checks
caritasest: bets $6
Necromadx: calls $6
*** RIVER *** [2c 7s Ad Jc] [8c]
Necromadx: checks
caritasest: bets $6
Necromadx: calls $6
*** SHOW DOWN ***
caritasest: shows [Qh 7h] (a pair of Sevens)
Necromadx: mucks hand
caritasest collected $41.50 from pot
*** SUMMARY ***
Total pot $42 | Rake $0.50
Board [2c 7s Ad Jc 8c]
Seat 1: caritasest (button) (small blind) showed [Qh 7h] and won ($41.50) with a pair of Sevens
Seat 2: Necromadx (big blind) mucked


PokerStars Hand #144833901459:  Hold'em Limit ($3/$6 USD) - 2015/12/04 18:48:11 ET
Table 'Ilmatar IV' 2-max Seat #2 is the button
Seat 1: caritasest ($218.70 in chips)
Seat 2: Necromadx ($183.56 in chips)
Necromadx: posts small blind $1
caritasest: posts big blind $3
*** HOLE CARDS ***
Necromadx: raises $3 to $6
caritasest: folds
Uncalled bet ($3) returned to Necromadx
Necromadx collected $6 from pot
Necromadx: doesn't show hand
*** SUMMARY ***
Total pot $6 | Rake $0
Seat 1: caritasest (big blind) folded before Flop
Seat 2: Necromadx (button) (small blind) collected ($6)


PokerStars Hand #144833858384:  Hold'em Limit ($3/$6 USD) - 2015/12/04 18:47:14 ET
Table 'Ilmatar IV' 2-max Seat #2 is the button
Seat 1: caritasest ($199.04 in chips)
Seat 2: Necromadx ($205.28 in chips)
Necromadx: posts small blind $1
caritasest: posts big blind $3
*** HOLE CARDS ***
Necromadx: raises $3 to $6
caritasest: raises $3 to $9
Necromadx: calls $3
*** FLOP *** [9c 4d Ts]
caritasest: bets $3
Necromadx: calls $3
*** TURN *** [9c 4d Ts] [2h]
caritasest: bets $6
Necromadx: folds
Uncalled bet ($6) returned to caritasest
caritasest collected $23.52 from pot
*** SUMMARY ***
Total pot $24 | Rake $0.48
Board [9c 4d Ts 2h]
Seat 1: caritasest (big blind) collected ($23.52)
Seat 2: Necromadx (button) (small blind) folded on the Turn


PokerStars Hand #144833849623:  Hold'em Limit ($3/$6 USD) - 2015/12/04 18:47:03 ET
Table 'Ilmatar IV' 2-max Seat #1 is the button
Seat 1: caritasest ($208.04 in chips)
Seat 2: Necromadx ($196.64 in chips)
caritasest: posts small blind $1
Necromadx: posts big blind $3
*** HOLE CARDS ***
caritasest: raises $3 to $6
Necromadx: calls $3
*** FLOP *** [3s Kh 5d]
Necromadx: checks
caritasest: bets $3
Necromadx: calls $3
*** TURN *** [3s Kh 5d] [Kc]
Necromadx: checks
caritasest: checks
*** RIVER *** [3s Kh 5d Kc] [Qd]
Necromadx: bets $6
caritasest: folds
Uncalled bet ($6) returned to Necromadx
Necromadx collected $17.64 from pot
Necromadx: doesn't show hand
*** SUMMARY ***
Total pot $18 | Rake $0.36
Board [3s Kh 5d Kc Qd]
Seat 1: caritasest (button) (small blind) folded on the River
Seat 2: Necromadx (big blind) collected ($17.64)


PokerStars Hand #144833937140:  Hold'em Limit ($3/$6 USD) - 2015/12/04 18:48:58 ET
Table 'Ilmatar IV' 2-max Seat #1 is the button
Seat 1: caritasest ($143.70 in chips)
Seat 2: Necromadx ($257.06 in chips)
caritasest: posts small blind $1
Necromadx: posts big blind $3
*** HOLE CARDS ***
caritasest: raises $3 to $6
Necromadx: calls $3
*** FLOP *** [9h 8d 6d]
Necromadx: checks
caritasest: bets $3
Necromadx: raises $3 to $6
caritasest: raises $3 to $9
Necromadx: calls $3
*** TURN *** [9h 8d 6d] [6c]
Necromadx: checks
caritasest: checks
*** RIVER *** [9h 8d 6d 6c] [5h]
Necromadx: bets $6
caritasest: raises $6 to $12
Necromadx: folds
Uncalled bet ($6) returned to caritasest
caritasest collected $41.50 from pot
*** SUMMARY ***
Total pot $42 | Rake $0.50
Board [9h 8d 6d 6c 5h]
Seat 1: caritasest (button) (small blind) collected ($41.50)
Seat 2: Necromadx (big blind) folded on the River


PokerStars Hand #144833925131:  Hold'em Limit ($3/$6 USD) - 2015/12/04 18:48:42 ET
Table 'Ilmatar IV' 2-max Seat #1 is the button
Seat 1: caritasest ($164.70 in chips)
Seat 2: Necromadx ($236.56 in chips)
caritasest: posts small blind $1
Necromadx: posts big blind $3
*** HOLE CARDS ***
caritasest: raises $3 to $6
Necromadx: folds
Uncalled bet ($3) returned to caritasest
caritasest collected $6 from pot
*** SUMMARY ***
Total pot $6 | Rake $0
Seat 1: caritasest (button) (small blind) collected ($6)
Seat 2: Necromadx (big blind) folded before Flop


PokerStars Hand #144833914363:  Hold'em Limit ($3/$6 USD) - 2015/12/04 18:48:28 ET
Table 'Ilmatar IV' 2-max Seat #2 is the button
Seat 1: caritasest ($194.70 in chips)
Seat 2: Necromadx ($207.06 in chips)
Necromadx: posts small blind $1
caritasest: posts big blind $3
*** HOLE CARDS ***
Necromadx: raises $3 to $6
caritasest: raises $3 to $9
Necromadx: calls $3
*** FLOP *** [Ah Qh 7h]
caritasest: bets $3
Necromadx: calls $3
*** TURN *** [Ah Qh 7h] [7c]
caritasest: bets $6
Necromadx: calls $6
*** RIVER *** [Ah Qh 7h 7c] [2h]
caritasest: bets $6
Necromadx: raises $6 to $12
caritasest: calls $6
*** SHOW DOWN ***
Necromadx: shows [Kh 3c] (a flush, Ace high)
caritasest: mucks hand
Necromadx collected $59.50 from pot
*** SUMMARY ***
Total pot $60 | Rake $0.50
Board [Ah Qh 7h 7c 2h]
Seat 1: caritasest (big blind) mucked
Seat 2: Necromadx (button) (small blind) showed [Kh 3c] and won ($59.50) with a flush, Ace high


PokerStars Hand #144833905053:  Hold'em Limit ($3/$6 USD) - 2015/12/04 18:48:16 ET
Table 'Ilmatar IV' 2-max Seat #1 is the button
Seat 1: caritasest ($215.70 in chips)
Seat 2: Necromadx ($186.56 in chips)
caritasest: posts small blind $1
Necromadx: posts big blind $3
*** HOLE CARDS ***
caritasest: calls $2
Necromadx: raises $3 to $6
caritasest: calls $3
*** FLOP *** [2c Qh Ks]
Necromadx: bets $3
caritasest: calls $3
*** TURN *** [2c Qh Ks] [9d]
Necromadx: bets $6
caritasest: calls $6
*** RIVER *** [2c Qh Ks 9d] [6c]
Necromadx: bets $6
caritasest: calls $6
*** SHOW DOWN ***
Necromadx: shows [Kc 8c] (a pair of Kings)
caritasest: mucks hand
Necromadx collected $41.50 from pot
*** SUMMARY ***
Total pot $42 | Rake $0.50
Board [2c Qh Ks 9d 6c]
Seat 1: caritasest (button) (small blind) mucked
Seat 2: Necromadx (big blind) showed [Kc 8c] and won ($41.50) with a pair of Kings


PokerStars Hand #144833973463:  Hold'em Limit ($3/$6 USD) - 2015/12/04 18:49:47 ET
Table 'Ilmatar IV' 2-max Seat #1 is the button
Seat 1: caritasest ($157.24 in chips)
Seat 2: Necromadx ($241.56 in chips)
caritasest: posts small blind $1
Necromadx: posts big blind $3
*** HOLE CARDS ***
caritasest: raises $3 to $6
Necromadx: calls $3
*** FLOP *** [5d 8d 7h]
Necromadx: checks
caritasest: checks
*** TURN *** [5d 8d 7h] [Jd]
Necromadx: bets $6
caritasest: folds
Uncalled bet ($6) returned to Necromadx
Necromadx collected $11.76 from pot
Necromadx: doesn't show hand
*** SUMMARY ***
Total pot $12 | Rake $0.24
Board [5d 8d 7h Jd]
Seat 1: caritasest (button) (small blind) folded on the Turn
Seat 2: Necromadx (big blind) collected ($11.76)


PokerStars Hand #144833958797:  Hold'em Limit ($3/$6 USD) - 2015/12/04 18:49:27 ET
Table 'Ilmatar IV' 2-max Seat #1 is the button
Seat 1: caritasest ($134.20 in chips)
Seat 2: Necromadx ($265.56 in chips)
caritasest: posts small blind $1
Necromadx: posts big blind $3
*** HOLE CARDS ***
caritasest: raises $3 to $6
Necromadx: raises $3 to $9
caritasest: raises $3 to $12
Betting is capped
Necromadx: calls $3
*** FLOP *** [Td Tc 7s]
Necromadx: checks
caritasest: bets $3
Necromadx: folds
Uncalled bet ($3) returned to caritasest
caritasest collected $23.52 from pot
*** SUMMARY ***
Total pot $24 | Rake $0.48
Board [Td Tc 7s]
Seat 1: caritasest (button) (small blind) collected ($23.52)
Seat 2: Necromadx (big blind) folded on the Flop


PokerStars Hand #144833985808:  Hold'em Limit ($3/$6 USD) - 2015/12/04 18:50:03 ET
Table 'Ilmatar IV' 2-max Seat #2 is the button
Seat 1: caritasest ($151.24 in chips)
Seat 2: Necromadx ($247.32 in chips)
Necromadx: posts small blind $1
caritasest: posts big blind $3
*** HOLE CARDS ***
Necromadx: raises $3 to $6
caritasest: calls $3
*** FLOP *** [9c Kc 8s]
caritasest: checks
Necromadx: bets $3
caritasest: raises $3 to $6
Necromadx: calls $3
*** TURN *** [9c Kc 8s] [6c]
caritasest: bets $6
Necromadx: raises $6 to $12
caritasest: folds
Uncalled bet ($6) returned to Necromadx
Necromadx collected $35.50 from pot
Necromadx: doesn't show hand
*** SUMMARY ***
Total pot $36 | Rake $0.50
Board [9c Kc 8s 6c]
Seat 1: caritasest (big blind) folded on the Turn
Seat 2: Necromadx (button) (small blind) collected ($35.50)


PokerStars Hand #144833948086:  Hold'em Limit ($3/$6 USD) - 2015/12/04 18:49:13 ET
Table 'Ilmatar IV' 2-max Seat #2 is the button
Seat 1: caritasest ($164.20 in chips)
Seat 2: Necromadx ($236.06 in chips)
Necromadx: posts small blind $1
caritasest: posts big blind $3
*** HOLE CARDS ***
Necromadx: raises $3 to $6
caritasest: raises $3 to $9
Necromadx: calls $3
*** FLOP *** [7d 8h 4s]
caritasest: bets $3
Necromadx: raises $3 to $6
caritasest: raises $3 to $9
Necromadx: calls $3
*** TURN *** [7d 8h 4s] [5c]
caritasest: bets $6
Necromadx: calls $6
*** RIVER *** [7d 8h 4s 5c] [2c]
caritasest: bets $6
Necromadx: calls $6
*** SHOW DOWN ***
caritasest: shows [7h Tc] (a pair of Sevens)
Necromadx: shows [9s 8c] (a pair of Eights)
Necromadx collected $59.50 from pot
*** SUMMARY ***
Total pot $60 | Rake $0.50
Board [7d 8h 4s 5c 2c]
Seat 1: caritasest (big blind) showed [7h Tc] and lost with a pair of Sevens
Seat 2: Necromadx (button) (small blind) showed [9s 8c] and won ($59.50) with a pair of Eights


PokerStars Hand #144834027791:  Hold'em Limit ($3/$6 USD) - 2015/12/04 18:50:59 ET
Table 'Ilmatar IV' 2-max Seat #1 is the button
Seat 1: caritasest ($165.24 in chips)
Seat 2: Necromadx ($231.34 in chips)
caritasest: posts small blind $1
Necromadx: posts big blind $3
*** HOLE CARDS ***
caritasest: folds
Uncalled bet ($2) returned to Necromadx
Necromadx collected $2 from pot
Necromadx: doesn't show hand
*** SUMMARY ***
Total pot $2 | Rake $0
Seat 1: caritasest (button) (small blind) folded before Flop
Seat 2: Necromadx (big blind) collected ($2)


PokerStars Hand #144834024134:  Hold'em Limit ($3/$6 USD) - 2015/12/04 18:50:54 ET
Table 'Ilmatar IV' 2-max Seat #2 is the button
Seat 1: caritasest ($168.24 in chips)
Seat 2: Necromadx ($228.34 in chips)
Necromadx: posts small blind $1
caritasest: posts big blind $3
*** HOLE CARDS ***
Necromadx: raises $3 to $6
caritasest: folds
Uncalled bet ($3) returned to Necromadx
Necromadx collected $6 from pot
Necromadx: doesn't show hand
*** SUMMARY ***
Total pot $6 | Rake $0
Seat 1: caritasest (big blind) folded before Flop
Seat 2: Necromadx (button) (small blind) collected ($6)


PokerStars Hand #144834014250:  Hold'em Limit ($3/$6 USD) - 2015/12/04 18:50:41 ET
Table 'Ilmatar IV' 2-max Seat #1 is the button
Seat 1: caritasest ($147.74 in chips)
Seat 2: Necromadx ($249.34 in chips)
caritasest: posts small blind $1
Necromadx: posts big blind $3
*** HOLE CARDS ***
caritasest: raises $3 to $6
Necromadx: calls $3
*** FLOP *** [5c 6h Ac]
Necromadx: checks
caritasest: bets $3
Necromadx: raises $3 to $6
caritasest: raises $3 to $9
Necromadx: calls $3
*** TURN *** [5c 6h Ac] [Qh]
Necromadx: checks
caritasest: checks
*** RIVER *** [5c 6h Ac Qh] [3s]
Necromadx: bets $6
caritasest: calls $6
*** SHOW DOWN ***
Necromadx: shows [8s 7c] (high card Ace)
caritasest: shows [6d 9s] (a pair of Sixes)
caritasest collected $41.50 from pot
*** SUMMARY ***
Total pot $42 | Rake $0.50
Board [5c 6h Ac Qh 3s]
Seat 1: caritasest (button) (small blind) showed [6d 9s] and won ($41.50) with a pair of Sixes
Seat 2: Necromadx (big blind) showed [8s 7c] and lost with high card Ace


PokerStars Hand #144834005926:  Hold'em Limit ($3/$6 USD) - 2015/12/04 18:50:30 ET
Table 'Ilmatar IV' 2-max Seat #2 is the button
Seat 1: caritasest ($159.74 in chips)
Seat 2: Necromadx ($237.82 in chips)
Necromadx: posts small blind $1
caritasest: posts big blind $3
*** HOLE CARDS ***
Necromadx: raises $3 to $6
caritasest: raises $3 to $9
Necromadx: calls $3
*** FLOP *** [Qc 5h 4s]
caritasest: bets $3
Necromadx: calls $3
*** TURN *** [Qc 5h 4s] [5s]
caritasest: checks
Necromadx: bets $6
caritasest: folds
Uncalled bet ($6) returned to Necromadx
Necromadx collected $23.52 from pot
Necromadx: doesn't show hand
*** SUMMARY ***
Total pot $24 | Rake $0.48
Board [Qc 5h 4s 5s]
Seat 1: caritasest (big blind) folded on the Turn
Seat 2: Necromadx (button) (small blind) collected ($23.52)


PokerStars Hand #144834031337:  Hold'em Limit ($3/$6 USD) - 2015/12/04 18:51:04 ET
Table 'Ilmatar IV' 2-max Seat #2 is the button
Seat 1: caritasest ($164.24 in chips)
Seat 2: Necromadx ($232.34 in chips)
Necromadx: posts small blind $1
caritasest: posts big blind $3
*** HOLE CARDS ***
Necromadx: raises $3 to $6
caritasest: raises $3 to $9
Necromadx: calls $3
*** FLOP *** [Ad 3d Qd]
caritasest: bets $3
Necromadx: calls $3
*** TURN *** [Ad 3d Qd] [9c]
caritasest: bets $6
Necromadx: raises $6 to $12
caritasest: raises $6 to $18
Necromadx: calls $6
*** RIVER *** [Ad 3d Qd 9c] [5d]
caritasest: checks
Necromadx: checks
*** SHOW DOWN ***
caritasest: shows [Tc As] (a pair of Aces)
Necromadx: shows [6c 8d] (a flush, Ace high)
Necromadx collected $59.50 from pot
*** SUMMARY ***
Total pot $60 | Rake $0.50
Board [Ad 3d Qd 9c 5d]
Seat 1: caritasest (big blind) showed [Tc As] and lost with a pair of Aces
Seat 2: Necromadx (button) (small blind) showed [6c 8d] and won ($59.50) with a flush, Ace high


PokerStars Hand #144833996328:  Hold'em Limit ($3/$6 USD) - 2015/12/04 18:50:17 ET
Table 'Ilmatar IV' 2-max Seat #1 is the button
Seat 1: caritasest ($133.24 in chips)
Seat 2: Necromadx ($264.82 in chips)
caritasest: posts small blind $1
Necromadx: posts big blind $3
*** HOLE CARDS ***
caritasest: raises $3 to $6
Necromadx: raises $3 to $9
caritasest: raises $3 to $12
Betting is capped
Necromadx: calls $3
*** FLOP *** [Qh 2d Kh]
Necromadx: checks
caritasest: bets $3
Necromadx: calls $3
*** TURN *** [Qh 2d Kh] [4c]
Necromadx: checks
caritasest: bets $6
Necromadx: calls $6
*** RIVER *** [Qh 2d Kh 4c] [3h]
Necromadx: checks
caritasest: bets $6
Necromadx: calls $6
*** SHOW DOWN ***
caritasest: shows [Ad Qs] (a pair of Queens)
Necromadx: mucks hand
caritasest collected $53.50 from pot
*** SUMMARY ***
Total pot $54 | Rake $0.50
Board [Qh 2d Kh 4c 3h]
Seat 1: caritasest (button) (small blind) showed [Ad Qs] and won ($53.50) with a pair of Queens
Seat 2: Necromadx (big blind) mucked


PokerStars Hand #144833965078:  Hold'em Limit ($3/$6 USD) - 2015/12/04 18:49:36 ET
Table 'Ilmatar IV' 2-max Seat #2 is the button
Seat 1: caritasest ($145.72 in chips)
Seat 2: Necromadx ($253.56 in chips)
Necromadx: posts small blind $1
caritasest: posts big blind $3
*** HOLE CARDS ***
Necromadx: raises $3 to $6
caritasest: raises $3 to $9
Necromadx: calls $3
*** FLOP *** [5h 7s 4h]
caritasest: bets $3
Necromadx: calls $3
*** TURN *** [5h 7s 4h] [Ah]
caritasest: bets $6
Necromadx: folds
Uncalled bet ($6) returned to caritasest
caritasest collected $23.52 from pot
*** SUMMARY ***
Total pot $24 | Rake $0.48
Board [5h 7s 4h Ah]
Seat 1: caritasest (big blind) collected ($23.52)
Seat 2: Necromadx (button) (small blind) folded on the Turn


PokerStars Hand #144834055468:  Hold'em Limit ($3/$6 USD) - 2015/12/04 18:51:37 ET
Table 'Ilmatar IV' 2-max Seat #1 is the button
Seat 1: caritasest ($119.24 in chips)
Seat 2: Necromadx ($276.34 in chips)
caritasest: posts small blind $1
Necromadx: posts big blind $3
*** HOLE CARDS ***
caritasest: raises $3 to $6
Necromadx: calls $3
*** FLOP *** [9h Jc 4s]
Necromadx: checks
caritasest: checks
*** TURN *** [9h Jc 4s] [2h]
Necromadx: checks
caritasest: bets $6
Necromadx: folds
Uncalled bet ($6) returned to caritasest
caritasest collected $11.76 from pot
*** SUMMARY ***
Total pot $12 | Rake $0.24
Board [9h Jc 4s 2h]
Seat 1: caritasest (button) (small blind) collected ($11.76)
Seat 2: Necromadx (big blind) folded on the Turn


PokerStars Hand #144834047733:  Hold'em Limit ($3/$6 USD) - 2015/12/04 18:51:26 ET
Table 'Ilmatar IV' 2-max Seat #2 is the button
Seat 1: caritasest ($137.24 in chips)
Seat 2: Necromadx ($258.84 in chips)
Necromadx: posts small blind $1
caritasest: posts big blind $3
*** HOLE CARDS ***
Necromadx: raises $3 to $6
caritasest: raises $3 to $9
Necromadx: calls $3
*** FLOP *** [4h Ad 6s]
caritasest: bets $3
Necromadx: calls $3
*** TURN *** [4h Ad 6s] [4d]
caritasest: bets $6
Necromadx: calls $6
*** RIVER *** [4h Ad 6s 4d] [Jc]
caritasest: checks
Necromadx: bets $6
caritasest: folds
Uncalled bet ($6) returned to Necromadx
Necromadx collected $35.50 from pot
Necromadx: doesn't show hand
*** SUMMARY ***
Total pot $36 | Rake $0.50
Board [4h Ad 6s 4d Jc]
Seat 1: caritasest (big blind) folded on the River
Seat 2: Necromadx (button) (small blind) collected ($35.50)


PokerStars Hand #144834083880:  Hold'em Limit ($3/$6 USD) - 2015/12/04 18:52:15 ET
Table 'Ilmatar IV' 2-max Seat #2 is the button
Seat 1: caritasest ($164 in chips)
Seat 2: Necromadx ($290.84 in chips)
Necromadx: posts small blind $1
caritasest: posts big blind $3
*** HOLE CARDS ***
Necromadx: folds
Uncalled bet ($2) returned to caritasest
caritasest collected $2 from pot
*** SUMMARY ***
Total pot $2 | Rake $0
Seat 1: caritasest (big blind) collected ($2)
Seat 2: Necromadx (button) (small blind) folded before Flop


PokerStars Hand #144834080215:  Hold'em Limit ($3/$6 USD) - 2015/12/04 18:52:10 ET
Table 'Ilmatar IV' 2-max Seat #1 is the button
Seat 1: caritasest ($161 in chips)
Seat 2: Necromadx ($293.84 in chips)
caritasest: posts small blind $1
Necromadx: posts big blind $3
*** HOLE CARDS ***
caritasest: raises $3 to $6
Necromadx: folds
Uncalled bet ($3) returned to caritasest
caritasest collected $6 from pot
*** SUMMARY ***
Total pot $6 | Rake $0
Seat 1: caritasest (button) (small blind) collected ($6)
Seat 2: Necromadx (big blind) folded before Flop


PokerStars Hand #144834043020:  Hold'em Limit ($3/$6 USD) - 2015/12/04 18:51:20 ET
Table 'Ilmatar IV' 2-max Seat #1 is the button
Seat 1: caritasest ($134.24 in chips)
Seat 2: Necromadx ($261.84 in chips)
caritasest: posts small blind $1
Necromadx: posts big blind $3
*** HOLE CARDS ***
caritasest: raises $3 to $6
Necromadx: folds
Uncalled bet ($3) returned to caritasest
caritasest collected $6 from pot
*** SUMMARY ***
Total pot $6 | Rake $0
Seat 1: caritasest (button) (small blind) collected ($6)
Seat 2: Necromadx (big blind) folded before Flop


PokerStars Hand #144834067469:  Hold'em Limit ($3/$6 USD) - 2015/12/04 18:51:53 ET
Table 'Ilmatar IV' 2-max Seat #2 is the button
Seat 1: caritasest ($125 in chips)
Seat 2: Necromadx ($270.34 in chips)
Necromadx: posts small blind $1
caritasest: posts big blind $3
*** HOLE CARDS ***
Necromadx: raises $3 to $6
caritasest: raises $3 to $9
Necromadx: calls $3
*** FLOP *** [9s 5h 3h]
caritasest: bets $3
Necromadx: calls $3
*** TURN *** [9s 5h 3h] [Jc]
caritasest: bets $6
Necromadx: raises $6 to $12
caritasest: calls $6
*** RIVER *** [9s 5h 3h Jc] [5d]
caritasest: checks
Necromadx: bets $6
caritasest: folds
Uncalled bet ($6) returned to Necromadx
Necromadx collected $47.50 from pot
Necromadx: doesn't show hand
*** SUMMARY ***
Total pot $48 | Rake $0.50
Board [9s 5h 3h Jc 5d]
Seat 1: caritasest (big blind) folded on the River
Seat 2: Necromadx (button) (small blind) collected ($47.50)


PokerStars Hand #144834100026:  Hold'em Limit ($3/$6 USD) - 2015/12/04 18:52:37 ET
Table 'Ilmatar IV' 2-max Seat #2 is the button
Seat 1: caritasest ($245.55 in chips)
Seat 2: Necromadx ($298.48 in chips)
Necromadx: posts small blind $1
caritasest: posts big blind $3
*** HOLE CARDS ***
Necromadx: folds
Uncalled bet ($2) returned to caritasest
caritasest collected $2 from pot
*** SUMMARY ***
Total pot $2 | Rake $0
Seat 1: caritasest (big blind) collected ($2)
Seat 2: Necromadx (button) (small blind) folded before Flop


PokerStars Hand #144834087257:  Hold'em Limit ($3/$6 USD) - 2015/12/04 18:52:20 ET
Table 'Ilmatar IV' 2-max Seat #1 is the button
Seat 1: caritasest ($225 in chips)
Seat 2: Necromadx ($289.84 in chips)
caritasest: posts small blind $1
Necromadx: posts big blind $3
*** HOLE CARDS ***
caritasest: raises $3 to $6
Necromadx: calls $3
*** FLOP *** [7d 9s 7h]
Necromadx: checks
caritasest: bets $3
Necromadx: raises $3 to $6
caritasest: folds
Uncalled bet ($3) returned to Necromadx
Necromadx collected $17.64 from pot
Necromadx: doesn't show hand
*** SUMMARY ***
Total pot $18 | Rake $0.36
Board [7d 9s 7h]
Seat 1: caritasest (button) (small blind) folded on the Flop
Seat 2: Necromadx (big blind) collected ($17.64)


PokerStars Hand #144834140507:  Hold'em Limit ($3/$6 USD) - 2015/12/04 18:53:31 ET
Table 'Ilmatar IV' 2-max Seat #1 is the button
Seat 1: caritasest ($261.69 in chips)
Seat 2: Necromadx ($280.98 in chips)
caritasest: posts small blind $1
Necromadx: posts big blind $3
*** HOLE CARDS ***
caritasest: raises $3 to $6
Necromadx: calls $3
*** FLOP *** [9h 8h Kc]
Necromadx: checks
caritasest: checks
*** TURN *** [9h 8h Kc] [7s]
Necromadx: bets $6
caritasest: raises $6 to $12
Necromadx: calls $6
*** RIVER *** [9h 8h Kc 7s] [Kh]
Necromadx: checks
caritasest: checks
*** SHOW DOWN ***
Necromadx: shows [Jh 4h] (a flush, King high)
caritasest: mucks hand
Necromadx collected $35.50 from pot
*** SUMMARY ***
Total pot $36 | Rake $0.50
Board [9h 8h Kc 7s Kh]
Seat 1: caritasest (button) (small blind) mucked
Seat 2: Necromadx (big blind) showed [Jh 4h] and won ($35.50) with a flush, King high


PokerStars Hand #144834127470:  Hold'em Limit ($3/$6 USD) - 2015/12/04 18:53:14 ET
Table 'Ilmatar IV' 2-max Seat #2 is the button
Seat 1: caritasest ($291.69 in chips)
Seat 2: Necromadx ($251.48 in chips)
Necromadx: posts small blind $1
caritasest: posts big blind $3
*** HOLE CARDS ***
Necromadx: raises $3 to $6
caritasest: raises $3 to $9
Necromadx: calls $3
*** FLOP *** [3c Th 2h]
caritasest: bets $3
Necromadx: calls $3
*** TURN *** [3c Th 2h] [9s]
caritasest: bets $6
Necromadx: calls $6
*** RIVER *** [3c Th 2h 9s] [Js]
caritasest: bets $6
Necromadx: raises $6 to $12
caritasest: calls $6
*** SHOW DOWN ***
Necromadx: shows [8c Jd] (a pair of Jacks)
caritasest: mucks hand
Necromadx collected $59.50 from pot
*** SUMMARY ***
Total pot $60 | Rake $0.50
Board [3c Th 2h 9s Js]
Seat 1: caritasest (big blind) mucked
Seat 2: Necromadx (button) (small blind) showed [8c Jd] and won ($59.50) with a pair of Jacks


PokerStars Hand #144834116690:  Hold'em Limit ($3/$6 USD) - 2015/12/04 18:52:59 ET
Table 'Ilmatar IV' 2-max Seat #1 is the button
Seat 1: caritasest ($283.05 in chips)
Seat 2: Necromadx ($260.48 in chips)
caritasest: posts small blind $1
Necromadx: posts big blind $3
*** HOLE CARDS ***
caritasest: raises $3 to $6
Necromadx: calls $3
*** FLOP *** [Js 8s Jh]
Necromadx: checks
caritasest: bets $3
Necromadx: calls $3
*** TURN *** [Js 8s Jh] [6c]
Necromadx: checks
caritasest: bets $6
Necromadx: folds
Uncalled bet ($6) returned to caritasest
caritasest collected $17.64 from pot
*** SUMMARY ***
Total pot $18 | Rake $0.36
Board [Js 8s Jh 6c]
Seat 1: caritasest (button) (small blind) collected ($17.64)
Seat 2: Necromadx (big blind) folded on the Turn


PokerStars Hand #144834102858:  Hold'em Limit ($3/$6 USD) - 2015/12/04 18:52:41 ET
Table 'Ilmatar IV' 2-max Seat #1 is the button
Seat 1: caritasest ($246.55 in chips)
Seat 2: Necromadx ($297.48 in chips)
caritasest: posts small blind $1
Necromadx: posts big blind $3
*** HOLE CARDS ***
caritasest: raises $3 to $6
Necromadx: raises $3 to $9
caritasest: raises $3 to $12
Betting is capped
Necromadx: calls $3
*** FLOP *** [9h 2d Kh]
Necromadx: checks
caritasest: bets $3
Necromadx: raises $3 to $6
caritasest: calls $3
*** TURN *** [9h 2d Kh] [Qc]
Necromadx: bets $6
caritasest: calls $6
*** RIVER *** [9h 2d Kh Qc] [Td]
Necromadx: bets $6
caritasest: raises $6 to $12
Necromadx: calls $6
*** SHOW DOWN ***
caritasest: shows [Jc Ah] (a straight, Ten to Ace)
Necromadx: mucks hand
caritasest collected $71.50 from pot
*** SUMMARY ***
Total pot $72 | Rake $0.50
Board [9h 2d Kh Qc Td]
Seat 1: caritasest (button) (small blind) showed [Jc Ah] and won ($71.50) with a straight, Ten to Ace
Seat 2: Necromadx (big blind) mucked


PokerStars Hand #144834113672:  Hold'em Limit ($3/$6 USD) - 2015/12/04 18:52:55 ET
Table 'Ilmatar IV' 2-max Seat #2 is the button
Seat 1: caritasest ($282.05 in chips)
Seat 2: Necromadx ($261.48 in chips)
Necromadx: posts small blind $1
caritasest: posts big blind $3
*** HOLE CARDS ***
Necromadx: folds
Uncalled bet ($2) returned to caritasest
caritasest collected $2 from pot
*** SUMMARY ***
Total pot $2 | Rake $0
Seat 1: caritasest (big blind) collected ($2)
Seat 2: Necromadx (button) (small blind) folded before Flop


PokerStars Hand #144834171505:  Hold'em Limit ($3/$6 USD) - 2015/12/04 18:54:13 ET
Table 'Ilmatar IV' 2-max Seat #2 is the button
Seat 1: caritasest ($275.83 in chips)
Seat 2: Necromadx ($265.48 in chips)
Necromadx: posts small blind $1
caritasest: posts big blind $3
*** HOLE CARDS ***
Necromadx: raises $3 to $6
caritasest: raises $3 to $9
Necromadx: calls $3
*** FLOP *** [Ac 5c 9h]
caritasest: bets $3
Necromadx: calls $3
*** TURN *** [Ac 5c 9h] [Tc]
caritasest: bets $6
Necromadx: calls $6
*** RIVER *** [Ac 5c 9h Tc] [8s]
caritasest: checks
Necromadx: bets $6
caritasest: folds
Uncalled bet ($6) returned to Necromadx
Necromadx collected $35.50 from pot
Necromadx: doesn't show hand
*** SUMMARY ***
Total pot $36 | Rake $0.50
Board [Ac 5c 9h Tc 8s]
Seat 1: caritasest (big blind) folded on the River
Seat 2: Necromadx (button) (small blind) collected ($35.50)


PokerStars Hand #144834157345:  Hold'em Limit ($3/$6 USD) - 2015/12/04 18:53:54 ET
Table 'Ilmatar IV' 2-max Seat #1 is the button
Seat 1: caritasest ($252.33 in chips)
Seat 2: Necromadx ($289.48 in chips)
caritasest: posts small blind $1
Necromadx: posts big blind $3
*** HOLE CARDS ***
caritasest: raises $3 to $6
Necromadx: raises $3 to $9
caritasest: calls $3
*** FLOP *** [Jc 2d Jh]
Necromadx: bets $3
caritasest: calls $3
*** TURN *** [Jc 2d Jh] [5c]
Necromadx: checks
caritasest: bets $6
Necromadx: calls $6
*** RIVER *** [Jc 2d Jh 5c] [7c]
Necromadx: checks
caritasest: bets $6
Necromadx: calls $6
*** SHOW DOWN ***
caritasest: shows [8h 2h] (two pair, Jacks and Deuces)
Necromadx: mucks hand
caritasest collected $47.50 from pot
*** SUMMARY ***
Total pot $48 | Rake $0.50
Board [Jc 2d Jh 5c 7c]
Seat 1: caritasest (button) (small blind) showed [8h 2h] and won ($47.50) with two pair, Jacks and Deuces
Seat 2: Necromadx (big blind) mucked


PokerStars Hand #144834150554:  Hold'em Limit ($3/$6 USD) - 2015/12/04 18:53:45 ET
Table 'Ilmatar IV' 2-max Seat #2 is the button
Seat 1: caritasest ($243.69 in chips)
Seat 2: Necromadx ($298.48 in chips)
Necromadx: posts small blind $1
caritasest: posts big blind $3
*** HOLE CARDS ***
Necromadx: raises $3 to $6
caritasest: raises $3 to $9
Necromadx: calls $3
*** FLOP *** [Kd Th 5d]
caritasest: bets $3
Necromadx: folds
Uncalled bet ($3) returned to caritasest
caritasest collected $17.64 from pot
*** SUMMARY ***
Total pot $18 | Rake $0.36
Board [Kd Th 5d]
Seat 1: caritasest (big blind) collected ($17.64)
Seat 2: Necromadx (button) (small blind) folded on the Flop


PokerStars Hand #144834190864:  Hold'em Limit ($3/$6 USD) - 2015/12/04 18:54:39 ET
Table 'Ilmatar IV' 2-max Seat #2 is the button
Seat 1: caritasest ($245.83 in chips)
Seat 2: Necromadx ($294.50 in chips)
Necromadx: posts small blind $1
caritasest: posts big blind $3
*** HOLE CARDS ***
Necromadx: raises $3 to $6
caritasest: folds
Uncalled bet ($3) returned to Necromadx
Necromadx collected $6 from pot
Necromadx: doesn't show hand
*** SUMMARY ***
Total pot $6 | Rake $0
Seat 1: caritasest (big blind) folded before Flop
Seat 2: Necromadx (button) (small blind) collected ($6)


PokerStars Hand #144834181199:  Hold'em Limit ($3/$6 USD) - 2015/12/04 18:54:26 ET
Table 'Ilmatar IV' 2-max Seat #1 is the button
Seat 1: caritasest ($257.83 in chips)
Seat 2: Necromadx ($282.98 in chips)
caritasest: posts small blind $1
Necromadx: posts big blind $3
*** HOLE CARDS ***
caritasest: raises $3 to $6
Necromadx: calls $3
*** FLOP *** [3c 4s As]
Necromadx: checks
caritasest: checks
*** TURN *** [3c 4s As] [3h]
Necromadx: checks
caritasest: bets $6
Necromadx: raises $6 to $12
caritasest: folds
Uncalled bet ($6) returned to Necromadx
Necromadx collected $23.52 from pot
Necromadx: doesn't show hand
*** SUMMARY ***
Total pot $24 | Rake $0.48
Board [3c 4s As 3h]
Seat 1: caritasest (button) (small blind) folded on the Turn
Seat 2: Necromadx (big blind) collected ($23.52)


PokerStars Hand #144834194652:  Hold'em Limit ($3/$6 USD) - 2015/12/04 18:54:44 ET
Table 'Ilmatar IV' 2-max Seat #1 is the button
Seat 1: caritasest ($242.83 in chips)
Seat 2: Necromadx ($297.50 in chips)
caritasest: posts small blind $1
Necromadx: posts big blind $3
*** HOLE CARDS ***
caritasest: raises $3 to $6
Necromadx: raises $3 to $9
caritasest: calls $3
*** FLOP *** [Kh 2h Jd]
Necromadx: bets $3
caritasest: folds
Uncalled bet ($3) returned to Necromadx
Necromadx collected $17.64 from pot
Necromadx: doesn't show hand
*** SUMMARY ***
Total pot $18 | Rake $0.36
Board [Kh 2h Jd]
Seat 1: caritasest (button) (small blind) folded on the Flop
Seat 2: Necromadx (big blind) collected ($17.64)


PokerStars Hand #144834200424:  Hold'em Limit ($3/$6 USD) - 2015/12/04 18:54:52 ET
Table 'Ilmatar IV' 2-max Seat #2 is the button
Seat 1: caritasest ($233.83 in chips)
Seat 2: Necromadx ($306.14 in chips)
Necromadx: posts small blind $1
caritasest: posts big blind $3
*** HOLE CARDS ***
Necromadx: raises $3 to $6
caritasest: raises $3 to $9
Necromadx: calls $3
*** FLOP *** [7h 6s Th]
caritasest: bets $3
Necromadx: calls $3
*** TURN *** [7h 6s Th] [Ts]
caritasest: bets $6
Necromadx: calls $6
*** RIVER *** [7h 6s Th Ts] [8s]
caritasest: bets $6
Necromadx: calls $6
*** SHOW DOWN ***
caritasest: shows [Js Jh] (two pair, Jacks and Tens)
Necromadx: mucks hand
caritasest collected $47.50 from pot
*** SUMMARY ***
Total pot $48 | Rake $0.50
Board [7h 6s Th Ts 8s]
Seat 1: caritasest (big blind) showed [Js Jh] and won ($47.50) with two pair, Jacks and Tens
Seat 2: Necromadx (button) (small blind) mucked


PokerStars Hand #144834209166:  Hold'em Limit ($3/$6 USD) - 2015/12/04 18:55:04 ET
Table 'Ilmatar IV' 2-max Seat #1 is the button
Seat 1: caritasest ($257.33 in chips)
Seat 2: Necromadx ($282.14 in chips)
caritasest: posts small blind $1
Necromadx: posts big blind $3
*** HOLE CARDS ***
caritasest: raises $3 to $6
Necromadx: calls $3
*** FLOP *** [5s Jd Kc]
Necromadx: checks
caritasest: bets $3
Necromadx: calls $3
*** TURN *** [5s Jd Kc] [8d]
Necromadx: checks
caritasest: bets $6
Necromadx: folds
Uncalled bet ($6) returned to caritasest
caritasest collected $17.64 from pot
*** SUMMARY ***
Total pot $18 | Rake $0.36
Board [5s Jd Kc 8d]
Seat 1: caritasest (button) (small blind) collected ($17.64)
Seat 2: Necromadx (big blind) folded on the Turn


PokerStars Hand #144834215897:  Hold'em Limit ($3/$6 USD) - 2015/12/04 18:55:13 ET
Table 'Ilmatar IV' 2-max Seat #2 is the button
Seat 1: caritasest ($265.97 in chips)
Seat 2: Necromadx ($273.14 in chips)
Necromadx: posts small blind $1
caritasest: posts big blind $3
*** HOLE CARDS ***
Necromadx: folds
Uncalled bet ($2) returned to caritasest
caritasest collected $2 from pot
*** SUMMARY ***
Total pot $2 | Rake $0
Seat 1: caritasest (big blind) collected ($2)
Seat 2: Necromadx (button) (small blind) folded before Flop


PokerStars Hand #144834218348:  Hold'em Limit ($3/$6 USD) - 2015/12/04 18:55:17 ET
Table 'Ilmatar IV' 2-max Seat #1 is the button
Seat 1: caritasest ($266.97 in chips)
Seat 2: Necromadx ($272.14 in chips)
caritasest: posts small blind $1
Necromadx: posts big blind $3
*** HOLE CARDS ***
caritasest: raises $3 to $6
Necromadx: calls $3
*** FLOP *** [Ah 3c 7h]
Necromadx: checks
caritasest: checks
*** TURN *** [Ah 3c 7h] [4s]
Necromadx: checks
caritasest: bets $6
Necromadx: calls $6
*** RIVER *** [Ah 3c 7h 4s] [Ac]
Necromadx: checks
caritasest: bets $6
Necromadx: calls $6
*** SHOW DOWN ***
caritasest: shows [5c 2h] (a straight, Ace to Five)
Necromadx: mucks hand
caritasest collected $35.50 from pot
*** SUMMARY ***
Total pot $36 | Rake $0.50
Board [Ah 3c 7h 4s Ac]
Seat 1: caritasest (button) (small blind) showed [5c 2h] and won ($35.50) with a straight, Ace to Five
Seat 2: Necromadx (big blind) mucked


PokerStars Hand #144834227175:  Hold'em Limit ($3/$6 USD) - 2015/12/04 18:55:32 ET
Table 'Ilmatar IV' 2-max Seat #2 is the button
Seat 1: caritasest ($284.47 in chips)
Seat 2: Necromadx ($254.14 in chips)
Necromadx: posts small blind $1
caritasest: posts big blind $3
*** HOLE CARDS ***
Necromadx: raises $3 to $6
caritasest: raises $3 to $9
Necromadx: calls $3
*** FLOP *** [Jd 6h 3s]
caritasest: bets $3
Necromadx: calls $3
*** TURN *** [Jd 6h 3s] [2d]
caritasest: checks
Necromadx: bets $6
caritasest: calls $6
*** RIVER *** [Jd 6h 3s 2d] [2c]
caritasest: checks
Necromadx: bets $6
caritasest: calls $6
*** SHOW DOWN ***
Necromadx: shows [Ac Qs] (a pair of Deuces)
caritasest: mucks hand
Necromadx collected $47.50 from pot
*** SUMMARY ***
Total pot $48 | Rake $0.50
Board [Jd 6h 3s 2d 2c]
Seat 1: caritasest (big blind) mucked
Seat 2: Necromadx (button) (small blind) showed [Ac Qs] and won ($47.50) with a pair of Deuces


PokerStars Hand #144834236061:  Hold'em Limit ($3/$6 USD) - 2015/12/04 18:55:47 ET
Table 'Ilmatar IV' 2-max Seat #1 is the button
Seat 1: caritasest ($260.47 in chips)
Seat 2: Necromadx ($277.64 in chips)
caritasest: posts small blind $1
Necromadx: posts big blind $3
*** HOLE CARDS ***
caritasest: raises $3 to $6
Necromadx: calls $3
*** FLOP *** [Ts Qc Th]
Necromadx: checks
caritasest: bets $3
Necromadx: calls $3
*** TURN *** [Ts Qc Th] [Ks]
Necromadx: checks
caritasest: checks
*** RIVER *** [Ts Qc Th Ks] [6c]
Necromadx: bets $6
caritasest: calls $6
*** SHOW DOWN ***
Necromadx: shows [2s Qd] (two pair, Queens and Tens)
caritasest: mucks hand
Necromadx collected $29.50 from pot
*** SUMMARY ***
Total pot $30 | Rake $0.50
Board [Ts Qc Th Ks 6c]
Seat 1: caritasest (button) (small blind) mucked
Seat 2: Necromadx (big blind) showed [2s Qd] and won ($29.50) with two pair, Queens and Tens


PokerStars Hand #144834243521:  Hold'em Limit ($3/$6 USD) - 2015/12/04 18:56:00 ET
Table 'Ilmatar IV' 2-max Seat #2 is the button
Seat 1: caritasest ($245.47 in chips)
Seat 2: Necromadx ($292.14 in chips)
Necromadx: posts small blind $1
caritasest: posts big blind $3
*** HOLE CARDS ***
Necromadx: raises $3 to $6
caritasest: raises $3 to $9
Necromadx: calls $3
*** FLOP *** [5c 6d 4c]
caritasest: bets $3
Necromadx: calls $3
*** TURN *** [5c 6d 4c] [Jh]
caritasest: bets $6
Necromadx: calls $6
*** RIVER *** [5c 6d 4c Jh] [8s]
caritasest: bets $6
Necromadx: calls $6
*** SHOW DOWN ***
caritasest: shows [Kh 3h] (high card King)
Necromadx: shows [8c Qh] (a pair of Eights)
Necromadx collected $47.50 from pot
*** SUMMARY ***
Total pot $48 | Rake $0.50
Board [5c 6d 4c Jh 8s]
Seat 1: caritasest (big blind) showed [Kh 3h] and lost with high card King
Seat 2: Necromadx (button) (small blind) showed [8c Qh] and won ($47.50) with a pair of Eights


PokerStars Hand #144834250319:  Hold'em Limit ($3/$6 USD) - 2015/12/04 18:56:12 ET
Table 'Ilmatar IV' 2-max Seat #1 is the button
Seat 1: caritasest ($221.47 in chips)
Seat 2: Necromadx ($315.64 in chips)
caritasest: posts small blind $1
Necromadx: posts big blind $3
*** HOLE CARDS ***
caritasest: raises $3 to $6
Necromadx: calls $3
*** FLOP *** [4d 9s 7h]
Necromadx: checks
caritasest: bets $3
Necromadx: folds
Uncalled bet ($3) returned to caritasest
caritasest collected $11.76 from pot
*** SUMMARY ***
Total pot $12 | Rake $0.24
Board [4d 9s 7h]
Seat 1: caritasest (button) (small blind) collected ($11.76)
Seat 2: Necromadx (big blind) folded on the Flop


PokerStars Hand #144834260772:  Hold'em Limit ($3/$6 USD) - 2015/12/04 18:56:29 ET
Table 'Ilmatar IV' 2-max Seat #2 is the button
Seat 1: caritasest ($227.23 in chips)
Seat 2: Necromadx ($309.64 in chips)
Necromadx: posts small blind $1
caritasest: posts big blind $3
*** HOLE CARDS ***
Necromadx: raises $3 to $6
caritasest: raises $3 to $9
Necromadx: calls $3
*** FLOP *** [Ah 7c Jc]
caritasest: bets $3
Necromadx: calls $3
*** TURN *** [Ah 7c Jc] [Tc]
caritasest: bets $6
Necromadx: calls $6
*** RIVER *** [Ah 7c Jc Tc] [As]
caritasest: bets $6
Necromadx: calls $6
*** SHOW DOWN ***
caritasest: shows [6c Qs] (a pair of Aces)
Necromadx: shows [7h Kd] (two pair, Aces and Sevens)
Necromadx collected $47.50 from pot
*** SUMMARY ***
Total pot $48 | Rake $0.50
Board [Ah 7c Jc Tc As]
Seat 1: caritasest (big blind) showed [6c Qs] and lost with a pair of Aces
Seat 2: Necromadx (button) (small blind) showed [7h Kd] and won ($47.50) with two pair, Aces and Sevens


PokerStars Hand #144834269112:  Hold'em Limit ($3/$6 USD) - 2015/12/04 18:56:44 ET
Table 'Ilmatar IV' 2-max Seat #1 is the button
Seat 1: caritasest ($203.23 in chips)
Seat 2: Necromadx ($333.14 in chips)
caritasest: posts small blind $1
Necromadx: posts big blind $3
*** HOLE CARDS ***
caritasest: raises $3 to $6
Necromadx: calls $3
*** FLOP *** [Ah 4d 7h]
Necromadx: checks
caritasest: bets $3
Necromadx: raises $3 to $6
caritasest: calls $3
*** TURN *** [Ah 4d 7h] [8h]
Necromadx: bets $6
caritasest: calls $6
*** RIVER *** [Ah 4d 7h 8h] [Kh]
Necromadx: bets $6
caritasest: calls $6
*** SHOW DOWN ***
Necromadx: shows [Th 6h] (a flush, Ace high)
caritasest: mucks hand
Necromadx collected $47.50 from pot
*** SUMMARY ***
Total pot $48 | Rake $0.50
Board [Ah 4d 7h 8h Kh]
Seat 1: caritasest (button) (small blind) mucked
Seat 2: Necromadx (big blind) showed [Th 6h] and won ($47.50) with a flush, Ace high


PokerStars Hand #144834279385:  Hold'em Limit ($3/$6 USD) - 2015/12/04 18:57:01 ET
Table 'Ilmatar IV' 2-max Seat #2 is the button
Seat 1: caritasest ($179.23 in chips)
Seat 2: Necromadx ($356.64 in chips)
Necromadx: posts small blind $1
caritasest: posts big blind $3
*** HOLE CARDS ***
Necromadx: raises $3 to $6
caritasest: calls $3
*** FLOP *** [4d 7d 2d]
caritasest: checks
Necromadx: bets $3
caritasest: folds
Uncalled bet ($3) returned to Necromadx
Necromadx collected $11.76 from pot
Necromadx: doesn't show hand
*** SUMMARY ***
Total pot $12 | Rake $0.24
Board [4d 7d 2d]
Seat 1: caritasest (big blind) folded on the Flop
Seat 2: Necromadx (button) (small blind) collected ($11.76)


PokerStars Hand #144834283631:  Hold'em Limit ($3/$6 USD) - 2015/12/04 18:57:08 ET
Table 'Ilmatar IV' 2-max Seat #1 is the button
Seat 1: caritasest ($173.23 in chips)
Seat 2: Necromadx ($362.40 in chips)
caritasest: posts small blind $1
Necromadx: posts big blind $3
*** HOLE CARDS ***
caritasest: raises $3 to $6
Necromadx: calls $3
*** FLOP *** [3c 5c 5d]
Necromadx: checks
caritasest: bets $3
Necromadx: calls $3
*** TURN *** [3c 5c 5d] [2s]
Necromadx: checks
caritasest: bets $6
Necromadx: calls $6
*** RIVER *** [3c 5c 5d 2s] [Tc]
Necromadx: checks
caritasest: checks
*** SHOW DOWN ***
Necromadx: shows [6c As] (a pair of Fives)
caritasest: mucks hand
Necromadx collected $29.50 from pot
*** SUMMARY ***
Total pot $30 | Rake $0.50
Board [3c 5c 5d 2s Tc]
Seat 1: caritasest (button) (small blind) mucked
Seat 2: Necromadx (big blind) showed [6c As] and won ($29.50) with a pair of Fives


PokerStars Hand #144834293834:  Hold'em Limit ($3/$6 USD) - 2015/12/04 18:57:25 ET
Table 'Ilmatar IV' 2-max Seat #2 is the button
Seat 1: caritasest ($158.23 in chips)
Seat 2: Necromadx ($376.90 in chips)
Necromadx: posts small blind $1
caritasest: posts big blind $3
*** HOLE CARDS ***
Necromadx: raises $3 to $6
caritasest: raises $3 to $9
Necromadx: calls $3
*** FLOP *** [Qc Qs Jd]
caritasest: bets $3
Necromadx: folds
Uncalled bet ($3) returned to caritasest
caritasest collected $17.64 from pot
*** SUMMARY ***
Total pot $18 | Rake $0.36
Board [Qc Qs Jd]
Seat 1: caritasest (big blind) collected ($17.64)
Seat 2: Necromadx (button) (small blind) folded on the Flop


PokerStars Hand #144834298111:  Hold'em Limit ($3/$6 USD) - 2015/12/04 18:57:32 ET
Table 'Ilmatar IV' 2-max Seat #1 is the button
Seat 1: caritasest ($166.87 in chips)
Seat 2: Necromadx ($367.90 in chips)
caritasest: posts small blind $1
Necromadx: posts big blind $3
*** HOLE CARDS ***
caritasest: raises $3 to $6
Necromadx: raises $3 to $9
caritasest: calls $3
*** FLOP *** [6h 8h Kc]
Necromadx: bets $3
caritasest: calls $3
*** TURN *** [6h 8h Kc] [9d]
Necromadx: bets $6
caritasest: raises $6 to $12
Necromadx: raises $6 to $18
caritasest: folds
Uncalled bet ($6) returned to Necromadx
Necromadx collected $47.50 from pot
Necromadx: doesn't show hand
*** SUMMARY ***
Total pot $48 | Rake $0.50
Board [6h 8h Kc 9d]
Seat 1: caritasest (button) (small blind) folded on the Turn
Seat 2: Necromadx (big blind) collected ($47.50)


PokerStars Hand #144834305363:  Hold'em Limit ($3/$6 USD) - 2015/12/04 18:57:44 ET
Table 'Ilmatar IV' 2-max Seat #2 is the button
Seat 1: caritasest ($142.87 in chips)
Seat 2: Necromadx ($391.40 in chips)
Necromadx: posts small blind $1
caritasest: posts big blind $3
*** HOLE CARDS ***
Necromadx: raises $3 to $6
caritasest: folds
Uncalled bet ($3) returned to Necromadx
Necromadx collected $6 from pot
Necromadx: doesn't show hand
*** SUMMARY ***
Total pot $6 | Rake $0
Seat 1: caritasest (big blind) folded before Flop
Seat 2: Necromadx (button) (small blind) collected ($6)


PokerStars Hand #144834308233:  Hold'em Limit ($3/$6 USD) - 2015/12/04 18:57:49 ET
Table 'Ilmatar IV' 2-max Seat #1 is the button
Seat 1: caritasest ($139.87 in chips)
Seat 2: Necromadx ($394.40 in chips)
caritasest: posts small blind $1
Necromadx: posts big blind $3
*** HOLE CARDS ***
caritasest: calls $2
Necromadx: raises $3 to $6
caritasest: calls $3
*** FLOP *** [Kd 6s 7h]
Necromadx: bets $3
caritasest: calls $3
*** TURN *** [Kd 6s 7h] [6d]
Necromadx: bets $6
caritasest: calls $6
*** RIVER *** [Kd 6s 7h 6d] [4c]
Necromadx: bets $6
caritasest: calls $6
*** SHOW DOWN ***
Necromadx: shows [3s 3d] (two pair, Sixes and Threes)
caritasest: mucks hand
Necromadx collected $41.50 from pot
*** SUMMARY ***
Total pot $42 | Rake $0.50
Board [Kd 6s 7h 6d 4c]
Seat 1: caritasest (button) (small blind) mucked
Seat 2: Necromadx (big blind) showed [3s 3d] and won ($41.50) with two pair, Sixes and Threes


PokerStars Hand #144834315917:  Hold'em Limit ($3/$6 USD) - 2015/12/04 18:58:02 ET
Table 'Ilmatar IV' 2-max Seat #2 is the button
Seat 1: caritasest ($118.87 in chips)
Seat 2: Necromadx ($414.90 in chips)
Necromadx: posts small blind $1
caritasest: posts big blind $3
*** HOLE CARDS ***
Necromadx: raises $3 to $6
caritasest: raises $3 to $9
Necromadx: calls $3
*** FLOP *** [3c 9d Jh]
caritasest: bets $3
Necromadx: calls $3
*** TURN *** [3c 9d Jh] [9s]
caritasest: bets $6
Necromadx: calls $6
*** RIVER *** [3c 9d Jh 9s] [8d]
caritasest: bets $6
Necromadx: folds
Uncalled bet ($6) returned to caritasest
caritasest collected $35.50 from pot
*** SUMMARY ***
Total pot $36 | Rake $0.50
Board [3c 9d Jh 9s 8d]
Seat 1: caritasest (big blind) collected ($35.50)
Seat 2: Necromadx (button) (small blind) folded on the River


PokerStars Hand #144834322886:  Hold'em Limit ($3/$6 USD) - 2015/12/04 18:58:13 ET
Table 'Ilmatar IV' 2-max Seat #1 is the button
Seat 1: caritasest ($136.37 in chips)
Seat 2: Necromadx ($396.90 in chips)
caritasest: posts small blind $1
Necromadx: posts big blind $3
*** HOLE CARDS ***
caritasest: raises $3 to $6
Necromadx: calls $3
*** FLOP *** [Jc 8h Ad]
Necromadx: checks
caritasest: bets $3
Necromadx: raises $3 to $6
caritasest: calls $3
*** TURN *** [Jc 8h Ad] [3d]
Necromadx: bets $6
caritasest: calls $6
*** RIVER *** [Jc 8h Ad 3d] [3c]
Necromadx: bets $6
caritasest: raises $6 to $12
Necromadx: calls $6
*** SHOW DOWN ***
caritasest: shows [8s 8d] (a full house, Eights full of Threes)
Necromadx: mucks hand
caritasest collected $59.50 from pot
*** SUMMARY ***
Total pot $60 | Rake $0.50
Board [Jc 8h Ad 3d 3c]
Seat 1: caritasest (button) (small blind) showed [8s 8d] and won ($59.50) with a full house, Eights full of Threes
Seat 2: Necromadx (big blind) mucked


PokerStars Hand #144834330613:  Hold'em Limit ($3/$6 USD) - 2015/12/04 18:58:26 ET
Table 'Ilmatar IV' 2-max Seat #2 is the button
Seat 1: caritasest ($165.87 in chips)
Seat 2: Necromadx ($366.90 in chips)
Necromadx: posts small blind $1
caritasest: posts big blind $3
*** HOLE CARDS ***
Necromadx: raises $3 to $6
caritasest: raises $3 to $9
Necromadx: calls $3
*** FLOP *** [9s 5d Qc]
caritasest: bets $3
Necromadx: calls $3
*** TURN *** [9s 5d Qc] [3c]
caritasest: bets $6
Necromadx: calls $6
*** RIVER *** [9s 5d Qc 3c] [3d]
caritasest: bets $6
Necromadx: raises $6 to $12
caritasest: raises $6 to $18
Necromadx: folds
Uncalled bet ($6) returned to caritasest
caritasest collected $59.50 from pot
*** SUMMARY ***
Total pot $60 | Rake $0.50
Board [9s 5d Qc 3c 3d]
Seat 1: caritasest (big blind) collected ($59.50)
Seat 2: Necromadx (button) (small blind) folded on the River


