PokerStars Hand #150775244932:  Hold'em Limit ($3/$6 USD) - 2016/03/22 17:03:55 ET
Table 'Ilmatar II' 6-max Seat #3 is the button
Seat 3: mdevereux ($111.54 in chips)
Seat 4: AzureCaper ($83.64 in chips)
mdevereux: posts small blind $1
AzureCaper: posts big blind $3
*** HOLE CARDS ***
mdevereux: folds
Uncalled bet ($2) returned to AzureCaper
AzureCaper collected $2 from pot
AzureCaper: doesn't show hand
*** SUMMARY ***
Total pot $2 | Rake $0
Seat 3: mdevereux (button) (small blind) folded before Flop
Seat 4: AzureCaper (big blind) collected ($2)


PokerStars Hand #150775240352:  Hold'em Limit ($3/$6 USD) - 2016/03/22 17:03:51 ET
Table 'Ilmatar II' 6-max Seat #4 is the button
Seat 3: mdevereux ($110.54 in chips)
Seat 4: AzureCaper ($84.64 in chips)
AzureCaper: posts small blind $1
mdevereux: posts big blind $3
*** HOLE CARDS ***
AzureCaper: folds
Uncalled bet ($2) returned to mdevereux
mdevereux collected $2 from pot
*** SUMMARY ***
Total pot $2 | Rake $0
Seat 3: mdevereux (big blind) collected ($2)
Seat 4: AzureCaper (button) (small blind) folded before Flop


PokerStars Hand #150775222403:  Hold'em Limit ($3/$6 USD) - 2016/03/22 17:03:34 ET
Table 'Ilmatar II' 6-max Seat #3 is the button
Seat 3: mdevereux ($119.54 in chips)
Seat 4: AzureCaper ($76 in chips)
mdevereux: posts small blind $1
AzureCaper: posts big blind $3
*** HOLE CARDS ***
mdevereux: raises $3 to $6
AzureCaper: calls $3
*** FLOP *** [6d Kd 9h]
AzureCaper: checks
mdevereux: bets $3
AzureCaper: calls $3
*** TURN *** [6d Kd 9h] [Js]
AzureCaper: bets $6
mdevereux: folds
Uncalled bet ($6) returned to AzureCaper
AzureCaper collected $17.64 from pot
AzureCaper: doesn't show hand
*** SUMMARY ***
Total pot $18 | Rake $0.36
Board [6d Kd 9h Js]
Seat 3: mdevereux (button) (small blind) folded on the Turn
Seat 4: AzureCaper (big blind) collected ($17.64)


PokerStars Hand #150775218133:  Hold'em Limit ($3/$6 USD) - 2016/03/22 17:03:30 ET
Table 'Ilmatar II' 6-max Seat #4 is the button
Seat 3: mdevereux ($118.54 in chips)
Seat 4: AzureCaper ($77 in chips)
AzureCaper: posts small blind $1
mdevereux: posts big blind $3
*** HOLE CARDS ***
AzureCaper: folds
Uncalled bet ($2) returned to mdevereux
mdevereux collected $2 from pot
*** SUMMARY ***
Total pot $2 | Rake $0
Seat 3: mdevereux (big blind) collected ($2)
Seat 4: AzureCaper (button) (small blind) folded before Flop


PokerStars Hand #150775213715:  Hold'em Limit ($3/$6 USD) - 2016/03/22 17:03:25 ET
Table 'Ilmatar II' 6-max Seat #3 is the button
Seat 3: mdevereux ($119.54 in chips)
Seat 4: AzureCaper ($76 in chips)
mdevereux: posts small blind $1
AzureCaper: posts big blind $3
*** HOLE CARDS ***
mdevereux: folds
Uncalled bet ($2) returned to AzureCaper
AzureCaper collected $2 from pot
AzureCaper: doesn't show hand
*** SUMMARY ***
Total pot $2 | Rake $0
Seat 3: mdevereux (button) (small blind) folded before Flop
Seat 4: AzureCaper (big blind) collected ($2)


PokerStars Hand #150775208975:  Hold'em Limit ($3/$6 USD) - 2016/03/22 17:03:21 ET
Table 'Ilmatar II' 6-max Seat #4 is the button
Seat 3: mdevereux ($118.54 in chips)
Seat 4: AzureCaper ($77 in chips)
AzureCaper: posts small blind $1
mdevereux: posts big blind $3
*** HOLE CARDS ***
AzureCaper: folds
Uncalled bet ($2) returned to mdevereux
mdevereux collected $2 from pot
mdevereux: doesn't show hand
*** SUMMARY ***
Total pot $2 | Rake $0
Seat 3: mdevereux (big blind) collected ($2)
Seat 4: AzureCaper (button) (small blind) folded before Flop


PokerStars Hand #150775204136:  Hold'em Limit ($3/$6 USD) - 2016/03/22 17:03:16 ET
Table 'Ilmatar II' 6-max Seat #3 is the button
Seat 3: mdevereux ($119.54 in chips)
Seat 4: AzureCaper ($76 in chips)
mdevereux: posts small blind $1
AzureCaper: posts big blind $3
*** HOLE CARDS ***
mdevereux: folds
Uncalled bet ($2) returned to AzureCaper
AzureCaper collected $2 from pot
AzureCaper: doesn't show hand
*** SUMMARY ***
Total pot $2 | Rake $0
Seat 3: mdevereux (button) (small blind) folded before Flop
Seat 4: AzureCaper (big blind) collected ($2)


PokerStars Hand #150775198755:  Hold'em Limit ($3/$6 USD) - 2016/03/22 17:03:11 ET
Table 'Ilmatar II' 6-max Seat #4 is the button
Seat 3: mdevereux ($122.54 in chips)
Seat 4: AzureCaper ($73 in chips)
AzureCaper: posts small blind $1
mdevereux: posts big blind $3
*** HOLE CARDS ***
AzureCaper: raises $3 to $6
mdevereux: folds
Uncalled bet ($3) returned to AzureCaper
AzureCaper collected $6 from pot
AzureCaper: doesn't show hand
*** SUMMARY ***
Total pot $6 | Rake $0
Seat 3: mdevereux (big blind) folded before Flop
Seat 4: AzureCaper (button) (small blind) collected ($6)


PokerStars Hand #150775302247:  Hold'em Limit ($3/$6 USD) - 2016/03/22 17:04:50 ET
Table 'Ilmatar II' 6-max Seat #4 is the button
Seat 3: mdevereux ($95.54 in chips)
Seat 4: AzureCaper ($99.14 in chips)
AzureCaper: posts small blind $1
mdevereux: posts big blind $3
*** HOLE CARDS ***
AzureCaper: folds
Uncalled bet ($2) returned to mdevereux
MissEKAmouse joins the table at seat #2
mdevereux collected $2 from pot
*** SUMMARY ***
Total pot $2 | Rake $0
Seat 3: mdevereux (big blind) collected ($2)
Seat 4: AzureCaper (button) (small blind) folded before Flop


PokerStars Hand #150775297571:  Hold'em Limit ($3/$6 USD) - 2016/03/22 17:04:45 ET
Table 'Ilmatar II' 6-max Seat #3 is the button
Seat 3: mdevereux ($96.54 in chips)
Seat 4: AzureCaper ($98.14 in chips)
mdevereux: posts small blind $1
AzureCaper: posts big blind $3
*** HOLE CARDS ***
mdevereux: folds
Uncalled bet ($2) returned to AzureCaper
AzureCaper collected $2 from pot
AzureCaper: doesn't show hand
*** SUMMARY ***
Total pot $2 | Rake $0
Seat 3: mdevereux (button) (small blind) folded before Flop
Seat 4: AzureCaper (big blind) collected ($2)


PokerStars Hand #150775286947:  Hold'em Limit ($3/$6 USD) - 2016/03/22 17:04:35 ET
Table 'Ilmatar II' 6-max Seat #4 is the button
Seat 3: mdevereux ($95.54 in chips)
Seat 4: AzureCaper ($99.14 in chips)
AzureCaper: posts small blind $1
mdevereux: posts big blind $3
*** HOLE CARDS ***
AzureCaper: folds
Uncalled bet ($2) returned to mdevereux
mdevereux collected $2 from pot
mdevereux: doesn't show hand
*** SUMMARY ***
Total pot $2 | Rake $0
Seat 3: mdevereux (big blind) collected ($2)
Seat 4: AzureCaper (button) (small blind) folded before Flop


PokerStars Hand #150775279910:  Hold'em Limit ($3/$6 USD) - 2016/03/22 17:04:29 ET
Table 'Ilmatar II' 6-max Seat #3 is the button
Seat 3: mdevereux ($92.54 in chips)
Seat 4: AzureCaper ($102.14 in chips)
mdevereux: posts small blind $1
AzureCaper: posts big blind $3
*** HOLE CARDS ***
mdevereux: raises $3 to $6
AzureCaper: folds
Uncalled bet ($3) returned to mdevereux
mdevereux collected $6 from pot
*** SUMMARY ***
Total pot $6 | Rake $0
Seat 3: mdevereux (button) (small blind) collected ($6)
Seat 4: AzureCaper (big blind) folded before Flop


PokerStars Hand #150775249603:  Hold'em Limit ($3/$6 USD) - 2016/03/22 17:04:00 ET
Table 'Ilmatar II' 6-max Seat #4 is the button
Seat 3: mdevereux ($110.54 in chips)
Seat 4: AzureCaper ($84.64 in chips)
AzureCaper: posts small blind $1
mdevereux: posts big blind $3
*** HOLE CARDS ***
AzureCaper: raises $3 to $6
mdevereux: calls $3
*** FLOP *** [Jh Qd 5s]
mdevereux: checks
AzureCaper: bets $3
mdevereux: raises $3 to $6
AzureCaper: calls $3
*** TURN *** [Jh Qd 5s] [4c]
mdevereux: bets $6
AzureCaper: calls $6
*** RIVER *** [Jh Qd 5s 4c] [8s]
mdevereux: checks
AzureCaper: checks
*** SHOW DOWN ***
mdevereux: shows [7h Th] (high card Queen)
AzureCaper: shows [Jc Ks] (a pair of Jacks)
AzureCaper collected $35.50 from pot
*** SUMMARY ***
Total pot $36 | Rake $0.50
Board [Jh Qd 5s 4c 8s]
Seat 3: mdevereux (big blind) showed [7h Th] and lost with high card Queen
Seat 4: AzureCaper (button) (small blind) showed [Jc Ks] and won ($35.50) with a pair of Jacks


PokerStars Hand #150775308186:  Hold'em Limit ($3/$6 USD) - 2016/03/22 17:04:56 ET
Table 'Ilmatar II' 6-max Seat #3 is the button
Seat 3: mdevereux ($96.54 in chips)
Seat 4: AzureCaper ($98.14 in chips)
mdevereux: posts small blind $1
AzureCaper: posts big blind $3
*** HOLE CARDS ***
mdevereux: raises $3 to $6
AzureCaper: calls $3
*** FLOP *** [4c 3d Ac]
AzureCaper: checks
mdevereux: checks
*** TURN *** [4c 3d Ac] [4d]
AzureCaper: checks
mdevereux: checks
*** RIVER *** [4c 3d Ac 4d] [8h]
AzureCaper: checks
mdevereux: bets $6
AzureCaper: folds
Uncalled bet ($6) returned to mdevereux
mdevereux collected $11.76 from pot
*** SUMMARY ***
Total pot $12 | Rake $0.24
Board [4c 3d Ac 4d 8h]
Seat 3: mdevereux (button) (small blind) collected ($11.76)
Seat 4: AzureCaper (big blind) folded on the River


PokerStars Hand #150776790465:  Hold'em Limit ($3/$6 USD) - 2016/03/22 17:29:01 ET
Table 'Ilmatar II' 6-max Seat #2 is the button
Seat 2: MissEKAmouse ($135.73 in chips)
Seat 6: mdevereux ($158.84 in chips)
MissEKAmouse: posts small blind $1
ToDaFelt: is sitting out
mdevereux: posts big blind $3
*** HOLE CARDS ***
ToDaFelt leaves the table
MissEKAmouse: calls $2
mdevereux: checks
*** FLOP *** [2s Ac 6h]
mdevereux: bets $3
MissEKAmouse: folds
Uncalled bet ($3) returned to mdevereux
mdevereux collected $5.88 from pot
*** SUMMARY ***
Total pot $6 | Rake $0.12
Board [2s Ac 6h]
Seat 2: MissEKAmouse (button) (small blind) folded on the Flop
Seat 6: mdevereux (big blind) collected ($5.88)


PokerStars Hand #150776823508:  Hold'em Limit ($3/$6 USD) - 2016/03/22 17:29:29 ET
Table 'Ilmatar II' 6-max Seat #6 is the button
Seat 2: MissEKAmouse ($132.73 in chips)
Seat 6: mdevereux ($161.72 in chips)
mdevereux: posts small blind $1
MissEKAmouse: posts big blind $3
*** HOLE CARDS ***
mdevereux: raises $3 to $6
MissEKAmouse: calls $3
*** FLOP *** [4h Qs Ks]
MissEKAmouse: checks
mdevereux: checks
*** TURN *** [4h Qs Ks] [Kc]
MissEKAmouse: checks
mdevereux: checks
*** RIVER *** [4h Qs Ks Kc] [Kd]
MissEKAmouse: bets $6
mdevereux: calls $6
*** SHOW DOWN ***
MissEKAmouse: shows [5d Qh] (a full house, Kings full of Queens)
mdevereux: mucks hand
MissEKAmouse collected $23.52 from pot
*** SUMMARY ***
Total pot $24 | Rake $0.48
Board [4h Qs Ks Kc Kd]
Seat 2: MissEKAmouse (big blind) showed [5d Qh] and won ($23.52) with a full house, Kings full of Queens
Seat 6: mdevereux (button) (small blind) mucked


PokerStars Hand #150776853843:  Hold'em Limit ($3/$6 USD) - 2016/03/22 17:29:56 ET
Table 'Ilmatar II' 6-max Seat #2 is the button
Seat 2: MissEKAmouse ($144.25 in chips)
Seat 6: mdevereux ($149.72 in chips)
MissEKAmouse: posts small blind $1
mdevereux: posts big blind $3
*** HOLE CARDS ***
MissEKAmouse: calls $2
mdevereux: checks
*** FLOP *** [9d Qd Ks]
mdevereux: checks
MissEKAmouse: bets $3
mdevereux: calls $3
*** TURN *** [9d Qd Ks] [2s]
mdevereux: checks
MissEKAmouse: bets $6
mdevereux: raises $6 to $12
MissEKAmouse: folds
Uncalled bet ($6) returned to mdevereux
mdevereux collected $23.52 from pot
*** SUMMARY ***
Total pot $24 | Rake $0.48
Board [9d Qd Ks 2s]
Seat 2: MissEKAmouse (button) (small blind) folded on the Turn
Seat 6: mdevereux (big blind) collected ($23.52)


PokerStars Hand #150776882066:  Hold'em Limit ($3/$6 USD) - 2016/03/22 17:30:20 ET
Table 'Ilmatar II' 6-max Seat #6 is the button
Seat 2: MissEKAmouse ($132.25 in chips)
Seat 6: mdevereux ($161.24 in chips)
mdevereux: posts small blind $1
MissEKAmouse: posts big blind $3
*** HOLE CARDS ***
mdevereux: raises $3 to $6
MissEKAmouse: calls $3
*** FLOP *** [Th 7h Jd]
MissEKAmouse: checks
mdevereux: bets $3
MissEKAmouse: folds
Uncalled bet ($3) returned to mdevereux
mdevereux collected $11.76 from pot
mdevereux: doesn't show hand
*** SUMMARY ***
Total pot $12 | Rake $0.24
Board [Th 7h Jd]
Seat 2: MissEKAmouse (big blind) folded on the Flop
Seat 6: mdevereux (button) (small blind) collected ($11.76)


PokerStars Hand #150776895725:  Hold'em Limit ($3/$6 USD) - 2016/03/22 17:30:32 ET
Table 'Ilmatar II' 6-max Seat #2 is the button
Seat 2: MissEKAmouse ($126.25 in chips)
Seat 6: mdevereux ($167 in chips)
MissEKAmouse: posts small blind $1
mdevereux: posts big blind $3
*** HOLE CARDS ***
MissEKAmouse: raises $3 to $6
mdevereux: folds
Uncalled bet ($3) returned to MissEKAmouse
MissEKAmouse collected $6 from pot
MissEKAmouse: doesn't show hand
*** SUMMARY ***
Total pot $6 | Rake $0
Seat 2: MissEKAmouse (button) (small blind) collected ($6)
Seat 6: mdevereux (big blind) folded before Flop


PokerStars Hand #150776904621:  Hold'em Limit ($3/$6 USD) - 2016/03/22 17:30:40 ET
Table 'Ilmatar II' 6-max Seat #6 is the button
Seat 2: MissEKAmouse ($129.25 in chips)
Seat 6: mdevereux ($164 in chips)
mdevereux: posts small blind $1
MissEKAmouse: posts big blind $3
*** HOLE CARDS ***
mdevereux: raises $3 to $6
MissEKAmouse: calls $3
*** FLOP *** [9s Jc 3s]
MissEKAmouse: checks
vovojc joins the table at seat #3
mdevereux: bets $3
MissEKAmouse: calls $3
*** TURN *** [9s Jc 3s] [Qh]
MissEKAmouse: checks
mdevereux: bets $6
MissEKAmouse: calls $6
*** RIVER *** [9s Jc 3s Qh] [Kd]
MissEKAmouse: checks
mdevereux: bets $6
MissEKAmouse: folds
Uncalled bet ($6) returned to mdevereux
ToDaFelt joins the table at seat #4
mdevereux collected $29.50 from pot
*** SUMMARY ***
Total pot $30 | Rake $0.50
Board [9s Jc 3s Qh Kd]
Seat 2: MissEKAmouse (big blind) folded on the River
Seat 6: mdevereux (button) (small blind) collected ($29.50)


PokerStars Hand #150779930725:  Hold'em Limit ($3/$6 USD) - 2016/03/22 18:23:54 ET
Table 'Ilmatar II' 6-max Seat #6 is the button
Seat 5: laaaPush ($64.97 in chips)
Seat 6: AzureCaper ($106.64 in chips)
AzureCaper: posts small blind $1
MissEKAmouse: is sitting out
ToDaFelt: is sitting out
laaaPush: posts big blind $3
*** HOLE CARDS ***
AzureCaper: raises $3 to $6
laaaPush: calls $3
*** FLOP *** [6h 5c 3h]
ToDaFelt leaves the table
laaaPush: checks
AzureCaper: bets $3
laaaPush: raises $3 to $6
agentti32 joins the table at seat #3
AzureCaper: folds
Uncalled bet ($3) returned to laaaPush
laaaPush collected $17.64 from pot
ToDaFelt joins the table at seat #1
*** SUMMARY ***
Total pot $18 | Rake $0.36
Board [6h 5c 3h]
Seat 5: laaaPush (big blind) collected ($17.64)
Seat 6: AzureCaper (button) (small blind) folded on the Flop


PokerStars Hand #150779945797:  Hold'em Limit ($3/$6 USD) - 2016/03/22 18:24:11 ET
Table 'Ilmatar II' 6-max Seat #5 is the button
Seat 5: laaaPush ($73.61 in chips)
Seat 6: AzureCaper ($97.64 in chips)
laaaPush: posts small blind $1
AzureCaper: posts big blind $3
*** HOLE CARDS ***
laaaPush: folds
Uncalled bet ($2) returned to AzureCaper
AzureCaper collected $2 from pot
AzureCaper: doesn't show hand
*** SUMMARY ***
Total pot $2 | Rake $0
Seat 5: laaaPush (button) (small blind) folded before Flop
Seat 6: AzureCaper (big blind) collected ($2)


PokerStars Hand #150780345536:  Hold'em Limit ($3/$6 USD) - 2016/03/22 18:31:50 ET
Table 'Ilmatar II' 6-max Seat #6 is the button
Seat 3: agentti32 ($10.34 in chips)
Seat 6: AzureCaper ($96.49 in chips)
AzureCaper: posts small blind $1
agentti32: posts big blind $3
*** HOLE CARDS ***
AzureCaper: folds
Uncalled bet ($2) returned to agentti32
agentti32 collected $2 from pot
*** SUMMARY ***
Total pot $2 | Rake $0
Seat 3: agentti32 (big blind) collected ($2)
Seat 6: AzureCaper (button) (small blind) folded before Flop


PokerStars Hand #150780332229:  Hold'em Limit ($3/$6 USD) - 2016/03/22 18:31:34 ET
Table 'Ilmatar II' 6-max Seat #3 is the button
Seat 3: agentti32 ($16.34 in chips)
Seat 6: AzureCaper ($90.73 in chips)
agentti32: posts small blind $1
AzureCaper: posts big blind $3
*** HOLE CARDS ***
agentti32: calls $2
AzureCaper: raises $3 to $6
agentti32: calls $3
*** FLOP *** [Ac 4s Js]
AzureCaper: bets $3
agentti32: folds
Uncalled bet ($3) returned to AzureCaper
AzureCaper collected $11.76 from pot
AzureCaper: doesn't show hand
*** SUMMARY ***
Total pot $12 | Rake $0.24
Board [Ac 4s Js]
Seat 3: agentti32 (button) (small blind) folded on the Flop
Seat 6: AzureCaper (big blind) collected ($11.76)


PokerStars Hand #150780328002:  Hold'em Limit ($3/$6 USD) - 2016/03/22 18:31:29 ET
Table 'Ilmatar II' 6-max Seat #6 is the button
Seat 3: agentti32 ($15.34 in chips)
Seat 6: AzureCaper ($91.73 in chips)
AzureCaper: posts small blind $1
ToDaFelt: is sitting out
MissEKAmouse was removed from the table for failing to post
agentti32: posts big blind $3
*** HOLE CARDS ***
AzureCaper: folds
Uncalled bet ($2) returned to agentti32
ToDaFelt leaves the table
agentti32 collected $2 from pot
*** SUMMARY ***
Total pot $2 | Rake $0
Seat 3: agentti32 (big blind) collected ($2)
Seat 6: AzureCaper (button) (small blind) folded before Flop


