PokerStars Hand #144834338452:  Hold'em Limit ($3/$6 USD) - 2015/12/04 18:58:39 ET
Table 'Ilmatar IV' 2-max Seat #1 is the button
Seat 1: caritasest ($195.37 in chips)
Seat 2: Necromadx ($336.90 in chips)
caritasest: posts small blind $1
Necromadx: posts big blind $3
*** HOLE CARDS ***
caritasest: raises $3 to $6
Necromadx: calls $3
*** FLOP *** [7s Ks 8s]
Necromadx: checks
caritasest: checks
*** TURN *** [7s Ks 8s] [7c]
Necromadx: bets $6
caritasest: calls $6
*** RIVER *** [7s Ks 8s 7c] [Qc]
Necromadx: bets $6
caritasest: folds
Uncalled bet ($6) returned to Necromadx
Necromadx collected $23.52 from pot
Necromadx: doesn't show hand
*** SUMMARY ***
Total pot $24 | Rake $0.48
Board [7s Ks 8s 7c Qc]
Seat 1: caritasest (button) (small blind) folded on the River
Seat 2: Necromadx (big blind) collected ($23.52)


PokerStars Hand #144834344643:  Hold'em Limit ($3/$6 USD) - 2015/12/04 18:58:50 ET
Table 'Ilmatar IV' 2-max Seat #2 is the button
Seat 1: caritasest ($183.37 in chips)
Seat 2: Necromadx ($348.42 in chips)
Necromadx: posts small blind $1
caritasest: posts big blind $3
*** HOLE CARDS ***
Necromadx: raises $3 to $6
caritasest: calls $3
*** FLOP *** [5s 8c Ac]
caritasest: checks
Necromadx: bets $3
caritasest: raises $3 to $6
Necromadx: calls $3
*** TURN *** [5s 8c Ac] [Ks]
caritasest: bets $6
Necromadx: calls $6
*** RIVER *** [5s 8c Ac Ks] [5c]
caritasest: bets $6
Necromadx: calls $6
*** SHOW DOWN ***
caritasest: shows [3h 2c] (a pair of Fives)
Necromadx: shows [Qs 7c] (a pair of Fives - Ace+King+Queen kicker)
Necromadx collected $47.50 from pot
*** SUMMARY ***
Total pot $48 | Rake $0.50
Board [5s 8c Ac Ks 5c]
Seat 1: caritasest (big blind) showed [3h 2c] and lost with a pair of Fives
Seat 2: Necromadx (button) (small blind) showed [Qs 7c] and won ($47.50) with a pair of Fives


PokerStars Hand #144834352419:  Hold'em Limit ($3/$6 USD) - 2015/12/04 18:59:03 ET
Table 'Ilmatar IV' 2-max Seat #1 is the button
Seat 1: caritasest ($159.37 in chips)
Seat 2: Necromadx ($371.92 in chips)
caritasest: posts small blind $1
Necromadx: posts big blind $3
*** HOLE CARDS ***
caritasest: raises $3 to $6
Necromadx: folds
Uncalled bet ($3) returned to caritasest
caritasest collected $6 from pot
*** SUMMARY ***
Total pot $6 | Rake $0
Seat 1: caritasest (button) (small blind) collected ($6)
Seat 2: Necromadx (big blind) folded before Flop


PokerStars Hand #144834355203:  Hold'em Limit ($3/$6 USD) - 2015/12/04 18:59:07 ET
Table 'Ilmatar IV' 2-max Seat #2 is the button
Seat 1: caritasest ($162.37 in chips)
Seat 2: Necromadx ($368.92 in chips)
Necromadx: posts small blind $1
caritasest: posts big blind $3
*** HOLE CARDS ***
Necromadx: raises $3 to $6
caritasest: raises $3 to $9
Necromadx: calls $3
*** FLOP *** [7d 4s 3d]
caritasest: bets $3
Necromadx: calls $3
*** TURN *** [7d 4s 3d] [Kd]
caritasest: bets $6
Necromadx: raises $6 to $12
caritasest: raises $6 to $18
Necromadx: calls $6
*** RIVER *** [7d 4s 3d Kd] [2d]
caritasest: bets $6
Necromadx: calls $6
*** SHOW DOWN ***
caritasest: shows [5h Jd] (a flush, King high)
Necromadx: mucks hand
caritasest collected $71.50 from pot
*** SUMMARY ***
Total pot $72 | Rake $0.50
Board [7d 4s 3d Kd 2d]
Seat 1: caritasest (big blind) showed [5h Jd] and won ($71.50) with a flush, King high
Seat 2: Necromadx (button) (small blind) mucked


PokerStars Hand #144834363751:  Hold'em Limit ($3/$6 USD) - 2015/12/04 18:59:23 ET
Table 'Ilmatar IV' 2-max Seat #1 is the button
Seat 1: caritasest ($197.87 in chips)
Seat 2: Necromadx ($332.92 in chips)
caritasest: posts small blind $1
Necromadx: posts big blind $3
*** HOLE CARDS ***
caritasest: raises $3 to $6
Necromadx: calls $3
*** FLOP *** [3h Qc Qh]
Necromadx: checks
caritasest: bets $3
Necromadx: folds
Uncalled bet ($3) returned to caritasest
caritasest collected $11.76 from pot
*** SUMMARY ***
Total pot $12 | Rake $0.24
Board [3h Qc Qh]
Seat 1: caritasest (button) (small blind) collected ($11.76)
Seat 2: Necromadx (big blind) folded on the Flop


PokerStars Hand #144834368358:  Hold'em Limit ($3/$6 USD) - 2015/12/04 18:59:30 ET
Table 'Ilmatar IV' 2-max Seat #2 is the button
Seat 1: caritasest ($203.63 in chips)
Seat 2: Necromadx ($326.92 in chips)
Necromadx: posts small blind $1
caritasest: posts big blind $3
*** HOLE CARDS ***
Necromadx: raises $3 to $6
caritasest: calls $3
*** FLOP *** [Kh Th Js]
caritasest: checks
Necromadx: bets $3
caritasest: folds
Uncalled bet ($3) returned to Necromadx
Necromadx collected $11.76 from pot
Necromadx: doesn't show hand
*** SUMMARY ***
Total pot $12 | Rake $0.24
Board [Kh Th Js]
Seat 1: caritasest (big blind) folded on the Flop
Seat 2: Necromadx (button) (small blind) collected ($11.76)


PokerStars Hand #144834375626:  Hold'em Limit ($3/$6 USD) - 2015/12/04 18:59:43 ET
Table 'Ilmatar IV' 2-max Seat #1 is the button
Seat 1: caritasest ($197.63 in chips)
Seat 2: Necromadx ($332.68 in chips)
caritasest: posts small blind $1
Necromadx: posts big blind $3
*** HOLE CARDS ***
caritasest: raises $3 to $6
Necromadx: raises $3 to $9
caritasest: calls $3
*** FLOP *** [7c Qc Js]
Necromadx: bets $3
caritasest: calls $3
*** TURN *** [7c Qc Js] [4d]
Necromadx: bets $6
caritasest: raises $6 to $12
Necromadx: calls $6
*** RIVER *** [7c Qc Js 4d] [7h]
Necromadx: checks
caritasest: checks
*** SHOW DOWN ***
Necromadx: shows [7d As] (three of a kind, Sevens)
caritasest: mucks hand
Necromadx collected $47.50 from pot
*** SUMMARY ***
Total pot $48 | Rake $0.50
Board [7c Qc Js 4d 7h]
Seat 1: caritasest (button) (small blind) mucked
Seat 2: Necromadx (big blind) showed [7d As] and won ($47.50) with three of a kind, Sevens


PokerStars Hand #144834384775:  Hold'em Limit ($3/$6 USD) - 2015/12/04 18:59:58 ET
Table 'Ilmatar IV' 2-max Seat #2 is the button
Seat 1: caritasest ($173.63 in chips)
Seat 2: Necromadx ($356.18 in chips)
Necromadx: posts small blind $1
caritasest: posts big blind $3
*** HOLE CARDS ***
Necromadx: raises $3 to $6
caritasest: raises $3 to $9
Necromadx: calls $3
*** FLOP *** [9d Jh Th]
caritasest: bets $3
Necromadx: folds
Uncalled bet ($3) returned to caritasest
caritasest collected $17.64 from pot
*** SUMMARY ***
Total pot $18 | Rake $0.36
Board [9d Jh Th]
Seat 1: caritasest (big blind) collected ($17.64)
Seat 2: Necromadx (button) (small blind) folded on the Flop


PokerStars Hand #144834400193:  Hold'em Limit ($3/$6 USD) - 2015/12/04 19:00:19 ET
Table 'Ilmatar IV' 2-max Seat #2 is the button
Seat 1: caritasest ($196.77 in chips)
Seat 2: Necromadx ($332.18 in chips)
Necromadx: posts small blind $1
caritasest: posts big blind $3
*** HOLE CARDS ***
Necromadx: raises $3 to $6
caritasest: raises $3 to $9
Necromadx: calls $3
*** FLOP *** [5c Ac Qc]
caritasest: bets $3
Necromadx: folds
Uncalled bet ($3) returned to caritasest
caritasest collected $17.64 from pot
*** SUMMARY ***
Total pot $18 | Rake $0.36
Board [5c Ac Qc]
Seat 1: caritasest (big blind) collected ($17.64)
Seat 2: Necromadx (button) (small blind) folded on the Flop


PokerStars Hand #144834393507:  Hold'em Limit ($3/$6 USD) - 2015/12/04 19:00:08 ET
Table 'Ilmatar IV' 2-max Seat #1 is the button
Seat 1: caritasest ($182.27 in chips)
Seat 2: Necromadx ($347.18 in chips)
caritasest: posts small blind $1
Necromadx: posts big blind $3
*** HOLE CARDS ***
caritasest: raises $3 to $6
Necromadx: calls $3
*** FLOP *** [2h Jh 7s]
Necromadx: checks
caritasest: bets $3
Necromadx: calls $3
*** TURN *** [2h Jh 7s] [4h]
Necromadx: checks
caritasest: checks
*** RIVER *** [2h Jh 7s 4h] [Th]
Necromadx: bets $6
caritasest: calls $6
*** SHOW DOWN ***
Necromadx: shows [Ac 5s] (high card Ace)
caritasest: shows [As Qc] (high card Ace - Queen kicker)
caritasest collected $29.50 from pot
*** SUMMARY ***
Total pot $30 | Rake $0.50
Board [2h Jh 7s 4h Th]
Seat 1: caritasest (button) (small blind) showed [As Qc] and won ($29.50) with high card Ace
Seat 2: Necromadx (big blind) showed [Ac 5s] and lost with high card Ace


PokerStars Hand #144834404479:  Hold'em Limit ($3/$6 USD) - 2015/12/04 19:00:26 ET
Table 'Ilmatar IV' 2-max Seat #1 is the button
Seat 1: caritasest ($205.41 in chips)
Seat 2: Necromadx ($323.18 in chips)
caritasest: posts small blind $1
Necromadx: posts big blind $3
*** HOLE CARDS ***
caritasest: calls $2
Necromadx: checks
*** FLOP *** [5s 6d 2c]
Necromadx: checks
caritasest: bets $3
Necromadx: folds
Uncalled bet ($3) returned to caritasest
caritasest collected $5.88 from pot
*** SUMMARY ***
Total pot $6 | Rake $0.12
Board [5s 6d 2c]
Seat 1: caritasest (button) (small blind) collected ($5.88)
Seat 2: Necromadx (big blind) folded on the Flop


PokerStars Hand #144834409135:  Hold'em Limit ($3/$6 USD) - 2015/12/04 19:00:34 ET
Table 'Ilmatar IV' 2-max Seat #2 is the button
Seat 1: caritasest ($208.29 in chips)
Seat 2: Necromadx ($320.18 in chips)
Necromadx: posts small blind $1
caritasest: posts big blind $3
*** HOLE CARDS ***
Necromadx: raises $3 to $6
caritasest: calls $3
*** FLOP *** [2c Qh Ac]
caritasest: checks
Necromadx: bets $3
caritasest: raises $3 to $6
Necromadx: calls $3
*** TURN *** [2c Qh Ac] [2h]
caritasest: bets $6
Necromadx: calls $6
*** RIVER *** [2c Qh Ac 2h] [5s]
caritasest: bets $6
Necromadx: calls $6
*** SHOW DOWN ***
caritasest: shows [3c 4c] (a straight, Ace to Five)
Necromadx: mucks hand
caritasest collected $47.50 from pot
*** SUMMARY ***
Total pot $48 | Rake $0.50
Board [2c Qh Ac 2h 5s]
Seat 1: caritasest (big blind) showed [3c 4c] and won ($47.50) with a straight, Ace to Five
Seat 2: Necromadx (button) (small blind) mucked


PokerStars Hand #144834417119:  Hold'em Limit ($3/$6 USD) - 2015/12/04 19:00:46 ET
Table 'Ilmatar IV' 2-max Seat #1 is the button
Seat 1: caritasest ($231.79 in chips)
Seat 2: Necromadx ($296.18 in chips)
caritasest: posts small blind $1
Necromadx: posts big blind $3
*** HOLE CARDS ***
caritasest: raises $3 to $6
Necromadx: raises $3 to $9
caritasest: calls $3
*** FLOP *** [7h 2d 7d]
Necromadx: bets $3
caritasest: raises $3 to $6
Necromadx: calls $3
*** TURN *** [7h 2d 7d] [Kc]
Necromadx: checks
caritasest: bets $6
Necromadx: raises $6 to $12
caritasest: calls $6
*** RIVER *** [7h 2d 7d Kc] [Kh]
Necromadx: bets $6
caritasest: folds
Uncalled bet ($6) returned to Necromadx
Necromadx collected $53.50 from pot
Necromadx: doesn't show hand
*** SUMMARY ***
Total pot $54 | Rake $0.50
Board [7h 2d 7d Kc Kh]
Seat 1: caritasest (button) (small blind) folded on the River
Seat 2: Necromadx (big blind) collected ($53.50)


PokerStars Hand #144834427238:  Hold'em Limit ($3/$6 USD) - 2015/12/04 19:01:01 ET
Table 'Ilmatar IV' 2-max Seat #2 is the button
Seat 1: caritasest ($204.79 in chips)
Seat 2: Necromadx ($322.68 in chips)
Necromadx: posts small blind $1
caritasest: posts big blind $3
*** HOLE CARDS ***
Necromadx: raises $3 to $6
caritasest: raises $3 to $9
Necromadx: calls $3
*** FLOP *** [6s 8s Qh]
caritasest: bets $3
Necromadx: calls $3
*** TURN *** [6s 8s Qh] [Kd]
caritasest: bets $6
Necromadx: calls $6
*** RIVER *** [6s 8s Qh Kd] [9c]
caritasest: bets $6
Necromadx: calls $6
*** SHOW DOWN ***
caritasest: shows [Qd Jd] (a pair of Queens)
Necromadx: mucks hand
caritasest collected $47.50 from pot
*** SUMMARY ***
Total pot $48 | Rake $0.50
Board [6s 8s Qh Kd 9c]
Seat 1: caritasest (big blind) showed [Qd Jd] and won ($47.50) with a pair of Queens
Seat 2: Necromadx (button) (small blind) mucked


PokerStars Hand #144834434934:  Hold'em Limit ($3/$6 USD) - 2015/12/04 19:01:12 ET
Table 'Ilmatar IV' 2-max Seat #1 is the button
Seat 1: caritasest ($228.29 in chips)
Seat 2: Necromadx ($298.68 in chips)
caritasest: posts small blind $1
Necromadx: posts big blind $3
*** HOLE CARDS ***
caritasest: raises $3 to $6
Necromadx: raises $3 to $9
caritasest: calls $3
*** FLOP *** [As Js 3c]
Necromadx: bets $3
caritasest: folds
Uncalled bet ($3) returned to Necromadx
Necromadx collected $17.64 from pot
Necromadx: doesn't show hand
*** SUMMARY ***
Total pot $18 | Rake $0.36
Board [As Js 3c]
Seat 1: caritasest (button) (small blind) folded on the Flop
Seat 2: Necromadx (big blind) collected ($17.64)


PokerStars Hand #144834440404:  Hold'em Limit ($3/$6 USD) - 2015/12/04 19:01:20 ET
Table 'Ilmatar IV' 2-max Seat #2 is the button
Seat 1: caritasest ($219.29 in chips)
Seat 2: Necromadx ($307.32 in chips)
Necromadx: posts small blind $1
caritasest: posts big blind $3
*** HOLE CARDS ***
Necromadx: raises $3 to $6
caritasest: raises $3 to $9
Necromadx: calls $3
*** FLOP *** [2h Kc Th]
caritasest: bets $3
Necromadx: calls $3
*** TURN *** [2h Kc Th] [3h]
caritasest: bets $6
Necromadx: raises $6 to $12
caritasest: calls $6
*** RIVER *** [2h Kc Th 3h] [Js]
caritasest: checks
Necromadx: bets $6
caritasest: calls $6
*** SHOW DOWN ***
Necromadx: shows [3s 3d] (three of a kind, Threes)
caritasest: mucks hand
Necromadx collected $59.50 from pot
*** SUMMARY ***
Total pot $60 | Rake $0.50
Board [2h Kc Th 3h Js]
Seat 1: caritasest (big blind) mucked
Seat 2: Necromadx (button) (small blind) showed [3s 3d] and won ($59.50) with three of a kind, Threes


PokerStars Hand #144834451278:  Hold'em Limit ($3/$6 USD) - 2015/12/04 19:01:35 ET
Table 'Ilmatar IV' 2-max Seat #1 is the button
Seat 1: caritasest ($189.29 in chips)
Seat 2: Necromadx ($336.82 in chips)
caritasest: posts small blind $1
Necromadx: posts big blind $3
*** HOLE CARDS ***
caritasest: raises $3 to $6
Necromadx: calls $3
*** FLOP *** [5d Td Kc]
Necromadx: checks
caritasest: checks
*** TURN *** [5d Td Kc] [8d]
Necromadx: checks
caritasest: bets $6
Necromadx: folds
Uncalled bet ($6) returned to caritasest
caritasest collected $11.76 from pot
*** SUMMARY ***
Total pot $12 | Rake $0.24
Board [5d Td Kc 8d]
Seat 1: caritasest (button) (small blind) collected ($11.76)
Seat 2: Necromadx (big blind) folded on the Turn


PokerStars Hand #144834458537:  Hold'em Limit ($3/$6 USD) - 2015/12/04 19:01:46 ET
Table 'Ilmatar IV' 2-max Seat #2 is the button
Seat 1: caritasest ($195.05 in chips)
Seat 2: Necromadx ($330.82 in chips)
Necromadx: posts small blind $1
caritasest: posts big blind $3
*** HOLE CARDS ***
Necromadx: raises $3 to $6
caritasest: calls $3
*** FLOP *** [Ah Th As]
caritasest: checks
Necromadx: bets $3
caritasest: folds
Uncalled bet ($3) returned to Necromadx
Necromadx collected $11.76 from pot
Necromadx: doesn't show hand
*** SUMMARY ***
Total pot $12 | Rake $0.24
Board [Ah Th As]
Seat 1: caritasest (big blind) folded on the Flop
Seat 2: Necromadx (button) (small blind) collected ($11.76)


PokerStars Hand #144834471421:  Hold'em Limit ($3/$6 USD) - 2015/12/04 19:02:03 ET
Table 'Ilmatar IV' 2-max Seat #2 is the button
Seat 1: caritasest ($194.81 in chips)
Seat 2: Necromadx ($330.58 in chips)
Necromadx: posts small blind $1
caritasest: posts big blind $3
*** HOLE CARDS ***
Necromadx: folds
Uncalled bet ($2) returned to caritasest
caritasest collected $2 from pot
*** SUMMARY ***
Total pot $2 | Rake $0
Seat 1: caritasest (big blind) collected ($2)
Seat 2: Necromadx (button) (small blind) folded before Flop


PokerStars Hand #144834464065:  Hold'em Limit ($3/$6 USD) - 2015/12/04 19:01:53 ET
Table 'Ilmatar IV' 2-max Seat #1 is the button
Seat 1: caritasest ($189.05 in chips)
Seat 2: Necromadx ($336.58 in chips)
caritasest: posts small blind $1
Necromadx: posts big blind $3
*** HOLE CARDS ***
caritasest: raises $3 to $6
Necromadx: calls $3
*** FLOP *** [2h Js 3h]
Necromadx: checks
caritasest: checks
*** TURN *** [2h Js 3h] [7s]
Necromadx: checks
caritasest: bets $6
Necromadx: folds
Uncalled bet ($6) returned to caritasest
caritasest collected $11.76 from pot
*** SUMMARY ***
Total pot $12 | Rake $0.24
Board [2h Js 3h 7s]
Seat 1: caritasest (button) (small blind) collected ($11.76)
Seat 2: Necromadx (big blind) folded on the Turn


PokerStars Hand #144834474249:  Hold'em Limit ($3/$6 USD) - 2015/12/04 19:02:07 ET
Table 'Ilmatar IV' 2-max Seat #1 is the button
Seat 1: caritasest ($195.81 in chips)
Seat 2: Necromadx ($329.58 in chips)
caritasest: posts small blind $1
Necromadx: posts big blind $3
*** HOLE CARDS ***
caritasest: raises $3 to $6
Necromadx: raises $3 to $9
caritasest: raises $3 to $12
Betting is capped
Necromadx: calls $3
*** FLOP *** [6d 5c Td]
Necromadx: checks
caritasest: bets $3
Necromadx: calls $3
*** TURN *** [6d 5c Td] [5s]
Necromadx: checks
caritasest: bets $6
Necromadx: calls $6
*** RIVER *** [6d 5c Td 5s] [9h]
Necromadx: checks
caritasest: bets $6
Necromadx: calls $6
*** SHOW DOWN ***
caritasest: shows [4c 4h] (two pair, Fives and Fours)
Necromadx: mucks hand
caritasest collected $53.50 from pot
*** SUMMARY ***
Total pot $54 | Rake $0.50
Board [6d 5c Td 5s 9h]
Seat 1: caritasest (button) (small blind) showed [4c 4h] and won ($53.50) with two pair, Fives and Fours
Seat 2: Necromadx (big blind) mucked


PokerStars Hand #144834482932:  Hold'em Limit ($3/$6 USD) - 2015/12/04 19:02:19 ET
Table 'Ilmatar IV' 2-max Seat #2 is the button
Seat 1: caritasest ($222.31 in chips)
Seat 2: Necromadx ($302.58 in chips)
Necromadx: posts small blind $1
caritasest: posts big blind $3
*** HOLE CARDS ***
Necromadx: raises $3 to $6
caritasest: raises $3 to $9
Necromadx: calls $3
*** FLOP *** [Ts 9s Kd]
caritasest: bets $3
Necromadx: calls $3
*** TURN *** [Ts 9s Kd] [6s]
caritasest: checks
Necromadx: bets $6
caritasest: folds
Uncalled bet ($6) returned to Necromadx
Necromadx collected $23.52 from pot
Necromadx: doesn't show hand
*** SUMMARY ***
Total pot $24 | Rake $0.48
Board [Ts 9s Kd 6s]
Seat 1: caritasest (big blind) folded on the Turn
Seat 2: Necromadx (button) (small blind) collected ($23.52)


PokerStars Hand #144834491357:  Hold'em Limit ($3/$6 USD) - 2015/12/04 19:02:30 ET
Table 'Ilmatar IV' 2-max Seat #1 is the button
Seat 1: caritasest ($210.31 in chips)
Seat 2: Necromadx ($314.10 in chips)
caritasest: posts small blind $1
Necromadx: posts big blind $3
*** HOLE CARDS ***
caritasest: raises $3 to $6
Necromadx: calls $3
*** FLOP *** [8h 9d Qh]
Necromadx: checks
caritasest: bets $3
Necromadx: raises $3 to $6
caritasest: raises $3 to $9
Necromadx: calls $3
*** TURN *** [8h 9d Qh] [9h]
Necromadx: checks
caritasest: checks
*** RIVER *** [8h 9d Qh 9h] [6s]
Necromadx: bets $6
caritasest: folds
Uncalled bet ($6) returned to Necromadx
Necromadx collected $29.50 from pot
Necromadx: doesn't show hand
*** SUMMARY ***
Total pot $30 | Rake $0.50
Board [8h 9d Qh 9h 6s]
Seat 1: caritasest (button) (small blind) folded on the River
Seat 2: Necromadx (big blind) collected ($29.50)


PokerStars Hand #144834529376:  Hold'em Limit ($3/$6 USD) - 2015/12/04 19:03:21 ET
Table 'Ilmatar IV' 2-max Seat #1 is the button
Seat 1: caritasest ($221.31 in chips)
Seat 2: Necromadx ($301.10 in chips)
caritasest: posts small blind $1
Necromadx: posts big blind $3
*** HOLE CARDS ***
caritasest: raises $3 to $6
Necromadx: raises $3 to $9
caritasest: calls $3
*** FLOP *** [Qd Tc Th]
Necromadx: bets $3
caritasest: calls $3
*** TURN *** [Qd Tc Th] [Td]
Necromadx: bets $6
caritasest: raises $6 to $12
Necromadx: calls $6
*** RIVER *** [Qd Tc Th Td] [4d]
Necromadx: checks
caritasest: checks
*** SHOW DOWN ***
Necromadx: shows [Jd 8d] (a flush, Queen high)
caritasest: mucks hand
Necromadx collected $47.50 from pot
*** SUMMARY ***
Total pot $48 | Rake $0.50
Board [Qd Tc Th Td 4d]
Seat 1: caritasest (button) (small blind) mucked
Seat 2: Necromadx (big blind) showed [Jd 8d] and won ($47.50) with a flush, Queen high


PokerStars Hand #144834519498:  Hold'em Limit ($3/$6 USD) - 2015/12/04 19:03:08 ET
Table 'Ilmatar IV' 2-max Seat #2 is the button
Seat 1: caritasest ($200.81 in chips)
Seat 2: Necromadx ($322.10 in chips)
Necromadx: posts small blind $1
caritasest: posts big blind $3
*** HOLE CARDS ***
Necromadx: raises $3 to $6
caritasest: calls $3
*** FLOP *** [6h 5s 3c]
caritasest: checks
Necromadx: bets $3
caritasest: calls $3
*** TURN *** [6h 5s 3c] [Jc]
caritasest: checks
Necromadx: bets $6
caritasest: raises $6 to $12
Necromadx: calls $6
*** RIVER *** [6h 5s 3c Jc] [Kh]
caritasest: bets $6
Necromadx: folds
Uncalled bet ($6) returned to caritasest
caritasest collected $41.50 from pot
*** SUMMARY ***
Total pot $42 | Rake $0.50
Board [6h 5s 3c Jc Kh]
Seat 1: caritasest (big blind) collected ($41.50)
Seat 2: Necromadx (button) (small blind) folded on the River


PokerStars Hand #144834510010:  Hold'em Limit ($3/$6 USD) - 2015/12/04 19:02:55 ET
Table 'Ilmatar IV' 2-max Seat #1 is the button
Seat 1: caritasest ($218.81 in chips)
Seat 2: Necromadx ($304.60 in chips)
caritasest: posts small blind $1
Necromadx: posts big blind $3
*** HOLE CARDS ***
caritasest: raises $3 to $6
Necromadx: raises $3 to $9
caritasest: calls $3
*** FLOP *** [3c Qh 5s]
Necromadx: bets $3
caritasest: calls $3
*** TURN *** [3c Qh 5s] [Kd]
Necromadx: bets $6
caritasest: calls $6
*** RIVER *** [3c Qh 5s Kd] [Jh]
Necromadx: checks
caritasest: checks
*** SHOW DOWN ***
Necromadx: shows [Ts Th] (a pair of Tens)
caritasest: mucks hand
Necromadx collected $35.50 from pot
*** SUMMARY ***
Total pot $36 | Rake $0.50
Board [3c Qh 5s Kd Jh]
Seat 1: caritasest (button) (small blind) mucked
Seat 2: Necromadx (big blind) showed [Ts Th] and won ($35.50) with a pair of Tens


PokerStars Hand #144834542681:  Hold'em Limit ($3/$6 USD) - 2015/12/04 19:03:39 ET
Table 'Ilmatar IV' 2-max Seat #1 is the button
Seat 1: caritasest ($198.31 in chips)
Seat 2: Necromadx ($323.60 in chips)
caritasest: posts small blind $1
Necromadx: posts big blind $3
*** HOLE CARDS ***
caritasest: raises $3 to $6
Necromadx: calls $3
*** FLOP *** [Ac 3d 6s]
Necromadx: checks
caritasest: bets $3
Necromadx: folds
Uncalled bet ($3) returned to caritasest
caritasest collected $11.76 from pot
*** SUMMARY ***
Total pot $12 | Rake $0.24
Board [Ac 3d 6s]
Seat 1: caritasest (button) (small blind) collected ($11.76)
Seat 2: Necromadx (big blind) folded on the Flop


PokerStars Hand #144834539740:  Hold'em Limit ($3/$6 USD) - 2015/12/04 19:03:35 ET
Table 'Ilmatar IV' 2-max Seat #2 is the button
Seat 1: caritasest ($197.31 in chips)
Seat 2: Necromadx ($324.60 in chips)
Necromadx: posts small blind $1
caritasest: posts big blind $3
*** HOLE CARDS ***
Necromadx: folds
Uncalled bet ($2) returned to caritasest
caritasest collected $2 from pot
*** SUMMARY ***
Total pot $2 | Rake $0
Seat 1: caritasest (big blind) collected ($2)
Seat 2: Necromadx (button) (small blind) folded before Flop


PokerStars Hand #144834501492:  Hold'em Limit ($3/$6 USD) - 2015/12/04 19:02:44 ET
Table 'Ilmatar IV' 2-max Seat #2 is the button
Seat 1: caritasest ($195.31 in chips)
Seat 2: Necromadx ($328.60 in chips)
Necromadx: posts small blind $1
caritasest: posts big blind $3
*** HOLE CARDS ***
Necromadx: raises $3 to $6
caritasest: raises $3 to $9
Necromadx: calls $3
*** FLOP *** [6c Ts 2d]
caritasest: bets $3
Necromadx: calls $3
*** TURN *** [6c Ts 2d] [6s]
caritasest: bets $6
Necromadx: calls $6
*** RIVER *** [6c Ts 2d 6s] [Jh]
caritasest: bets $6
Necromadx: calls $6
*** SHOW DOWN ***
caritasest: shows [3h 2c] (two pair, Sixes and Deuces)
Necromadx: mucks hand
caritasest collected $47.50 from pot
*** SUMMARY ***
Total pot $48 | Rake $0.50
Board [6c Ts 2d 6s Jh]
Seat 1: caritasest (big blind) showed [3h 2c] and won ($47.50) with two pair, Sixes and Deuces
Seat 2: Necromadx (button) (small blind) mucked


PokerStars Hand #144834580731:  Hold'em Limit ($3/$6 USD) - 2015/12/04 19:04:30 ET
Table 'Ilmatar IV' 2-max Seat #1 is the button
Seat 1: caritasest ($167.57 in chips)
Seat 2: Necromadx ($352.60 in chips)
caritasest: posts small blind $1
Necromadx: posts big blind $3
*** HOLE CARDS ***
caritasest: raises $3 to $6
Necromadx: calls $3
*** FLOP *** [6s 9h Td]
Necromadx: checks
caritasest: bets $3
Necromadx: calls $3
*** TURN *** [6s 9h Td] [Jc]
Necromadx: checks
caritasest: checks
*** RIVER *** [6s 9h Td Jc] [7c]
Necromadx: checks
caritasest: bets $6
Necromadx: folds
Uncalled bet ($6) returned to caritasest
caritasest collected $17.64 from pot
*** SUMMARY ***
Total pot $18 | Rake $0.36
Board [6s 9h Td Jc 7c]
Seat 1: caritasest (button) (small blind) collected ($17.64)
Seat 2: Necromadx (big blind) folded on the River


PokerStars Hand #144834566303:  Hold'em Limit ($3/$6 USD) - 2015/12/04 19:04:11 ET
Table 'Ilmatar IV' 2-max Seat #2 is the button
Seat 1: caritasest ($203.57 in chips)
Seat 2: Necromadx ($317.10 in chips)
Necromadx: posts small blind $1
caritasest: posts big blind $3
*** HOLE CARDS ***
Necromadx: raises $3 to $6
caritasest: raises $3 to $9
Necromadx: calls $3
*** FLOP *** [6s 9c 4d]
caritasest: bets $3
Necromadx: calls $3
*** TURN *** [6s 9c 4d] [6d]
caritasest: bets $6
Necromadx: raises $6 to $12
caritasest: raises $6 to $18
Necromadx: calls $6
*** RIVER *** [6s 9c 4d 6d] [8s]
caritasest: bets $6
Necromadx: raises $6 to $12
caritasest: folds
Uncalled bet ($6) returned to Necromadx
Necromadx collected $71.50 from pot
Necromadx: doesn't show hand
*** SUMMARY ***
Total pot $72 | Rake $0.50
Board [6s 9c 4d 6d 8s]
Seat 1: caritasest (big blind) folded on the River
Seat 2: Necromadx (button) (small blind) collected ($71.50)


PokerStars Hand #144834557149:  Hold'em Limit ($3/$6 USD) - 2015/12/04 19:03:59 ET
Table 'Ilmatar IV' 2-max Seat #1 is the button
Seat 1: caritasest ($227.57 in chips)
Seat 2: Necromadx ($293.60 in chips)
caritasest: posts small blind $1
Necromadx: posts big blind $3
*** HOLE CARDS ***
caritasest: raises $3 to $6
Necromadx: raises $3 to $9
caritasest: calls $3
*** FLOP *** [As Js 9c]
Necromadx: bets $3
caritasest: calls $3
*** TURN *** [As Js 9c] [Qh]
Necromadx: bets $6
caritasest: calls $6
*** RIVER *** [As Js 9c Qh] [Qc]
Necromadx: bets $6
caritasest: calls $6
*** SHOW DOWN ***
Necromadx: shows [Ac Qs] (a full house, Queens full of Aces)
caritasest: mucks hand
Necromadx collected $47.50 from pot
*** SUMMARY ***
Total pot $48 | Rake $0.50
Board [As Js 9c Qh Qc]
Seat 1: caritasest (button) (small blind) mucked
Seat 2: Necromadx (big blind) showed [Ac Qs] and won ($47.50) with a full house, Queens full of Aces


PokerStars Hand #144834547937:  Hold'em Limit ($3/$6 USD) - 2015/12/04 19:03:46 ET
Table 'Ilmatar IV' 2-max Seat #2 is the button
Seat 1: caritasest ($204.07 in chips)
Seat 2: Necromadx ($317.60 in chips)
Necromadx: posts small blind $1
caritasest: posts big blind $3
*** HOLE CARDS ***
Necromadx: raises $3 to $6
caritasest: calls $3
*** FLOP *** [2c Tc 3c]
caritasest: checks
Necromadx: bets $3
caritasest: raises $3 to $6
Necromadx: calls $3
*** TURN *** [2c Tc 3c] [6h]
caritasest: bets $6
Necromadx: calls $6
*** RIVER *** [2c Tc 3c 6h] [8h]
caritasest: bets $6
Necromadx: calls $6
*** SHOW DOWN ***
caritasest: shows [3h Td] (two pair, Tens and Threes)
Necromadx: mucks hand
caritasest collected $47.50 from pot
*** SUMMARY ***
Total pot $48 | Rake $0.50
Board [2c Tc 3c 6h 8h]
Seat 1: caritasest (big blind) showed [3h Td] and won ($47.50) with two pair, Tens and Threes
Seat 2: Necromadx (button) (small blind) mucked


PokerStars Hand #144834589762:  Hold'em Limit ($3/$6 USD) - 2015/12/04 19:04:42 ET
Table 'Ilmatar IV' 2-max Seat #2 is the button
Seat 1: caritasest ($176.21 in chips)
Seat 2: Necromadx ($343.60 in chips)
Necromadx: posts small blind $1
caritasest: posts big blind $3
*** HOLE CARDS ***
Necromadx: raises $3 to $6
caritasest: raises $3 to $9
Necromadx: calls $3
*** FLOP *** [Qs 6c Ad]
caritasest: bets $3
Necromadx: calls $3
*** TURN *** [Qs 6c Ad] [Kh]
caritasest: bets $6
Necromadx: folds
Uncalled bet ($6) returned to caritasest
caritasest collected $23.52 from pot
*** SUMMARY ***
Total pot $24 | Rake $0.48
Board [Qs 6c Ad Kh]
Seat 1: caritasest (big blind) collected ($23.52)
Seat 2: Necromadx (button) (small blind) folded on the Turn


PokerStars Hand #144834614566:  Hold'em Limit ($3/$6 USD) - 2015/12/04 19:05:16 ET
Table 'Ilmatar IV' 2-max Seat #2 is the button
Seat 1: caritasest ($176.73 in chips)
Seat 2: Necromadx ($342.10 in chips)
Necromadx: posts small blind $1
caritasest: posts big blind $3
*** HOLE CARDS ***
Necromadx: raises $3 to $6
caritasest: raises $3 to $9
Necromadx: calls $3
*** FLOP *** [8h Th Td]
caritasest: bets $3
Necromadx: calls $3
*** TURN *** [8h Th Td] [2s]
caritasest: bets $6
Necromadx: raises $6 to $12
caritasest: raises $6 to $18
Necromadx: calls $6
*** RIVER *** [8h Th Td 2s] [4h]
caritasest: bets $6
Necromadx: raises $6 to $12
caritasest: folds
Uncalled bet ($6) returned to Necromadx
Necromadx collected $71.50 from pot
Necromadx: doesn't show hand
*** SUMMARY ***
Total pot $72 | Rake $0.50
Board [8h Th Td 2s 4h]
Seat 1: caritasest (big blind) folded on the River
Seat 2: Necromadx (button) (small blind) collected ($71.50)


PokerStars Hand #144834611172:  Hold'em Limit ($3/$6 USD) - 2015/12/04 19:05:11 ET
Table 'Ilmatar IV' 2-max Seat #1 is the button
Seat 1: caritasest ($173.73 in chips)
Seat 2: Necromadx ($345.10 in chips)
caritasest: posts small blind $1
Necromadx: posts big blind $3
*** HOLE CARDS ***
caritasest: raises $3 to $6
Necromadx: folds
Uncalled bet ($3) returned to caritasest
caritasest collected $6 from pot
*** SUMMARY ***
Total pot $6 | Rake $0
Seat 1: caritasest (button) (small blind) collected ($6)
Seat 2: Necromadx (big blind) folded before Flop


PokerStars Hand #144834607983:  Hold'em Limit ($3/$6 USD) - 2015/12/04 19:05:07 ET
Table 'Ilmatar IV' 2-max Seat #2 is the button
Seat 1: caritasest ($172.73 in chips)
Seat 2: Necromadx ($346.10 in chips)
Necromadx: posts small blind $1
caritasest: posts big blind $3
*** HOLE CARDS ***
Necromadx: folds
Uncalled bet ($2) returned to caritasest
caritasest collected $2 from pot
*** SUMMARY ***
Total pot $2 | Rake $0
Seat 1: caritasest (big blind) collected ($2)
Seat 2: Necromadx (button) (small blind) folded before Flop


PokerStars Hand #144834596306:  Hold'em Limit ($3/$6 USD) - 2015/12/04 19:04:51 ET
Table 'Ilmatar IV' 2-max Seat #1 is the button
Seat 1: caritasest ($187.73 in chips)
Seat 2: Necromadx ($331.60 in chips)
caritasest: posts small blind $1
Necromadx: posts big blind $3
*** HOLE CARDS ***
caritasest: calls $2
Necromadx: checks
*** FLOP *** [6c 8s 6s]
Necromadx: checks
caritasest: checks
*** TURN *** [6c 8s 6s] [6h]
Necromadx: bets $6
caritasest: calls $6
*** RIVER *** [6c 8s 6s 6h] [8c]
Necromadx: bets $6
caritasest: calls $6
*** SHOW DOWN ***
Necromadx: shows [7c 6d] (four of a kind, Sixes)
caritasest: mucks hand
Necromadx collected $29.50 from pot
*** SUMMARY ***
Total pot $30 | Rake $0.50
Board [6c 8s 6s 6h 8c]
Seat 1: caritasest (button) (small blind) mucked
Seat 2: Necromadx (big blind) showed [7c 6d] and won ($29.50) with four of a kind, Sixes


PokerStars Hand #144834625913:  Hold'em Limit ($3/$6 USD) - 2015/12/04 19:05:31 ET
Table 'Ilmatar IV' 2-max Seat #1 is the button
Seat 1: caritasest ($140.73 in chips)
Seat 2: Necromadx ($377.60 in chips)
caritasest: posts small blind $1
Necromadx: posts big blind $3
*** HOLE CARDS ***
caritasest: raises $3 to $6
Necromadx: raises $3 to $9
caritasest: raises $3 to $12
Betting is capped
Necromadx: calls $3
*** FLOP *** [Jc 9s 4c]
Necromadx: checks
caritasest: bets $3
Necromadx: calls $3
*** TURN *** [Jc 9s 4c] [Tc]
Necromadx: checks
caritasest: bets $6
Necromadx: raises $6 to $12
caritasest: calls $6
*** RIVER *** [Jc 9s 4c Tc] [9c]
Necromadx: bets $6
caritasest: calls $6
*** SHOW DOWN ***
Necromadx: shows [Jd Ad] (two pair, Jacks and Nines)
caritasest: shows [Kc 4s] (a flush, King high)
caritasest collected $65.50 from pot
*** SUMMARY ***
Total pot $66 | Rake $0.50
Board [Jc 9s 4c Tc 9c]
Seat 1: caritasest (button) (small blind) showed [Kc 4s] and won ($65.50) with a flush, King high
Seat 2: Necromadx (big blind) showed [Jd Ad] and lost with two pair, Jacks and Nines


PokerStars Hand #144834673161:  Hold'em Limit ($3/$6 USD) - 2015/12/04 19:06:35 ET
Table 'Ilmatar IV' 2-max Seat #2 is the button
Seat 1: caritasest ($145.87 in chips)
Seat 2: Necromadx ($370.26 in chips)
Necromadx: posts small blind $1
caritasest: posts big blind $3
*** HOLE CARDS ***
Necromadx: raises $3 to $6
caritasest: raises $3 to $9
Necromadx: calls $3
*** FLOP *** [Kd 7h Kh]
caritasest: bets $3
Necromadx: folds
Uncalled bet ($3) returned to caritasest
caritasest collected $17.64 from pot
*** SUMMARY ***
Total pot $18 | Rake $0.36
Board [Kd 7h Kh]
Seat 1: caritasest (big blind) collected ($17.64)
Seat 2: Necromadx (button) (small blind) folded on the Flop


PokerStars Hand #144834664955:  Hold'em Limit ($3/$6 USD) - 2015/12/04 19:06:24 ET
Table 'Ilmatar IV' 2-max Seat #1 is the button
Seat 1: caritasest ($151.87 in chips)
Seat 2: Necromadx ($364.50 in chips)
caritasest: posts small blind $1
Necromadx: posts big blind $3
*** HOLE CARDS ***
caritasest: raises $3 to $6
Necromadx: calls $3
*** FLOP *** [Ac 5s 4s]
Necromadx: checks
caritasest: checks
*** TURN *** [Ac 5s 4s] [8s]
Necromadx: checks
caritasest: checks
*** RIVER *** [Ac 5s 4s 8s] [6s]
Necromadx: bets $6
caritasest: folds
Uncalled bet ($6) returned to Necromadx
Necromadx collected $11.76 from pot
Necromadx: doesn't show hand
*** SUMMARY ***
Total pot $12 | Rake $0.24
Board [Ac 5s 4s 8s 6s]
Seat 1: caritasest (button) (small blind) folded on the River
Seat 2: Necromadx (big blind) collected ($11.76)


PokerStars Hand #144834659587:  Hold'em Limit ($3/$6 USD) - 2015/12/04 19:06:16 ET
Table 'Ilmatar IV' 2-max Seat #2 is the button
Seat 1: caritasest ($143.23 in chips)
Seat 2: Necromadx ($373.50 in chips)
Necromadx: posts small blind $1
caritasest: posts big blind $3
*** HOLE CARDS ***
Necromadx: raises $3 to $6
caritasest: raises $3 to $9
Necromadx: calls $3
*** FLOP *** [7c Kd Jc]
caritasest: bets $3
Necromadx: folds
Uncalled bet ($3) returned to caritasest
caritasest collected $17.64 from pot
*** SUMMARY ***
Total pot $18 | Rake $0.36
Board [7c Kd Jc]
Seat 1: caritasest (big blind) collected ($17.64)
Seat 2: Necromadx (button) (small blind) folded on the Flop


PokerStars Hand #144834656179:  Hold'em Limit ($3/$6 USD) - 2015/12/04 19:06:12 ET
Table 'Ilmatar IV' 2-max Seat #1 is the button
Seat 1: caritasest ($140.23 in chips)
Seat 2: Necromadx ($376.50 in chips)
caritasest: posts small blind $1
Necromadx: posts big blind $3
*** HOLE CARDS ***
caritasest: raises $3 to $6
Necromadx: folds
Uncalled bet ($3) returned to caritasest
caritasest collected $6 from pot
*** SUMMARY ***
Total pot $6 | Rake $0
Seat 1: caritasest (button) (small blind) collected ($6)
Seat 2: Necromadx (big blind) folded before Flop


PokerStars Hand #144834650484:  Hold'em Limit ($3/$6 USD) - 2015/12/04 19:06:04 ET
Table 'Ilmatar IV' 2-max Seat #2 is the button
Seat 1: caritasest ($146.23 in chips)
Seat 2: Necromadx ($370.74 in chips)
Necromadx: posts small blind $1
caritasest: posts big blind $3
*** HOLE CARDS ***
Necromadx: raises $3 to $6
caritasest: calls $3
*** FLOP *** [Kc 9h Jd]
caritasest: checks
Necromadx: bets $3
caritasest: folds
Uncalled bet ($3) returned to Necromadx
Necromadx collected $11.76 from pot
Necromadx: doesn't show hand
*** SUMMARY ***
Total pot $12 | Rake $0.24
Board [Kc 9h Jd]
Seat 1: caritasest (big blind) folded on the Flop
Seat 2: Necromadx (button) (small blind) collected ($11.76)


PokerStars Hand #144834643815:  Hold'em Limit ($3/$6 USD) - 2015/12/04 19:05:55 ET
Table 'Ilmatar IV' 2-max Seat #1 is the button
Seat 1: caritasest ($155.23 in chips)
Seat 2: Necromadx ($362.10 in chips)
caritasest: posts small blind $1
Necromadx: posts big blind $3
*** HOLE CARDS ***
caritasest: raises $3 to $6
Necromadx: raises $3 to $9
caritasest: calls $3
*** FLOP *** [Ac As Jc]
Necromadx: bets $3
caritasest: folds
Uncalled bet ($3) returned to Necromadx
Necromadx collected $17.64 from pot
Necromadx: doesn't show hand
*** SUMMARY ***
Total pot $18 | Rake $0.36
Board [Ac As Jc]
Seat 1: caritasest (button) (small blind) folded on the Flop
Seat 2: Necromadx (big blind) collected ($17.64)


PokerStars Hand #144834635482:  Hold'em Limit ($3/$6 USD) - 2015/12/04 19:05:44 ET
Table 'Ilmatar IV' 2-max Seat #2 is the button
Seat 1: caritasest ($173.23 in chips)
Seat 2: Necromadx ($344.60 in chips)
Necromadx: posts small blind $1
caritasest: posts big blind $3
*** HOLE CARDS ***
Necromadx: raises $3 to $6
caritasest: raises $3 to $9
Necromadx: calls $3
*** FLOP *** [6s Kc 3c]
caritasest: bets $3
Necromadx: calls $3
*** TURN *** [6s Kc 3c] [3s]
caritasest: bets $6
Necromadx: raises $6 to $12
caritasest: folds
Uncalled bet ($6) returned to Necromadx
Necromadx collected $35.50 from pot
Necromadx: doesn't show hand
*** SUMMARY ***
Total pot $36 | Rake $0.50
Board [6s Kc 3c 3s]
Seat 1: caritasest (big blind) folded on the Turn
Seat 2: Necromadx (button) (small blind) collected ($35.50)


PokerStars Hand #144834721077:  Hold'em Limit ($3/$6 USD) - 2015/12/04 19:07:40 ET
Table 'Ilmatar IV' 2-max Seat #2 is the button
Seat 1: caritasest ($227.51 in chips)
Seat 2: Necromadx ($286.02 in chips)
Necromadx: posts small blind $1
caritasest: posts big blind $3
*** HOLE CARDS ***
Necromadx: raises $3 to $6
caritasest: calls $3
*** FLOP *** [Jd 4s 8h]
caritasest: checks
Necromadx: bets $3
caritasest: folds
Uncalled bet ($3) returned to Necromadx
Necromadx collected $11.76 from pot
Necromadx: doesn't show hand
*** SUMMARY ***
Total pot $12 | Rake $0.24
Board [Jd 4s 8h]
Seat 1: caritasest (big blind) folded on the Flop
Seat 2: Necromadx (button) (small blind) collected ($11.76)


PokerStars Hand #144834711765:  Hold'em Limit ($3/$6 USD) - 2015/12/04 19:07:27 ET
Table 'Ilmatar IV' 2-max Seat #1 is the button
Seat 1: caritasest ($210.01 in chips)
Seat 2: Necromadx ($304.02 in chips)
caritasest: posts small blind $1
Necromadx: posts big blind $3
*** HOLE CARDS ***
caritasest: raises $3 to $6
Necromadx: raises $3 to $9
caritasest: calls $3
*** FLOP *** [2h 4s Kh]
Necromadx: bets $3
caritasest: calls $3
*** TURN *** [2h 4s Kh] [4c]
Necromadx: checks
caritasest: bets $6
Necromadx: calls $6
*** RIVER *** [2h 4s Kh 4c] [9h]
Necromadx: checks
caritasest: bets $6
Necromadx: folds
Uncalled bet ($6) returned to caritasest
caritasest collected $35.50 from pot
*** SUMMARY ***
Total pot $36 | Rake $0.50
Board [2h 4s Kh 4c 9h]
Seat 1: caritasest (button) (small blind) collected ($35.50)
Seat 2: Necromadx (big blind) folded on the River


PokerStars Hand #144834703569:  Hold'em Limit ($3/$6 USD) - 2015/12/04 19:07:16 ET
Table 'Ilmatar IV' 2-max Seat #2 is the button
Seat 1: caritasest ($186.51 in chips)
Seat 2: Necromadx ($328.02 in chips)
Necromadx: posts small blind $1
caritasest: posts big blind $3
*** HOLE CARDS ***
Necromadx: raises $3 to $6
caritasest: raises $3 to $9
Necromadx: calls $3
*** FLOP *** [2d 6d 2h]
caritasest: bets $3
Necromadx: calls $3
*** TURN *** [2d 6d 2h] [9c]
caritasest: bets $6
Necromadx: calls $6
*** RIVER *** [2d 6d 2h 9c] [4c]
caritasest: bets $6
Necromadx: calls $6
*** SHOW DOWN ***
caritasest: shows [9h 3h] (two pair, Nines and Deuces)
Necromadx: mucks hand
caritasest collected $47.50 from pot
*** SUMMARY ***
Total pot $48 | Rake $0.50
Board [2d 6d 2h 9c 4c]
Seat 1: caritasest (big blind) showed [9h 3h] and won ($47.50) with two pair, Nines and Deuces
Seat 2: Necromadx (button) (small blind) mucked


PokerStars Hand #144834696492:  Hold'em Limit ($3/$6 USD) - 2015/12/04 19:07:07 ET
Table 'Ilmatar IV' 2-max Seat #1 is the button
Seat 1: caritasest ($169.01 in chips)
Seat 2: Necromadx ($346.02 in chips)
caritasest: posts small blind $1
Necromadx: posts big blind $3
*** HOLE CARDS ***
caritasest: raises $3 to $6
Necromadx: calls $3
*** FLOP *** [7d 6c 5d]
Necromadx: checks
caritasest: checks
*** TURN *** [7d 6c 5d] [Js]
Necromadx: bets $6
caritasest: calls $6
*** RIVER *** [7d 6c 5d Js] [2h]
Necromadx: bets $6
caritasest: calls $6
*** SHOW DOWN ***
Necromadx: shows [Qc 7h] (a pair of Sevens)
caritasest: shows [Jc Qs] (a pair of Jacks)
caritasest collected $35.50 from pot
*** SUMMARY ***
Total pot $36 | Rake $0.50
Board [7d 6c 5d Js 2h]
Seat 1: caritasest (button) (small blind) showed [Jc Qs] and won ($35.50) with a pair of Jacks
Seat 2: Necromadx (big blind) showed [Qc 7h] and lost with a pair of Sevens


PokerStars Hand #144834686121:  Hold'em Limit ($3/$6 USD) - 2015/12/04 19:06:53 ET
Table 'Ilmatar IV' 2-max Seat #2 is the button
Seat 1: caritasest ($148.51 in chips)
Seat 2: Necromadx ($367.02 in chips)
Necromadx: posts small blind $1
caritasest: posts big blind $3
*** HOLE CARDS ***
Necromadx: raises $3 to $6
caritasest: calls $3
*** FLOP *** [6h 4d 9c]
caritasest: checks
Necromadx: bets $3
caritasest: calls $3
*** TURN *** [6h 4d 9c] [Kc]
caritasest: checks
Necromadx: bets $6
caritasest: raises $6 to $12
Necromadx: calls $6
*** RIVER *** [6h 4d 9c Kc] [2s]
caritasest: bets $6
Necromadx: folds
Uncalled bet ($6) returned to caritasest
caritasest collected $41.50 from pot
*** SUMMARY ***
Total pot $42 | Rake $0.50
Board [6h 4d 9c Kc 2s]
Seat 1: caritasest (big blind) collected ($41.50)
Seat 2: Necromadx (button) (small blind) folded on the River


PokerStars Hand #144834678471:  Hold'em Limit ($3/$6 USD) - 2015/12/04 19:06:42 ET
Table 'Ilmatar IV' 2-max Seat #1 is the button
Seat 1: caritasest ($154.51 in chips)
Seat 2: Necromadx ($361.26 in chips)
caritasest: posts small blind $1
Necromadx: posts big blind $3
*** HOLE CARDS ***
caritasest: calls $2
Necromadx: checks
*** FLOP *** [Jc 9s 6d]
Necromadx: bets $3
caritasest: calls $3
*** TURN *** [Jc 9s 6d] [4d]
Necromadx: bets $6
caritasest: folds
Uncalled bet ($6) returned to Necromadx
Necromadx collected $11.76 from pot
Necromadx: doesn't show hand
*** SUMMARY ***
Total pot $12 | Rake $0.24
Board [Jc 9s 6d 4d]
Seat 1: caritasest (button) (small blind) folded on the Turn
Seat 2: Necromadx (big blind) collected ($11.76)


PokerStars Hand #144834761881:  Hold'em Limit ($3/$6 USD) - 2015/12/04 19:08:36 ET
Table 'Ilmatar IV' 2-max Seat #2 is the button
Seat 1: caritasest ($211.90 in chips)
Seat 2: Necromadx ($299.81 in chips)
Necromadx: posts small blind $1
caritasest: posts big blind $3
*** HOLE CARDS ***
Necromadx: raises $3 to $6
caritasest: calls $3
*** FLOP *** [3d Td Kc]
caritasest: checks
Necromadx: bets $3
caritasest: folds
Uncalled bet ($3) returned to Necromadx
Necromadx collected $11.76 from pot
Necromadx: doesn't show hand
*** SUMMARY ***
Total pot $12 | Rake $0.24
Board [3d Td Kc]
Seat 1: caritasest (big blind) folded on the Flop
Seat 2: Necromadx (button) (small blind) collected ($11.76)


PokerStars Hand #144834755044:  Hold'em Limit ($3/$6 USD) - 2015/12/04 19:08:27 ET
Table 'Ilmatar IV' 2-max Seat #1 is the button
Seat 1: caritasest ($209.02 in chips)
Seat 2: Necromadx ($302.81 in chips)
caritasest: posts small blind $1
Necromadx: posts big blind $3
*** HOLE CARDS ***
caritasest: calls $2
Necromadx: checks
*** FLOP *** [2s Jh 4s]
Necromadx: checks
caritasest: checks
*** TURN *** [2s Jh 4s] [Ah]
Necromadx: checks
caritasest: bets $6
Necromadx: folds
Uncalled bet ($6) returned to caritasest
caritasest collected $5.88 from pot
*** SUMMARY ***
Total pot $6 | Rake $0.12
Board [2s Jh 4s Ah]
Seat 1: caritasest (button) (small blind) collected ($5.88)
Seat 2: Necromadx (big blind) folded on the Turn


PokerStars Hand #144834749564:  Hold'em Limit ($3/$6 USD) - 2015/12/04 19:08:19 ET
Table 'Ilmatar IV' 2-max Seat #2 is the button
Seat 1: caritasest ($215.02 in chips)
Seat 2: Necromadx ($297.05 in chips)
Necromadx: posts small blind $1
caritasest: posts big blind $3
*** HOLE CARDS ***
Necromadx: raises $3 to $6
caritasest: calls $3
*** FLOP *** [Tc 2d Td]
caritasest: checks
Necromadx: bets $3
caritasest: folds
Uncalled bet ($3) returned to Necromadx
Necromadx collected $11.76 from pot
Necromadx: doesn't show hand
*** SUMMARY ***
Total pot $12 | Rake $0.24
Board [Tc 2d Td]
Seat 1: caritasest (big blind) folded on the Flop
Seat 2: Necromadx (button) (small blind) collected ($11.76)


PokerStars Hand #144834732650:  Hold'em Limit ($3/$6 USD) - 2015/12/04 19:07:56 ET
Table 'Ilmatar IV' 2-max Seat #2 is the button
Seat 1: caritasest ($227.27 in chips)
Seat 2: Necromadx ($285.78 in chips)
Necromadx: posts small blind $1
caritasest: posts big blind $3
*** HOLE CARDS ***
Necromadx: raises $3 to $6
caritasest: calls $3
*** FLOP *** [Ad 3c Qs]
caritasest: checks
Necromadx: bets $3
caritasest: raises $3 to $6
Necromadx: calls $3
*** TURN *** [Ad 3c Qs] [Ts]
caritasest: bets $6
Necromadx: calls $6
*** RIVER *** [Ad 3c Qs Ts] [Js]
caritasest: checks
Necromadx: bets $6
caritasest: raises $6 to $12
Necromadx: calls $6
*** SHOW DOWN ***
caritasest: shows [Ks 7h] (a straight, Ten to Ace)
Necromadx: shows [Kh 9s] (a straight, Ten to Ace)
caritasest collected $29.75 from pot
Necromadx collected $29.75 from pot
*** SUMMARY ***
Total pot $60 | Rake $0.50
Board [Ad 3c Qs Ts Js]
Seat 1: caritasest (big blind) showed [Ks 7h] and won ($29.75) with a straight, Ten to Ace
Seat 2: Necromadx (button) (small blind) showed [Kh 9s] and won ($29.75) with a straight, Ten to Ace


PokerStars Hand #144834725984:  Hold'em Limit ($3/$6 USD) - 2015/12/04 19:07:47 ET
Table 'Ilmatar IV' 2-max Seat #1 is the button
Seat 1: caritasest ($221.51 in chips)
Seat 2: Necromadx ($291.78 in chips)
caritasest: posts small blind $1
Necromadx: posts big blind $3
*** HOLE CARDS ***
caritasest: raises $3 to $6
Necromadx: calls $3
*** FLOP *** [2d Th 4d]
Necromadx: checks
caritasest: checks
*** TURN *** [2d Th 4d] [6s]
Necromadx: checks
caritasest: checks
*** RIVER *** [2d Th 4d 6s] [4s]
Necromadx: checks
caritasest: checks
*** SHOW DOWN ***
Necromadx: shows [Jd 8c] (a pair of Fours)
caritasest: shows [Kd 3c] (a pair of Fours - King kicker)
caritasest collected $11.76 from pot
*** SUMMARY ***
Total pot $12 | Rake $0.24
Board [2d Th 4d 6s 4s]
Seat 1: caritasest (button) (small blind) showed [Kd 3c] and won ($11.76) with a pair of Fours
Seat 2: Necromadx (big blind) showed [Jd 8c] and lost with a pair of Fours


PokerStars Hand #144834742467:  Hold'em Limit ($3/$6 USD) - 2015/12/04 19:08:10 ET
Table 'Ilmatar IV' 2-max Seat #1 is the button
Seat 1: caritasest ($227.02 in chips)
Seat 2: Necromadx ($285.53 in chips)
caritasest: posts small blind $1
Necromadx: posts big blind $3
*** HOLE CARDS ***
caritasest: raises $3 to $6
Necromadx: calls $3
*** FLOP *** [Kd Qd 2d]
Necromadx: checks
caritasest: checks
*** TURN *** [Kd Qd 2d] [Jc]
Necromadx: bets $6
caritasest: calls $6
*** RIVER *** [Kd Qd 2d Jc] [3s]
Necromadx: bets $6
caritasest: folds
Uncalled bet ($6) returned to Necromadx
Necromadx collected $23.52 from pot
Necromadx: doesn't show hand
*** SUMMARY ***
Total pot $24 | Rake $0.48
Board [Kd Qd 2d Jc 3s]
Seat 1: caritasest (button) (small blind) folded on the River
Seat 2: Necromadx (big blind) collected ($23.52)


PokerStars Hand #144834767518:  Hold'em Limit ($3/$6 USD) - 2015/12/04 19:08:44 ET
Table 'Ilmatar IV' 2-max Seat #1 is the button
Seat 1: caritasest ($205.90 in chips)
Seat 2: Necromadx ($305.57 in chips)
caritasest: posts small blind $1
Necromadx: posts big blind $3
*** HOLE CARDS ***
caritasest: raises $3 to $6
Necromadx: calls $3
*** FLOP *** [4s Jh 8d]
Necromadx: checks
caritasest: bets $3
Necromadx: calls $3
*** TURN *** [4s Jh 8d] [Kc]
Necromadx: checks
caritasest: bets $6
Necromadx: raises $6 to $12
caritasest: calls $6
*** RIVER *** [4s Jh 8d Kc] [Qd]
Necromadx: bets $6
caritasest: calls $6
*** SHOW DOWN ***
Necromadx: shows [3s Kh] (a pair of Kings)
caritasest: mucks hand
Necromadx collected $53.50 from pot
*** SUMMARY ***
Total pot $54 | Rake $0.50
Board [4s Jh 8d Kc Qd]
Seat 1: caritasest (button) (small blind) mucked
Seat 2: Necromadx (big blind) showed [3s Kh] and won ($53.50) with a pair of Kings


PokerStars Hand #144834789658:  Hold'em Limit ($3/$6 USD) - 2015/12/04 19:09:15 ET
Table 'Ilmatar IV' 2-max Seat #2 is the button
Seat 1: caritasest ($205.40 in chips)
Seat 2: Necromadx ($305.07 in chips)
Necromadx: posts small blind $1
caritasest: posts big blind $3
*** HOLE CARDS ***
Necromadx: raises $3 to $6
caritasest: calls $3
*** FLOP *** [9h Kh 5s]
caritasest: checks
Necromadx: bets $3
caritasest: raises $3 to $6
Necromadx: calls $3
*** TURN *** [9h Kh 5s] [8h]
caritasest: bets $6
Necromadx: calls $6
*** RIVER *** [9h Kh 5s 8h] [7c]
caritasest: bets $6
Necromadx: raises $6 to $12
caritasest: folds
Uncalled bet ($6) returned to Necromadx
Necromadx collected $47.50 from pot
Necromadx: doesn't show hand
*** SUMMARY ***
Total pot $48 | Rake $0.50
Board [9h Kh 5s 8h 7c]
Seat 1: caritasest (big blind) folded on the River
Seat 2: Necromadx (button) (small blind) collected ($47.50)


PokerStars Hand #144834786238:  Hold'em Limit ($3/$6 USD) - 2015/12/04 19:09:10 ET
Table 'Ilmatar IV' 2-max Seat #1 is the button
Seat 1: caritasest ($202.40 in chips)
Seat 2: Necromadx ($308.07 in chips)
caritasest: posts small blind $1
Necromadx: posts big blind $3
*** HOLE CARDS ***
caritasest: raises $3 to $6
Necromadx: folds
Uncalled bet ($3) returned to caritasest
caritasest collected $6 from pot
*** SUMMARY ***
Total pot $6 | Rake $0
Seat 1: caritasest (button) (small blind) collected ($6)
Seat 2: Necromadx (big blind) folded before Flop


PokerStars Hand #144834777282:  Hold'em Limit ($3/$6 USD) - 2015/12/04 19:08:58 ET
Table 'Ilmatar IV' 2-max Seat #2 is the button
Seat 1: caritasest ($178.90 in chips)
Seat 2: Necromadx ($332.07 in chips)
Necromadx: posts small blind $1
caritasest: posts big blind $3
*** HOLE CARDS ***
Necromadx: raises $3 to $6
caritasest: raises $3 to $9
Necromadx: calls $3
*** FLOP *** [3d 9s Kc]
caritasest: bets $3
Necromadx: calls $3
*** TURN *** [3d 9s Kc] [9d]
caritasest: bets $6
Necromadx: calls $6
*** RIVER *** [3d 9s Kc 9d] [Ad]
caritasest: bets $6
Necromadx: calls $6
*** SHOW DOWN ***
caritasest: shows [9h 2h] (three of a kind, Nines)
Necromadx: mucks hand
caritasest collected $47.50 from pot
*** SUMMARY ***
Total pot $48 | Rake $0.50
Board [3d 9s Kc 9d Ad]
Seat 1: caritasest (big blind) showed [9h 2h] and won ($47.50) with three of a kind, Nines
Seat 2: Necromadx (button) (small blind) mucked


PokerStars Hand #144834801327:  Hold'em Limit ($3/$6 USD) - 2015/12/04 19:09:31 ET
Table 'Ilmatar IV' 2-max Seat #1 is the button
Seat 1: caritasest ($181.40 in chips)
Seat 2: Necromadx ($328.57 in chips)
caritasest: posts small blind $1
Necromadx: posts big blind $3
*** HOLE CARDS ***
caritasest: raises $3 to $6
Necromadx: raises $3 to $9
caritasest: raises $3 to $12
Betting is capped
Necromadx: calls $3
*** FLOP *** [Th 7s 7c]
Necromadx: checks
caritasest: bets $3
Necromadx: calls $3
*** TURN *** [Th 7s 7c] [3h]
Necromadx: checks
caritasest: bets $6
Necromadx: calls $6
*** RIVER *** [Th 7s 7c 3h] [Kh]
Necromadx: checks
caritasest: checks
*** SHOW DOWN ***
Necromadx: shows [Ac Qc] (a pair of Sevens)
caritasest: mucks hand
Necromadx collected $41.50 from pot
*** SUMMARY ***
Total pot $42 | Rake $0.50
Board [Th 7s 7c 3h Kh]
Seat 1: caritasest (button) (small blind) mucked
Seat 2: Necromadx (big blind) showed [Ac Qc] and won ($41.50) with a pair of Sevens


PokerStars Hand #144834841673:  Hold'em Limit ($3/$6 USD) - 2015/12/04 19:10:28 ET
Table 'Ilmatar IV' 2-max Seat #2 is the button
Seat 1: caritasest ($152.04 in chips)
Seat 2: Necromadx ($356.57 in chips)
Necromadx: posts small blind $1
caritasest: posts big blind $3
*** HOLE CARDS ***
Necromadx: raises $3 to $6
caritasest: raises $3 to $9
Necromadx: calls $3
*** FLOP *** [Td 2h 6c]
caritasest: checks
Necromadx: checks
*** TURN *** [Td 2h 6c] [9s]
caritasest: bets $6
Necromadx: calls $6
*** RIVER *** [Td 2h 6c 9s] [Kc]
caritasest: bets $6
Necromadx: raises $6 to $12
caritasest: folds
Uncalled bet ($6) returned to Necromadx
Necromadx collected $41.50 from pot
Necromadx: doesn't show hand
*** SUMMARY ***
Total pot $42 | Rake $0.50
Board [Td 2h 6c 9s Kc]
Seat 1: caritasest (big blind) folded on the River
Seat 2: Necromadx (button) (small blind) collected ($41.50)


PokerStars Hand #144834830077:  Hold'em Limit ($3/$6 USD) - 2015/12/04 19:10:12 ET
Table 'Ilmatar IV' 2-max Seat #1 is the button
Seat 1: caritasest ($149.16 in chips)
Seat 2: Necromadx ($359.57 in chips)
caritasest: posts small blind $1
Necromadx: posts big blind $3
*** HOLE CARDS ***
caritasest: calls $2
Necromadx: checks
*** FLOP *** [6d 3s Qc]
Necromadx: checks
caritasest: checks
*** TURN *** [6d 3s Qc] [8h]
Necromadx: checks
caritasest: bets $6
Necromadx: folds
Uncalled bet ($6) returned to caritasest
caritasest collected $5.88 from pot
*** SUMMARY ***
Total pot $6 | Rake $0.12
Board [6d 3s Qc 8h]
Seat 1: caritasest (button) (small blind) collected ($5.88)
Seat 2: Necromadx (big blind) folded on the Turn


PokerStars Hand #144834827342:  Hold'em Limit ($3/$6 USD) - 2015/12/04 19:10:08 ET
Table 'Ilmatar IV' 2-max Seat #2 is the button
Seat 1: caritasest ($148.16 in chips)
Seat 2: Necromadx ($360.57 in chips)
Necromadx: posts small blind $1
caritasest: posts big blind $3
*** HOLE CARDS ***
Necromadx: folds
Uncalled bet ($2) returned to caritasest
caritasest collected $2 from pot
*** SUMMARY ***
Total pot $2 | Rake $0
Seat 1: caritasest (big blind) collected ($2)
Seat 2: Necromadx (button) (small blind) folded before Flop


PokerStars Hand #144834822232:  Hold'em Limit ($3/$6 USD) - 2015/12/04 19:10:00 ET
Table 'Ilmatar IV' 2-max Seat #1 is the button
Seat 1: caritasest ($142.40 in chips)
Seat 2: Necromadx ($366.57 in chips)
caritasest: posts small blind $1
Necromadx: posts big blind $3
*** HOLE CARDS ***
caritasest: raises $3 to $6
Necromadx: calls $3
*** FLOP *** [5h Jh Jc]
Necromadx: checks
caritasest: bets $3
Necromadx: folds
Uncalled bet ($3) returned to caritasest
caritasest collected $11.76 from pot
*** SUMMARY ***
Total pot $12 | Rake $0.24
Board [5h Jh Jc]
Seat 1: caritasest (button) (small blind) collected ($11.76)
Seat 2: Necromadx (big blind) folded on the Flop


PokerStars Hand #144834812101:  Hold'em Limit ($3/$6 USD) - 2015/12/04 19:09:46 ET
Table 'Ilmatar IV' 2-max Seat #2 is the button
Seat 1: caritasest ($160.40 in chips)
Seat 2: Necromadx ($349.07 in chips)
Necromadx: posts small blind $1
caritasest: posts big blind $3
*** HOLE CARDS ***
Necromadx: raises $3 to $6
caritasest: calls $3
*** FLOP *** [6s 9h 2c]
caritasest: checks
Necromadx: bets $3
caritasest: raises $3 to $6
Necromadx: calls $3
*** TURN *** [6s 9h 2c] [7c]
caritasest: bets $6
Necromadx: raises $6 to $12
caritasest: folds
Uncalled bet ($6) returned to Necromadx
Necromadx collected $35.50 from pot
Necromadx: doesn't show hand
*** SUMMARY ***
Total pot $36 | Rake $0.50
Board [6s 9h 2c 7c]
Seat 1: caritasest (big blind) folded on the Turn
Seat 2: Necromadx (button) (small blind) collected ($35.50)


PokerStars Hand #144834850801:  Hold'em Limit ($3/$6 USD) - 2015/12/04 19:10:40 ET
Table 'Ilmatar IV' 2-max Seat #1 is the button
Seat 1: caritasest ($131.04 in chips)
Seat 2: Necromadx ($377.07 in chips)
caritasest: posts small blind $1
Necromadx: posts big blind $3
*** HOLE CARDS ***
caritasest: raises $3 to $6
Necromadx: calls $3
*** FLOP *** [Qc Td Qd]
Necromadx: checks
caritasest: bets $3
Necromadx: calls $3
*** TURN *** [Qc Td Qd] [Ah]
Necromadx: checks
caritasest: bets $6
Necromadx: calls $6
*** RIVER *** [Qc Td Qd Ah] [2h]
Necromadx: checks
caritasest: bets $6
Necromadx: calls $6
*** SHOW DOWN ***
caritasest: shows [Th Kh] (two pair, Queens and Tens)
Necromadx: shows [5c Tc] (two pair, Queens and Tens)
Necromadx collected $20.75 from pot
caritasest collected $20.75 from pot
*** SUMMARY ***
Total pot $42 | Rake $0.50
Board [Qc Td Qd Ah 2h]
Seat 1: caritasest (button) (small blind) showed [Th Kh] and won ($20.75) with two pair, Queens and Tens
Seat 2: Necromadx (big blind) showed [5c Tc] and won ($20.75) with two pair, Queens and Tens


PokerStars Hand #144834878516:  Hold'em Limit ($3/$6 USD) - 2015/12/04 19:11:19 ET
Table 'Ilmatar IV' 2-max Seat #2 is the button
Seat 1: caritasest ($106.29 in chips)
Seat 2: Necromadx ($400.32 in chips)
Necromadx: posts small blind $1
caritasest: posts big blind $3
*** HOLE CARDS ***
Necromadx: raises $3 to $6
caritasest: raises $3 to $9
Necromadx: calls $3
*** FLOP *** [Tc Qc Th]
caritasest: bets $3
Necromadx: calls $3
*** TURN *** [Tc Qc Th] [2h]
caritasest: bets $6
Necromadx: calls $6
*** RIVER *** [Tc Qc Th 2h] [7s]
caritasest: bets $6
Necromadx: calls $6
*** SHOW DOWN ***
caritasest: shows [4d 4s] (two pair, Tens and Fours)
Necromadx: mucks hand
caritasest collected $47.50 from pot
*** SUMMARY ***
Total pot $48 | Rake $0.50
Board [Tc Qc Th 2h 7s]
Seat 1: caritasest (big blind) showed [4d 4s] and won ($47.50) with two pair, Tens and Fours
Seat 2: Necromadx (button) (small blind) mucked


PokerStars Hand #144834870003:  Hold'em Limit ($3/$6 USD) - 2015/12/04 19:11:07 ET
Table 'Ilmatar IV' 2-max Seat #1 is the button
Seat 1: caritasest ($88.79 in chips)
Seat 2: Necromadx ($418.32 in chips)
caritasest: posts small blind $1
Necromadx: posts big blind $3
*** HOLE CARDS ***
caritasest: raises $3 to $6
Necromadx: calls $3
*** FLOP *** [6c As 8c]
Necromadx: checks
caritasest: checks
*** TURN *** [6c As 8c] [Ks]
Necromadx: checks
caritasest: bets $6
Necromadx: calls $6
*** RIVER *** [6c As 8c Ks] [Jc]
Necromadx: checks
caritasest: bets $6
Necromadx: calls $6
*** SHOW DOWN ***
caritasest: shows [Jh 2h] (a pair of Jacks)
Necromadx: mucks hand
caritasest collected $35.50 from pot
*** SUMMARY ***
Total pot $36 | Rake $0.50
Board [6c As 8c Ks Jc]
Seat 1: caritasest (button) (small blind) showed [Jh 2h] and won ($35.50) with a pair of Jacks
Seat 2: Necromadx (big blind) mucked


PokerStars Hand #144834858342:  Hold'em Limit ($3/$6 USD) - 2015/12/04 19:10:51 ET
Table 'Ilmatar IV' 2-max Seat #2 is the button
Seat 1: caritasest ($130.79 in chips)
Seat 2: Necromadx ($376.82 in chips)
Necromadx: posts small blind $1
caritasest: posts big blind $3
*** HOLE CARDS ***
Necromadx: raises $3 to $6
caritasest: raises $3 to $9
Necromadx: calls $3
*** FLOP *** [6d 6s Ac]
caritasest: bets $3
Necromadx: calls $3
*** TURN *** [6d 6s Ac] [2h]
caritasest: bets $6
Necromadx: calls $6
*** RIVER *** [6d 6s Ac 2h] [2s]
caritasest: bets $6
Necromadx: raises $6 to $12
caritasest: raises $6 to $18
Necromadx: raises $6 to $24
Betting is capped
caritasest: calls $6
*** SHOW DOWN ***
Necromadx: shows [6h 8h] (a full house, Sixes full of Deuces)
caritasest: mucks hand
Necromadx collected $83.50 from pot
*** SUMMARY ***
Total pot $84 | Rake $0.50
Board [6d 6s Ac 2h 2s]
Seat 1: caritasest (big blind) mucked
Seat 2: Necromadx (button) (small blind) showed [6h 8h] and won ($83.50) with a full house, Sixes full of Deuces


PokerStars Hand #144834886025:  Hold'em Limit ($3/$6 USD) - 2015/12/04 19:11:30 ET
Table 'Ilmatar IV' 2-max Seat #1 is the button
Seat 1: caritasest ($129.79 in chips)
Seat 2: Necromadx ($376.32 in chips)
caritasest: posts small blind $1
Necromadx: posts big blind $3
*** HOLE CARDS ***
caritasest: raises $3 to $6
Necromadx: calls $3
*** FLOP *** [2s 3c Jd]
Necromadx: checks
caritasest: checks
*** TURN *** [2s 3c Jd] [6h]
Necromadx: checks
caritasest: checks
*** RIVER *** [2s 3c Jd 6h] [9h]
Necromadx: bets $6
caritasest: calls $6
*** SHOW DOWN ***
Necromadx: shows [Ah 6c] (a pair of Sixes)
caritasest: mucks hand
Necromadx collected $23.52 from pot
*** SUMMARY ***
Total pot $24 | Rake $0.48
Board [2s 3c Jd 6h 9h]
Seat 1: caritasest (button) (small blind) mucked
Seat 2: Necromadx (big blind) showed [Ah 6c] and won ($23.52) with a pair of Sixes


PokerStars Hand #144834894315:  Hold'em Limit ($3/$6 USD) - 2015/12/04 19:11:42 ET
Table 'Ilmatar IV' 2-max Seat #2 is the button
Seat 1: caritasest ($117.79 in chips)
Seat 2: Necromadx ($387.84 in chips)
Necromadx: posts small blind $1
caritasest: posts big blind $3
*** HOLE CARDS ***
Necromadx: raises $3 to $6
caritasest: raises $3 to $9
Necromadx: calls $3
*** FLOP *** [8c Th Qc]
caritasest: bets $3
Necromadx: folds
Uncalled bet ($3) returned to caritasest
caritasest collected $17.64 from pot
*** SUMMARY ***
Total pot $18 | Rake $0.36
Board [8c Th Qc]
Seat 1: caritasest (big blind) collected ($17.64)
Seat 2: Necromadx (button) (small blind) folded on the Flop


PokerStars Hand #144834916582:  Hold'em Limit ($3/$6 USD) - 2015/12/04 19:12:13 ET
Table 'Ilmatar IV' 2-max Seat #1 is the button
Seat 1: caritasest ($119.93 in chips)
Seat 2: Necromadx ($384.34 in chips)
caritasest: posts small blind $1
Necromadx: posts big blind $3
*** HOLE CARDS ***
caritasest: raises $3 to $6
Necromadx: calls $3
*** FLOP *** [6c 4s Qs]
Necromadx: checks
caritasest: bets $3
Necromadx: calls $3
*** TURN *** [6c 4s Qs] [Kh]
Necromadx: checks
caritasest: checks
*** RIVER *** [6c 4s Qs Kh] [Tc]
Necromadx: checks
caritasest: checks
*** SHOW DOWN ***
Necromadx: shows [7s Ah] (high card Ace)
caritasest: mucks hand
Necromadx collected $17.64 from pot
*** SUMMARY ***
Total pot $18 | Rake $0.36
Board [6c 4s Qs Kh Tc]
Seat 1: caritasest (button) (small blind) mucked
Seat 2: Necromadx (big blind) showed [7s Ah] and won ($17.64) with high card Ace


PokerStars Hand #144834908578:  Hold'em Limit ($3/$6 USD) - 2015/12/04 19:12:02 ET
Table 'Ilmatar IV' 2-max Seat #2 is the button
Seat 1: caritasest ($143.93 in chips)
Seat 2: Necromadx ($360.84 in chips)
Necromadx: posts small blind $1
caritasest: posts big blind $3
*** HOLE CARDS ***
Necromadx: raises $3 to $6
caritasest: raises $3 to $9
Necromadx: calls $3
*** FLOP *** [7s 8c Th]
caritasest: bets $3
Necromadx: calls $3
*** TURN *** [7s 8c Th] [Ah]
caritasest: bets $6
Necromadx: calls $6
*** RIVER *** [7s 8c Th Ah] [Qd]
caritasest: bets $6
Necromadx: calls $6
*** SHOW DOWN ***
caritasest: shows [Jc Jh] (a pair of Jacks)
Necromadx: shows [6c Qh] (a pair of Queens)
Necromadx collected $47.50 from pot
*** SUMMARY ***
Total pot $48 | Rake $0.50
Board [7s 8c Th Ah Qd]
Seat 1: caritasest (big blind) showed [Jc Jh] and lost with a pair of Jacks
Seat 2: Necromadx (button) (small blind) showed [6c Qh] and won ($47.50) with a pair of Queens


PokerStars Hand #144834899992:  Hold'em Limit ($3/$6 USD) - 2015/12/04 19:11:50 ET
Table 'Ilmatar IV' 2-max Seat #1 is the button
Seat 1: caritasest ($126.43 in chips)
Seat 2: Necromadx ($378.84 in chips)
caritasest: posts small blind $1
Necromadx: posts big blind $3
*** HOLE CARDS ***
caritasest: raises $3 to $6
Necromadx: calls $3
*** FLOP *** [Kd Ac 2c]
Necromadx: checks
caritasest: checks
*** TURN *** [Kd Ac 2c] [2h]
Necromadx: checks
caritasest: bets $6
Necromadx: raises $6 to $12
caritasest: raises $6 to $18
Necromadx: folds
Uncalled bet ($6) returned to caritasest
caritasest collected $35.50 from pot
*** SUMMARY ***
Total pot $36 | Rake $0.50
Board [Kd Ac 2c 2h]
Seat 1: caritasest (button) (small blind) collected ($35.50)
Seat 2: Necromadx (big blind) folded on the Turn


PokerStars Hand #144834925541:  Hold'em Limit ($3/$6 USD) - 2015/12/04 19:12:26 ET
Table 'Ilmatar IV' 2-max Seat #2 is the button
Seat 1: caritasest ($110.93 in chips)
Seat 2: Necromadx ($392.98 in chips)
Necromadx: posts small blind $1
caritasest: posts big blind $3
*** HOLE CARDS ***
Necromadx: raises $3 to $6
caritasest: calls $3
*** FLOP *** [5s 6d Ts]
caritasest: checks
Necromadx: checks
*** TURN *** [5s 6d Ts] [7c]
caritasest: bets $6
Necromadx: calls $6
*** RIVER *** [5s 6d Ts 7c] [4c]
caritasest: bets $6
Necromadx: folds
Uncalled bet ($6) returned to caritasest
caritasest collected $23.52 from pot
*** SUMMARY ***
Total pot $24 | Rake $0.48
Board [5s 6d Ts 7c 4c]
Seat 1: caritasest (big blind) collected ($23.52)
Seat 2: Necromadx (button) (small blind) folded on the River


PokerStars Hand #144834932099:  Hold'em Limit ($3/$6 USD) - 2015/12/04 19:12:35 ET
Table 'Ilmatar IV' 2-max Seat #1 is the button
Seat 1: caritasest ($122.45 in chips)
Seat 2: Necromadx ($380.98 in chips)
caritasest: posts small blind $1
Necromadx: posts big blind $3
*** HOLE CARDS ***
caritasest: raises $3 to $6
Necromadx: calls $3
*** FLOP *** [Ah Tc 5d]
Necromadx: checks
caritasest: bets $3
Necromadx: folds
Uncalled bet ($3) returned to caritasest
caritasest collected $11.76 from pot
*** SUMMARY ***
Total pot $12 | Rake $0.24
Board [Ah Tc 5d]
Seat 1: caritasest (button) (small blind) collected ($11.76)
Seat 2: Necromadx (big blind) folded on the Flop


PokerStars Hand #144834954191:  Hold'em Limit ($3/$6 USD) - 2015/12/04 19:13:06 ET
Table 'Ilmatar IV' 2-max Seat #2 is the button
Seat 1: caritasest ($130.71 in chips)
Seat 2: Necromadx ($371.48 in chips)
Necromadx: posts small blind $1
caritasest: posts big blind $3
*** HOLE CARDS ***
Necromadx: raises $3 to $6
caritasest: raises $3 to $9
Necromadx: calls $3
*** FLOP *** [9s 5s 6s]
caritasest: bets $3
Necromadx: calls $3
*** TURN *** [9s 5s 6s] [7s]
caritasest: bets $6
Necromadx: calls $6
*** RIVER *** [9s 5s 6s 7s] [3h]
caritasest: bets $6
Necromadx: calls $6
*** SHOW DOWN ***
caritasest: shows [Js 8s] (a straight flush, Five to Nine)
Necromadx: mucks hand
caritasest collected $47.50 from pot
*** SUMMARY ***
Total pot $48 | Rake $0.50
Board [9s 5s 6s 7s 3h]
Seat 1: caritasest (big blind) showed [Js 8s] and won ($47.50) with a straight flush, Five to Nine
Seat 2: Necromadx (button) (small blind) mucked


PokerStars Hand #144834936903:  Hold'em Limit ($3/$6 USD) - 2015/12/04 19:12:42 ET
Table 'Ilmatar IV' 2-max Seat #2 is the button
Seat 1: caritasest ($128.21 in chips)
Seat 2: Necromadx ($374.98 in chips)
Necromadx: posts small blind $1
caritasest: posts big blind $3
*** HOLE CARDS ***
Necromadx: raises $3 to $6
caritasest: calls $3
*** FLOP *** [5h 2h Qc]
caritasest: checks
Necromadx: bets $3
caritasest: raises $3 to $6
Necromadx: calls $3
*** TURN *** [5h 2h Qc] [4c]
caritasest: bets $6
Necromadx: calls $6
*** RIVER *** [5h 2h Qc 4c] [9s]
caritasest: bets $6
Necromadx: folds
Uncalled bet ($6) returned to caritasest
caritasest collected $35.50 from pot
*** SUMMARY ***
Total pot $36 | Rake $0.50
Board [5h 2h Qc 4c 9s]
Seat 1: caritasest (big blind) collected ($35.50)
Seat 2: Necromadx (button) (small blind) folded on the River


PokerStars Hand #144834945614:  Hold'em Limit ($3/$6 USD) - 2015/12/04 19:12:54 ET
Table 'Ilmatar IV' 2-max Seat #1 is the button
Seat 1: caritasest ($145.71 in chips)
Seat 2: Necromadx ($356.98 in chips)
caritasest: posts small blind $1
Necromadx: posts big blind $3
*** HOLE CARDS ***
caritasest: calls $2
Necromadx: checks
*** FLOP *** [Jd 2s Td]
Necromadx: checks
caritasest: checks
*** TURN *** [Jd 2s Td] [Js]
Necromadx: bets $6
caritasest: calls $6
*** RIVER *** [Jd 2s Td Js] [Ah]
Necromadx: bets $6
caritasest: calls $6
*** SHOW DOWN ***
Necromadx: shows [Jh 2d] (a full house, Jacks full of Deuces)
caritasest: mucks hand
Necromadx collected $29.50 from pot
*** SUMMARY ***
Total pot $30 | Rake $0.50
Board [Jd 2s Td Js Ah]
Seat 1: caritasest (button) (small blind) mucked
Seat 2: Necromadx (big blind) showed [Jh 2d] and won ($29.50) with a full house, Jacks full of Deuces


PokerStars Hand #144834961744:  Hold'em Limit ($3/$6 USD) - 2015/12/04 19:13:17 ET
Table 'Ilmatar IV' 2-max Seat #1 is the button
Seat 1: caritasest ($154.21 in chips)
Seat 2: Necromadx ($347.48 in chips)
caritasest: posts small blind $1
Necromadx: posts big blind $3
*** HOLE CARDS ***
caritasest: raises $3 to $6
Necromadx: calls $3
*** FLOP *** [5s 6c Qs]
Necromadx: checks
caritasest: bets $3
Necromadx: folds
Uncalled bet ($3) returned to caritasest
caritasest collected $11.76 from pot
*** SUMMARY ***
Total pot $12 | Rake $0.24
Board [5s 6c Qs]
Seat 1: caritasest (button) (small blind) collected ($11.76)
Seat 2: Necromadx (big blind) folded on the Flop


PokerStars Hand #144834966849:  Hold'em Limit ($3/$6 USD) - 2015/12/04 19:13:24 ET
Table 'Ilmatar IV' 2-max Seat #2 is the button
Seat 1: caritasest ($159.97 in chips)
Seat 2: Necromadx ($341.48 in chips)
Necromadx: posts small blind $1
caritasest: posts big blind $3
*** HOLE CARDS ***
Necromadx: raises $3 to $6
caritasest: raises $3 to $9
Necromadx: calls $3
*** FLOP *** [7s 2s 5d]
caritasest: bets $3
Necromadx: calls $3
*** TURN *** [7s 2s 5d] [Ah]
caritasest: bets $6
Necromadx: raises $6 to $12
caritasest: calls $6
*** RIVER *** [7s 2s 5d Ah] [3s]
caritasest: checks
Necromadx: bets $6
caritasest: calls $6
*** SHOW DOWN ***
Necromadx: shows [5c 7d] (two pair, Sevens and Fives)
caritasest: mucks hand
Necromadx collected $59.50 from pot
*** SUMMARY ***
Total pot $60 | Rake $0.50
Board [7s 2s 5d Ah 3s]
Seat 1: caritasest (big blind) mucked
Seat 2: Necromadx (button) (small blind) showed [5c 7d] and won ($59.50) with two pair, Sevens and Fives


PokerStars Hand #144834977208:  Hold'em Limit ($3/$6 USD) - 2015/12/04 19:13:39 ET
Table 'Ilmatar IV' 2-max Seat #1 is the button
Seat 1: caritasest ($129.97 in chips)
Seat 2: Necromadx ($370.98 in chips)
caritasest: posts small blind $1
Necromadx: posts big blind $3
*** HOLE CARDS ***
caritasest: raises $3 to $6
Necromadx: calls $3
*** FLOP *** [Qc Jd Ks]
Necromadx: checks
caritasest: bets $3
Necromadx: calls $3
*** TURN *** [Qc Jd Ks] [Ts]
Necromadx: checks
caritasest: checks
*** RIVER *** [Qc Jd Ks Ts] [Qh]
Necromadx: bets $6
caritasest: calls $6
*** SHOW DOWN ***
Necromadx: shows [6h 9s] (a straight, Nine to King)
caritasest: mucks hand
Necromadx collected $29.50 from pot
*** SUMMARY ***
Total pot $30 | Rake $0.50
Board [Qc Jd Ks Ts Qh]
Seat 1: caritasest (button) (small blind) mucked
Seat 2: Necromadx (big blind) showed [6h 9s] and won ($29.50) with a straight, Nine to King


PokerStars Hand #144834991856:  Hold'em Limit ($3/$6 USD) - 2015/12/04 19:14:00 ET
Table 'Ilmatar IV' 2-max Seat #1 is the button
Seat 1: caritasest ($123.61 in chips)
Seat 2: Necromadx ($376.48 in chips)
caritasest: posts small blind $1
Necromadx: posts big blind $3
*** HOLE CARDS ***
caritasest: calls $2
Necromadx: raises $3 to $6
caritasest: calls $3
*** FLOP *** [Kc Jh As]
Necromadx: bets $3
caritasest: calls $3
*** TURN *** [Kc Jh As] [6s]
Necromadx: checks
caritasest: bets $6
Necromadx: calls $6
*** RIVER *** [Kc Jh As 6s] [9d]
Necromadx: checks
caritasest: bets $6
Necromadx: folds
Uncalled bet ($6) returned to caritasest
caritasest collected $29.50 from pot
*** SUMMARY ***
Total pot $30 | Rake $0.50
Board [Kc Jh As 6s 9d]
Seat 1: caritasest (button) (small blind) collected ($29.50)
Seat 2: Necromadx (big blind) folded on the River


PokerStars Hand #144835000823:  Hold'em Limit ($3/$6 USD) - 2015/12/04 19:14:13 ET
Table 'Ilmatar IV' 2-max Seat #2 is the button
Seat 1: caritasest ($138.11 in chips)
Seat 2: Necromadx ($361.48 in chips)
Necromadx: posts small blind $1
caritasest: posts big blind $3
*** HOLE CARDS ***
Necromadx: raises $3 to $6
caritasest: calls $3
*** FLOP *** [7d 8c 6h]
caritasest: bets $3
Necromadx: calls $3
*** TURN *** [7d 8c 6h] [3d]
caritasest: bets $6
Necromadx: calls $6
*** RIVER *** [7d 8c 6h 3d] [8s]
caritasest: bets $6
Necromadx: raises $6 to $12
caritasest: calls $6
*** SHOW DOWN ***
Necromadx: shows [Jc 5s] (a pair of Eights)
caritasest: shows [4s 4d] (two pair, Eights and Fours)
caritasest collected $53.50 from pot
*** SUMMARY ***
Total pot $54 | Rake $0.50
Board [7d 8c 6h 3d 8s]
Seat 1: caritasest (big blind) showed [4s 4d] and won ($53.50) with two pair, Eights and Fours
Seat 2: Necromadx (button) (small blind) showed [Jc 5s] and lost with a pair of Eights


PokerStars Hand #144835009890:  Hold'em Limit ($3/$6 USD) - 2015/12/04 19:14:26 ET
Table 'Ilmatar IV' 2-max Seat #1 is the button
Seat 1: caritasest ($164.61 in chips)
Seat 2: Necromadx ($334.48 in chips)
caritasest: posts small blind $1
Necromadx: posts big blind $3
*** HOLE CARDS ***
caritasest: raises $3 to $6
Necromadx: calls $3
*** FLOP *** [Jc 7c Ks]
Necromadx: checks
caritasest: bets $3
Necromadx: folds
Uncalled bet ($3) returned to caritasest
caritasest collected $11.76 from pot
*** SUMMARY ***
Total pot $12 | Rake $0.24
Board [Jc 7c Ks]
Seat 1: caritasest (button) (small blind) collected ($11.76)
Seat 2: Necromadx (big blind) folded on the Flop


PokerStars Hand #144835014897:  Hold'em Limit ($3/$6 USD) - 2015/12/04 19:14:33 ET
Table 'Ilmatar IV' 2-max Seat #2 is the button
Seat 1: caritasest ($170.37 in chips)
Seat 2: Necromadx ($328.48 in chips)
Necromadx: posts small blind $1
caritasest: posts big blind $3
*** HOLE CARDS ***
Necromadx: raises $3 to $6
caritasest: raises $3 to $9
Necromadx: calls $3
*** FLOP *** [9h 4h 3s]
caritasest: bets $3
Necromadx: calls $3
*** TURN *** [9h 4h 3s] [Qh]
caritasest: bets $6
Necromadx: calls $6
*** RIVER *** [9h 4h 3s Qh] [Ts]
caritasest: bets $6
Necromadx: calls $6
*** SHOW DOWN ***
caritasest: shows [9d Ac] (a pair of Nines)
Necromadx: mucks hand
caritasest collected $47.50 from pot
*** SUMMARY ***
Total pot $48 | Rake $0.50
Board [9h 4h 3s Qh Ts]
Seat 1: caritasest (big blind) showed [9d Ac] and won ($47.50) with a pair of Nines
Seat 2: Necromadx (button) (small blind) mucked


PokerStars Hand #144834986605:  Hold'em Limit ($3/$6 USD) - 2015/12/04 19:13:52 ET
Table 'Ilmatar IV' 2-max Seat #2 is the button
Seat 1: caritasest ($114.97 in chips)
Seat 2: Necromadx ($385.48 in chips)
Necromadx: posts small blind $1
caritasest: posts big blind $3
*** HOLE CARDS ***
Necromadx: raises $3 to $6
caritasest: raises $3 to $9
Necromadx: calls $3
*** FLOP *** [Ad 4h Qh]
caritasest: bets $3
Necromadx: folds
Uncalled bet ($3) returned to caritasest
caritasest collected $17.64 from pot
*** SUMMARY ***
Total pot $18 | Rake $0.36
Board [Ad 4h Qh]
Seat 1: caritasest (big blind) collected ($17.64)
Seat 2: Necromadx (button) (small blind) folded on the Flop


PokerStars Hand #144835055924:  Hold'em Limit ($3/$6 USD) - 2015/12/04 19:15:31 ET
Table 'Ilmatar IV' 2-max Seat #1 is the button
Seat 1: caritasest ($148.62 in chips)
Seat 2: Necromadx ($347.89 in chips)
caritasest: posts small blind $1
Necromadx: posts big blind $3
*** HOLE CARDS ***
caritasest: raises $3 to $6
Necromadx: calls $3
*** FLOP *** [3d 8h 2s]
Necromadx: checks
caritasest: bets $3
Necromadx: calls $3
*** TURN *** [3d 8h 2s] [8c]
Necromadx: checks
caritasest: checks
*** RIVER *** [3d 8h 2s 8c] [7c]
Necromadx: bets $6
caritasest: folds
Uncalled bet ($6) returned to Necromadx
Necromadx collected $17.64 from pot
Necromadx: doesn't show hand
*** SUMMARY ***
Total pot $18 | Rake $0.36
Board [3d 8h 2s 8c 7c]
Seat 1: caritasest (button) (small blind) folded on the River
Seat 2: Necromadx (big blind) collected ($17.64)


PokerStars Hand #144835041728:  Hold'em Limit ($3/$6 USD) - 2015/12/04 19:15:11 ET
Table 'Ilmatar IV' 2-max Seat #1 is the button
Seat 1: caritasest ($160.87 in chips)
Seat 2: Necromadx ($336.62 in chips)
caritasest: posts small blind $1
Necromadx: posts big blind $3
*** HOLE CARDS ***
caritasest: raises $3 to $6
Necromadx: raises $3 to $9
caritasest: calls $3
*** FLOP *** [3c Qs 2c]
Necromadx: bets $3
caritasest: calls $3
*** TURN *** [3c Qs 2c] [3h]
Necromadx: bets $6
caritasest: folds
Uncalled bet ($6) returned to Necromadx
Necromadx collected $23.52 from pot
Necromadx: doesn't show hand
*** SUMMARY ***
Total pot $24 | Rake $0.48
Board [3c Qs 2c 3h]
Seat 1: caritasest (button) (small blind) folded on the Turn
Seat 2: Necromadx (big blind) collected ($23.52)


PokerStars Hand #144835031932:  Hold'em Limit ($3/$6 USD) - 2015/12/04 19:14:57 ET
Table 'Ilmatar IV' 2-max Seat #2 is the button
Seat 1: caritasest ($184.87 in chips)
Seat 2: Necromadx ($313.12 in chips)
Necromadx: posts small blind $1
caritasest: posts big blind $3
*** HOLE CARDS ***
Necromadx: raises $3 to $6
caritasest: raises $3 to $9
Necromadx: calls $3
*** FLOP *** [Jc As 9s]
caritasest: bets $3
Necromadx: calls $3
*** TURN *** [Jc As 9s] [9c]
caritasest: bets $6
Necromadx: raises $6 to $12
caritasest: calls $6
*** RIVER *** [Jc As 9s 9c] [4h]
caritasest: checks
Necromadx: bets $6
caritasest: folds
Uncalled bet ($6) returned to Necromadx
Necromadx collected $47.50 from pot
Necromadx: doesn't show hand
*** SUMMARY ***
Total pot $48 | Rake $0.50
Board [Jc As 9s 9c 4h]
Seat 1: caritasest (big blind) folded on the River
Seat 2: Necromadx (button) (small blind) collected ($47.50)


PokerStars Hand #144835048087:  Hold'em Limit ($3/$6 USD) - 2015/12/04 19:15:20 ET
Table 'Ilmatar IV' 2-max Seat #2 is the button
Seat 1: caritasest ($148.87 in chips)
Seat 2: Necromadx ($348.14 in chips)
Necromadx: posts small blind $1
caritasest: posts big blind $3
*** HOLE CARDS ***
Necromadx: raises $3 to $6
caritasest: raises $3 to $9
Necromadx: calls $3
*** FLOP *** [7d Qh 8h]
caritasest: bets $3
Necromadx: calls $3
*** TURN *** [7d Qh 8h] [Jc]
caritasest: bets $6
Necromadx: calls $6
*** RIVER *** [7d Qh 8h Jc] [6c]
caritasest: bets $6
Necromadx: calls $6
*** SHOW DOWN ***
caritasest: shows [5s 8c] (a pair of Eights)
Necromadx: shows [8s 4s] (a pair of Eights)
caritasest collected $23.75 from pot
Necromadx collected $23.75 from pot
*** SUMMARY ***
Total pot $48 | Rake $0.50
Board [7d Qh 8h Jc 6c]
Seat 1: caritasest (big blind) showed [5s 8c] and won ($23.75) with a pair of Eights
Seat 2: Necromadx (button) (small blind) showed [8s 4s] and won ($23.75) with a pair of Eights


PokerStars Hand #144835024786:  Hold'em Limit ($3/$6 USD) - 2015/12/04 19:14:47 ET
Table 'Ilmatar IV' 2-max Seat #1 is the button
Seat 1: caritasest ($193.87 in chips)
Seat 2: Necromadx ($304.48 in chips)
caritasest: posts small blind $1
Necromadx: posts big blind $3
*** HOLE CARDS ***
caritasest: calls $2
Necromadx: raises $3 to $6
caritasest: calls $3
*** FLOP *** [4d Td Ts]
Necromadx: bets $3
caritasest: calls $3
*** TURN *** [4d Td Ts] [Th]
Necromadx: bets $6
caritasest: folds
Uncalled bet ($6) returned to Necromadx
Necromadx collected $17.64 from pot
Necromadx: doesn't show hand
*** SUMMARY ***
Total pot $18 | Rake $0.36
Board [4d Td Ts Th]
Seat 1: caritasest (button) (small blind) folded on the Turn
Seat 2: Necromadx (big blind) collected ($17.64)


PokerStars Hand #144835074898:  Hold'em Limit ($3/$6 USD) - 2015/12/04 19:15:58 ET
Table 'Ilmatar IV' 2-max Seat #1 is the button
Seat 1: caritasest ($115.62 in chips)
Seat 2: Necromadx ($380.03 in chips)
caritasest: posts small blind $1
Necromadx: posts big blind $3
*** HOLE CARDS ***
caritasest: raises $3 to $6
Necromadx: calls $3
*** FLOP *** [Ah 9c 6s]
Necromadx: checks
caritasest: bets $3
Necromadx: raises $3 to $6
caritasest: raises $3 to $9
Necromadx: calls $3
*** TURN *** [Ah 9c 6s] [Qd]
Necromadx: checks
caritasest: bets $6
Necromadx: calls $6
*** RIVER *** [Ah 9c 6s Qd] [Kc]
Necromadx: checks
caritasest: bets $6
Necromadx: calls $6
*** SHOW DOWN ***
caritasest: shows [6c 9d] (two pair, Nines and Sixes)
Necromadx: mucks hand
caritasest collected $53.50 from pot
*** SUMMARY ***
Total pot $54 | Rake $0.50
Board [Ah 9c 6s Qd Kc]
Seat 1: caritasest (button) (small blind) showed [6c 9d] and won ($53.50) with two pair, Nines and Sixes
Seat 2: Necromadx (big blind) mucked


PokerStars Hand #144835085523:  Hold'em Limit ($3/$6 USD) - 2015/12/04 19:16:13 ET
Table 'Ilmatar IV' 2-max Seat #2 is the button
Seat 1: caritasest ($142.12 in chips)
Seat 2: Necromadx ($353.03 in chips)
Necromadx: posts small blind $1
caritasest: posts big blind $3
*** HOLE CARDS ***
Necromadx: raises $3 to $6
caritasest: raises $3 to $9
Necromadx: calls $3
*** FLOP *** [9s Ks 5s]
caritasest: bets $3
Necromadx: calls $3
*** TURN *** [9s Ks 5s] [Kd]
caritasest: bets $6
Necromadx: raises $6 to $12
caritasest: raises $6 to $18
Necromadx: calls $6
*** RIVER *** [9s Ks 5s Kd] [Qs]
caritasest: bets $6
Necromadx: raises $6 to $12
caritasest: folds
Uncalled bet ($6) returned to Necromadx
Necromadx collected $71.50 from pot
Necromadx: doesn't show hand
*** SUMMARY ***
Total pot $72 | Rake $0.50
Board [9s Ks 5s Kd Qs]
Seat 1: caritasest (big blind) folded on the River
Seat 2: Necromadx (button) (small blind) collected ($71.50)


PokerStars Hand #144835065517:  Hold'em Limit ($3/$6 USD) - 2015/12/04 19:15:45 ET
Table 'Ilmatar IV' 2-max Seat #2 is the button
Seat 1: caritasest ($139.62 in chips)
Seat 2: Necromadx ($356.53 in chips)
Necromadx: posts small blind $1
caritasest: posts big blind $3
*** HOLE CARDS ***
Necromadx: raises $3 to $6
caritasest: calls $3
*** FLOP *** [Kh 5d 7h]
caritasest: checks
Necromadx: bets $3
caritasest: raises $3 to $6
Necromadx: calls $3
*** TURN *** [Kh 5d 7h] [Ad]
caritasest: bets $6
Necromadx: calls $6
*** RIVER *** [Kh 5d 7h Ad] [7s]
caritasest: bets $6
Necromadx: raises $6 to $12
caritasest: folds
Uncalled bet ($6) returned to Necromadx
Necromadx collected $47.50 from pot
Necromadx: doesn't show hand
*** SUMMARY ***
Total pot $48 | Rake $0.50
Board [Kh 5d 7h Ad 7s]
Seat 1: caritasest (big blind) folded on the River
Seat 2: Necromadx (button) (small blind) collected ($47.50)


PokerStars Hand #144835104306:  Hold'em Limit ($3/$6 USD) - 2015/12/04 19:16:40 ET
Table 'Ilmatar IV' 2-max Seat #2 is the button
Seat 1: caritasest ($106 in chips)
Seat 2: Necromadx ($388.41 in chips)
Necromadx: posts small blind $1
caritasest: posts big blind $3
*** HOLE CARDS ***
Necromadx: raises $3 to $6
caritasest: raises $3 to $9
Necromadx: calls $3
*** FLOP *** [6s 5c 6d]
caritasest: bets $3
Necromadx: calls $3
*** TURN *** [6s 5c 6d] [6h]
caritasest: bets $6
Necromadx: folds
Uncalled bet ($6) returned to caritasest
caritasest collected $23.52 from pot
*** SUMMARY ***
Total pot $24 | Rake $0.48
Board [6s 5c 6d 6h]
Seat 1: caritasest (big blind) collected ($23.52)
Seat 2: Necromadx (button) (small blind) folded on the Turn


PokerStars Hand #144835095459:  Hold'em Limit ($3/$6 USD) - 2015/12/04 19:16:28 ET
Table 'Ilmatar IV' 2-max Seat #1 is the button
Seat 1: caritasest ($106.12 in chips)
Seat 2: Necromadx ($388.53 in chips)
caritasest: posts small blind $1
Necromadx: posts big blind $3
*** HOLE CARDS ***
caritasest: raises $3 to $6
Necromadx: calls $3
*** FLOP *** [Ac Td 7c]
Necromadx: checks
caritasest: checks
*** TURN *** [Ac Td 7c] [4h]
Necromadx: checks
caritasest: checks
*** RIVER *** [Ac Td 7c 4h] [8h]
Necromadx: checks
caritasest: checks
*** SHOW DOWN ***
Necromadx: shows [Jh 2h] (high card Ace)
caritasest: shows [Jc 2s] (high card Ace)
Necromadx collected $5.88 from pot
caritasest collected $5.88 from pot
*** SUMMARY ***
Total pot $12 | Rake $0.24
Board [Ac Td 7c 4h 8h]
Seat 1: caritasest (button) (small blind) showed [Jc 2s] and won ($5.88) with high card Ace
Seat 2: Necromadx (big blind) showed [Jh 2h] and won ($5.88) with high card Ace


PokerStars Hand #144835115498:  Hold'em Limit ($3/$6 USD) - 2015/12/04 19:16:56 ET
Table 'Ilmatar IV' 2-max Seat #2 is the button
Seat 1: caritasest ($120.52 in chips)
Seat 2: Necromadx ($373.41 in chips)
Necromadx: posts small blind $1
caritasest: posts big blind $3
*** HOLE CARDS ***
Necromadx: raises $3 to $6
caritasest: calls $3
*** FLOP *** [9c 6d 5c]
caritasest: checks
Necromadx: bets $3
caritasest: calls $3
*** TURN *** [9c 6d 5c] [Ah]
caritasest: checks
Necromadx: bets $6
caritasest: folds
Uncalled bet ($6) returned to Necromadx
Necromadx collected $17.64 from pot
Necromadx: doesn't show hand
*** SUMMARY ***
Total pot $18 | Rake $0.36
Board [9c 6d 5c Ah]
Seat 1: caritasest (big blind) folded on the Turn
Seat 2: Necromadx (button) (small blind) collected ($17.64)


PokerStars Hand #144835123360:  Hold'em Limit ($3/$6 USD) - 2015/12/04 19:17:08 ET
Table 'Ilmatar IV' 2-max Seat #1 is the button
Seat 1: caritasest ($111.52 in chips)
Seat 2: Necromadx ($382.05 in chips)
caritasest: posts small blind $1
Necromadx: posts big blind $3
*** HOLE CARDS ***
caritasest: raises $3 to $6
Necromadx: raises $3 to $9
caritasest: calls $3
*** FLOP *** [Jd 4s 3d]
Necromadx: bets $3
caritasest: raises $3 to $6
Necromadx: calls $3
*** TURN *** [Jd 4s 3d] [6h]
Necromadx: checks
caritasest: bets $6
Necromadx: calls $6
*** RIVER *** [Jd 4s 3d 6h] [Js]
Necromadx: checks
caritasest: bets $6
Necromadx: calls $6
*** SHOW DOWN ***
caritasest: shows [4d 6s] (two pair, Jacks and Sixes)
Necromadx: mucks hand
caritasest collected $53.50 from pot
*** SUMMARY ***
Total pot $54 | Rake $0.50
Board [Jd 4s 3d 6h Js]
Seat 1: caritasest (button) (small blind) showed [4d 6s] and won ($53.50) with two pair, Jacks and Sixes
Seat 2: Necromadx (big blind) mucked


PokerStars Hand #144835139455:  Hold'em Limit ($3/$6 USD) - 2015/12/04 19:17:31 ET
Table 'Ilmatar IV' 2-max Seat #1 is the button
Seat 1: caritasest ($143.78 in chips)
Seat 2: Necromadx ($349.05 in chips)
caritasest: posts small blind $1
Necromadx: posts big blind $3
*** HOLE CARDS ***
caritasest: calls $2
Necromadx: checks
*** FLOP *** [Ts 2c Qs]
Necromadx: checks
caritasest: bets $3
Necromadx: folds
Uncalled bet ($3) returned to caritasest
caritasest collected $5.88 from pot
*** SUMMARY ***
Total pot $6 | Rake $0.12
Board [Ts 2c Qs]
Seat 1: caritasest (button) (small blind) collected ($5.88)
Seat 2: Necromadx (big blind) folded on the Flop


PokerStars Hand #144835112181:  Hold'em Limit ($3/$6 USD) - 2015/12/04 19:16:52 ET
Table 'Ilmatar IV' 2-max Seat #1 is the button
Seat 1: caritasest ($117.52 in chips)
Seat 2: Necromadx ($376.41 in chips)
caritasest: posts small blind $1
Necromadx: posts big blind $3
*** HOLE CARDS ***
caritasest: raises $3 to $6
Necromadx: folds
Uncalled bet ($3) returned to caritasest
caritasest collected $6 from pot
*** SUMMARY ***
Total pot $6 | Rake $0
Seat 1: caritasest (button) (small blind) collected ($6)
Seat 2: Necromadx (big blind) folded before Flop


PokerStars Hand #144835132575:  Hold'em Limit ($3/$6 USD) - 2015/12/04 19:17:21 ET
Table 'Ilmatar IV' 2-max Seat #2 is the button
Seat 1: caritasest ($138.02 in chips)
Seat 2: Necromadx ($355.05 in chips)
Necromadx: posts small blind $1
caritasest: posts big blind $3
*** HOLE CARDS ***
Necromadx: raises $3 to $6
caritasest: calls $3
*** FLOP *** [4c 7h 8c]
caritasest: checks
Necromadx: checks
*** TURN *** [4c 7h 8c] [Jd]
caritasest: checks
Necromadx: checks
*** RIVER *** [4c 7h 8c Jd] [9d]
caritasest: bets $6
Necromadx: folds
Uncalled bet ($6) returned to caritasest
caritasest collected $11.76 from pot
*** SUMMARY ***
Total pot $12 | Rake $0.24
Board [4c 7h 8c Jd 9d]
Seat 1: caritasest (big blind) collected ($11.76)
Seat 2: Necromadx (button) (small blind) folded on the River


PokerStars Hand #144835186850:  Hold'em Limit ($3/$6 USD) - 2015/12/04 19:18:39 ET
Table 'Ilmatar IV' 2-max Seat #1 is the button
Seat 1: caritasest ($191.54 in chips)
Seat 2: Necromadx ($299.81 in chips)
caritasest: posts small blind $1
Necromadx: posts big blind $3
*** HOLE CARDS ***
caritasest: calls $2
Necromadx: checks
*** FLOP *** [Kc Qs 7d]
Necromadx: bets $3
caritasest: folds
Uncalled bet ($3) returned to Necromadx
Necromadx collected $5.88 from pot
Necromadx: doesn't show hand
*** SUMMARY ***
Total pot $6 | Rake $0.12
Board [Kc Qs 7d]
Seat 1: caritasest (button) (small blind) folded on the Flop
Seat 2: Necromadx (big blind) collected ($5.88)


PokerStars Hand #144835157218:  Hold'em Limit ($3/$6 USD) - 2015/12/04 19:17:57 ET
Table 'Ilmatar IV' 2-max Seat #1 is the button
Seat 1: caritasest ($170.16 in chips)
Seat 2: Necromadx ($322.05 in chips)
caritasest: posts small blind $1
Necromadx: posts big blind $3
*** HOLE CARDS ***
caritasest: raises $3 to $6
Necromadx: calls $3
*** FLOP *** [Td 7c 3s]
Necromadx: checks
caritasest: checks
*** TURN *** [Td 7c 3s] [7s]
Necromadx: checks
caritasest: checks
*** RIVER *** [Td 7c 3s 7s] [Qs]
Necromadx: bets $6
caritasest: folds
Uncalled bet ($6) returned to Necromadx
Necromadx collected $11.76 from pot
Necromadx: doesn't show hand
*** SUMMARY ***
Total pot $12 | Rake $0.24
Board [Td 7c 3s 7s Qs]
Seat 1: caritasest (button) (small blind) folded on the River
Seat 2: Necromadx (big blind) collected ($11.76)


PokerStars Hand #144835164075:  Hold'em Limit ($3/$6 USD) - 2015/12/04 19:18:06 ET
Table 'Ilmatar IV' 2-max Seat #2 is the button
Seat 1: caritasest ($164.16 in chips)
Seat 2: Necromadx ($327.81 in chips)
Necromadx: posts small blind $1
caritasest: posts big blind $3
*** HOLE CARDS ***
Necromadx: raises $3 to $6
caritasest: calls $3
*** FLOP *** [Kd 3s 4d]
caritasest: checks
Necromadx: bets $3
caritasest: raises $3 to $6
Necromadx: calls $3
*** TURN *** [Kd 3s 4d] [9h]
caritasest: bets $6
Necromadx: calls $6
*** RIVER *** [Kd 3s 4d 9h] [Qs]
caritasest: bets $6
Necromadx: calls $6
*** SHOW DOWN ***
caritasest: shows [Jh 9d] (a pair of Nines)
Necromadx: mucks hand
caritasest collected $47.50 from pot
*** SUMMARY ***
Total pot $48 | Rake $0.50
Board [Kd 3s 4d 9h Qs]
Seat 1: caritasest (big blind) showed [Jh 9d] and won ($47.50) with a pair of Nines
Seat 2: Necromadx (button) (small blind) mucked


PokerStars Hand #144835184067:  Hold'em Limit ($3/$6 USD) - 2015/12/04 19:18:35 ET
Table 'Ilmatar IV' 2-max Seat #2 is the button
Seat 1: caritasest ($190.54 in chips)
Seat 2: Necromadx ($300.81 in chips)
Necromadx: posts small blind $1
caritasest: posts big blind $3
*** HOLE CARDS ***
Necromadx: folds
Uncalled bet ($2) returned to caritasest
caritasest collected $2 from pot
*** SUMMARY ***
Total pot $2 | Rake $0
Seat 1: caritasest (big blind) collected ($2)
Seat 2: Necromadx (button) (small blind) folded before Flop


PokerStars Hand #144835175341:  Hold'em Limit ($3/$6 USD) - 2015/12/04 19:18:23 ET
Table 'Ilmatar IV' 2-max Seat #1 is the button
Seat 1: caritasest ($187.66 in chips)
Seat 2: Necromadx ($303.81 in chips)
caritasest: posts small blind $1
Necromadx: posts big blind $3
*** HOLE CARDS ***
caritasest: calls $2
Necromadx: checks
*** FLOP *** [Jd Kc Qs]
Necromadx: checks
caritasest: checks
*** TURN *** [Jd Kc Qs] [6c]
Necromadx: checks
caritasest: bets $6
Necromadx: folds
Uncalled bet ($6) returned to caritasest
caritasest collected $5.88 from pot
*** SUMMARY ***
Total pot $6 | Rake $0.12
Board [Jd Kc Qs 6c]
Seat 1: caritasest (button) (small blind) collected ($5.88)
Seat 2: Necromadx (big blind) folded on the Turn


PokerStars Hand #144835146825:  Hold'em Limit ($3/$6 USD) - 2015/12/04 19:17:41 ET
Table 'Ilmatar IV' 2-max Seat #2 is the button
Seat 1: caritasest ($146.66 in chips)
Seat 2: Necromadx ($346.05 in chips)
Necromadx: posts small blind $1
caritasest: posts big blind $3
*** HOLE CARDS ***
Necromadx: raises $3 to $6
caritasest: calls $3
*** FLOP *** [4c 5d 8h]
caritasest: checks
Necromadx: bets $3
caritasest: raises $3 to $6
Necromadx: calls $3
*** TURN *** [4c 5d 8h] [Jh]
caritasest: bets $6
Necromadx: calls $6
*** RIVER *** [4c 5d 8h Jh] [7d]
caritasest: bets $6
Necromadx: calls $6
*** SHOW DOWN ***
caritasest: shows [6s Th] (a straight, Four to Eight)
Necromadx: mucks hand
caritasest collected $47.50 from pot
*** SUMMARY ***
Total pot $48 | Rake $0.50
Board [4c 5d 8h Jh 7d]
Seat 1: caritasest (big blind) showed [6s Th] and won ($47.50) with a straight, Four to Eight
Seat 2: Necromadx (button) (small blind) mucked


PokerStars Hand #144835192472:  Hold'em Limit ($3/$6 USD) - 2015/12/04 19:18:47 ET
Table 'Ilmatar IV' 2-max Seat #2 is the button
Seat 1: caritasest ($188.54 in chips)
Seat 2: Necromadx ($302.69 in chips)
Necromadx: posts small blind $1
caritasest: posts big blind $3
*** HOLE CARDS ***
Necromadx: raises $3 to $6
caritasest: calls $3
*** FLOP *** [Qc 6s 7h]
caritasest: checks
Necromadx: bets $3
caritasest: folds
Uncalled bet ($3) returned to Necromadx
Necromadx collected $11.76 from pot
Necromadx: doesn't show hand
*** SUMMARY ***
Total pot $12 | Rake $0.24
Board [Qc 6s 7h]
Seat 1: caritasest (big blind) folded on the Flop
Seat 2: Necromadx (button) (small blind) collected ($11.76)


PokerStars Hand #144835200251:  Hold'em Limit ($3/$6 USD) - 2015/12/04 19:18:59 ET
Table 'Ilmatar IV' 2-max Seat #1 is the button
Seat 1: caritasest ($182.54 in chips)
Seat 2: Necromadx ($308.45 in chips)
caritasest: posts small blind $1
Necromadx: posts big blind $3
*** HOLE CARDS ***
caritasest: raises $3 to $6
Necromadx: folds
Uncalled bet ($3) returned to caritasest
caritasest collected $6 from pot
*** SUMMARY ***
Total pot $6 | Rake $0
Seat 1: caritasest (button) (small blind) collected ($6)
Seat 2: Necromadx (big blind) folded before Flop


PokerStars Hand #144835204659:  Hold'em Limit ($3/$6 USD) - 2015/12/04 19:19:05 ET
Table 'Ilmatar IV' 2-max Seat #2 is the button
Seat 1: caritasest ($185.54 in chips)
Seat 2: Necromadx ($305.45 in chips)
Necromadx: posts small blind $1
caritasest: posts big blind $3
*** HOLE CARDS ***
Necromadx: raises $3 to $6
caritasest: calls $3
*** FLOP *** [8h 4c Js]
caritasest: checks
Necromadx: checks
*** TURN *** [8h 4c Js] [5s]
caritasest: checks
Necromadx: checks
*** RIVER *** [8h 4c Js 5s] [Qh]
caritasest: checks
Necromadx: bets $6
caritasest: folds
Uncalled bet ($6) returned to Necromadx
Necromadx collected $11.76 from pot
Necromadx: doesn't show hand
*** SUMMARY ***
Total pot $12 | Rake $0.24
Board [8h 4c Js 5s Qh]
Seat 1: caritasest (big blind) folded on the River
Seat 2: Necromadx (button) (small blind) collected ($11.76)


PokerStars Hand #144835217667:  Hold'em Limit ($3/$6 USD) - 2015/12/04 19:19:24 ET
Table 'Ilmatar IV' 2-max Seat #1 is the button
Seat 1: caritasest ($179.54 in chips)
Seat 2: Necromadx ($311.21 in chips)
caritasest: posts small blind $1
Necromadx: posts big blind $3
*** HOLE CARDS ***
caritasest: raises $3 to $6
Necromadx: folds
Uncalled bet ($3) returned to caritasest
caritasest collected $6 from pot
*** SUMMARY ***
Total pot $6 | Rake $0
Seat 1: caritasest (button) (small blind) collected ($6)
Seat 2: Necromadx (big blind) folded before Flop


PokerStars Hand #144835221321:  Hold'em Limit ($3/$6 USD) - 2015/12/04 19:19:29 ET
Table 'Ilmatar IV' 2-max Seat #2 is the button
Seat 1: caritasest ($182.54 in chips)
Seat 2: Necromadx ($308.21 in chips)
Necromadx: posts small blind $1
caritasest: posts big blind $3
*** HOLE CARDS ***
Necromadx: raises $3 to $6
caritasest: raises $3 to $9
Necromadx: calls $3
*** FLOP *** [4h 3d 8h]
caritasest: bets $3
Necromadx: calls $3
*** TURN *** [4h 3d 8h] [Ts]
caritasest: bets $6
Necromadx: raises $6 to $12
caritasest: calls $6
*** RIVER *** [4h 3d 8h Ts] [3c]
caritasest: checks
Necromadx: bets $6
caritasest: calls $6
*** SHOW DOWN ***
Necromadx: shows [As Tc] (two pair, Tens and Threes)
caritasest: mucks hand
Necromadx collected $59.50 from pot
*** SUMMARY ***
Total pot $60 | Rake $0.50
Board [4h 3d 8h Ts 3c]
Seat 1: caritasest (big blind) mucked
Seat 2: Necromadx (button) (small blind) showed [As Tc] and won ($59.50) with two pair, Tens and Threes


PokerStars Hand #144835260083:  Hold'em Limit ($3/$6 USD) - 2015/12/04 19:20:26 ET
Table 'Ilmatar IV' 2-max Seat #2 is the button
Seat 1: caritasest ($125.30 in chips)
Seat 2: Necromadx ($363.85 in chips)
Necromadx: posts small blind $1
caritasest: posts big blind $3
*** HOLE CARDS ***
Necromadx: raises $3 to $6
caritasest: calls $3
*** FLOP *** [2c Th 3d]
caritasest: checks
Necromadx: bets $3
caritasest: calls $3
*** TURN *** [2c Th 3d] [8c]
caritasest: checks
Necromadx: bets $6
caritasest: raises $6 to $12
Necromadx: calls $6
*** RIVER *** [2c Th 3d 8c] [Kh]
caritasest: bets $6
Necromadx: raises $6 to $12
caritasest: calls $6
*** SHOW DOWN ***
Necromadx: shows [8d Tc] (two pair, Tens and Eights)
caritasest: mucks hand
Necromadx collected $65.50 from pot
*** SUMMARY ***
Total pot $66 | Rake $0.50
Board [2c Th 3d 8c Kh]
Seat 1: caritasest (big blind) mucked
Seat 2: Necromadx (button) (small blind) showed [8d Tc] and won ($65.50) with two pair, Tens and Eights


PokerStars Hand #144835240217:  Hold'em Limit ($3/$6 USD) - 2015/12/04 19:19:56 ET
Table 'Ilmatar IV' 2-max Seat #2 is the button
Seat 1: caritasest ($158.30 in chips)
Seat 2: Necromadx ($331.71 in chips)
Necromadx: posts small blind $1
caritasest: posts big blind $3
*** HOLE CARDS ***
Necromadx: raises $3 to $6
caritasest: raises $3 to $9
Necromadx: calls $3
*** FLOP *** [2s Td 6c]
caritasest: bets $3
Necromadx: calls $3
*** TURN *** [2s Td 6c] [8s]
caritasest: bets $6
Necromadx: calls $6
*** RIVER *** [2s Td 6c 8s] [Ac]
caritasest: bets $6
Necromadx: calls $6
*** SHOW DOWN ***
caritasest: shows [3d 6d] (a pair of Sixes)
Necromadx: shows [6s Jh] (a pair of Sixes - Ace+Jack kicker)
Necromadx collected $47.50 from pot
*** SUMMARY ***
Total pot $48 | Rake $0.50
Board [2s Td 6c 8s Ac]
Seat 1: caritasest (big blind) showed [3d 6d] and lost with a pair of Sixes
Seat 2: Necromadx (button) (small blind) showed [6s Jh] and won ($47.50) with a pair of Sixes


PokerStars Hand #144835248211:  Hold'em Limit ($3/$6 USD) - 2015/12/04 19:20:08 ET
Table 'Ilmatar IV' 2-max Seat #1 is the button
Seat 1: caritasest ($134.30 in chips)
Seat 2: Necromadx ($355.21 in chips)
caritasest: posts small blind $1
Necromadx: posts big blind $3
*** HOLE CARDS ***
caritasest: raises $3 to $6
Necromadx: calls $3
*** FLOP *** [7h Qs 2s]
Necromadx: checks
caritasest: bets $3
Necromadx: calls $3
*** TURN *** [7h Qs 2s] [9s]
Necromadx: checks
caritasest: checks
*** RIVER *** [7h Qs 2s 9s] [Td]
Necromadx: bets $6
caritasest: folds
Uncalled bet ($6) returned to Necromadx
Necromadx collected $17.64 from pot
Necromadx: doesn't show hand
*** SUMMARY ***
Total pot $18 | Rake $0.36
Board [7h Qs 2s 9s Td]
Seat 1: caritasest (button) (small blind) folded on the River
Seat 2: Necromadx (big blind) collected ($17.64)


PokerStars Hand #144835232805:  Hold'em Limit ($3/$6 USD) - 2015/12/04 19:19:46 ET
Table 'Ilmatar IV' 2-max Seat #1 is the button
Seat 1: caritasest ($152.54 in chips)
Seat 2: Necromadx ($337.71 in chips)
caritasest: posts small blind $1
Necromadx: posts big blind $3
*** HOLE CARDS ***
caritasest: raises $3 to $6
Necromadx: calls $3
*** FLOP *** [7d Qs As]
Necromadx: checks
caritasest: checks
*** TURN *** [7d Qs As] [Jd]
Necromadx: checks
caritasest: bets $6
Necromadx: folds
Uncalled bet ($6) returned to caritasest
caritasest collected $11.76 from pot
*** SUMMARY ***
Total pot $12 | Rake $0.24
Board [7d Qs As Jd]
Seat 1: caritasest (button) (small blind) collected ($11.76)
Seat 2: Necromadx (big blind) folded on the Turn


PokerStars Hand #144835274585:  Hold'em Limit ($3/$6 USD) - 2015/12/04 19:20:47 ET
Table 'Ilmatar IV' 2-max Seat #1 is the button
Seat 1: caritasest ($92.30 in chips)
Seat 2: Necromadx ($396.35 in chips)
caritasest: posts small blind $1
Necromadx: posts big blind $3
*** HOLE CARDS ***
caritasest: raises $3 to $6
Necromadx: calls $3
*** FLOP *** [Ac Ks 6h]
Necromadx: checks
caritasest: bets $3
Necromadx: raises $3 to $6
caritasest: raises $3 to $9
Necromadx: raises $3 to $12
Betting is capped
caritasest: folds
Uncalled bet ($3) returned to Necromadx
Necromadx collected $29.50 from pot
Necromadx: doesn't show hand
*** SUMMARY ***
Total pot $30 | Rake $0.50
Board [Ac Ks 6h]
Seat 1: caritasest (button) (small blind) folded on the Flop
Seat 2: Necromadx (big blind) collected ($29.50)


PokerStars Hand #144835282747:  Hold'em Limit ($3/$6 USD) - 2015/12/04 19:20:59 ET
Table 'Ilmatar IV' 2-max Seat #2 is the button
Seat 1: caritasest ($77.30 in chips)
Seat 2: Necromadx ($410.85 in chips)
Necromadx: posts small blind $1
caritasest: posts big blind $3
*** HOLE CARDS ***
Necromadx: raises $3 to $6
caritasest: raises $3 to $9
Necromadx: calls $3
*** FLOP *** [2d 9d 3s]
caritasest: bets $3
Necromadx: calls $3
*** TURN *** [2d 9d 3s] [Ac]
caritasest: bets $6
Necromadx: folds
Uncalled bet ($6) returned to caritasest
caritasest collected $23.52 from pot
*** SUMMARY ***
Total pot $24 | Rake $0.48
Board [2d 9d 3s Ac]
Seat 1: caritasest (big blind) collected ($23.52)
Seat 2: Necromadx (button) (small blind) folded on the Turn


PokerStars Hand #144835291555:  Hold'em Limit ($3/$6 USD) - 2015/12/04 19:21:12 ET
Table 'Ilmatar IV' 2-max Seat #1 is the button
Seat 1: caritasest ($88.82 in chips)
Seat 2: Necromadx ($398.85 in chips)
caritasest: posts small blind $1
Necromadx: posts big blind $3
*** HOLE CARDS ***
caritasest: raises $3 to $6
Necromadx: calls $3
*** FLOP *** [Ac 2s 2h]
Necromadx: checks
caritasest: bets $3
Necromadx: folds
Uncalled bet ($3) returned to caritasest
caritasest collected $11.76 from pot
*** SUMMARY ***
Total pot $12 | Rake $0.24
Board [Ac 2s 2h]
Seat 1: caritasest (button) (small blind) collected ($11.76)
Seat 2: Necromadx (big blind) folded on the Flop


PokerStars Hand #144835298192:  Hold'em Limit ($3/$6 USD) - 2015/12/04 19:21:22 ET
Table 'Ilmatar IV' 2-max Seat #2 is the button
Seat 1: caritasest ($94.58 in chips)
Seat 2: Necromadx ($392.85 in chips)
Necromadx: posts small blind $1
caritasest: posts big blind $3
*** HOLE CARDS ***
Necromadx: raises $3 to $6
caritasest: raises $3 to $9
Necromadx: calls $3
*** FLOP *** [9h Th Jh]
caritasest: bets $3
Necromadx: calls $3
*** TURN *** [9h Th Jh] [Qh]
caritasest: bets $6
Necromadx: folds
Uncalled bet ($6) returned to caritasest
caritasest collected $23.52 from pot
*** SUMMARY ***
Total pot $24 | Rake $0.48
Board [9h Th Jh Qh]
Seat 1: caritasest (big blind) collected ($23.52)
Seat 2: Necromadx (button) (small blind) folded on the Turn


PokerStars Hand #144835304916:  Hold'em Limit ($3/$6 USD) - 2015/12/04 19:21:31 ET
Table 'Ilmatar IV' 2-max Seat #1 is the button
Seat 1: caritasest ($106.10 in chips)
Seat 2: Necromadx ($380.85 in chips)
caritasest: posts small blind $1
Necromadx: posts big blind $3
*** HOLE CARDS ***
caritasest: raises $3 to $6
Necromadx: raises $3 to $9
caritasest: raises $3 to $12
Betting is capped
Necromadx: calls $3
*** FLOP *** [9s 4s Kc]
Necromadx: checks
caritasest: bets $3
Necromadx: raises $3 to $6
caritasest: folds
Uncalled bet ($3) returned to Necromadx
Necromadx collected $29.50 from pot
Necromadx: doesn't show hand
*** SUMMARY ***
Total pot $30 | Rake $0.50
Board [9s 4s Kc]
Seat 1: caritasest (button) (small blind) folded on the Flop
Seat 2: Necromadx (big blind) collected ($29.50)


PokerStars Hand #144835312678:  Hold'em Limit ($3/$6 USD) - 2015/12/04 19:21:43 ET
Table 'Ilmatar IV' 2-max Seat #2 is the button
Seat 1: caritasest ($91.10 in chips)
Seat 2: Necromadx ($395.35 in chips)
Necromadx: posts small blind $1
caritasest: posts big blind $3
*** HOLE CARDS ***
Necromadx: raises $3 to $6
caritasest: raises $3 to $9
Necromadx: calls $3
*** FLOP *** [2h 5c Kc]
caritasest: bets $3
Necromadx: raises $3 to $6
caritasest: raises $3 to $9
Necromadx: calls $3
*** TURN *** [2h 5c Kc] [Th]
caritasest: checks
Necromadx: checks
*** RIVER *** [2h 5c Kc Th] [4c]
caritasest: checks
Necromadx: checks
*** SHOW DOWN ***
caritasest: shows [4d 4s] (three of a kind, Fours)
Necromadx: mucks hand
caritasest collected $35.50 from pot
*** SUMMARY ***
Total pot $36 | Rake $0.50
Board [2h 5c Kc Th 4c]
Seat 1: caritasest (big blind) showed [4d 4s] and won ($35.50) with three of a kind, Fours
Seat 2: Necromadx (button) (small blind) mucked


PokerStars Hand #144835323046:  Hold'em Limit ($3/$6 USD) - 2015/12/04 19:21:58 ET
Table 'Ilmatar IV' 2-max Seat #1 is the button
Seat 1: caritasest ($108.60 in chips)
Seat 2: Necromadx ($377.35 in chips)
caritasest: posts small blind $1
Necromadx: posts big blind $3
*** HOLE CARDS ***
caritasest: raises $3 to $6
Necromadx: raises $3 to $9
caritasest: raises $3 to $12
Betting is capped
Necromadx: calls $3
*** FLOP *** [3d Td 9c]
Necromadx: checks
caritasest: checks
*** TURN *** [3d Td 9c] [Tc]
Necromadx: bets $6
caritasest: raises $6 to $12
Necromadx: raises $6 to $18
caritasest: raises $6 to $24
Betting is capped
Necromadx: calls $6
*** RIVER *** [3d Td 9c Tc] [8h]
Necromadx: bets $6
caritasest: calls $6
*** SHOW DOWN ***
Necromadx: shows [Ts 9s] (a full house, Tens full of Nines)
caritasest: mucks hand
Necromadx collected $83.50 from pot
*** SUMMARY ***
Total pot $84 | Rake $0.50
Board [3d Td 9c Tc 8h]
Seat 1: caritasest (button) (small blind) mucked
Seat 2: Necromadx (big blind) showed [Ts 9s] and won ($83.50) with a full house, Tens full of Nines


PokerStars Hand #144835339238:  Hold'em Limit ($3/$6 USD) - 2015/12/04 19:22:22 ET
Table 'Ilmatar IV' 2-max Seat #2 is the button
Seat 1: caritasest ($66.60 in chips)
Seat 2: Necromadx ($418.85 in chips)
Necromadx: posts small blind $1
caritasest: posts big blind $3
*** HOLE CARDS ***
Necromadx: raises $3 to $6
caritasest: raises $3 to $9
Necromadx: calls $3
*** FLOP *** [Th 5d 9h]
caritasest: bets $3
Necromadx: calls $3
*** TURN *** [Th 5d 9h] [5s]
caritasest: bets $6
Necromadx: calls $6
*** RIVER *** [Th 5d 9h 5s] [2d]
caritasest: bets $6
Necromadx: calls $6
*** SHOW DOWN ***
caritasest: shows [Qc 9c] (two pair, Nines and Fives)
Necromadx: mucks hand
caritasest collected $47.50 from pot
*** SUMMARY ***
Total pot $48 | Rake $0.50
Board [Th 5d 9h 5s 2d]
Seat 1: caritasest (big blind) showed [Qc 9c] and won ($47.50) with two pair, Nines and Fives
Seat 2: Necromadx (button) (small blind) mucked


PokerStars Hand #144835350640:  Hold'em Limit ($3/$6 USD) - 2015/12/04 19:22:39 ET
Table 'Ilmatar IV' 2-max Seat #1 is the button
Seat 1: caritasest ($90.10 in chips)
Seat 2: Necromadx ($394.85 in chips)
caritasest: posts small blind $1
Necromadx: posts big blind $3
*** HOLE CARDS ***
caritasest: raises $3 to $6
Necromadx: calls $3
*** FLOP *** [Ks Ad 6s]
Necromadx: checks
caritasest: bets $3
Necromadx: calls $3
*** TURN *** [Ks Ad 6s] [Js]
Necromadx: checks
caritasest: checks
*** RIVER *** [Ks Ad 6s Js] [8h]
Necromadx: checks
caritasest: checks
*** SHOW DOWN ***
Necromadx: shows [Qc 2s] (high card Ace)
caritasest: mucks hand
Necromadx collected $17.64 from pot
*** SUMMARY ***
Total pot $18 | Rake $0.36
Board [Ks Ad 6s Js 8h]
Seat 1: caritasest (button) (small blind) mucked
Seat 2: Necromadx (big blind) showed [Qc 2s] and won ($17.64) with high card Ace


PokerStars Hand #144835364898:  Hold'em Limit ($3/$6 USD) - 2015/12/04 19:23:00 ET
Table 'Ilmatar IV' 2-max Seat #2 is the button
Seat 1: caritasest ($81.10 in chips)
Seat 2: Necromadx ($403.49 in chips)
Necromadx: posts small blind $1
caritasest: posts big blind $3
*** HOLE CARDS ***
Necromadx: raises $3 to $6
caritasest: calls $3
*** FLOP *** [3h 7h Ts]
caritasest: checks
Necromadx: checks
*** TURN *** [3h 7h Ts] [7s]
caritasest: bets $6
Necromadx: folds
Uncalled bet ($6) returned to caritasest
caritasest collected $11.76 from pot
*** SUMMARY ***
Total pot $12 | Rake $0.24
Board [3h 7h Ts 7s]
Seat 1: caritasest (big blind) collected ($11.76)
Seat 2: Necromadx (button) (small blind) folded on the Turn


PokerStars Hand #144835385848:  Hold'em Limit ($3/$6 USD) - 2015/12/04 19:23:31 ET
Table 'Ilmatar IV' 2-max Seat #2 is the button
Seat 1: caritasest ($86.62 in chips)
Seat 2: Necromadx ($397.25 in chips)
Necromadx: posts small blind $1
caritasest: posts big blind $3
*** HOLE CARDS ***
Necromadx: raises $3 to $6
caritasest: calls $3
*** FLOP *** [Tc Kd Qc]
caritasest: checks
Necromadx: bets $3
caritasest: calls $3
*** TURN *** [Tc Kd Qc] [3h]
caritasest: bets $6
Necromadx: calls $6
*** RIVER *** [Tc Kd Qc 3h] [9h]
caritasest: checks
Necromadx: checks
*** SHOW DOWN ***
caritasest: shows [5s 6c] (high card King)
Necromadx: shows [Qd 2s] (a pair of Queens)
Necromadx collected $29.50 from pot
*** SUMMARY ***
Total pot $30 | Rake $0.50
Board [Tc Kd Qc 3h 9h]
Seat 1: caritasest (big blind) showed [5s 6c] and lost with high card King
Seat 2: Necromadx (button) (small blind) showed [Qd 2s] and won ($29.50) with a pair of Queens


PokerStars Hand #144835372940:  Hold'em Limit ($3/$6 USD) - 2015/12/04 19:23:12 ET
Table 'Ilmatar IV' 2-max Seat #1 is the button
Seat 1: caritasest ($86.86 in chips)
Seat 2: Necromadx ($397.49 in chips)
caritasest: posts small blind $1
Necromadx: posts big blind $3
*** HOLE CARDS ***
caritasest: calls $2
Necromadx: checks
*** FLOP *** [Ah As Qs]
Necromadx: bets $3
caritasest: calls $3
*** TURN *** [Ah As Qs] [3s]
Necromadx: checks
caritasest: checks
*** RIVER *** [Ah As Qs 3s] [Kc]
Necromadx: checks
caritasest: bets $6
Necromadx: calls $6
*** SHOW DOWN ***
caritasest: shows [3d Qh] (two pair, Aces and Queens)
Necromadx: shows [Qd 8s] (two pair, Aces and Queens)
Necromadx collected $11.76 from pot
caritasest collected $11.76 from pot
*** SUMMARY ***
Total pot $24 | Rake $0.48
Board [Ah As Qs 3s Kc]
Seat 1: caritasest (button) (small blind) showed [3d Qh] and won ($11.76) with two pair, Aces and Queens
Seat 2: Necromadx (big blind) showed [Qd 8s] and won ($11.76) with two pair, Aces and Queens


PokerStars Hand #144835435533:  Hold'em Limit ($3/$6 USD) - 2015/12/04 19:24:45 ET
Table 'Ilmatar IV' 2-max Seat #2 is the button
Seat 1: caritasest ($59.26 in chips)
Seat 2: Necromadx ($423.25 in chips)
Necromadx: posts small blind $1
caritasest: posts big blind $3
*** HOLE CARDS ***
Necromadx: raises $3 to $6
caritasest: calls $3
*** FLOP *** [7d Jc Kh]
caritasest: checks
Necromadx: bets $3
caritasest: folds
Uncalled bet ($3) returned to Necromadx
Necromadx collected $11.76 from pot
Necromadx: doesn't show hand
*** SUMMARY ***
Total pot $12 | Rake $0.24
Board [7d Jc Kh]
Seat 1: caritasest (big blind) folded on the Flop
Seat 2: Necromadx (button) (small blind) collected ($11.76)


PokerStars Hand #144835404614:  Hold'em Limit ($3/$6 USD) - 2015/12/04 19:23:59 ET
Table 'Ilmatar IV' 2-max Seat #2 is the button
Seat 1: caritasest ($74.62 in chips)
Seat 2: Necromadx ($408.75 in chips)
Necromadx: posts small blind $1
caritasest: posts big blind $3
*** HOLE CARDS ***
Necromadx: raises $3 to $6
caritasest: calls $3
*** FLOP *** [Ad Jh 5h]
caritasest: checks
Necromadx: bets $3
caritasest: calls $3
*** TURN *** [Ad Jh 5h] [3h]
caritasest: bets $6
Necromadx: folds
Uncalled bet ($6) returned to caritasest
caritasest collected $17.64 from pot
*** SUMMARY ***
Total pot $18 | Rake $0.36
Board [Ad Jh 5h 3h]
Seat 1: caritasest (big blind) collected ($17.64)
Seat 2: Necromadx (button) (small blind) folded on the Turn


PokerStars Hand #144835421477:  Hold'em Limit ($3/$6 USD) - 2015/12/04 19:24:24 ET
Table 'Ilmatar IV' 2-max Seat #1 is the button
Seat 1: caritasest ($83.26 in chips)
Seat 2: Necromadx ($399.75 in chips)
caritasest: posts small blind $1
Necromadx: posts big blind $3
*** HOLE CARDS ***
caritasest: calls $2
Necromadx: raises $3 to $6
caritasest: calls $3
*** FLOP *** [2c Jh 3h]
Necromadx: bets $3
caritasest: raises $3 to $6
Necromadx: calls $3
*** TURN *** [2c Jh 3h] [Ts]
Necromadx: checks
caritasest: bets $6
Necromadx: calls $6
*** RIVER *** [2c Jh 3h Ts] [4h]
Necromadx: checks
caritasest: bets $6
Necromadx: calls $6
*** SHOW DOWN ***
caritasest: shows [5s 4d] (a pair of Fours)
Necromadx: shows [Tc Kh] (a pair of Tens)
Necromadx collected $47.50 from pot
*** SUMMARY ***
Total pot $48 | Rake $0.50
Board [2c Jh 3h Ts 4h]
Seat 1: caritasest (button) (small blind) showed [5s 4d] and lost with a pair of Fours
Seat 2: Necromadx (big blind) showed [Tc Kh] and won ($47.50) with a pair of Tens


PokerStars Hand #144835400795:  Hold'em Limit ($3/$6 USD) - 2015/12/04 19:23:53 ET
Table 'Ilmatar IV' 2-max Seat #1 is the button
Seat 1: caritasest ($71.62 in chips)
Seat 2: Necromadx ($411.75 in chips)
caritasest: posts small blind $1
Necromadx: posts big blind $3
*** HOLE CARDS ***
caritasest: raises $3 to $6
Necromadx: folds
Uncalled bet ($3) returned to caritasest
caritasest collected $6 from pot
*** SUMMARY ***
Total pot $6 | Rake $0
Seat 1: caritasest (button) (small blind) collected ($6)
Seat 2: Necromadx (big blind) folded before Flop


PokerStars Hand #144835440910:  Hold'em Limit ($3/$6 USD) - 2015/12/04 19:24:53 ET
Table 'Ilmatar IV' 2-max Seat #1 is the button
Seat 1: caritasest ($53.26 in chips)
Seat 2: Necromadx ($429.01 in chips)
caritasest: posts small blind $1
Necromadx: posts big blind $3
*** HOLE CARDS ***
caritasest: raises $3 to $6
Necromadx: raises $3 to $9
caritasest: raises $3 to $12
Betting is capped
Necromadx: calls $3
*** FLOP *** [Ad 7s 7d]
Necromadx: checks
caritasest: bets $3
Necromadx: calls $3
*** TURN *** [Ad 7s 7d] [9s]
Necromadx: checks
caritasest: checks
*** RIVER *** [Ad 7s 7d 9s] [3c]
Necromadx: bets $6
caritasest: folds
Uncalled bet ($6) returned to Necromadx
Necromadx collected $29.50 from pot
Necromadx: doesn't show hand
*** SUMMARY ***
Total pot $30 | Rake $0.50
Board [Ad 7s 7d 9s 3c]
Seat 1: caritasest (button) (small blind) folded on the River
Seat 2: Necromadx (big blind) collected ($29.50)


PokerStars Hand #144835451199:  Hold'em Limit ($3/$6 USD) - 2015/12/04 19:25:08 ET
Table 'Ilmatar IV' 2-max Seat #2 is the button
Seat 1: caritasest ($38.26 in chips)
Seat 2: Necromadx ($443.51 in chips)
Necromadx: posts small blind $1
caritasest: posts big blind $3
*** HOLE CARDS ***
Necromadx: raises $3 to $6
caritasest: raises $3 to $9
Necromadx: calls $3
*** FLOP *** [8c 9h 6s]
caritasest: bets $3
Necromadx: calls $3
*** TURN *** [8c 9h 6s] [2s]
caritasest: bets $6
Necromadx: calls $6
*** RIVER *** [8c 9h 6s 2s] [Kd]
caritasest: bets $6
Necromadx: calls $6
*** SHOW DOWN ***
caritasest: shows [7c Ad] (high card Ace)
Necromadx: shows [Qc Ah] (high card Ace - King+Queen kicker)
Necromadx collected $47.50 from pot
*** SUMMARY ***
Total pot $48 | Rake $0.50
Board [8c 9h 6s 2s Kd]
Seat 1: caritasest (big blind) showed [7c Ad] and lost with high card Ace
Seat 2: Necromadx (button) (small blind) showed [Qc Ah] and won ($47.50) with high card Ace


PokerStars Hand #144835458780:  Hold'em Limit ($3/$6 USD) - 2015/12/04 19:25:19 ET
Table 'Ilmatar IV' 2-max Seat #1 is the button
Seat 1: caritasest ($14.26 in chips)
Seat 2: Necromadx ($467.01 in chips)
caritasest: posts small blind $1
Necromadx: posts big blind $3
*** HOLE CARDS ***
caritasest: raises $3 to $6
Necromadx: raises $3 to $9
caritasest: raises $3 to $12
Betting is capped
Necromadx: calls $3
*** FLOP *** [4d 9h 4c]
Necromadx: checks
caritasest: bets $2.26 and is all-in
Necromadx: calls $2.26
*** TURN *** [4d 9h 4c] [8h]
*** RIVER *** [4d 9h 4c 8h] [Kh]
*** SHOW DOWN ***
Necromadx: shows [Jh Kd] (two pair, Kings and Fours)
caritasest: shows [Qd 7h] (a pair of Fours)
Necromadx collected $28.02 from pot
*** SUMMARY ***
Total pot $28.52 | Rake $0.50
Board [4d 9h 4c 8h Kh]
Seat 1: caritasest (button) (small blind) showed [Qd 7h] and lost with a pair of Fours
Seat 2: Necromadx (big blind) showed [Jh Kd] and won ($28.02) with two pair, Kings and Fours


