PokerStars Hand #151982189785:  Hold'em Limit ($3/$6 USD) - 2016/04/16 1:48:43 ET
Table 'Ilmari II' 6-max Seat #4 is the button
Seat 4: Agrotait ($93.50 in chips)
Seat 5: happyshine88 ($98 in chips)
Agrotait: posts small blind $1
happyshine88: posts big blind $3
*** HOLE CARDS ***
Agrotait: raises $3 to $6
happyshine88: folds
Uncalled bet ($3) returned to Agrotait
Agrotait collected $6 from pot
Agrotait: doesn't show hand
*** SUMMARY ***
Total pot $6 | Rake $0
Seat 4: Agrotait (button) (small blind) collected ($6)
Seat 5: happyshine88 (big blind) folded before Flop


PokerStars Hand #151982187970:  Hold'em Limit ($3/$6 USD) - 2016/04/16 1:48:36 ET
Table 'Ilmari II' 6-max Seat #5 is the button
Seat 4: Agrotait ($92.50 in chips)
Seat 5: happyshine88 ($99 in chips)
happyshine88: posts small blind $1
Agrotait: posts big blind $3
*** HOLE CARDS ***
happyshine88: folds
Uncalled bet ($2) returned to Agrotait
Agrotait collected $2 from pot
Agrotait: doesn't show hand
*** SUMMARY ***
Total pot $2 | Rake $0
Seat 4: Agrotait (big blind) collected ($2)
Seat 5: happyshine88 (button) (small blind) folded before Flop


PokerStars Hand #151982181384:  Hold'em Limit ($3/$6 USD) - 2016/04/16 1:48:13 ET
Table 'Ilmari II' 6-max Seat #4 is the button
Seat 4: Agrotait ($89.50 in chips)
Seat 5: happyshine88 ($102 in chips)
Agrotait: posts small blind $1
happyshine88: posts big blind $3
*** HOLE CARDS ***
Agrotait: raises $3 to $6
happyshine88: folds
Uncalled bet ($3) returned to Agrotait
Agrotait collected $6 from pot
Agrotait: doesn't show hand
*** SUMMARY ***
Total pot $6 | Rake $0
Seat 4: Agrotait (button) (small blind) collected ($6)
Seat 5: happyshine88 (big blind) folded before Flop


PokerStars Hand #151982167134:  Hold'em Limit ($3/$6 USD) - 2016/04/16 1:47:22 ET
Table 'Ilmari II' 6-max Seat #5 is the button
Seat 4: Agrotait ($75 in chips)
Seat 5: happyshine88 ($117 in chips)
happyshine88: posts small blind $1
Agrotait: posts big blind $3
*** HOLE CARDS ***
happyshine88: raises $3 to $6
Agrotait: calls $3
*** FLOP *** [Ac Ts Ad]
Agrotait: checks
happyshine88: bets $3
Agrotait: calls $3
*** TURN *** [Ac Ts Ad] [5h]
Agrotait: checks
happyshine88: bets $6
Agrotait: calls $6
*** RIVER *** [Ac Ts Ad 5h] [Qs]
Agrotait: checks
happyshine88: checks
*** SHOW DOWN ***
Agrotait: shows [Qd 6s] (two pair, Aces and Queens)
happyshine88: mucks hand
Agrotait collected $29.50 from pot
*** SUMMARY ***
Total pot $30 | Rake $0.50
Board [Ac Ts Ad 5h Qs]
Seat 4: Agrotait (big blind) showed [Qd 6s] and won ($29.50) with two pair, Aces and Queens
Seat 5: happyshine88 (button) (small blind) mucked


PokerStars Hand #151982201729:  Hold'em Limit ($3/$6 USD) - 2016/04/16 1:49:25 ET
Table 'Ilmari II' 6-max Seat #4 is the button
Seat 4: Agrotait ($87.50 in chips)
Seat 5: happyshine88 ($103.64 in chips)
Agrotait: posts small blind $1
happyshine88: posts big blind $3
*** HOLE CARDS ***
Agrotait: folds
Uncalled bet ($2) returned to happyshine88
happyshine88 collected $2 from pot
happyshine88: doesn't show hand
*** SUMMARY ***
Total pot $2 | Rake $0
Seat 4: Agrotait (button) (small blind) folded before Flop
Seat 5: happyshine88 (big blind) collected ($2)


PokerStars Hand #151982191871:  Hold'em Limit ($3/$6 USD) - 2016/04/16 1:48:50 ET
Table 'Ilmari II' 6-max Seat #5 is the button
Seat 4: Agrotait ($96.50 in chips)
Seat 5: happyshine88 ($95 in chips)
happyshine88: posts small blind $1
Agrotait: posts big blind $3
*** HOLE CARDS ***
happyshine88: raises $3 to $6
Agrotait: calls $3
*** FLOP *** [Ts 7c 2d]
Agrotait: checks
happyshine88: bets $3
Agrotait: calls $3
*** TURN *** [Ts 7c 2d] [Th]
Agrotait: checks
happyshine88: bets $6
Agrotait: folds
Uncalled bet ($6) returned to happyshine88
happyshine88 collected $17.64 from pot
happyshine88: doesn't show hand
*** SUMMARY ***
Total pot $18 | Rake $0.36
Board [Ts 7c 2d Th]
Seat 4: Agrotait (big blind) folded on the Turn
Seat 5: happyshine88 (button) (small blind) collected ($17.64)


PokerStars Hand #151982219226:  Hold'em Limit ($3/$6 USD) - 2016/04/16 1:50:28 ET
Table 'Ilmari II' 6-max Seat #4 is the button
Seat 4: Agrotait ($98.02 in chips)
Seat 5: happyshine88 ($92.64 in chips)
Agrotait: posts small blind $1
happyshine88: posts big blind $3
*** HOLE CARDS ***
Agrotait: raises $3 to $6
happyshine88: folds
Uncalled bet ($3) returned to Agrotait
Agrotait collected $6 from pot
Agrotait: doesn't show hand
*** SUMMARY ***
Total pot $6 | Rake $0
Seat 4: Agrotait (button) (small blind) collected ($6)
Seat 5: happyshine88 (big blind) folded before Flop


PokerStars Hand #151982203293:  Hold'em Limit ($3/$6 USD) - 2016/04/16 1:49:31 ET
Table 'Ilmari II' 6-max Seat #5 is the button
Seat 4: Agrotait ($86.50 in chips)
Seat 5: happyshine88 ($104.64 in chips)
happyshine88: posts small blind $1
Agrotait: posts big blind $3
*** HOLE CARDS ***
happyshine88: raises $3 to $6
Agrotait: calls $3
*** FLOP *** [Ks 9h 3s]
Agrotait: checks
happyshine88: bets $3
Agrotait: raises $3 to $6
happyshine88: calls $3
*** TURN *** [Ks 9h 3s] [Ah]
Agrotait: bets $6
happyshine88: folds
Uncalled bet ($6) returned to Agrotait
Agrotait collected $23.52 from pot
Agrotait: doesn't show hand
*** SUMMARY ***
Total pot $24 | Rake $0.48
Board [Ks 9h 3s Ah]
Seat 4: Agrotait (big blind) collected ($23.52)
Seat 5: happyshine88 (button) (small blind) folded on the Turn


PokerStars Hand #151982235432:  Hold'em Limit ($3/$6 USD) - 2016/04/16 1:51:26 ET
Table 'Ilmari II' 6-max Seat #4 is the button
Seat 4: Agrotait ($86.02 in chips)
Seat 5: happyshine88 ($104.14 in chips)
Agrotait: posts small blind $1
happyshine88: posts big blind $3
*** HOLE CARDS ***
Agrotait: raises $3 to $6
happyshine88: folds
Uncalled bet ($3) returned to Agrotait
Agrotait collected $6 from pot
Agrotait: doesn't show hand
*** SUMMARY ***
Total pot $6 | Rake $0
Seat 4: Agrotait (button) (small blind) collected ($6)
Seat 5: happyshine88 (big blind) folded before Flop


PokerStars Hand #151982222340:  Hold'em Limit ($3/$6 USD) - 2016/04/16 1:50:39 ET
Table 'Ilmari II' 6-max Seat #5 is the button
Seat 4: Agrotait ($101.02 in chips)
Seat 5: happyshine88 ($89.64 in chips)
happyshine88: posts small blind $1
Agrotait: posts big blind $3
*** HOLE CARDS ***
happyshine88: raises $3 to $6
Agrotait: calls $3
*** FLOP *** [7c 6h 4c]
Agrotait: checks
happyshine88: bets $3
Agrotait: raises $3 to $6
happyshine88: raises $3 to $9
Agrotait: calls $3
*** TURN *** [7c 6h 4c] [5s]
Agrotait: checks
happyshine88: checks
*** RIVER *** [7c 6h 4c 5s] [Qd]
Agrotait: checks
happyshine88: bets $6
Agrotait: folds
Uncalled bet ($6) returned to happyshine88
happyshine88 collected $29.50 from pot
happyshine88: doesn't show hand
*** SUMMARY ***
Total pot $30 | Rake $0.50
Board [7c 6h 4c 5s Qd]
Seat 4: Agrotait (big blind) folded on the River
Seat 5: happyshine88 (button) (small blind) collected ($29.50)


PokerStars Hand #151982254892:  Hold'em Limit ($3/$6 USD) - 2016/04/16 1:52:36 ET
Table 'Ilmari II' 6-max Seat #4 is the button
Seat 4: Agrotait ($65.02 in chips)
Seat 5: happyshine88 ($124.64 in chips)
Agrotait: posts small blind $1
happyshine88: posts big blind $3
*** HOLE CARDS ***
Agrotait: raises $3 to $6
happyshine88: folds
Uncalled bet ($3) returned to Agrotait
Agrotait collected $6 from pot
Agrotait: doesn't show hand
*** SUMMARY ***
Total pot $6 | Rake $0
Seat 4: Agrotait (button) (small blind) collected ($6)
Seat 5: happyshine88 (big blind) folded before Flop


PokerStars Hand #151982237508:  Hold'em Limit ($3/$6 USD) - 2016/04/16 1:51:33 ET
Table 'Ilmari II' 6-max Seat #5 is the button
Seat 4: Agrotait ($89.02 in chips)
Seat 5: happyshine88 ($101.14 in chips)
happyshine88: posts small blind $1
Agrotait: posts big blind $3
*** HOLE CARDS ***
happyshine88: raises $3 to $6
Agrotait: calls $3
*** FLOP *** [7c 4d 6s]
Agrotait: checks
happyshine88: checks
*** TURN *** [7c 4d 6s] [7h]
Agrotait: bets $6
happyshine88: calls $6
*** RIVER *** [7c 4d 6s 7h] [5h]
Agrotait: bets $6
happyshine88: raises $6 to $12
Agrotait: calls $6
*** SHOW DOWN ***
happyshine88: shows [Qd 8d] (a straight, Four to Eight)
Agrotait: mucks hand
happyshine88 collected $47.50 from pot
*** SUMMARY ***
Total pot $48 | Rake $0.50
Board [7c 4d 6s 7h 5h]
Seat 4: Agrotait (big blind) mucked
Seat 5: happyshine88 (button) (small blind) showed [Qd 8d] and won ($47.50) with a straight, Four to Eight


PokerStars Hand #151982272600:  Hold'em Limit ($3/$6 USD) - 2016/04/16 1:53:39 ET
Table 'Ilmari II' 6-max Seat #4 is the button
Seat 4: Agrotait ($79.54 in chips)
Seat 5: happyshine88 ($109.64 in chips)
Agrotait: posts small blind $1
happyshine88: posts big blind $3
*** HOLE CARDS ***
Agrotait: raises $3 to $6
happyshine88: folds
Uncalled bet ($3) returned to Agrotait
Agrotait collected $6 from pot
Agrotait: doesn't show hand
*** SUMMARY ***
Total pot $6 | Rake $0
Seat 4: Agrotait (button) (small blind) collected ($6)
Seat 5: happyshine88 (big blind) folded before Flop


PokerStars Hand #151982259064:  Hold'em Limit ($3/$6 USD) - 2016/04/16 1:52:51 ET
Table 'Ilmari II' 6-max Seat #5 is the button
Seat 4: Agrotait ($68.02 in chips)
Seat 5: happyshine88 ($121.64 in chips)
happyshine88: posts small blind $1
Agrotait: posts big blind $3
*** HOLE CARDS ***
happyshine88: raises $3 to $6
Agrotait: calls $3
*** FLOP *** [7s 6d 9h]
Agrotait: checks
happyshine88: checks
*** TURN *** [7s 6d 9h] [Qc]
Agrotait: bets $6
happyshine88: calls $6
*** RIVER *** [7s 6d 9h Qc] [Ac]
Agrotait: bets $6
happyshine88: folds
Uncalled bet ($6) returned to Agrotait
Agrotait collected $23.52 from pot
Agrotait: doesn't show hand
*** SUMMARY ***
Total pot $24 | Rake $0.48
Board [7s 6d 9h Qc Ac]
Seat 4: Agrotait (big blind) collected ($23.52)
Seat 5: happyshine88 (button) (small blind) folded on the River


PokerStars Hand #151982274713:  Hold'em Limit ($3/$6 USD) - 2016/04/16 1:53:47 ET
Table 'Ilmari II' 6-max Seat #5 is the button
Seat 4: Agrotait ($82.54 in chips)
Seat 5: happyshine88 ($106.64 in chips)
happyshine88: posts small blind $1
Agrotait: posts big blind $3
*** HOLE CARDS ***
happyshine88: raises $3 to $6
Agrotait: raises $3 to $9
happyshine88: calls $3
*** FLOP *** [Kd Th 5s]
Agrotait: bets $3
happyshine88: folds
Uncalled bet ($3) returned to Agrotait
Agrotait collected $17.64 from pot
Agrotait: doesn't show hand
*** SUMMARY ***
Total pot $18 | Rake $0.36
Board [Kd Th 5s]
Seat 4: Agrotait (big blind) collected ($17.64)
Seat 5: happyshine88 (button) (small blind) folded on the Flop


PokerStars Hand #151982283919:  Hold'em Limit ($3/$6 USD) - 2016/04/16 1:54:20 ET
Table 'Ilmari II' 6-max Seat #5 is the button
Seat 4: Agrotait ($90.18 in chips)
Seat 5: happyshine88 ($98.64 in chips)
happyshine88: posts small blind $1
Agrotait: posts big blind $3
*** HOLE CARDS ***
happyshine88: folds
Uncalled bet ($2) returned to Agrotait
Agrotait collected $2 from pot
Agrotait: doesn't show hand
*** SUMMARY ***
Total pot $2 | Rake $0
Seat 4: Agrotait (big blind) collected ($2)
Seat 5: happyshine88 (button) (small blind) folded before Flop


PokerStars Hand #151982282487:  Hold'em Limit ($3/$6 USD) - 2016/04/16 1:54:15 ET
Table 'Ilmari II' 6-max Seat #4 is the button
Seat 4: Agrotait ($91.18 in chips)
Seat 5: happyshine88 ($97.64 in chips)
Agrotait: posts small blind $1
happyshine88: posts big blind $3
*** HOLE CARDS ***
Agrotait: folds
Uncalled bet ($2) returned to happyshine88
happyshine88 collected $2 from pot
happyshine88: doesn't show hand
*** SUMMARY ***
Total pot $2 | Rake $0
Seat 4: Agrotait (button) (small blind) folded before Flop
Seat 5: happyshine88 (big blind) collected ($2)


PokerStars Hand #151982285289:  Hold'em Limit ($3/$6 USD) - 2016/04/16 1:54:25 ET
Table 'Ilmari II' 6-max Seat #4 is the button
Seat 4: Agrotait ($91.18 in chips)
Seat 5: happyshine88 ($97.64 in chips)
Agrotait: posts small blind $1
happyshine88: posts big blind $3
*** HOLE CARDS ***
Agrotait: raises $3 to $6
happyshine88: raises $3 to $9
Agrotait: calls $3
*** FLOP *** [Qh Js Kh]
happyshine88: bets $3
Agrotait: calls $3
*** TURN *** [Qh Js Kh] [Ad]
happyshine88: checks
Agrotait: checks
*** RIVER *** [Qh Js Kh Ad] [8c]
happyshine88: bets $6
Agrotait: calls $6
*** SHOW DOWN ***
happyshine88: shows [Ks 2d] (a pair of Kings)
Agrotait: shows [As 9h] (a pair of Aces)
Agrotait collected $35.50 from pot
*** SUMMARY ***
Total pot $36 | Rake $0.50
Board [Qh Js Kh Ad 8c]
Seat 4: Agrotait (button) (small blind) showed [As 9h] and won ($35.50) with a pair of Aces
Seat 5: happyshine88 (big blind) showed [Ks 2d] and lost with a pair of Kings


PokerStars Hand #151982293726:  Hold'em Limit ($3/$6 USD) - 2016/04/16 1:54:55 ET
Table 'Ilmari II' 6-max Seat #5 is the button
Seat 4: Agrotait ($108.68 in chips)
Seat 5: happyshine88 ($79.64 in chips)
happyshine88: posts small blind $1
Agrotait: posts big blind $3
*** HOLE CARDS ***
happyshine88: folds
Uncalled bet ($2) returned to Agrotait
Agrotait collected $2 from pot
Agrotait: doesn't show hand
*** SUMMARY ***
Total pot $2 | Rake $0
Seat 4: Agrotait (big blind) collected ($2)
Seat 5: happyshine88 (button) (small blind) folded before Flop


PokerStars Hand #151982295504:  Hold'em Limit ($3/$6 USD) - 2016/04/16 1:55:01 ET
Table 'Ilmari II' 6-max Seat #4 is the button
Seat 4: Agrotait ($109.68 in chips)
Seat 5: happyshine88 ($78.64 in chips)
Agrotait: posts small blind $1
happyshine88: posts big blind $3
*** HOLE CARDS ***
Agrotait: raises $3 to $6
happyshine88: calls $3
*** FLOP *** [8c 4h 2s]
happyshine88: checks
Agrotait: bets $3
happyshine88: raises $3 to $6
Agrotait: calls $3
*** TURN *** [8c 4h 2s] [Jd]
happyshine88: bets $6
Agrotait: folds
Uncalled bet ($6) returned to happyshine88
happyshine88 collected $23.52 from pot
happyshine88: doesn't show hand
*** SUMMARY ***
Total pot $24 | Rake $0.48
Board [8c 4h 2s Jd]
Seat 4: Agrotait (button) (small blind) folded on the Turn
Seat 5: happyshine88 (big blind) collected ($23.52)


PokerStars Hand #151982314663:  Hold'em Limit ($3/$6 USD) - 2016/04/16 1:55:40 ET
Table 'Ilmari II' 6-max Seat #5 is the button
Seat 4: Agrotait ($97.68 in chips)
Seat 5: happyshine88 ($90.16 in chips)
happyshine88: posts small blind $1
Agrotait: posts big blind $3
*** HOLE CARDS ***
happyshine88: folds
Uncalled bet ($2) returned to Agrotait
Agrotait collected $2 from pot
Agrotait: doesn't show hand
*** SUMMARY ***
Total pot $2 | Rake $0
Seat 4: Agrotait (big blind) collected ($2)
Seat 5: happyshine88 (button) (small blind) folded before Flop


PokerStars Hand #151982316300:  Hold'em Limit ($3/$6 USD) - 2016/04/16 1:55:47 ET
Table 'Ilmari II' 6-max Seat #4 is the button
Seat 4: Agrotait ($98.68 in chips)
Seat 5: happyshine88 ($89.16 in chips)
Agrotait: posts small blind $1
happyshine88: posts big blind $3
*** HOLE CARDS ***
Agrotait: raises $3 to $6
happyshine88: calls $3
*** FLOP *** [Jd Ad 7s]
happyshine88: checks
Agrotait: bets $3
happyshine88: raises $3 to $6
Agrotait: calls $3
*** TURN *** [Jd Ad 7s] [Kc]
happyshine88: bets $6
Agrotait: calls $6
*** RIVER *** [Jd Ad 7s Kc] [Jh]
happyshine88: bets $6
Agrotait: raises $6 to $12
happyshine88: raises $6 to $18
Agrotait: calls $6
*** SHOW DOWN ***
happyshine88: shows [7d 7c] (a full house, Sevens full of Jacks)
Agrotait: mucks hand
happyshine88 collected $71.50 from pot
*** SUMMARY ***
Total pot $72 | Rake $0.50
Board [Jd Ad 7s Kc Jh]
Seat 4: Agrotait (button) (small blind) mucked
Seat 5: happyshine88 (big blind) showed [7d 7c] and won ($71.50) with a full house, Sevens full of Jacks


PokerStars Hand #151982329674:  Hold'em Limit ($3/$6 USD) - 2016/04/16 1:56:41 ET
Table 'Ilmari II' 6-max Seat #5 is the button
Seat 4: Agrotait ($62.68 in chips)
Seat 5: happyshine88 ($124.66 in chips)
happyshine88: posts small blind $1
Agrotait: posts big blind $3
*** HOLE CARDS ***
happyshine88: raises $3 to $6
Agrotait: folds
Uncalled bet ($3) returned to happyshine88
happyshine88 collected $6 from pot
happyshine88: doesn't show hand
*** SUMMARY ***
Total pot $6 | Rake $0
Seat 4: Agrotait (big blind) folded before Flop
Seat 5: happyshine88 (button) (small blind) collected ($6)


PokerStars Hand #151982334058:  Hold'em Limit ($3/$6 USD) - 2016/04/16 1:56:59 ET
Table 'Ilmari II' 6-max Seat #5 is the button
Seat 4: Agrotait ($75 in chips)
Seat 5: happyshine88 ($124.66 in chips)
happyshine88: posts small blind $1
Agrotait: posts big blind $3
*** HOLE CARDS ***
happyshine88: folds
Uncalled bet ($2) returned to Agrotait
Agrotait collected $2 from pot
Agrotait: doesn't show hand
*** SUMMARY ***
Total pot $2 | Rake $0
Seat 4: Agrotait (big blind) collected ($2)
Seat 5: happyshine88 (button) (small blind) folded before Flop


PokerStars Hand #151982332481:  Hold'em Limit ($3/$6 USD) - 2016/04/16 1:56:52 ET
Table 'Ilmari II' 6-max Seat #4 is the button
Seat 4: Agrotait ($72 in chips)
Seat 5: happyshine88 ($127.66 in chips)
Agrotait: posts small blind $1
happyshine88: posts big blind $3
*** HOLE CARDS ***
Agrotait: raises $3 to $6
happyshine88: folds
Uncalled bet ($3) returned to Agrotait
Agrotait collected $6 from pot
Agrotait: doesn't show hand
*** SUMMARY ***
Total pot $6 | Rake $0
Seat 4: Agrotait (button) (small blind) collected ($6)
Seat 5: happyshine88 (big blind) folded before Flop


PokerStars Hand #151982335477:  Hold'em Limit ($3/$6 USD) - 2016/04/16 1:57:04 ET
Table 'Ilmari II' 6-max Seat #4 is the button
Seat 4: Agrotait ($76 in chips)
Seat 5: happyshine88 ($123.66 in chips)
Agrotait: posts small blind $1
happyshine88: posts big blind $3
*** HOLE CARDS ***
Agrotait: folds
Uncalled bet ($2) returned to happyshine88
happyshine88 collected $2 from pot
happyshine88: doesn't show hand
*** SUMMARY ***
Total pot $2 | Rake $0
Seat 4: Agrotait (button) (small blind) folded before Flop
Seat 5: happyshine88 (big blind) collected ($2)


PokerStars Hand #151982337126:  Hold'em Limit ($3/$6 USD) - 2016/04/16 1:57:11 ET
Table 'Ilmari II' 6-max Seat #5 is the button
Seat 4: Agrotait ($75 in chips)
Seat 5: happyshine88 ($124.66 in chips)
happyshine88: posts small blind $1
Agrotait: posts big blind $3
*** HOLE CARDS ***
happyshine88: raises $3 to $6
Agrotait: folds
Uncalled bet ($3) returned to happyshine88
happyshine88 collected $6 from pot
happyshine88: doesn't show hand
*** SUMMARY ***
Total pot $6 | Rake $0
Seat 4: Agrotait (big blind) folded before Flop
Seat 5: happyshine88 (button) (small blind) collected ($6)


PokerStars Hand #151982346307:  Hold'em Limit ($3/$6 USD) - 2016/04/16 1:57:47 ET
Table 'Ilmari II' 6-max Seat #5 is the button
Seat 4: Agrotait ($77.76 in chips)
Seat 5: happyshine88 ($121.66 in chips)
happyshine88: posts small blind $1
Agrotait: posts big blind $3
*** HOLE CARDS ***
happyshine88: folds
Uncalled bet ($2) returned to Agrotait
Agrotait collected $2 from pot
Agrotait: doesn't show hand
*** SUMMARY ***
Total pot $2 | Rake $0
Seat 4: Agrotait (big blind) collected ($2)
Seat 5: happyshine88 (button) (small blind) folded before Flop


PokerStars Hand #151982341082:  Hold'em Limit ($3/$6 USD) - 2016/04/16 1:57:26 ET
Table 'Ilmari II' 6-max Seat #4 is the button
Seat 4: Agrotait ($72 in chips)
Seat 5: happyshine88 ($127.66 in chips)
Agrotait: posts small blind $1
happyshine88: posts big blind $3
*** HOLE CARDS ***
Agrotait: raises $3 to $6
happyshine88: calls $3
*** FLOP *** [Kc Js 4d]
happyshine88: checks
Agrotait: bets $3
happyshine88: folds
Uncalled bet ($3) returned to Agrotait
Agrotait collected $11.76 from pot
Agrotait: doesn't show hand
*** SUMMARY ***
Total pot $12 | Rake $0.24
Board [Kc Js 4d]
Seat 4: Agrotait (button) (small blind) collected ($11.76)
Seat 5: happyshine88 (big blind) folded on the Flop


PokerStars Hand #151982347585:  Hold'em Limit ($3/$6 USD) - 2016/04/16 1:57:52 ET
Table 'Ilmari II' 6-max Seat #4 is the button
Seat 4: Agrotait ($78.76 in chips)
Seat 5: happyshine88 ($120.66 in chips)
Agrotait: posts small blind $1
happyshine88: posts big blind $3
*** HOLE CARDS ***
Agrotait: raises $3 to $6
happyshine88: calls $3
*** FLOP *** [5h 9c 9d]
happyshine88: checks
Agrotait: bets $3
happyshine88: calls $3
*** TURN *** [5h 9c 9d] [Qs]
happyshine88: checks
Agrotait: bets $6
happyshine88: raises $6 to $12
Agrotait: folds
Uncalled bet ($6) returned to happyshine88
happyshine88 collected $29.50 from pot
happyshine88: doesn't show hand
*** SUMMARY ***
Total pot $30 | Rake $0.50
Board [5h 9c 9d Qs]
Seat 4: Agrotait (button) (small blind) folded on the Turn
Seat 5: happyshine88 (big blind) collected ($29.50)


PokerStars Hand #151982358259:  Hold'em Limit ($3/$6 USD) - 2016/04/16 1:58:35 ET
Table 'Ilmari II' 6-max Seat #5 is the button
Seat 4: Agrotait ($63.76 in chips)
Seat 5: happyshine88 ($135.16 in chips)
happyshine88: posts small blind $1
Agrotait: posts big blind $3
*** HOLE CARDS ***
happyshine88: folds
Uncalled bet ($2) returned to Agrotait
Agrotait collected $2 from pot
Agrotait: doesn't show hand
*** SUMMARY ***
Total pot $2 | Rake $0
Seat 4: Agrotait (big blind) collected ($2)
Seat 5: happyshine88 (button) (small blind) folded before Flop


PokerStars Hand #151982359635:  Hold'em Limit ($3/$6 USD) - 2016/04/16 1:58:40 ET
Table 'Ilmari II' 6-max Seat #4 is the button
Seat 4: Agrotait ($64.76 in chips)
Seat 5: happyshine88 ($134.16 in chips)
Agrotait: posts small blind $1
happyshine88: posts big blind $3
*** HOLE CARDS ***
Agrotait: raises $3 to $6
happyshine88: folds
Uncalled bet ($3) returned to Agrotait
Agrotait collected $6 from pot
Agrotait: doesn't show hand
*** SUMMARY ***
Total pot $6 | Rake $0
Seat 4: Agrotait (button) (small blind) collected ($6)
Seat 5: happyshine88 (big blind) folded before Flop


PokerStars Hand #151982363690:  Hold'em Limit ($3/$6 USD) - 2016/04/16 1:58:57 ET
Table 'Ilmari II' 6-max Seat #4 is the button
Seat 4: Agrotait ($68.76 in chips)
Seat 5: happyshine88 ($130.16 in chips)
Agrotait: posts small blind $1
happyshine88: posts big blind $3
*** HOLE CARDS ***
Agrotait: raises $3 to $6
happyshine88: folds
Uncalled bet ($3) returned to Agrotait
Agrotait collected $6 from pot
Agrotait: doesn't show hand
*** SUMMARY ***
Total pot $6 | Rake $0
Seat 4: Agrotait (button) (small blind) collected ($6)
Seat 5: happyshine88 (big blind) folded before Flop


PokerStars Hand #151982362392:  Hold'em Limit ($3/$6 USD) - 2016/04/16 1:58:51 ET
Table 'Ilmari II' 6-max Seat #5 is the button
Seat 4: Agrotait ($67.76 in chips)
Seat 5: happyshine88 ($131.16 in chips)
happyshine88: posts small blind $1
Agrotait: posts big blind $3
*** HOLE CARDS ***
happyshine88: folds
Uncalled bet ($2) returned to Agrotait
Agrotait collected $2 from pot
Agrotait: doesn't show hand
*** SUMMARY ***
Total pot $2 | Rake $0
Seat 4: Agrotait (big blind) collected ($2)
Seat 5: happyshine88 (button) (small blind) folded before Flop


PokerStars Hand #151982373424:  Hold'em Limit ($3/$6 USD) - 2016/04/16 1:59:34 ET
Table 'Ilmari II' 6-max Seat #4 is the button
Seat 4: Agrotait ($83.28 in chips)
Seat 5: happyshine88 ($115.16 in chips)
Agrotait: posts small blind $1
happyshine88: posts big blind $3
*** HOLE CARDS ***
Agrotait: raises $3 to $6
happyshine88: calls $3
*** FLOP *** [7h 7d 5d]
happyshine88: checks
Agrotait: checks
*** TURN *** [7h 7d 5d] [3h]
happyshine88: checks
Agrotait: bets $6
happyshine88: folds
Uncalled bet ($6) returned to Agrotait
Agrotait collected $11.76 from pot
Agrotait: doesn't show hand
*** SUMMARY ***
Total pot $12 | Rake $0.24
Board [7h 7d 5d 3h]
Seat 4: Agrotait (button) (small blind) collected ($11.76)
Seat 5: happyshine88 (big blind) folded on the Turn


PokerStars Hand #151982365740:  Hold'em Limit ($3/$6 USD) - 2016/04/16 1:59:05 ET
Table 'Ilmari II' 6-max Seat #5 is the button
Seat 4: Agrotait ($71.76 in chips)
Seat 5: happyshine88 ($127.16 in chips)
happyshine88: posts small blind $1
Agrotait: posts big blind $3
*** HOLE CARDS ***
happyshine88: raises $3 to $6
Agrotait: raises $3 to $9
happyshine88: calls $3
*** FLOP *** [2h 7d Ad]
Agrotait: bets $3
happyshine88: calls $3
*** TURN *** [2h 7d Ad] [4s]
Agrotait: bets $6
happyshine88: folds
Uncalled bet ($6) returned to Agrotait
Agrotait collected $23.52 from pot
Agrotait: doesn't show hand
*** SUMMARY ***
Total pot $24 | Rake $0.48
Board [2h 7d Ad 4s]
Seat 4: Agrotait (big blind) collected ($23.52)
Seat 5: happyshine88 (button) (small blind) folded on the Turn


PokerStars Hand #151982380135:  Hold'em Limit ($3/$6 USD) - 2016/04/16 2:00:01 ET
Table 'Ilmari II' 6-max Seat #5 is the button
Seat 4: Agrotait ($89.04 in chips)
Seat 5: happyshine88 ($109.16 in chips)
happyshine88: posts small blind $1
Agrotait: posts big blind $3
*** HOLE CARDS ***
happyshine88: raises $3 to $6
Agrotait: raises $3 to $9
happyshine88: calls $3
*** FLOP *** [8h Tc Td]
Agrotait: bets $3
happyshine88: calls $3
*** TURN *** [8h Tc Td] [7c]
Agrotait: checks
happyshine88: bets $6
Agrotait: calls $6
*** RIVER *** [8h Tc Td 7c] [Kh]
Agrotait: checks
happyshine88: checks
*** SHOW DOWN ***
Agrotait: shows [Ac 9d] (a pair of Tens)
happyshine88: shows [6h 6s] (two pair, Tens and Sixes)
happyshine88 collected $35.50 from pot
*** SUMMARY ***
Total pot $36 | Rake $0.50
Board [8h Tc Td 7c Kh]
Seat 4: Agrotait (big blind) showed [Ac 9d] and lost with a pair of Tens
Seat 5: happyshine88 (button) (small blind) showed [6h 6s] and won ($35.50) with two pair, Tens and Sixes


PokerStars Hand #151982392860:  Hold'em Limit ($3/$6 USD) - 2016/04/16 2:00:49 ET
Table 'Ilmari II' 6-max Seat #4 is the button
Seat 4: Agrotait ($71.04 in chips)
Seat 5: happyshine88 ($126.66 in chips)
Agrotait: posts small blind $1
happyshine88: posts big blind $3
*** HOLE CARDS ***
Agrotait: raises $3 to $6
happyshine88: calls $3
*** FLOP *** [7s 9d 3s]
happyshine88: checks
Agrotait: checks
*** TURN *** [7s 9d 3s] [4s]
happyshine88: bets $6
Agrotait: calls $6
*** RIVER *** [7s 9d 3s 4s] [7d]
happyshine88: bets $6
Agrotait: calls $6
*** SHOW DOWN ***
happyshine88: shows [Ad Qs] (a pair of Sevens)
Agrotait: mucks hand
happyshine88 collected $35.50 from pot
*** SUMMARY ***
Total pot $36 | Rake $0.50
Board [7s 9d 3s 4s 7d]
Seat 4: Agrotait (button) (small blind) mucked
Seat 5: happyshine88 (big blind) showed [Ad Qs] and won ($35.50) with a pair of Sevens


PokerStars Hand #151982402450:  Hold'em Limit ($3/$6 USD) - 2016/04/16 2:01:23 ET
Table 'Ilmari II' 6-max Seat #5 is the button
Seat 4: Agrotait ($72 in chips)
Seat 5: happyshine88 ($144.16 in chips)
happyshine88: posts small blind $1
Agrotait: posts big blind $3
*** HOLE CARDS ***
happyshine88: raises $3 to $6
Agrotait: calls $3
*** FLOP *** [9h Tc Js]
Agrotait: bets $3
happyshine88: calls $3
*** TURN *** [9h Tc Js] [7s]
Agrotait: bets $6
happyshine88: raises $6 to $12
Agrotait: calls $6
*** RIVER *** [9h Tc Js 7s] [Ad]
Agrotait: checks
happyshine88: bets $6
Agrotait: calls $6
*** SHOW DOWN ***
happyshine88: shows [Kd 7c] (a pair of Sevens)
Agrotait: shows [2s Jd] (a pair of Jacks)
Agrotait collected $53.50 from pot
*** SUMMARY ***
Total pot $54 | Rake $0.50
Board [9h Tc Js 7s Ad]
Seat 4: Agrotait (big blind) showed [2s Jd] and won ($53.50) with a pair of Jacks
Seat 5: happyshine88 (button) (small blind) showed [Kd 7c] and lost with a pair of Sevens


PokerStars Hand #151982414074:  Hold'em Limit ($3/$6 USD) - 2016/04/16 2:02:04 ET
Table 'Ilmari II' 6-max Seat #4 is the button
Seat 4: Agrotait ($98.50 in chips)
Seat 5: happyshine88 ($117.16 in chips)
Agrotait: posts small blind $1
happyshine88: posts big blind $3
*** HOLE CARDS ***
Agrotait: folds
Uncalled bet ($2) returned to happyshine88
happyshine88 collected $2 from pot
happyshine88: doesn't show hand
*** SUMMARY ***
Total pot $2 | Rake $0
Seat 4: Agrotait (button) (small blind) folded before Flop
Seat 5: happyshine88 (big blind) collected ($2)


PokerStars Hand #151982415835:  Hold'em Limit ($3/$6 USD) - 2016/04/16 2:02:10 ET
Table 'Ilmari II' 6-max Seat #5 is the button
Seat 4: Agrotait ($97.50 in chips)
Seat 5: happyshine88 ($118.16 in chips)
happyshine88: posts small blind $1
Agrotait: posts big blind $3
*** HOLE CARDS ***
happyshine88: raises $3 to $6
Agrotait: folds
Uncalled bet ($3) returned to happyshine88
happyshine88 collected $6 from pot
happyshine88: doesn't show hand
*** SUMMARY ***
Total pot $6 | Rake $0
Seat 4: Agrotait (big blind) folded before Flop
Seat 5: happyshine88 (button) (small blind) collected ($6)


PokerStars Hand #151982420099:  Hold'em Limit ($3/$6 USD) - 2016/04/16 2:02:25 ET
Table 'Ilmari II' 6-max Seat #4 is the button
Seat 4: Agrotait ($94.50 in chips)
Seat 5: happyshine88 ($121.16 in chips)
Agrotait: posts small blind $1
happyshine88: posts big blind $3
*** HOLE CARDS ***
Agrotait: raises $3 to $6
happyshine88: calls $3
*** FLOP *** [6c As 4d]
happyshine88: checks
Agrotait: bets $3
happyshine88: folds
Uncalled bet ($3) returned to Agrotait
Agrotait collected $11.76 from pot
Agrotait: doesn't show hand
*** SUMMARY ***
Total pot $12 | Rake $0.24
Board [6c As 4d]
Seat 4: Agrotait (button) (small blind) collected ($11.76)
Seat 5: happyshine88 (big blind) folded on the Flop


PokerStars Hand #151982428044:  Hold'em Limit ($3/$6 USD) - 2016/04/16 2:02:53 ET
Table 'Ilmari II' 6-max Seat #5 is the button
Seat 4: Agrotait ($100.26 in chips)
Seat 5: happyshine88 ($115.16 in chips)
happyshine88: posts small blind $1
Agrotait: posts big blind $3
*** HOLE CARDS ***
happyshine88: raises $3 to $6
Agrotait: calls $3
*** FLOP *** [Tc 3s 3h]
Agrotait: checks
happyshine88: checks
*** TURN *** [Tc 3s 3h] [Ad]
Agrotait: checks
happyshine88: checks
*** RIVER *** [Tc 3s 3h Ad] [Ah]
Agrotait: bets $6
happyshine88: calls $6
*** SHOW DOWN ***
Agrotait: shows [6h Ts] (two pair, Aces and Tens)
happyshine88: mucks hand
Agrotait collected $23.52 from pot
*** SUMMARY ***
Total pot $24 | Rake $0.48
Board [Tc 3s 3h Ad Ah]
Seat 4: Agrotait (big blind) showed [6h Ts] and won ($23.52) with two pair, Aces and Tens
Seat 5: happyshine88 (button) (small blind) mucked


PokerStars Hand #151982440346:  Hold'em Limit ($3/$6 USD) - 2016/04/16 2:03:35 ET
Table 'Ilmari II' 6-max Seat #4 is the button
Seat 4: Agrotait ($111.78 in chips)
Seat 5: happyshine88 ($103.16 in chips)
Agrotait: posts small blind $1
happyshine88: posts big blind $3
*** HOLE CARDS ***
Agrotait: raises $3 to $6
happyshine88: folds
Uncalled bet ($3) returned to Agrotait
Agrotait collected $6 from pot
Agrotait: doesn't show hand
*** SUMMARY ***
Total pot $6 | Rake $0
Seat 4: Agrotait (button) (small blind) collected ($6)
Seat 5: happyshine88 (big blind) folded before Flop


