PokerStars Hand #170694415882:  Hold'em Limit ($3/$6 USD) - 2017/05/20 18:57:37 ET
Table 'Ilona' 6-max Seat #3 is the button
Seat 3: 19woody58 ($120 in chips)
Seat 4: Velbor107 ($300 in chips)
19woody58: posts small blind $1
Velbor107: posts big blind $3
*** HOLE CARDS ***
19woody58: raises $3 to $6
Velbor107: folds
Uncalled bet ($3) returned to 19woody58
19woody58 collected $6 from pot
*** SUMMARY ***
Total pot $6 | Rake $0
Seat 3: 19woody58 (button) (small blind) collected ($6)
Seat 4: Velbor107 (big blind) folded before Flop


PokerStars Hand #170694447204:  Hold'em Limit ($3/$6 USD) - 2017/05/20 18:58:37 ET
Table 'Ilona' 6-max Seat #4 is the button
Seat 3: 19woody58 ($111 in chips)
Seat 4: Velbor107 ($308.50 in chips)
Velbor107: posts small blind $1
19woody58: posts big blind $3
*** HOLE CARDS ***
Velbor107: raises $3 to $6
19woody58: calls $3
*** FLOP *** [8c 4c 4h]
19woody58: checks
GoliafUa leaves the table
Velbor107: bets $3
19woody58: folds
Uncalled bet ($3) returned to Velbor107
Velbor107 collected $11.76 from pot
*** SUMMARY ***
Total pot $12 | Rake $0.24
Board [8c 4c 4h]
Seat 3: 19woody58 (big blind) folded on the Flop
Seat 4: Velbor107 (button) (small blind) collected ($11.76)


PokerStars Hand #170694441422:  Hold'em Limit ($3/$6 USD) - 2017/05/20 18:58:26 ET
Table 'Ilona' 6-max Seat #3 is the button
Seat 3: 19woody58 ($108 in chips)
Seat 4: Velbor107 ($311.50 in chips)
19woody58: posts small blind $1
Velbor107: posts big blind $3
*** HOLE CARDS ***
19woody58: raises $3 to $6
Velbor107: folds
Uncalled bet ($3) returned to 19woody58
19woody58 collected $6 from pot
*** SUMMARY ***
Total pot $6 | Rake $0
Seat 3: 19woody58 (button) (small blind) collected ($6)
Seat 4: Velbor107 (big blind) folded before Flop


PokerStars Hand #170694421951:  Hold'em Limit ($3/$6 USD) - 2017/05/20 18:57:49 ET
Table 'Ilona' 6-max Seat #4 is the button
Seat 3: 19woody58 ($123 in chips)
Seat 4: Velbor107 ($297 in chips)
Velbor107: posts small blind $1
19woody58: posts big blind $3
*** HOLE CARDS ***
Velbor107: raises $3 to $6
19woody58: calls $3
*** FLOP *** [3h As 6d]
19woody58: checks
Velbor107: bets $3
19woody58: calls $3
*** TURN *** [3h As 6d] [2s]
19woody58: checks
Velbor107: bets $6
19woody58: calls $6
*** RIVER *** [3h As 6d 2s] [7s]
19woody58: checks
Velbor107: checks
*** SHOW DOWN ***
19woody58: shows [2d 9d] (a pair of Deuces)
Velbor107: shows [5s 5h] (a pair of Fives)
Velbor107 collected $29.50 from pot
*** SUMMARY ***
Total pot $30 | Rake $0.50
Board [3h As 6d 2s 7s]
Seat 3: 19woody58 (big blind) showed [2d 9d] and lost with a pair of Deuces
Seat 4: Velbor107 (button) (small blind) showed [5s 5h] and won ($29.50) with a pair of Fives


PokerStars Hand #170694467344:  Hold'em Limit ($3/$6 USD) - 2017/05/20 18:59:15 ET
Table 'Ilona' 6-max Seat #4 is the button
Seat 3: 19woody58 ($108 in chips)
Seat 4: Velbor107 ($311.26 in chips)
Velbor107: posts small blind $1
19woody58: posts big blind $3
*** HOLE CARDS ***
Velbor107: raises $3 to $6
19woody58: calls $3
*** FLOP *** [4d Jc Ac]
19woody58: checks
Velbor107: bets $3
19woody58: calls $3
*** TURN *** [4d Jc Ac] [4h]
19woody58: checks
Velbor107: bets $6
19woody58: calls $6
*** RIVER *** [4d Jc Ac 4h] [3d]
19woody58: checks
Velbor107: bets $6
19woody58: calls $6
*** SHOW DOWN ***
Velbor107: shows [2d Ad] (two pair, Aces and Fours)
19woody58: shows [Kc As] (two pair, Aces and Fours - King kicker)
19woody58 collected $41.50 from pot
*** SUMMARY ***
Total pot $42 | Rake $0.50
Board [4d Jc Ac 4h 3d]
Seat 3: 19woody58 (big blind) showed [Kc As] and won ($41.50) with two pair, Aces and Fours
Seat 4: Velbor107 (button) (small blind) showed [2d Ad] and lost with two pair, Aces and Fours


PokerStars Hand #170694459345:  Hold'em Limit ($3/$6 USD) - 2017/05/20 18:59:00 ET
Table 'Ilona' 6-max Seat #3 is the button
Seat 3: 19woody58 ($105 in chips)
Seat 4: Velbor107 ($314.26 in chips)
19woody58: posts small blind $1
Velbor107: posts big blind $3
*** HOLE CARDS ***
19woody58: raises $3 to $6
Velbor107: folds
Uncalled bet ($3) returned to 19woody58
19woody58 collected $6 from pot
*** SUMMARY ***
Total pot $6 | Rake $0
Seat 3: 19woody58 (button) (small blind) collected ($6)
Seat 4: Velbor107 (big blind) folded before Flop


PokerStars Hand #170694509806:  Hold'em Limit ($3/$6 USD) - 2017/05/20 19:00:35 ET
Table 'Ilona' 6-max Seat #3 is the button
Seat 3: 19woody58 ($134.14 in chips)
Seat 4: Velbor107 ($284.26 in chips)
19woody58: posts small blind $1
Velbor107: posts big blind $3
*** HOLE CARDS ***
19woody58: raises $3 to $6
Velbor107: folds
Uncalled bet ($3) returned to 19woody58
19woody58 collected $6 from pot
*** SUMMARY ***
Total pot $6 | Rake $0
Seat 3: 19woody58 (button) (small blind) collected ($6)
Seat 4: Velbor107 (big blind) folded before Flop


PokerStars Hand #170694504150:  Hold'em Limit ($3/$6 USD) - 2017/05/20 19:00:25 ET
Table 'Ilona' 6-max Seat #4 is the button
Seat 3: 19woody58 ($137.14 in chips)
Seat 4: Velbor107 ($281.26 in chips)
Velbor107: posts small blind $1
19woody58: posts big blind $3
*** HOLE CARDS ***
Velbor107: raises $3 to $6
19woody58: folds
Uncalled bet ($3) returned to Velbor107
Velbor107 collected $6 from pot
*** SUMMARY ***
Total pot $6 | Rake $0
Seat 3: 19woody58 (big blind) folded before Flop
Seat 4: Velbor107 (button) (small blind) collected ($6)


PokerStars Hand #170694488177:  Hold'em Limit ($3/$6 USD) - 2017/05/20 18:59:55 ET
Table 'Ilona' 6-max Seat #3 is the button
Seat 3: 19woody58 ($128.50 in chips)
Seat 4: Velbor107 ($290.26 in chips)
19woody58: posts small blind $1
Velbor107: posts big blind $3
*** HOLE CARDS ***
19woody58: raises $3 to $6
Velbor107: calls $3
*** FLOP *** [Kd Th 6c]
Velbor107: checks
19woody58: bets $3
Velbor107: calls $3
*** TURN *** [Kd Th 6c] [6d]
Velbor107: checks
19woody58: checks
*** RIVER *** [Kd Th 6c 6d] [Ks]
Velbor107: checks
19woody58: bets $6
Velbor107: folds
Uncalled bet ($6) returned to 19woody58
19woody58 collected $17.64 from pot
*** SUMMARY ***
Total pot $18 | Rake $0.36
Board [Kd Th 6c 6d Ks]
Seat 3: 19woody58 (button) (small blind) collected ($17.64)
Seat 4: Velbor107 (big blind) folded on the River


PokerStars Hand #170694552759:  Hold'em Limit ($3/$6 USD) - 2017/05/20 19:01:48 ET
Table 'Ilona' 6-max Seat #3 is the button
Seat 3: 19woody58 ($147.64 in chips)
Seat 4: Velbor107 ($270.26 in chips)
19woody58: posts small blind $1
Velbor107: posts big blind $3
*** HOLE CARDS ***
19woody58: folds
Uncalled bet ($2) returned to Velbor107
Velbor107 collected $2 from pot
*** SUMMARY ***
Total pot $2 | Rake $0
Seat 3: 19woody58 (button) (small blind) folded before Flop
Seat 4: Velbor107 (big blind) collected ($2)


PokerStars Hand #170694548142:  Hold'em Limit ($3/$6 USD) - 2017/05/20 19:01:40 ET
Table 'Ilona' 6-max Seat #4 is the button
Seat 3: 19woody58 ($150.64 in chips)
Seat 4: Velbor107 ($267.26 in chips)
Velbor107: posts small blind $1
19woody58: posts big blind $3
*** HOLE CARDS ***
Velbor107: raises $3 to $6
19woody58: folds
Uncalled bet ($3) returned to Velbor107
Velbor107 collected $6 from pot
*** SUMMARY ***
Total pot $6 | Rake $0
Seat 3: 19woody58 (big blind) folded before Flop
Seat 4: Velbor107 (button) (small blind) collected ($6)


PokerStars Hand #170694544260:  Hold'em Limit ($3/$6 USD) - 2017/05/20 19:01:34 ET
Table 'Ilona' 6-max Seat #3 is the button
Seat 3: 19woody58 ($151.64 in chips)
Seat 4: Velbor107 ($266.26 in chips)
19woody58: posts small blind $1
Velbor107: posts big blind $3
*** HOLE CARDS ***
19woody58: folds
Uncalled bet ($2) returned to Velbor107
Velbor107 collected $2 from pot
*** SUMMARY ***
Total pot $2 | Rake $0
Seat 3: 19woody58 (button) (small blind) folded before Flop
Seat 4: Velbor107 (big blind) collected ($2)


PokerStars Hand #170694516315:  Hold'em Limit ($3/$6 USD) - 2017/05/20 19:00:47 ET
Table 'Ilona' 6-max Seat #4 is the button
Seat 3: 19woody58 ($137.14 in chips)
Seat 4: Velbor107 ($281.26 in chips)
Velbor107: posts small blind $1
19woody58: posts big blind $3
*** HOLE CARDS ***
Velbor107: raises $3 to $6
19woody58: calls $3
*** FLOP *** [6c 9d 9c]
19woody58: checks
Velbor107: bets $3
19woody58: calls $3
*** TURN *** [6c 9d 9c] [4c]
19woody58: checks
Velbor107: bets $6
19woody58: calls $6
*** RIVER *** [6c 9d 9c 4c] [5h]
19woody58: checks
Velbor107: checks
*** SHOW DOWN ***
19woody58: shows [Ah 5c] (two pair, Nines and Fives)
Velbor107: mucks hand
19woody58 collected $29.50 from pot
*** SUMMARY ***
Total pot $30 | Rake $0.50
Board [6c 9d 9c 4c 5h]
Seat 3: 19woody58 (big blind) showed [Ah 5c] and won ($29.50) with two pair, Nines and Fives
Seat 4: Velbor107 (button) (small blind) mucked


PokerStars Hand #170694580407:  Hold'em Limit ($3/$6 USD) - 2017/05/20 19:02:33 ET
Table 'Ilona' 6-max Seat #4 is the button
Seat 3: 19woody58 ($161.14 in chips)
Seat 4: Velbor107 ($256.26 in chips)
Velbor107: posts small blind $1
19woody58: posts big blind $3
*** HOLE CARDS ***
Velbor107: raises $3 to $6
19woody58: folds
Uncalled bet ($3) returned to Velbor107
Velbor107 collected $6 from pot
*** SUMMARY ***
Total pot $6 | Rake $0
Seat 3: 19woody58 (big blind) folded before Flop
Seat 4: Velbor107 (button) (small blind) collected ($6)


PokerStars Hand #170694562943:  Hold'em Limit ($3/$6 USD) - 2017/05/20 19:02:05 ET
Table 'Ilona' 6-max Seat #3 is the button
Seat 3: 19woody58 ($143.64 in chips)
Seat 4: Velbor107 ($274.26 in chips)
19woody58: posts small blind $1
Velbor107: posts big blind $3
*** HOLE CARDS ***
19woody58: calls $2
Velbor107: checks
*** FLOP *** [Ts 3s 6h]
Velbor107: bets $3
19woody58: calls $3
*** TURN *** [Ts 3s 6h] [7s]
Velbor107: bets $6
19woody58: calls $6
*** RIVER *** [Ts 3s 6h 7s] [5c]
Velbor107: bets $6
19woody58: calls $6
*** SHOW DOWN ***
Velbor107: shows [Td 7c] (two pair, Tens and Sevens)
19woody58: shows [4c Tc] (a straight, Three to Seven)
19woody58 collected $35.50 from pot
*** SUMMARY ***
Total pot $36 | Rake $0.50
Board [Ts 3s 6h 7s 5c]
Seat 3: 19woody58 (button) (small blind) showed [4c Tc] and won ($35.50) with a straight, Three to Seven
Seat 4: Velbor107 (big blind) showed [Td 7c] and lost with two pair, Tens and Sevens


PokerStars Hand #170694558161:  Hold'em Limit ($3/$6 USD) - 2017/05/20 19:01:57 ET
Table 'Ilona' 6-max Seat #4 is the button
Seat 3: 19woody58 ($146.64 in chips)
Seat 4: Velbor107 ($271.26 in chips)
Velbor107: posts small blind $1
19woody58: posts big blind $3
*** HOLE CARDS ***
Velbor107: raises $3 to $6
19woody58: folds
Uncalled bet ($3) returned to Velbor107
Velbor107 collected $6 from pot
*** SUMMARY ***
Total pot $6 | Rake $0
Seat 3: 19woody58 (big blind) folded before Flop
Seat 4: Velbor107 (button) (small blind) collected ($6)


PokerStars Hand #170694623332:  Hold'em Limit ($3/$6 USD) - 2017/05/20 19:03:42 ET
Table 'Ilona' 6-max Seat #3 is the button
Seat 3: 19woody58 ($163.64 in chips)
Seat 4: Velbor107 ($252.90 in chips)
19woody58: posts small blind $1
Velbor107: posts big blind $3
*** HOLE CARDS ***
19woody58: folds
Uncalled bet ($2) returned to Velbor107
Velbor107 collected $2 from pot
*** SUMMARY ***
Total pot $2 | Rake $0
Seat 3: 19woody58 (button) (small blind) folded before Flop
Seat 4: Velbor107 (big blind) collected ($2)


PokerStars Hand #170694603793:  Hold'em Limit ($3/$6 USD) - 2017/05/20 19:03:11 ET
Table 'Ilona' 6-max Seat #4 is the button
Seat 3: 19woody58 ($172.64 in chips)
Seat 4: Velbor107 ($244.26 in chips)
Velbor107: posts small blind $1
19woody58: posts big blind $3
*** HOLE CARDS ***
Velbor107: raises $3 to $6
19woody58: calls $3
*** FLOP *** [Jd 9c Kh]
19woody58: checks
Velbor107: bets $3
19woody58: calls $3
*** TURN *** [Jd 9c Kh] [8h]
19woody58: checks
Velbor107: bets $6
19woody58: folds
Uncalled bet ($6) returned to Velbor107
Velbor107 collected $17.64 from pot
*** SUMMARY ***
Total pot $18 | Rake $0.36
Board [Jd 9c Kh 8h]
Seat 3: 19woody58 (big blind) folded on the Turn
Seat 4: Velbor107 (button) (small blind) collected ($17.64)


PokerStars Hand #170694585086:  Hold'em Limit ($3/$6 USD) - 2017/05/20 19:02:41 ET
Table 'Ilona' 6-max Seat #3 is the button
Seat 3: 19woody58 ($158.14 in chips)
Seat 4: Velbor107 ($259.26 in chips)
19woody58: posts small blind $1
Velbor107: posts big blind $3
*** HOLE CARDS ***
19woody58: raises $3 to $6
Velbor107: calls $3
*** FLOP *** [Qh 5c 9c]
Velbor107: checks
19woody58: bets $3
Velbor107: calls $3
*** TURN *** [Qh 5c 9c] [Qs]
Velbor107: bets $6
19woody58: calls $6
*** RIVER *** [Qh 5c 9c Qs] [Th]
Velbor107: checks
19woody58: checks
*** SHOW DOWN ***
Velbor107: shows [5s 3s] (two pair, Queens and Fives)
19woody58: shows [8s 8c] (two pair, Queens and Eights)
19woody58 collected $29.50 from pot
*** SUMMARY ***
Total pot $30 | Rake $0.50
Board [Qh 5c 9c Qs Th]
Seat 3: 19woody58 (button) (small blind) showed [8s 8c] and won ($29.50) with two pair, Queens and Eights
Seat 4: Velbor107 (big blind) showed [5s 3s] and lost with two pair, Queens and Fives


PokerStars Hand #170694652888:  Hold'em Limit ($3/$6 USD) - 2017/05/20 19:04:30 ET
Table 'Ilona' 6-max Seat #3 is the button
Seat 3: 19woody58 ($183.14 in chips)
Seat 4: Velbor107 ($232.90 in chips)
19woody58: posts small blind $1
Velbor107: posts big blind $3
*** HOLE CARDS ***
19woody58: raises $3 to $6
Velbor107: calls $3
*** FLOP *** [Ad Tc 5s]
Velbor107: checks
19woody58: bets $3
Velbor107: folds
Uncalled bet ($3) returned to 19woody58
19woody58 collected $11.76 from pot
*** SUMMARY ***
Total pot $12 | Rake $0.24
Board [Ad Tc 5s]
Seat 3: 19woody58 (button) (small blind) collected ($11.76)
Seat 4: Velbor107 (big blind) folded on the Flop


PokerStars Hand #170694626729:  Hold'em Limit ($3/$6 USD) - 2017/05/20 19:03:48 ET
Table 'Ilona' 6-max Seat #4 is the button
Seat 3: 19woody58 ($162.64 in chips)
Seat 4: Velbor107 ($253.90 in chips)
Velbor107: posts small blind $1
19woody58: posts big blind $3
*** HOLE CARDS ***
Velbor107: raises $3 to $6
19woody58: calls $3
*** FLOP *** [Jd 4h 6d]
19woody58: checks
Velbor107: bets $3
19woody58: calls $3
*** TURN *** [Jd 4h 6d] [Qd]
19woody58: checks
Velbor107: bets $6
19woody58: calls $6
*** RIVER *** [Jd 4h 6d Qd] [Ac]
19woody58: checks
Velbor107: bets $6
19woody58: calls $6
*** SHOW DOWN ***
Velbor107: shows [6h Ah] (two pair, Aces and Sixes)
19woody58: shows [As Jh] (two pair, Aces and Jacks)
19woody58 collected $41.50 from pot
*** SUMMARY ***
Total pot $42 | Rake $0.50
Board [Jd 4h 6d Qd Ac]
Seat 3: 19woody58 (big blind) showed [As Jh] and won ($41.50) with two pair, Aces and Jacks
Seat 4: Velbor107 (button) (small blind) showed [6h Ah] and lost with two pair, Aces and Sixes


PokerStars Hand #170694684684:  Hold'em Limit ($3/$6 USD) - 2017/05/20 19:05:21 ET
Table 'Ilona' 6-max Seat #3 is the button
Seat 3: 19woody58 ($197.54 in chips)
Seat 4: Velbor107 ($217.90 in chips)
19woody58: posts small blind $1
Velbor107: posts big blind $3
*** HOLE CARDS ***
19woody58: folds
Uncalled bet ($2) returned to Velbor107
Velbor107 collected $2 from pot
*** SUMMARY ***
Total pot $2 | Rake $0
Seat 3: 19woody58 (button) (small blind) folded before Flop
Seat 4: Velbor107 (big blind) collected ($2)


PokerStars Hand #170694660856:  Hold'em Limit ($3/$6 USD) - 2017/05/20 19:04:42 ET
Table 'Ilona' 6-max Seat #4 is the button
Seat 3: 19woody58 ($188.90 in chips)
Seat 4: Velbor107 ($226.90 in chips)
Velbor107: posts small blind $1
19woody58: posts big blind $3
*** HOLE CARDS ***
mrbb91 joins the table at seat #5
Velbor107: raises $3 to $6
19woody58: calls $3
*** FLOP *** [Kh 5c 7c]
19woody58: checks
Velbor107: bets $3
19woody58: calls $3
*** TURN *** [Kh 5c 7c] [7d]
19woody58: checks
Velbor107: checks
*** RIVER *** [Kh 5c 7c 7d] [Qs]
19woody58: bets $6
Velbor107: folds
Uncalled bet ($6) returned to 19woody58
19woody58 collected $17.64 from pot
*** SUMMARY ***
Total pot $18 | Rake $0.36
Board [Kh 5c 7c 7d Qs]
Seat 3: 19woody58 (big blind) collected ($17.64)
Seat 4: Velbor107 (button) (small blind) folded on the River


PokerStars Hand #170695845609:  Hold'em Limit ($3/$6 USD) - 2017/05/20 19:37:56 ET
Table 'Ilona' 6-max Seat #6 is the button
Seat 1: Stanivuk92 ($30.63 in chips)
Seat 6: ermolov1 ($378.92 in chips)
ermolov1: posts small blind $1
Stanivuk92: posts big blind $3
*** HOLE CARDS ***
ermolov1: raises $3 to $6
Stanivuk92: calls $3
*** FLOP *** [Ts 3h 8d]
Stanivuk92: checks
ermolov1: bets $3
Stanivuk92: folds
Uncalled bet ($3) returned to ermolov1
ermolov1 collected $11.76 from pot
ermolov1: doesn't show hand
*** SUMMARY ***
Total pot $12 | Rake $0.24
Board [Ts 3h 8d]
Seat 1: Stanivuk92 (big blind) folded on the Flop
Seat 6: ermolov1 (button) (small blind) collected ($11.76)


PokerStars Hand #170695842720:  Hold'em Limit ($3/$6 USD) - 2017/05/20 19:37:51 ET
Table 'Ilona' 6-max Seat #1 is the button
Seat 1: Stanivuk92 ($31.63 in chips)
Seat 6: ermolov1 ($377.92 in chips)
Stanivuk92: posts small blind $1
rascal_319: is sitting out
ermolov1: posts big blind $3
*** HOLE CARDS ***
Stanivuk92: folds
Uncalled bet ($2) returned to ermolov1
rascal_319 leaves the table
ermolov1 collected $2 from pot
ermolov1: doesn't show hand
*** SUMMARY ***
Total pot $2 | Rake $0
Seat 1: Stanivuk92 (button) (small blind) folded before Flop
Seat 6: ermolov1 (big blind) collected ($2)


PokerStars Hand #170695856758:  Hold'em Limit ($3/$6 USD) - 2017/05/20 19:38:16 ET
Table 'Ilona' 6-max Seat #6 is the button
Seat 1: Stanivuk92 ($30.39 in chips)
Seat 6: ermolov1 ($378.68 in chips)
ermolov1: posts small blind $1
Stanivuk92: posts big blind $3
*** HOLE CARDS ***
ermolov1: folds
Uncalled bet ($2) returned to Stanivuk92
Stanivuk92 collected $2 from pot
Stanivuk92: doesn't show hand
*** SUMMARY ***
Total pot $2 | Rake $0
Seat 1: Stanivuk92 (big blind) collected ($2)
Seat 6: ermolov1 (button) (small blind) folded before Flop


PokerStars Hand #170695851244:  Hold'em Limit ($3/$6 USD) - 2017/05/20 19:38:06 ET
Table 'Ilona' 6-max Seat #1 is the button
Seat 1: Stanivuk92 ($24.63 in chips)
Seat 6: ermolov1 ($384.68 in chips)
Stanivuk92: posts small blind $1
ermolov1: posts big blind $3
*** HOLE CARDS ***
Stanivuk92: raises $3 to $6
ermolov1: calls $3
*** FLOP *** [Jc Ks Ac]
ermolov1: checks
Stanivuk92: bets $3
ermolov1: folds
Uncalled bet ($3) returned to Stanivuk92
Stanivuk92 collected $11.76 from pot
Stanivuk92: doesn't show hand
*** SUMMARY ***
Total pot $12 | Rake $0.24
Board [Jc Ks Ac]
Seat 1: Stanivuk92 (button) (small blind) collected ($11.76)
Seat 6: ermolov1 (big blind) folded on the Flop


PokerStars Hand #170695874943:  Hold'em Limit ($3/$6 USD) - 2017/05/20 19:38:49 ET
Table 'Ilona' 6-max Seat #6 is the button
Seat 1: Stanivuk92 ($35.91 in chips)
Seat 6: ermolov1 ($372.44 in chips)
ermolov1: posts small blind $1
Stanivuk92: posts big blind $3
*** HOLE CARDS ***
ermolov1: raises $3 to $6
Stanivuk92: folds
Uncalled bet ($3) returned to ermolov1
ermolov1 collected $6 from pot
ermolov1: doesn't show hand
*** SUMMARY ***
Total pot $6 | Rake $0
Seat 1: Stanivuk92 (big blind) folded before Flop
Seat 6: ermolov1 (button) (small blind) collected ($6)


PokerStars Hand #170695868808:  Hold'em Limit ($3/$6 USD) - 2017/05/20 19:38:38 ET
Table 'Ilona' 6-max Seat #1 is the button
Seat 1: Stanivuk92 ($41.91 in chips)
Seat 6: ermolov1 ($366.68 in chips)
Stanivuk92: posts small blind $1
ermolov1: posts big blind $3
*** HOLE CARDS ***
Stanivuk92: raises $3 to $6
ermolov1: calls $3
*** FLOP *** [Ac 6s 6c]
ermolov1: bets $3
Stanivuk92: folds
Uncalled bet ($3) returned to ermolov1
ermolov1 collected $11.76 from pot
ermolov1: doesn't show hand
*** SUMMARY ***
Total pot $12 | Rake $0.24
Board [Ac 6s 6c]
Seat 1: Stanivuk92 (button) (small blind) folded on the Flop
Seat 6: ermolov1 (big blind) collected ($11.76)


PokerStars Hand #170695861856:  Hold'em Limit ($3/$6 USD) - 2017/05/20 19:38:25 ET
Table 'Ilona' 6-max Seat #6 is the button
Seat 1: Stanivuk92 ($30.39 in chips)
Seat 6: ermolov1 ($378.68 in chips)
ermolov1: posts small blind $1
Stanivuk92: posts big blind $3
*** HOLE CARDS ***
ermolov1: raises $3 to $6
Stanivuk92: raises $3 to $9
ermolov1: calls $3
*** FLOP *** [2c 7s 7h]
Stanivuk92: bets $3
ermolov1: calls $3
*** TURN *** [2c 7s 7h] [Js]
Stanivuk92: bets $6
ermolov1: folds
Uncalled bet ($6) returned to Stanivuk92
Stanivuk92 collected $23.52 from pot
Stanivuk92: doesn't show hand
*** SUMMARY ***
Total pot $24 | Rake $0.48
Board [2c 7s 7h Js]
Seat 1: Stanivuk92 (big blind) collected ($23.52)
Seat 6: ermolov1 (button) (small blind) folded on the Turn


PokerStars Hand #170695859230:  Hold'em Limit ($3/$6 USD) - 2017/05/20 19:38:21 ET
Table 'Ilona' 6-max Seat #1 is the button
Seat 1: Stanivuk92 ($31.39 in chips)
Seat 6: ermolov1 ($377.68 in chips)
Stanivuk92: posts small blind $1
ermolov1: posts big blind $3
*** HOLE CARDS ***
Stanivuk92: folds
Uncalled bet ($2) returned to ermolov1
ermolov1 collected $2 from pot
ermolov1: doesn't show hand
*** SUMMARY ***
Total pot $2 | Rake $0
Seat 1: Stanivuk92 (button) (small blind) folded before Flop
Seat 6: ermolov1 (big blind) collected ($2)


PokerStars Hand #170695922929:  Hold'em Limit ($3/$6 USD) - 2017/05/20 19:40:05 ET
Table 'Ilona' 6-max Seat #6 is the button
Seat 1: Stanivuk92 ($78.41 in chips)
Seat 6: ermolov1 ($328.20 in chips)
ermolov1: posts small blind $1
Stanivuk92: posts big blind $3
*** HOLE CARDS ***
ermolov1: raises $3 to $6
Stanivuk92: folds
Uncalled bet ($3) returned to ermolov1
ermolov1 collected $6 from pot
ermolov1: doesn't show hand
*** SUMMARY ***
Total pot $6 | Rake $0
Seat 1: Stanivuk92 (big blind) folded before Flop
Seat 6: ermolov1 (button) (small blind) collected ($6)


PokerStars Hand #170695908949:  Hold'em Limit ($3/$6 USD) - 2017/05/20 19:39:50 ET
Table 'Ilona' 6-max Seat #1 is the button
Seat 1: Stanivuk92 ($84.41 in chips)
Seat 6: ermolov1 ($322.44 in chips)
Stanivuk92: posts small blind $1
ermolov1: posts big blind $3
*** HOLE CARDS ***
Stanivuk92: raises $3 to $6
ermolov1: calls $3
*** FLOP *** [Ks 7h 2c]
ermolov1: checks
Stanivuk92: checks
*** TURN *** [Ks 7h 2c] [Js]
ermolov1: checks
Stanivuk92: checks
*** RIVER *** [Ks 7h 2c Js] [Td]
ermolov1: bets $6
Stanivuk92: folds
Uncalled bet ($6) returned to ermolov1
ermolov1 collected $11.76 from pot
ermolov1: doesn't show hand
*** SUMMARY ***
Total pot $12 | Rake $0.24
Board [Ks 7h 2c Js Td]
Seat 1: Stanivuk92 (button) (small blind) folded on the River
Seat 6: ermolov1 (big blind) collected ($11.76)


PokerStars Hand #170695900641:  Hold'em Limit ($3/$6 USD) - 2017/05/20 19:39:35 ET
Table 'Ilona' 6-max Seat #6 is the button
Seat 1: Stanivuk92 ($69.91 in chips)
Seat 6: ermolov1 ($337.44 in chips)
ermolov1: posts small blind $1
Stanivuk92: posts big blind $3
*** HOLE CARDS ***
ermolov1: raises $3 to $6
Stanivuk92: calls $3
*** FLOP *** [Ks 2h 5h]
Stanivuk92: checks
ermolov1: bets $3
Stanivuk92: calls $3
*** TURN *** [Ks 2h 5h] [Jc]
Stanivuk92: checks
ermolov1: bets $6
Stanivuk92: calls $6
*** RIVER *** [Ks 2h 5h Jc] [3h]
Stanivuk92: checks
ermolov1: checks
*** SHOW DOWN ***
Stanivuk92: shows [Ac Td] (high card Ace)
ermolov1: mucks hand
Stanivuk92 collected $29.50 from pot
*** SUMMARY ***
Total pot $30 | Rake $0.50
Board [Ks 2h 5h Jc 3h]
Seat 1: Stanivuk92 (big blind) showed [Ac Td] and won ($29.50) with high card Ace
Seat 6: ermolov1 (button) (small blind) mucked


PokerStars Hand #170695878080:  Hold'em Limit ($3/$6 USD) - 2017/05/20 19:38:55 ET
Table 'Ilona' 6-max Seat #1 is the button
Seat 1: Stanivuk92 ($32.91 in chips)
Seat 6: ermolov1 ($375.44 in chips)
Stanivuk92: posts small blind $1
ermolov1: posts big blind $3
*** HOLE CARDS ***
Stanivuk92: raises $3 to $6
ermolov1: calls $3
*** FLOP *** [8d 8s 3c]
ermolov1: checks
Stanivuk92: bets $3
ermolov1: calls $3
*** TURN *** [8d 8s 3c] [4d]
ermolov1: checks
Stanivuk92: bets $6
ermolov1: calls $6
*** RIVER *** [8d 8s 3c 4d] [Tc]
ermolov1: checks
Stanivuk92: bets $6
ermolov1: calls $6
*** SHOW DOWN ***
Stanivuk92: shows [8c 4s] (a full house, Eights full of Fours)
ermolov1: mucks hand
Stanivuk92 collected $41.50 from pot
*** SUMMARY ***
Total pot $42 | Rake $0.50
Board [8d 8s 3c 4d Tc]
Seat 1: Stanivuk92 (button) (small blind) showed [8c 4s] and won ($41.50) with a full house, Eights full of Fours
Seat 6: ermolov1 (big blind) mucked


PokerStars Hand #170695897929:  Hold'em Limit ($3/$6 USD) - 2017/05/20 19:39:30 ET
Table 'Ilona' 6-max Seat #1 is the button
Seat 1: Stanivuk92 ($70.91 in chips)
Seat 6: ermolov1 ($336.44 in chips)
Stanivuk92: posts small blind $1
ermolov1: posts big blind $3
*** HOLE CARDS ***
Stanivuk92: folds
Uncalled bet ($2) returned to ermolov1
ermolov1 collected $2 from pot
ermolov1: doesn't show hand
*** SUMMARY ***
Total pot $2 | Rake $0
Seat 1: Stanivuk92 (button) (small blind) folded before Flop
Seat 6: ermolov1 (big blind) collected ($2)


PokerStars Hand #170695887319:  Hold'em Limit ($3/$6 USD) - 2017/05/20 19:39:11 ET
Table 'Ilona' 6-max Seat #6 is the button
Seat 1: Stanivuk92 ($53.41 in chips)
Seat 6: ermolov1 ($354.44 in chips)
ermolov1: posts small blind $1
Stanivuk92: posts big blind $3
*** HOLE CARDS ***
ermolov1: raises $3 to $6
Stanivuk92: raises $3 to $9
ermolov1: calls $3
*** FLOP *** [5s Qh 4c]
Stanivuk92: bets $3
ermolov1: raises $3 to $6
Stanivuk92: raises $3 to $9
ermolov1: calls $3
*** TURN *** [5s Qh 4c] [9c]
Stanivuk92: bets $6
ermolov1: folds
Uncalled bet ($6) returned to Stanivuk92
Stanivuk92 collected $35.50 from pot
Stanivuk92: doesn't show hand
*** SUMMARY ***
Total pot $36 | Rake $0.50
Board [5s Qh 4c 9c]
Seat 1: Stanivuk92 (big blind) collected ($35.50)
Seat 6: ermolov1 (button) (small blind) folded on the Turn


PokerStars Hand #170695946564:  Hold'em Limit ($3/$6 USD) - 2017/05/20 19:40:47 ET
Table 'Ilona' 6-max Seat #6 is the button
Seat 1: Stanivuk92 ($94.57 in chips)
Seat 6: ermolov1 ($311.20 in chips)
ermolov1: posts small blind $1
Stanivuk92: posts big blind $3
*** HOLE CARDS ***
ermolov1: raises $3 to $6
Stanivuk92: calls $3
*** FLOP *** [Jd 7s 6s]
Stanivuk92: checks
ermolov1: bets $3
Stanivuk92: calls $3
*** TURN *** [Jd 7s 6s] [Kc]
Stanivuk92: checks
ermolov1: bets $6
Stanivuk92: folds
Uncalled bet ($6) returned to ermolov1
ermolov1 collected $17.64 from pot
ermolov1: doesn't show hand
*** SUMMARY ***
Total pot $18 | Rake $0.36
Board [Jd 7s 6s Kc]
Seat 1: Stanivuk92 (big blind) folded on the Turn
Seat 6: ermolov1 (button) (small blind) collected ($17.64)


PokerStars Hand #170695943624:  Hold'em Limit ($3/$6 USD) - 2017/05/20 19:40:42 ET
Table 'Ilona' 6-max Seat #1 is the button
Seat 1: Stanivuk92 ($95.57 in chips)
Seat 6: ermolov1 ($310.20 in chips)
Stanivuk92: posts small blind $1
ermolov1: posts big blind $3
*** HOLE CARDS ***
007buszek joins the table at seat #2
Stanivuk92: folds
Uncalled bet ($2) returned to ermolov1
ermolov1 collected $2 from pot
ermolov1: doesn't show hand
*** SUMMARY ***
Total pot $2 | Rake $0
Seat 1: Stanivuk92 (button) (small blind) folded before Flop
Seat 6: ermolov1 (big blind) collected ($2)


PokerStars Hand #170695933190:  Hold'em Limit ($3/$6 USD) - 2017/05/20 19:40:23 ET
Table 'Ilona' 6-max Seat #6 is the button
Seat 1: Stanivuk92 ($84.05 in chips)
Seat 6: ermolov1 ($322.20 in chips)
ermolov1: posts small blind $1
Stanivuk92: posts big blind $3
*** HOLE CARDS ***
ermolov1: calls $2
Stanivuk92: raises $3 to $6
ermolov1: calls $3
*** FLOP *** [5c 5d 2d]
Stanivuk92: bets $3
ermolov1: raises $3 to $6
Stanivuk92: calls $3
*** TURN *** [5c 5d 2d] [Qs]
Stanivuk92: checks
ermolov1: checks
*** RIVER *** [5c 5d 2d Qs] [Qh]
Stanivuk92: bets $6
ermolov1: folds
Uncalled bet ($6) returned to Stanivuk92
Stanivuk92 collected $23.52 from pot
Stanivuk92: doesn't show hand
*** SUMMARY ***
Total pot $24 | Rake $0.48
Board [5c 5d 2d Qs Qh]
Seat 1: Stanivuk92 (big blind) collected ($23.52)
Seat 6: ermolov1 (button) (small blind) folded on the River


PokerStars Hand #170695925652:  Hold'em Limit ($3/$6 USD) - 2017/05/20 19:40:10 ET
Table 'Ilona' 6-max Seat #1 is the button
Seat 1: Stanivuk92 ($75.41 in chips)
Seat 6: ermolov1 ($331.20 in chips)
Stanivuk92: posts small blind $1
ermolov1: posts big blind $3
*** HOLE CARDS ***
Stanivuk92: raises $3 to $6
ermolov1: calls $3
*** FLOP *** [8c 2d 2c]
ermolov1: checks
Stanivuk92: bets $3
ermolov1: calls $3
*** TURN *** [8c 2d 2c] [Qh]
ermolov1: checks
Stanivuk92: bets $6
ermolov1: folds
Uncalled bet ($6) returned to Stanivuk92
Stanivuk92 collected $17.64 from pot
Stanivuk92: doesn't show hand
*** SUMMARY ***
Total pot $18 | Rake $0.36
Board [8c 2d 2c Qh]
Seat 1: Stanivuk92 (button) (small blind) collected ($17.64)
Seat 6: ermolov1 (big blind) folded on the Turn


