PokerStars Hand #155072681504:  Hold'em Limit ($3/$6 USD) - 2016/06/22 16:22:46 ET
Table 'Ilona' 6-max Seat #5 is the button
Seat 5: Yaha222 ($90.65 in chips)
Seat 6: TbIP-TbIP 88 ($72 in chips)
Yaha222: posts small blind $1
TbIP-TbIP 88: posts big blind $3
*** HOLE CARDS ***
Yaha222: folds
Uncalled bet ($2) returned to TbIP-TbIP 88
TbIP-TbIP 88 collected $2 from pot
TbIP-TbIP 88: doesn't show hand
*** SUMMARY ***
Total pot $2 | Rake $0
Seat 5: Yaha222 (button) (small blind) folded before Flop
Seat 6: TbIP-TbIP 88 (big blind) collected ($2)


PokerStars Hand #155072665840:  Hold'em Limit ($3/$6 USD) - 2016/06/22 16:22:25 ET
Table 'Ilona' 6-max Seat #6 is the button
Seat 5: Yaha222 ($70.15 in chips)
Seat 6: TbIP-TbIP 88 ($73 in chips)
TbIP-TbIP 88: posts small blind $1
Yaha222: posts big blind $3
*** HOLE CARDS ***
TbIP-TbIP 88: raises $3 to $6
Yaha222: calls $3
*** FLOP *** [7c 9h 8c]
Yaha222: checks
jackRizzar joins the table at seat #3
TbIP-TbIP 88: bets $3
Yaha222: calls $3
*** TURN *** [7c 9h 8c] [Ks]
Yaha222: checks
TbIP-TbIP 88: bets $6
Yaha222: calls $6
*** RIVER *** [7c 9h 8c Ks] [3h]
Yaha222: bets $6
TbIP-TbIP 88: calls $6
*** SHOW DOWN ***
Yaha222: shows [Kh 7s] (two pair, Kings and Sevens)
TbIP-TbIP 88: mucks hand
Yaha222 collected $41.50 from pot
*** SUMMARY ***
Total pot $42 | Rake $0.50
Board [7c 9h 8c Ks 3h]
Seat 5: Yaha222 (big blind) showed [Kh 7s] and won ($41.50) with two pair, Kings and Sevens
Seat 6: TbIP-TbIP 88 (button) (small blind) mucked


PokerStars Hand #155075822232:  Hold'em Limit ($3/$6 USD) - 2016/06/22 17:34:42 ET
Table 'Ilona' 6-max Seat #1 is the button
Seat 1: RUNNINGMAN70 ($182.88 in chips)
Seat 5: GRAILKO ($238.65 in chips)
RUNNINGMAN70: posts small blind $1
Chessnok: is sitting out
GRAILKO: posts big blind $3
*** HOLE CARDS ***
RUNNINGMAN70: raises $3 to $6
Koraseg leaves the table
GRAILKO: calls $3
*** FLOP *** [8s Kh 2c]
GRAILKO: checks
RUNNINGMAN70: checks
*** TURN *** [8s Kh 2c] [7s]
GRAILKO: bets $6
RUNNINGMAN70: folds
Uncalled bet ($6) returned to GRAILKO
Chessnok leaves the table
GRAILKO collected $11.76 from pot
GRAILKO: doesn't show hand
*** SUMMARY ***
Total pot $12 | Rake $0.24
Board [8s Kh 2c 7s]
Seat 1: RUNNINGMAN70 (button) (small blind) folded on the Turn
Seat 5: GRAILKO (big blind) collected ($11.76)


PokerStars Hand #155075833263:  Hold'em Limit ($3/$6 USD) - 2016/06/22 17:34:56 ET
Table 'Ilona' 6-max Seat #5 is the button
Seat 1: RUNNINGMAN70 ($176.88 in chips)
Seat 5: GRAILKO ($244.41 in chips)
GRAILKO: posts small blind $1
RUNNINGMAN70: posts big blind $3
*** HOLE CARDS ***
GRAILKO: raises $3 to $6
RUNNINGMAN70: folds
Uncalled bet ($3) returned to GRAILKO
GRAILKO collected $6 from pot
GRAILKO: doesn't show hand
*** SUMMARY ***
Total pot $6 | Rake $0
Seat 1: RUNNINGMAN70 (big blind) folded before Flop
Seat 5: GRAILKO (button) (small blind) collected ($6)


