PokerStars Hand #174133146931:  Hold'em Limit ($3/$6 USD) - 2017/08/09 17:43:26 ET
Table 'Ilona' 6-max Seat #6 is the button
Seat 1: ToDaFelt ($120 in chips)
Seat 6: maksi670 ($120 in chips)
maksi670: posts small blind $1
ToDaFelt: posts big blind $3
*** HOLE CARDS ***
maksi670: folds
Uncalled bet ($2) returned to ToDaFelt
ToDaFelt collected $2 from pot
ToDaFelt: doesn't show hand
*** SUMMARY ***
Total pot $2 | Rake $0
Seat 1: ToDaFelt (big blind) collected ($2)
Seat 6: maksi670 (button) (small blind) folded before Flop


PokerStars Hand #174133166489:  Hold'em Limit ($3/$6 USD) - 2017/08/09 17:43:53 ET
Table 'Ilona' 6-max Seat #6 is the button
Seat 1: ToDaFelt ($126.76 in chips)
Seat 6: maksi670 ($113 in chips)
maksi670: posts small blind $1
ToDaFelt: posts big blind $3
*** HOLE CARDS ***
maksi670: calls $2
ToDaFelt: checks
*** FLOP *** [Qs 8c Ks]
ToDaFelt: checks
maksi670: checks
*** TURN *** [Qs 8c Ks] [8d]
ToDaFelt: bets $6
maksi670: folds
Uncalled bet ($6) returned to ToDaFelt
ToDaFelt collected $5.88 from pot
ToDaFelt: doesn't show hand
*** SUMMARY ***
Total pot $6 | Rake $0.12
Board [Qs 8c Ks 8d]
Seat 1: ToDaFelt (big blind) collected ($5.88)
Seat 6: maksi670 (button) (small blind) folded on the Turn


PokerStars Hand #174133152694:  Hold'em Limit ($3/$6 USD) - 2017/08/09 17:43:34 ET
Table 'Ilona' 6-max Seat #1 is the button
Seat 1: ToDaFelt ($121 in chips)
Seat 6: maksi670 ($119 in chips)
ToDaFelt: posts small blind $1
maksi670: posts big blind $3
*** HOLE CARDS ***
ToDaFelt: raises $3 to $6
maksi670: calls $3
*** FLOP *** [6d 8h Qd]
maksi670: checks
ToDaFelt: bets $3
maksi670: folds
Uncalled bet ($3) returned to ToDaFelt
ToDaFelt collected $11.76 from pot
ToDaFelt: doesn't show hand
*** SUMMARY ***
Total pot $12 | Rake $0.24
Board [6d 8h Qd]
Seat 1: ToDaFelt (button) (small blind) collected ($11.76)
Seat 6: maksi670 (big blind) folded on the Flop


PokerStars Hand #174133223839:  Hold'em Limit ($3/$6 USD) - 2017/08/09 17:45:14 ET
Table 'Ilona' 6-max Seat #6 is the button
Seat 1: ToDaFelt ($159.14 in chips)
Seat 6: maksi670 ($80 in chips)
maksi670: posts small blind $1
ToDaFelt: posts big blind $3
*** HOLE CARDS ***
maksi670: folds
Uncalled bet ($2) returned to ToDaFelt
ToDaFelt collected $2 from pot
ToDaFelt: doesn't show hand
*** SUMMARY ***
Total pot $2 | Rake $0
Seat 1: ToDaFelt (big blind) collected ($2)
Seat 6: maksi670 (button) (small blind) folded before Flop


PokerStars Hand #174133191492:  Hold'em Limit ($3/$6 USD) - 2017/08/09 17:44:29 ET
Table 'Ilona' 6-max Seat #1 is the button
Seat 1: ToDaFelt ($129.64 in chips)
Seat 6: maksi670 ($110 in chips)
ToDaFelt: posts small blind $1
maksi670: posts big blind $3
*** HOLE CARDS ***
ToDaFelt: raises $3 to $6
maksi670: raises $3 to $9
ToDaFelt: calls $3
*** FLOP *** [Jc 5h 8d]
maksi670: bets $3
ToDaFelt: calls $3
*** TURN *** [Jc 5h 8d] [4d]
maksi670: bets $6
ToDaFelt: raises $6 to $12
maksi670: calls $6
*** RIVER *** [Jc 5h 8d 4d] [2s]
maksi670: checks
ToDaFelt: bets $6
maksi670: calls $6
*** SHOW DOWN ***
ToDaFelt: shows [Ks Kc] (a pair of Kings)
maksi670: mucks hand
ToDaFelt collected $59.50 from pot
*** SUMMARY ***
Total pot $60 | Rake $0.50
Board [Jc 5h 8d 4d 2s]
Seat 1: ToDaFelt (button) (small blind) showed [Ks Kc] and won ($59.50) with a pair of Kings
Seat 6: maksi670 (big blind) mucked


PokerStars Hand #174133255367:  Hold'em Limit ($3/$6 USD) - 2017/08/09 17:45:59 ET
Table 'Ilona' 6-max Seat #6 is the button
Seat 1: ToDaFelt ($127.14 in chips)
Seat 6: maksi670 ($111.50 in chips)
maksi670: posts small blind $1
ToDaFelt: posts big blind $3
*** HOLE CARDS ***
maksi670: calls $2
ToDaFelt: checks
*** FLOP *** [3s Jh 6s]
ToDaFelt: bets $3
maksi670: calls $3
*** TURN *** [3s Jh 6s] [Th]
ToDaFelt: bets $6
maksi670: calls $6
*** RIVER *** [3s Jh 6s Th] [7h]
ToDaFelt: bets $6
maksi670: calls $6
*** SHOW DOWN ***
ToDaFelt: shows [Jc 3h] (two pair, Jacks and Threes)
maksi670: mucks hand
ToDaFelt collected $35.50 from pot
*** SUMMARY ***
Total pot $36 | Rake $0.50
Board [3s Jh 6s Th 7h]
Seat 1: ToDaFelt (big blind) showed [Jc 3h] and won ($35.50) with two pair, Jacks and Threes
Seat 6: maksi670 (button) (small blind) mucked


PokerStars Hand #174133227498:  Hold'em Limit ($3/$6 USD) - 2017/08/09 17:45:19 ET
Table 'Ilona' 6-max Seat #1 is the button
Seat 1: ToDaFelt ($160.14 in chips)
Seat 6: maksi670 ($79 in chips)
ToDaFelt: posts small blind $1
maksi670: posts big blind $3
*** HOLE CARDS ***
ToDaFelt: raises $3 to $6
maksi670: calls $3
*** FLOP *** [3c Qs 4s]
maksi670: checks
Fetish73 joins the table at seat #2
ToDaFelt: bets $3
maksi670: calls $3
*** TURN *** [3c Qs 4s] [8h]
maksi670: checks
ToDaFelt: bets $6
maksi670: calls $6
*** RIVER *** [3c Qs 4s 8h] [9c]
maksi670: bets $6
ToDaFelt: raises $6 to $12
GoliafUa leaves the table
maksi670: raises $6 to $18
ToDaFelt: calls $6
*** SHOW DOWN ***
maksi670: shows [Js Td] (a straight, Eight to Queen)
ToDaFelt: mucks hand
maksi670 collected $65.50 from pot
*** SUMMARY ***
Total pot $66 | Rake $0.50
Board [3c Qs 4s 8h 9c]
Seat 1: ToDaFelt (button) (small blind) mucked
Seat 6: maksi670 (big blind) showed [Js Td] and won ($65.50) with a straight, Eight to Queen


PokerStars Hand #174136601595:  Hold'em Limit ($3/$6 USD) - 2017/08/09 19:15:04 ET
Table 'Ilona' 6-max Seat #1 is the button
Seat 1: krytalex ($94.81 in chips)
Seat 2: favete lin ($214.84 in chips)
krytalex: posts small blind $1
favete lin: posts big blind $3
*** HOLE CARDS ***
krytalex: raises $3 to $6
favete lin: calls $3
*** FLOP *** [4h 4d Kh]
favete lin: checks
krytalex: bets $3
favete lin: folds
Uncalled bet ($3) returned to krytalex
krytalex collected $11.76 from pot
*** SUMMARY ***
Total pot $12 | Rake $0.24
Board [4h 4d Kh]
Seat 1: krytalex (button) (small blind) collected ($11.76)
Seat 2: favete lin (big blind) folded on the Flop


PokerStars Hand #174136575528:  Hold'em Limit ($3/$6 USD) - 2017/08/09 19:14:18 ET
Table 'Ilona' 6-max Seat #2 is the button
Seat 1: krytalex ($115.81 in chips)
Seat 2: favete lin ($194.34 in chips)
favete lin: posts small blind $1
Psynto: is sitting out
krytalex: posts big blind $3
*** HOLE CARDS ***
favete lin: raises $3 to $6
Psynto leaves the table
krytalex: calls $3
*** FLOP *** [5s 4s Jc]
krytalex: checks
favete lin: bets $3
krytalex: calls $3
*** TURN *** [5s 4s Jc] [Ah]
krytalex: checks
favete lin: bets $6
krytalex: calls $6
*** RIVER *** [5s 4s Jc Ah] [6h]
krytalex: checks
favete lin: bets $6
krytalex: calls $6
*** SHOW DOWN ***
favete lin: shows [6s As] (two pair, Aces and Sixes)
krytalex: mucks hand
favete lin collected $41.50 from pot
*** SUMMARY ***
Total pot $42 | Rake $0.50
Board [5s 4s Jc Ah 6h]
Seat 1: krytalex (big blind) mucked
Seat 2: favete lin (button) (small blind) showed [6s As] and won ($41.50) with two pair, Aces and Sixes


