PokerStars Hand #166364603522:  Hold'em Limit ($3/$6 USD) - 2017/02/17 16:42:54 ET
Table 'Ilos' 6-max Seat #5 is the button
Seat 3: jarellmaniac ($114.50 in chips)
Seat 5: belik555 ($90 in chips)
belik555: posts small blind $1
jarellmaniac: posts big blind $3
*** HOLE CARDS ***
belik555: raises $3 to $6
jarellmaniac: raises $3 to $9
belik555: calls $3
*** FLOP *** [6h 2s Th]
jarellmaniac: bets $3
belik555: calls $3
*** TURN *** [6h 2s Th] [Td]
jarellmaniac: bets $6
belik555: folds
Uncalled bet ($6) returned to jarellmaniac
jarellmaniac collected $23.52 from pot
jarellmaniac: doesn't show hand
*** SUMMARY ***
Total pot $24 | Rake $0.48
Board [6h 2s Th Td]
Seat 3: jarellmaniac (big blind) collected ($23.52)
Seat 5: belik555 (button) (small blind) folded on the Turn


PokerStars Hand #166364560470:  Hold'em Limit ($3/$6 USD) - 2017/02/17 16:42:06 ET
Table 'Ilos' 6-max Seat #3 is the button
Seat 3: jarellmaniac ($100 in chips)
Seat 5: belik555 ($90 in chips)
TbIP-TbIP 88: is sitting out
TbIP-TbIP 88 leaves the table
jarellmaniac: posts small blind $1
belik555: posts big blind $3
*** HOLE CARDS ***
jarellmaniac: raises $3 to $6
belik555: calls $3
*** FLOP *** [As Jd 9s]
belik555: checks
jarellmaniac: bets $3
belik555: calls $3
*** TURN *** [As Jd 9s] [2d]
belik555: checks
jarellmaniac: bets $6
belik555: calls $6
*** RIVER *** [As Jd 9s 2d] [8h]
belik555: checks
jarellmaniac: bets $6
belik555: folds
Uncalled bet ($6) returned to jarellmaniac
jarellmaniac collected $29.50 from pot
jarellmaniac: doesn't show hand
*** SUMMARY ***
Total pot $30 | Rake $0.50
Board [As Jd 9s 2d 8h]
Seat 3: jarellmaniac (button) (small blind) collected ($29.50)
Seat 5: belik555 (big blind) folded on the River


PokerStars Hand #166364620566:  Hold'em Limit ($3/$6 USD) - 2017/02/17 16:43:13 ET
Table 'Ilos' 6-max Seat #3 is the button
Seat 3: jarellmaniac ($126.02 in chips)
Seat 5: belik555 ($90 in chips)
jarellmaniac: posts small blind $1
belik555: posts big blind $3
*** HOLE CARDS ***
jarellmaniac: raises $3 to $6
belik555: calls $3
*** FLOP *** [Ks 6s 4c]
belik555: checks
jarellmaniac: bets $3
belik555: calls $3
*** TURN *** [Ks 6s 4c] [5h]
belik555: checks
jarellmaniac: bets $6
belik555: calls $6
*** RIVER *** [Ks 6s 4c 5h] [8d]
belik555: checks
jarellmaniac: bets $6
belik555: calls $6
*** SHOW DOWN ***
jarellmaniac: shows [8h Kc] (two pair, Kings and Eights)
belik555: mucks hand
jarellmaniac collected $41.50 from pot
*** SUMMARY ***
Total pot $42 | Rake $0.50
Board [Ks 6s 4c 5h 8d]
Seat 3: jarellmaniac (button) (small blind) showed [8h Kc] and won ($41.50) with two pair, Kings and Eights
Seat 5: belik555 (big blind) mucked


PokerStars Hand #166364669605:  Hold'em Limit ($3/$6 USD) - 2017/02/17 16:44:07 ET
Table 'Ilos' 6-max Seat #3 is the button
Seat 3: jarellmaniac ($140.52 in chips)
Seat 5: belik555 ($95.76 in chips)
jarellmaniac: posts small blind $1
belik555: posts big blind $3
*** HOLE CARDS ***
jarellmaniac: folds
Uncalled bet ($2) returned to belik555
belik555 collected $2 from pot
belik555: doesn't show hand
*** SUMMARY ***
Total pot $2 | Rake $0
Seat 3: jarellmaniac (button) (small blind) folded before Flop
Seat 5: belik555 (big blind) collected ($2)


PokerStars Hand #166364650795:  Hold'em Limit ($3/$6 USD) - 2017/02/17 16:43:46 ET
Table 'Ilos' 6-max Seat #5 is the button
Seat 3: jarellmaniac ($146.52 in chips)
Seat 5: belik555 ($90 in chips)
belik555: posts small blind $1
jarellmaniac: posts big blind $3
*** HOLE CARDS ***
belik555: raises $3 to $6
jarellmaniac: calls $3
*** FLOP *** [9d 7d Qd]
jarellmaniac: checks
belik555: bets $3
jarellmaniac: folds
Uncalled bet ($3) returned to belik555
belik555 collected $11.76 from pot
belik555: doesn't show hand
*** SUMMARY ***
Total pot $12 | Rake $0.24
Board [9d 7d Qd]
Seat 3: jarellmaniac (big blind) folded on the Flop
Seat 5: belik555 (button) (small blind) collected ($11.76)


PokerStars Hand #166364675916:  Hold'em Limit ($3/$6 USD) - 2017/02/17 16:44:14 ET
Table 'Ilos' 6-max Seat #5 is the button
Seat 3: jarellmaniac ($139.52 in chips)
Seat 5: belik555 ($96.76 in chips)
belik555: posts small blind $1
jarellmaniac: posts big blind $3
*** HOLE CARDS ***
belik555: raises $3 to $6
jarellmaniac: raises $3 to $9
belik555: calls $3
*** FLOP *** [Ah Th 7s]
jarellmaniac: bets $3
belik555: folds
Uncalled bet ($3) returned to jarellmaniac
jarellmaniac collected $17.64 from pot
jarellmaniac: doesn't show hand
*** SUMMARY ***
Total pot $18 | Rake $0.36
Board [Ah Th 7s]
Seat 3: jarellmaniac (big blind) collected ($17.64)
Seat 5: belik555 (button) (small blind) folded on the Flop


PokerStars Hand #166364685427:  Hold'em Limit ($3/$6 USD) - 2017/02/17 16:44:25 ET
Table 'Ilos' 6-max Seat #3 is the button
Seat 3: jarellmaniac ($148.16 in chips)
Seat 5: belik555 ($90 in chips)
jarellmaniac: posts small blind $1
belik555: posts big blind $3
*** HOLE CARDS ***
jarellmaniac: raises $3 to $6
belik555: calls $3
*** FLOP *** [3d Td Qh]
belik555: checks
jarellmaniac: bets $3
belik555: calls $3
*** TURN *** [3d Td Qh] [4c]
belik555: checks
jarellmaniac: checks
*** RIVER *** [3d Td Qh 4c] [5c]
belik555: bets $6
jarellmaniac: calls $6
*** SHOW DOWN ***
belik555: shows [6h 8h] (high card Queen)
jarellmaniac: shows [Jh Ah] (high card Ace)
jarellmaniac collected $29.50 from pot
*** SUMMARY ***
Total pot $30 | Rake $0.50
Board [3d Td Qh 4c 5c]
Seat 3: jarellmaniac (button) (small blind) showed [Jh Ah] and won ($29.50) with high card Ace
Seat 5: belik555 (big blind) showed [6h 8h] and lost with high card Queen


PokerStars Hand #166364699795:  Hold'em Limit ($3/$6 USD) - 2017/02/17 16:44:40 ET
Table 'Ilos' 6-max Seat #5 is the button
Seat 3: jarellmaniac ($162.66 in chips)
Seat 5: belik555 ($90 in chips)
belik555: posts small blind $1
jarellmaniac: posts big blind $3
*** HOLE CARDS ***
Plot0077 joins the table at seat #2
belik555: raises $3 to $6
jarellmaniac: calls $3
*** FLOP *** [Ks 7c Td]
jarellmaniac: checks
belik555: bets $3
jarellmaniac: calls $3
*** TURN *** [Ks 7c Td] [4d]
jarellmaniac: checks
belik555: checks
*** RIVER *** [Ks 7c Td 4d] [7s]
jarellmaniac: bets $6
belik555: calls $6
*** SHOW DOWN ***
jarellmaniac: shows [Qc 9d] (a pair of Sevens)
belik555: shows [8s 4s] (two pair, Sevens and Fours)
belik555 collected $29.50 from pot
*** SUMMARY ***
Total pot $30 | Rake $0.50
Board [Ks 7c Td 4d 7s]
Seat 3: jarellmaniac (big blind) showed [Qc 9d] and lost with a pair of Sevens
Seat 5: belik555 (button) (small blind) showed [8s 4s] and won ($29.50) with two pair, Sevens and Fours


PokerStars Hand #166364726456:  Hold'em Limit ($3/$6 USD) - 2017/02/17 16:45:10 ET
Table 'Ilos' 6-max Seat #3 is the button
Seat 3: jarellmaniac ($147.66 in chips)
Seat 5: belik555 ($104.50 in chips)
jarellmaniac: posts small blind $1
belik555: posts big blind $3
*** HOLE CARDS ***
jarellmaniac: raises $3 to $6
belik555: calls $3
*** FLOP *** [As Qs Td]
belik555: checks
jarellmaniac: bets $3
belik555: calls $3
*** TURN *** [As Qs Td] [4h]
belik555: checks
jarellmaniac: bets $6
belik555: calls $6
*** RIVER *** [As Qs Td 4h] [4c]
belik555: checks
jarellmaniac: checks
*** SHOW DOWN ***
belik555: shows [Kh 4s] (three of a kind, Fours)
jarellmaniac: mucks hand
belik555 collected $29.50 from pot
*** SUMMARY ***
Total pot $30 | Rake $0.50
Board [As Qs Td 4h 4c]
Seat 3: jarellmaniac (button) (small blind) mucked
Seat 5: belik555 (big blind) showed [Kh 4s] and won ($29.50) with three of a kind, Fours


PokerStars Hand #166365340128:  Hold'em Limit ($3/$6 USD) - 2017/02/17 16:56:47 ET
Table 'Ilos' 6-max Seat #2 is the button
Seat 1: Dzixtarr ($75.01 in chips)
Seat 2: Plot0077 ($20 in chips)
Plot0077: posts small blind $1
Dzixtarr: posts big blind $3
*** HOLE CARDS ***
Plot0077: raises $3 to $6
Dzixtarr: folds
Uncalled bet ($3) returned to Plot0077
Plot0077 collected $6 from pot
*** SUMMARY ***
Total pot $6 | Rake $0
Seat 1: Dzixtarr (big blind) folded before Flop
Seat 2: Plot0077 (button) (small blind) collected ($6)


PokerStars Hand #166365348424:  Hold'em Limit ($3/$6 USD) - 2017/02/17 16:56:58 ET
Table 'Ilos' 6-max Seat #2 is the button
Seat 1: Dzixtarr ($71.01 in chips)
Seat 2: Plot0077 ($24 in chips)
Plot0077: posts small blind $1
Dzixtarr: posts big blind $3
*** HOLE CARDS ***
Plot0077: folds
Uncalled bet ($2) returned to Dzixtarr
Dzixtarr collected $2 from pot
Dzixtarr: doesn't show hand
*** SUMMARY ***
Total pot $2 | Rake $0
Seat 1: Dzixtarr (big blind) collected ($2)
Seat 2: Plot0077 (button) (small blind) folded before Flop


PokerStars Hand #166365344713:  Hold'em Limit ($3/$6 USD) - 2017/02/17 16:56:54 ET
Table 'Ilos' 6-max Seat #1 is the button
Seat 1: Dzixtarr ($72.01 in chips)
Seat 2: Plot0077 ($23 in chips)
Dzixtarr: posts small blind $1
Plot0077: posts big blind $3
*** HOLE CARDS ***
Dzixtarr: folds
Uncalled bet ($2) returned to Plot0077
Plot0077 collected $2 from pot
*** SUMMARY ***
Total pot $2 | Rake $0
Seat 1: Dzixtarr (button) (small blind) folded before Flop
Seat 2: Plot0077 (big blind) collected ($2)


PokerStars Hand #166365352039:  Hold'em Limit ($3/$6 USD) - 2017/02/17 16:57:03 ET
Table 'Ilos' 6-max Seat #1 is the button
Seat 1: Dzixtarr ($72.01 in chips)
Seat 2: Plot0077 ($23 in chips)
Dzixtarr: posts small blind $1
Plot0077: posts big blind $3
*** HOLE CARDS ***
Dzixtarr: raises $3 to $6
Plot0077: raises $3 to $9
Dzixtarr: raises $3 to $12
Betting is capped
Plot0077: calls $3
*** FLOP *** [Td 8h 4c]
Plot0077: checks
Dzixtarr: checks
*** TURN *** [Td 8h 4c] [2s]
Plot0077: bets $6
Dzixtarr: raises $6 to $12
Plot0077: calls $5 and is all-in
Uncalled bet ($1) returned to Dzixtarr
*** RIVER *** [Td 8h 4c 2s] [8s]
*** SHOW DOWN ***
Plot0077: shows [Ac 7c] (a pair of Eights)
Dzixtarr: shows [Qs Qd] (two pair, Queens and Eights)
Dzixtarr collected $45.50 from pot
*** SUMMARY ***
Total pot $46 | Rake $0.50
Board [Td 8h 4c 2s 8s]
Seat 1: Dzixtarr (button) (small blind) showed [Qs Qd] and won ($45.50) with two pair, Queens and Eights
Seat 2: Plot0077 (big blind) showed [Ac 7c] and lost with a pair of Eights


