PokerStars Hand #148098227079:  Hold'em Limit ($3/$6 USD) - 2016/02/02 5:22:35 ET
Table 'Ilos' 6-max Seat #4 is the button
Seat 3: MilPopov ($100 in chips)
Seat 4: BelSv ($78 in chips)
BelSv: posts small blind $1
SmellyToes4u: is sitting out
MilPopov: posts big blind $3
*** HOLE CARDS ***
BelSv: raises $3 to $6
MilPopov: calls $3
*** FLOP *** [Kc Qc 3s]
MilPopov: checks
BelSv: bets $3
MilPopov: calls $3
*** TURN *** [Kc Qc 3s] [7d]
MilPopov: checks
BelSv: checks
*** RIVER *** [Kc Qc 3s 7d] [Qd]
MilPopov: checks
BelSv: checks
*** SHOW DOWN ***
MilPopov: shows [Td 8c] (a pair of Queens)
BelSv: shows [5h Jc] (a pair of Queens - King+Jack kicker)
BelSv collected $17.64 from pot
*** SUMMARY ***
Total pot $18 | Rake $0.36
Board [Kc Qc 3s 7d Qd]
Seat 3: MilPopov (big blind) showed [Td 8c] and lost with a pair of Queens
Seat 4: BelSv (button) (small blind) showed [5h Jc] and won ($17.64) with a pair of Queens


PokerStars Hand #148098241153:  Hold'em Limit ($3/$6 USD) - 2016/02/02 5:23:05 ET
Table 'Ilos' 6-max Seat #3 is the button
Seat 3: MilPopov ($91 in chips)
Seat 4: BelSv ($86.64 in chips)
MilPopov: posts small blind $1
BelSv: posts big blind $3
*** HOLE CARDS ***
MilPopov: raises $3 to $6
BelSv: calls $3
*** FLOP *** [Th 9d Ts]
BelSv: checks
MilPopov: bets $3
BelSv: calls $3
*** TURN *** [Th 9d Ts] [5s]
BelSv: checks
MilPopov: checks
*** RIVER *** [Th 9d Ts 5s] [7h]
BelSv: checks
MilPopov: checks
*** SHOW DOWN ***
BelSv: shows [Ks 8c] (a pair of Tens)
MilPopov: mucks hand
BelSv collected $17.64 from pot
*** SUMMARY ***
Total pot $18 | Rake $0.36
Board [Th 9d Ts 5s 7h]
Seat 3: MilPopov (button) (small blind) mucked
Seat 4: BelSv (big blind) showed [Ks 8c] and won ($17.64) with a pair of Tens


PokerStars Hand #148098256033:  Hold'em Limit ($3/$6 USD) - 2016/02/02 5:23:36 ET
Table 'Ilos' 6-max Seat #3 is the button
Seat 3: MilPopov ($83 in chips)
Seat 4: BelSv ($94.28 in chips)
MilPopov: posts small blind $1
BelSv: posts big blind $3
*** HOLE CARDS ***
MilPopov: folds
Uncalled bet ($2) returned to BelSv
BelSv collected $2 from pot
BelSv: doesn't show hand
*** SUMMARY ***
Total pot $2 | Rake $0
Seat 3: MilPopov (button) (small blind) folded before Flop
Seat 4: BelSv (big blind) collected ($2)


PokerStars Hand #148098253083:  Hold'em Limit ($3/$6 USD) - 2016/02/02 5:23:30 ET
Table 'Ilos' 6-max Seat #4 is the button
Seat 3: MilPopov ($82 in chips)
Seat 4: BelSv ($95.28 in chips)
BelSv: posts small blind $1
MilPopov: posts big blind $3
*** HOLE CARDS ***
BelSv: folds
Uncalled bet ($2) returned to MilPopov
MilPopov collected $2 from pot
MilPopov: doesn't show hand
*** SUMMARY ***
Total pot $2 | Rake $0
Seat 3: MilPopov (big blind) collected ($2)
Seat 4: BelSv (button) (small blind) folded before Flop


PokerStars Hand #148098258769:  Hold'em Limit ($3/$6 USD) - 2016/02/02 5:23:42 ET
Table 'Ilos' 6-max Seat #4 is the button
Seat 3: MilPopov ($82 in chips)
Seat 4: BelSv ($95.28 in chips)
BelSv: posts small blind $1
MilPopov: posts big blind $3
*** HOLE CARDS ***
BelSv: raises $3 to $6
MilPopov: calls $3
*** FLOP *** [5s Kh 2c]
MilPopov: checks
BelSv: checks
*** TURN *** [5s Kh 2c] [Ts]
MilPopov: checks
BelSv: bets $6
MilPopov: folds
Uncalled bet ($6) returned to BelSv
BelSv collected $11.76 from pot
BelSv: doesn't show hand
*** SUMMARY ***
Total pot $12 | Rake $0.24
Board [5s Kh 2c Ts]
Seat 3: MilPopov (big blind) folded on the Turn
Seat 4: BelSv (button) (small blind) collected ($11.76)


PokerStars Hand #148098270444:  Hold'em Limit ($3/$6 USD) - 2016/02/02 5:24:06 ET
Table 'Ilos' 6-max Seat #3 is the button
Seat 3: MilPopov ($76 in chips)
Seat 4: BelSv ($101.04 in chips)
MilPopov: posts small blind $1
BelSv: posts big blind $3
*** HOLE CARDS ***
MilPopov: raises $3 to $6
BelSv: folds
Uncalled bet ($3) returned to MilPopov
MilPopov collected $6 from pot
MilPopov: doesn't show hand
*** SUMMARY ***
Total pot $6 | Rake $0
Seat 3: MilPopov (button) (small blind) collected ($6)
Seat 4: BelSv (big blind) folded before Flop


PokerStars Hand #148098278788:  Hold'em Limit ($3/$6 USD) - 2016/02/02 5:24:23 ET
Table 'Ilos' 6-max Seat #4 is the button
Seat 3: MilPopov ($79 in chips)
Seat 4: BelSv ($98.04 in chips)
BelSv: posts small blind $1
MilPopov: posts big blind $3
*** HOLE CARDS ***
BelSv: folds
Uncalled bet ($2) returned to MilPopov
MilPopov collected $2 from pot
*** SUMMARY ***
Total pot $2 | Rake $0
Seat 3: MilPopov (big blind) collected ($2)
Seat 4: BelSv (button) (small blind) folded before Flop


PokerStars Hand #148098286315:  Hold'em Limit ($3/$6 USD) - 2016/02/02 5:24:38 ET
Table 'Ilos' 6-max Seat #3 is the button
Seat 3: MilPopov ($80 in chips)
Seat 4: BelSv ($97.04 in chips)
MilPopov: posts small blind $1
BelSv: posts big blind $3
*** HOLE CARDS ***
MilPopov: raises $3 to $6
BelSv: folds
Uncalled bet ($3) returned to MilPopov
MilPopov collected $6 from pot
MilPopov: doesn't show hand
*** SUMMARY ***
Total pot $6 | Rake $0
Seat 3: MilPopov (button) (small blind) collected ($6)
Seat 4: BelSv (big blind) folded before Flop


PokerStars Hand #148098300749:  Hold'em Limit ($3/$6 USD) - 2016/02/02 5:25:08 ET
Table 'Ilos' 6-max Seat #3 is the button
Seat 3: MilPopov ($91.64 in chips)
Seat 4: BelSv ($85.04 in chips)
MilPopov: posts small blind $1
BelSv: posts big blind $3
*** HOLE CARDS ***
MilPopov: folds
Uncalled bet ($2) returned to BelSv
BelSv collected $2 from pot
BelSv: doesn't show hand
*** SUMMARY ***
Total pot $2 | Rake $0
Seat 3: MilPopov (button) (small blind) folded before Flop
Seat 4: BelSv (big blind) collected ($2)


PokerStars Hand #148098292365:  Hold'em Limit ($3/$6 USD) - 2016/02/02 5:24:51 ET
Table 'Ilos' 6-max Seat #4 is the button
Seat 3: MilPopov ($83 in chips)
Seat 4: BelSv ($94.04 in chips)
BelSv: posts small blind $1
MilPopov: posts big blind $3
*** HOLE CARDS ***
BelSv: raises $3 to $6
MilPopov: raises $3 to $9
BelSv: calls $3
*** FLOP *** [6s As Tc]
MilPopov: bets $3
BelSv: folds
Uncalled bet ($3) returned to MilPopov
MilPopov collected $17.64 from pot
MilPopov: doesn't show hand
*** SUMMARY ***
Total pot $18 | Rake $0.36
Board [6s As Tc]
Seat 3: MilPopov (big blind) collected ($17.64)
Seat 4: BelSv (button) (small blind) folded on the Flop


PokerStars Hand #148098303426:  Hold'em Limit ($3/$6 USD) - 2016/02/02 5:25:13 ET
Table 'Ilos' 6-max Seat #4 is the button
Seat 3: MilPopov ($90.64 in chips)
Seat 4: BelSv ($86.04 in chips)
BelSv: posts small blind $1
MilPopov: posts big blind $3
*** HOLE CARDS ***
BelSv: raises $3 to $6
MilPopov: calls $3
*** FLOP *** [2h Ks 4d]
MilPopov: checks
BelSv: bets $3
MilPopov: calls $3
*** TURN *** [2h Ks 4d] [Th]
MilPopov: checks
BelSv: bets $6
MilPopov: folds
Uncalled bet ($6) returned to BelSv
BelSv collected $17.64 from pot
BelSv: doesn't show hand
*** SUMMARY ***
Total pot $18 | Rake $0.36
Board [2h Ks 4d Th]
Seat 3: MilPopov (big blind) folded on the Turn
Seat 4: BelSv (button) (small blind) collected ($17.64)


PokerStars Hand #148098319949:  Hold'em Limit ($3/$6 USD) - 2016/02/02 5:25:47 ET
Table 'Ilos' 6-max Seat #3 is the button
Seat 3: MilPopov ($81.64 in chips)
Seat 4: BelSv ($94.68 in chips)
MilPopov: posts small blind $1
BelSv: posts big blind $3
*** HOLE CARDS ***
MilPopov: raises $3 to $6
BelSv: calls $3
*** FLOP *** [6d Jh 3h]
BelSv: checks
MilPopov: bets $3
BelSv: folds
Uncalled bet ($3) returned to MilPopov
MilPopov collected $11.76 from pot
MilPopov: doesn't show hand
*** SUMMARY ***
Total pot $12 | Rake $0.24
Board [6d Jh 3h]
Seat 3: MilPopov (button) (small blind) collected ($11.76)
Seat 4: BelSv (big blind) folded on the Flop


PokerStars Hand #148098330723:  Hold'em Limit ($3/$6 USD) - 2016/02/02 5:26:10 ET
Table 'Ilos' 6-max Seat #3 is the button
Seat 3: MilPopov ($96.04 in chips)
Seat 4: BelSv ($79.68 in chips)
MilPopov: posts small blind $1
BelSv: posts big blind $3
*** HOLE CARDS ***
MilPopov: raises $3 to $6
BelSv: raises $3 to $9
MilPopov: calls $3
*** FLOP *** [Ts 3d Kh]
BelSv: checks
MilPopov: checks
*** TURN *** [Ts 3d Kh] [Ks]
BelSv: bets $6
MilPopov: raises $6 to $12
BelSv: calls $6
*** RIVER *** [Ts 3d Kh Ks] [2h]
BelSv: checks
MilPopov: bets $6
BelSv: calls $6
*** SHOW DOWN ***
MilPopov: shows [Kd 2s] (a full house, Kings full of Deuces)
BelSv: mucks hand
MilPopov collected $53.50 from pot
*** SUMMARY ***
Total pot $54 | Rake $0.50
Board [Ts 3d Kh Ks 2h]
Seat 3: MilPopov (button) (small blind) showed [Kd 2s] and won ($53.50) with a full house, Kings full of Deuces
Seat 4: BelSv (big blind) mucked


PokerStars Hand #148098325443:  Hold'em Limit ($3/$6 USD) - 2016/02/02 5:25:59 ET
Table 'Ilos' 6-max Seat #4 is the button
Seat 3: MilPopov ($87.40 in chips)
Seat 4: BelSv ($88.68 in chips)
BelSv: posts small blind $1
MilPopov: posts big blind $3
*** HOLE CARDS ***
BelSv: raises $3 to $6
MilPopov: raises $3 to $9
BelSv: calls $3
*** FLOP *** [8s 9s 3d]
MilPopov: bets $3
BelSv: folds
Uncalled bet ($3) returned to MilPopov
MilPopov collected $17.64 from pot
MilPopov: doesn't show hand
*** SUMMARY ***
Total pot $18 | Rake $0.36
Board [8s 9s 3d]
Seat 3: MilPopov (big blind) collected ($17.64)
Seat 4: BelSv (button) (small blind) folded on the Flop


PokerStars Hand #148098373751:  Hold'em Limit ($3/$6 USD) - 2016/02/02 5:27:38 ET
Table 'Ilos' 6-max Seat #3 is the button
Seat 3: MilPopov ($78.54 in chips)
Seat 4: BelSv ($121 in chips)
MilPopov: posts small blind $1
BelSv: posts big blind $3
*** HOLE CARDS ***
MilPopov: raises $3 to $6
BelSv: raises $3 to $9
MilPopov: raises $3 to $12
Betting is capped
BelSv: calls $3
*** FLOP *** [2h Ac 8h]
BelSv: checks
MilPopov: bets $3
BelSv: raises $3 to $6
MilPopov: calls $3
*** TURN *** [2h Ac 8h] [Jh]
BelSv: bets $6
MilPopov: folds
Uncalled bet ($6) returned to BelSv
BelSv collected $35.50 from pot
BelSv: doesn't show hand
*** SUMMARY ***
Total pot $36 | Rake $0.50
Board [2h Ac 8h Jh]
Seat 3: MilPopov (button) (small blind) folded on the Turn
Seat 4: BelSv (big blind) collected ($35.50)


PokerStars Hand #148098366788:  Hold'em Limit ($3/$6 USD) - 2016/02/02 5:27:24 ET
Table 'Ilos' 6-max Seat #4 is the button
Seat 3: MilPopov ($77.54 in chips)
Seat 4: BelSv ($122 in chips)
BelSv: posts small blind $1
MilPopov: posts big blind $3
*** HOLE CARDS ***
BelSv: folds
Uncalled bet ($2) returned to MilPopov
MilPopov collected $2 from pot
MilPopov: doesn't show hand
*** SUMMARY ***
Total pot $2 | Rake $0
Seat 3: MilPopov (big blind) collected ($2)
Seat 4: BelSv (button) (small blind) folded before Flop


PokerStars Hand #148098354702:  Hold'em Limit ($3/$6 USD) - 2016/02/02 5:26:59 ET
Table 'Ilos' 6-max Seat #3 is the button
Seat 3: MilPopov ($107.54 in chips)
Seat 4: BelSv ($92.50 in chips)
MilPopov: posts small blind $1
BelSv: posts big blind $3
*** HOLE CARDS ***
MilPopov: raises $3 to $6
BelSv: raises $3 to $9
MilPopov: raises $3 to $12
Betting is capped
BelSv: calls $3
*** FLOP *** [7c 2s Jd]
BelSv: checks
MilPopov: bets $3
BelSv: raises $3 to $6
MilPopov: raises $3 to $9
BelSv: raises $3 to $12
Betting is capped
MilPopov: calls $3
*** TURN *** [7c 2s Jd] [Tc]
BelSv: bets $6
MilPopov: calls $6
*** RIVER *** [7c 2s Jd Tc] [Js]
BelSv: bets $6
MilPopov: folds
Uncalled bet ($6) returned to BelSv
BelSv collected $59.50 from pot
BelSv: doesn't show hand
*** SUMMARY ***
Total pot $60 | Rake $0.50
Board [7c 2s Jd Tc Js]
Seat 3: MilPopov (button) (small blind) folded on the River
Seat 4: BelSv (big blind) collected ($59.50)


PokerStars Hand #148098341526:  Hold'em Limit ($3/$6 USD) - 2016/02/02 5:26:32 ET
Table 'Ilos' 6-max Seat #4 is the button
Seat 3: MilPopov ($122.54 in chips)
Seat 4: BelSv ($78 in chips)
BelSv: posts small blind $1
MilPopov: posts big blind $3
*** HOLE CARDS ***
BelSv: raises $3 to $6
MilPopov: raises $3 to $9
BelSv: calls $3
*** FLOP *** [5c 7d 9c]
MilPopov: bets $3
BelSv: raises $3 to $6
MilPopov: calls $3
*** TURN *** [5c 7d 9c] [Ad]
MilPopov: checks
BelSv: bets $6
MilPopov: folds
Uncalled bet ($6) returned to BelSv
BelSv collected $29.50 from pot
BelSv: doesn't show hand
*** SUMMARY ***
Total pot $30 | Rake $0.50
Board [5c 7d 9c Ad]
Seat 3: MilPopov (big blind) folded on the Turn
Seat 4: BelSv (button) (small blind) collected ($29.50)


PokerStars Hand #148098397005:  Hold'em Limit ($3/$6 USD) - 2016/02/02 5:28:25 ET
Table 'Ilos' 6-max Seat #4 is the button
Seat 3: MilPopov ($33.54 in chips)
Seat 4: BelSv ($164.64 in chips)
BelSv: posts small blind $1
MilPopov: posts big blind $3
*** HOLE CARDS ***
BelSv: raises $3 to $6
MilPopov: raises $3 to $9
BelSv: calls $3
*** FLOP *** [Ad 4d Qd]
MilPopov: bets $3
BelSv: calls $3
*** TURN *** [Ad 4d Qd] [Tc]
MilPopov: bets $6
BelSv: calls $6
*** RIVER *** [Ad 4d Qd Tc] [Kh]
MilPopov: bets $6
BelSv: raises $6 to $12
MilPopov: raises $3.54 to $15.54 and is all-in
BelSv: calls $3.54
*** SHOW DOWN ***
MilPopov: shows [Kd Js] (a straight, Ten to Ace)
BelSv: shows [Jd 6s] (a straight, Ten to Ace)
MilPopov collected $33.29 from pot
BelSv collected $33.29 from pot
*** SUMMARY ***
Total pot $67.08 | Rake $0.50
Board [Ad 4d Qd Tc Kh]
Seat 3: MilPopov (big blind) showed [Kd Js] and won ($33.29) with a straight, Ten to Ace
Seat 4: BelSv (button) (small blind) showed [Jd 6s] and won ($33.29) with a straight, Ten to Ace


PokerStars Hand #148098391673:  Hold'em Limit ($3/$6 USD) - 2016/02/02 5:28:14 ET
Table 'Ilos' 6-max Seat #3 is the button
Seat 3: MilPopov ($42.54 in chips)
Seat 4: BelSv ($156 in chips)
MilPopov: posts small blind $1
BelSv: posts big blind $3
*** HOLE CARDS ***
MilPopov: raises $3 to $6
BelSv: raises $3 to $9
MilPopov: calls $3
*** FLOP *** [Td 2h Ad]
BelSv: bets $3
MilPopov: folds
Uncalled bet ($3) returned to BelSv
BelSv collected $17.64 from pot
BelSv: doesn't show hand
*** SUMMARY ***
Total pot $18 | Rake $0.36
Board [Td 2h Ad]
Seat 3: MilPopov (button) (small blind) folded on the Flop
Seat 4: BelSv (big blind) collected ($17.64)


PokerStars Hand #148098383076:  Hold'em Limit ($3/$6 USD) - 2016/02/02 5:27:57 ET
Table 'Ilos' 6-max Seat #4 is the button
Seat 3: MilPopov ($60.54 in chips)
Seat 4: BelSv ($138.50 in chips)
BelSv: posts small blind $1
MilPopov: posts big blind $3
*** HOLE CARDS ***
BelSv: raises $3 to $6
MilPopov: raises $3 to $9
BelSv: calls $3
*** FLOP *** [Kd 3d 7h]
MilPopov: bets $3
BelSv: calls $3
*** TURN *** [Kd 3d 7h] [Tc]
MilPopov: bets $6
BelSv: calls $6
*** RIVER *** [Kd 3d 7h Tc] [Qd]
MilPopov: checks
BelSv: checks
*** SHOW DOWN ***
MilPopov: shows [4s 5h] (high card King)
BelSv: shows [Th As] (a pair of Tens)
BelSv collected $35.50 from pot
*** SUMMARY ***
Total pot $36 | Rake $0.50
Board [Kd 3d 7h Tc Qd]
Seat 3: MilPopov (big blind) showed [4s 5h] and lost with high card King
Seat 4: BelSv (button) (small blind) showed [Th As] and won ($35.50) with a pair of Tens


PokerStars Hand #148098430202:  Hold'em Limit ($3/$6 USD) - 2016/02/02 5:29:32 ET
Table 'Ilos' 6-max Seat #3 is the button
Seat 3: MilPopov ($36.05 in chips)
Seat 4: BelSv ($161.39 in chips)
MilPopov: posts small blind $1
BelSv: posts big blind $3
*** HOLE CARDS ***
MilPopov: raises $3 to $6
BelSv: calls $3
*** FLOP *** [3s Kc 4h]
BelSv: checks
MilPopov: bets $3
BelSv: folds
Uncalled bet ($3) returned to MilPopov
MilPopov collected $11.76 from pot
MilPopov: doesn't show hand
*** SUMMARY ***
Total pot $12 | Rake $0.24
Board [3s Kc 4h]
Seat 3: MilPopov (button) (small blind) collected ($11.76)
Seat 4: BelSv (big blind) folded on the Flop


PokerStars Hand #148098425625:  Hold'em Limit ($3/$6 USD) - 2016/02/02 5:29:23 ET
Table 'Ilos' 6-max Seat #4 is the button
Seat 3: MilPopov ($39.05 in chips)
Seat 4: BelSv ($158.39 in chips)
BelSv: posts small blind $1
MilPopov: posts big blind $3
*** HOLE CARDS ***
BelSv: raises $3 to $6
MilPopov: folds
Uncalled bet ($3) returned to BelSv
BelSv collected $6 from pot
BelSv: doesn't show hand
*** SUMMARY ***
Total pot $6 | Rake $0
Seat 3: MilPopov (big blind) folded before Flop
Seat 4: BelSv (button) (small blind) collected ($6)


PokerStars Hand #148098418888:  Hold'em Limit ($3/$6 USD) - 2016/02/02 5:29:10 ET
Table 'Ilos' 6-max Seat #3 is the button
Seat 3: MilPopov ($33.29 in chips)
Seat 4: BelSv ($164.39 in chips)
MilPopov: posts small blind $1
BelSv: posts big blind $3
*** HOLE CARDS ***
MilPopov: raises $3 to $6
BelSv: calls $3
*** FLOP *** [Th 7h 7s]
BelSv: checks
MilPopov: bets $3
BelSv: folds
Uncalled bet ($3) returned to MilPopov
MilPopov collected $11.76 from pot
MilPopov: doesn't show hand
*** SUMMARY ***
Total pot $12 | Rake $0.24
Board [Th 7h 7s]
Seat 3: MilPopov (button) (small blind) collected ($11.76)
Seat 4: BelSv (big blind) folded on the Flop


PokerStars Hand #148098415153:  Hold'em Limit ($3/$6 USD) - 2016/02/02 5:29:02 ET
Table 'Ilos' 6-max Seat #4 is the button
Seat 3: MilPopov ($32.29 in chips)
Seat 4: BelSv ($165.39 in chips)
BelSv: posts small blind $1
MilPopov: posts big blind $3
*** HOLE CARDS ***
BelSv: folds
Uncalled bet ($2) returned to MilPopov
MilPopov collected $2 from pot
MilPopov: doesn't show hand
*** SUMMARY ***
Total pot $2 | Rake $0
Seat 3: MilPopov (big blind) collected ($2)
Seat 4: BelSv (button) (small blind) folded before Flop


PokerStars Hand #148098412611:  Hold'em Limit ($3/$6 USD) - 2016/02/02 5:28:57 ET
Table 'Ilos' 6-max Seat #3 is the button
Seat 3: MilPopov ($33.29 in chips)
Seat 4: BelSv ($164.39 in chips)
MilPopov: posts small blind $1
BelSv: posts big blind $3
*** HOLE CARDS ***
MilPopov: folds
Uncalled bet ($2) returned to BelSv
BelSv collected $2 from pot
BelSv: doesn't show hand
*** SUMMARY ***
Total pot $2 | Rake $0
Seat 3: MilPopov (button) (small blind) folded before Flop
Seat 4: BelSv (big blind) collected ($2)


PokerStars Hand #148098467282:  Hold'em Limit ($3/$6 USD) - 2016/02/02 5:30:47 ET
Table 'Ilos' 6-max Seat #4 is the button
Seat 3: MilPopov ($58.88 in chips)
Seat 4: BelSv ($136.60 in chips)
BelSv: posts small blind $1
MilPopov: posts big blind $3
*** HOLE CARDS ***
BelSv: raises $3 to $6
MilPopov: folds
Uncalled bet ($3) returned to BelSv
BelSv collected $6 from pot
BelSv: doesn't show hand
*** SUMMARY ***
Total pot $6 | Rake $0
Seat 3: MilPopov (big blind) folded before Flop
Seat 4: BelSv (button) (small blind) collected ($6)


PokerStars Hand #148098458364:  Hold'em Limit ($3/$6 USD) - 2016/02/02 5:30:29 ET
Table 'Ilos' 6-max Seat #3 is the button
Seat 3: MilPopov ($32.38 in chips)
Seat 4: BelSv ($163.60 in chips)
MilPopov: posts small blind $1
BelSv: posts big blind $3
*** HOLE CARDS ***
MilPopov: raises $3 to $6
BelSv: calls $3
*** FLOP *** [Qs 8s Kc]
BelSv: checks
MilPopov: bets $3
BelSv: calls $3
*** TURN *** [Qs 8s Kc] [As]
BelSv: checks
MilPopov: bets $6
BelSv: calls $6
*** RIVER *** [Qs 8s Kc As] [3s]
BelSv: bets $6
MilPopov: raises $6 to $12
BelSv: calls $6
*** SHOW DOWN ***
MilPopov: shows [Td Js] (a flush, Ace high)
BelSv: mucks hand
MilPopov collected $53.50 from pot
*** SUMMARY ***
Total pot $54 | Rake $0.50
Board [Qs 8s Kc As 3s]
Seat 3: MilPopov (button) (small blind) showed [Td Js] and won ($53.50) with a flush, Ace high
Seat 4: BelSv (big blind) mucked


PokerStars Hand #148098449463:  Hold'em Limit ($3/$6 USD) - 2016/02/02 5:30:11 ET
Table 'Ilos' 6-max Seat #4 is the button
Seat 3: MilPopov ($32.63 in chips)
Seat 4: BelSv ($163.85 in chips)
BelSv: posts small blind $1
MilPopov: posts big blind $3
*** HOLE CARDS ***
BelSv: raises $3 to $6
MilPopov: raises $3 to $9
BelSv: calls $3
*** FLOP *** [3h Jc 5h]
MilPopov: bets $3
BelSv: calls $3
*** TURN *** [3h Jc 5h] [2c]
MilPopov: bets $6
BelSv: raises $6 to $12
MilPopov: raises $6 to $18
BelSv: calls $6
*** RIVER *** [3h Jc 5h 2c] [Ad]
MilPopov: bets $2.63 and is all-in
BelSv: calls $2.63
*** SHOW DOWN ***
MilPopov: shows [Jd 6c] (a pair of Jacks)
BelSv: shows [Jh 6h] (a pair of Jacks)
MilPopov collected $32.38 from pot
BelSv collected $32.38 from pot
*** SUMMARY ***
Total pot $65.26 | Rake $0.50
Board [3h Jc 5h 2c Ad]
Seat 3: MilPopov (big blind) showed [Jd 6c] and won ($32.38) with a pair of Jacks
Seat 4: BelSv (button) (small blind) showed [Jh 6h] and won ($32.38) with a pair of Jacks


PokerStars Hand #148098442939:  Hold'em Limit ($3/$6 USD) - 2016/02/02 5:29:58 ET
Table 'Ilos' 6-max Seat #3 is the button
Seat 3: MilPopov ($41.63 in chips)
Seat 4: BelSv ($155.21 in chips)
MilPopov: posts small blind $1
BelSv: posts big blind $3
*** HOLE CARDS ***
MilPopov: raises $3 to $6
BelSv: raises $3 to $9
MilPopov: calls $3
*** FLOP *** [7h 2d 4c]
BelSv: bets $3
MilPopov: folds
Uncalled bet ($3) returned to BelSv
BelSv collected $17.64 from pot
BelSv: doesn't show hand
*** SUMMARY ***
Total pot $18 | Rake $0.36
Board [7h 2d 4c]
Seat 3: MilPopov (button) (small blind) folded on the Flop
Seat 4: BelSv (big blind) collected ($17.64)


PokerStars Hand #148098435853:  Hold'em Limit ($3/$6 USD) - 2016/02/02 5:29:44 ET
Table 'Ilos' 6-max Seat #4 is the button
Seat 3: MilPopov ($41.81 in chips)
Seat 4: BelSv ($155.39 in chips)
BelSv: posts small blind $1
MilPopov: posts big blind $3
*** HOLE CARDS ***
BelSv: raises $3 to $6
MilPopov: calls $3
*** FLOP *** [2d 8c Th]
MilPopov: checks
BelSv: bets $3
MilPopov: calls $3
*** TURN *** [2d 8c Th] [6h]
MilPopov: checks
BelSv: checks
*** RIVER *** [2d 8c Th 6h] [As]
MilPopov: checks
BelSv: checks
*** SHOW DOWN ***
MilPopov: shows [7d 6s] (a pair of Sixes)
BelSv: shows [7h 6d] (a pair of Sixes)
MilPopov collected $8.82 from pot
BelSv collected $8.82 from pot
*** SUMMARY ***
Total pot $18 | Rake $0.36
Board [2d 8c Th 6h As]
Seat 3: MilPopov (big blind) showed [7d 6s] and won ($8.82) with a pair of Sixes
Seat 4: BelSv (button) (small blind) showed [7h 6d] and won ($8.82) with a pair of Sixes


PokerStars Hand #148098479524:  Hold'em Limit ($3/$6 USD) - 2016/02/02 5:31:12 ET
Table 'Ilos' 6-max Seat #4 is the button
Seat 3: MilPopov ($76.38 in chips)
Seat 4: BelSv ($118.60 in chips)
BelSv: posts small blind $1
MilPopov: posts big blind $3
*** HOLE CARDS ***
BelSv: raises $3 to $6
MilPopov: raises $3 to $9
BelSv: calls $3
*** FLOP *** [5c 8h As]
MilPopov: bets $3
BelSv: calls $3
*** TURN *** [5c 8h As] [9s]
MilPopov: bets $6
BelSv: raises $6 to $12
MilPopov: raises $6 to $18
BelSv: raises $6 to $24
Betting is capped
MilPopov: calls $6
*** RIVER *** [5c 8h As 9s] [Js]
MilPopov: bets $6
BelSv: raises $6 to $12
MilPopov: calls $6
*** SHOW DOWN ***
BelSv: shows [7c 6d] (a straight, Five to Nine)
MilPopov: mucks hand
BelSv collected $95.50 from pot
*** SUMMARY ***
Total pot $96 | Rake $0.50
Board [5c 8h As 9s Js]
Seat 3: MilPopov (big blind) mucked
Seat 4: BelSv (button) (small blind) showed [7c 6d] and won ($95.50) with a straight, Five to Nine


PokerStars Hand #148098470991:  Hold'em Limit ($3/$6 USD) - 2016/02/02 5:30:55 ET
Table 'Ilos' 6-max Seat #3 is the button
Seat 3: MilPopov ($55.88 in chips)
Seat 4: BelSv ($139.60 in chips)
MilPopov: posts small blind $1
BelSv: posts big blind $3
*** HOLE CARDS ***
MilPopov: raises $3 to $6
BelSv: calls $3
*** FLOP *** [Kd 8s 6h]
BelSv: checks
MilPopov: bets $3
BelSv: calls $3
*** TURN *** [Kd 8s 6h] [Kc]
BelSv: checks
MilPopov: bets $6
BelSv: calls $6
*** RIVER *** [Kd 8s 6h Kc] [5h]
BelSv: checks
MilPopov: bets $6
BelSv: calls $6
*** SHOW DOWN ***
MilPopov: shows [9d 9h] (two pair, Kings and Nines)
BelSv: mucks hand
MilPopov collected $41.50 from pot
*** SUMMARY ***
Total pot $42 | Rake $0.50
Board [Kd 8s 6h Kc 5h]
Seat 3: MilPopov (button) (small blind) showed [9d 9h] and won ($41.50) with two pair, Kings and Nines
Seat 4: BelSv (big blind) mucked


PokerStars Hand #148098524432:  Hold'em Limit ($3/$6 USD) - 2016/02/02 5:32:43 ET
Table 'Ilos' 6-max Seat #3 is the button
Seat 3: MilPopov ($45.54 in chips)
Seat 4: BelSv ($147.58 in chips)
MilPopov: posts small blind $1
BelSv: posts big blind $3
*** HOLE CARDS ***
MilPopov: raises $3 to $6
BelSv: folds
Uncalled bet ($3) returned to MilPopov
MilPopov collected $6 from pot
MilPopov: doesn't show hand
*** SUMMARY ***
Total pot $6 | Rake $0
Seat 3: MilPopov (button) (small blind) collected ($6)
Seat 4: BelSv (big blind) folded before Flop


PokerStars Hand #148098514414:  Hold'em Limit ($3/$6 USD) - 2016/02/02 5:32:23 ET
Table 'Ilos' 6-max Seat #4 is the button
Seat 3: MilPopov ($23.02 in chips)
Seat 4: BelSv ($170.60 in chips)
BelSv: posts small blind $1
MilPopov: posts big blind $3
*** HOLE CARDS ***
BelSv: raises $3 to $6
MilPopov: raises $3 to $9
BelSv: calls $3
*** FLOP *** [Kc 6s Ah]
MilPopov: bets $3
BelSv: calls $3
*** TURN *** [Kc 6s Ah] [8d]
MilPopov: bets $6
BelSv: calls $6
*** RIVER *** [Kc 6s Ah 8d] [7c]
MilPopov: bets $5.02 and is all-in
BelSv: calls $5.02
*** SHOW DOWN ***
MilPopov: shows [3c As] (a pair of Aces)
BelSv: shows [Kd 5h] (a pair of Kings)
MilPopov collected $45.54 from pot
*** SUMMARY ***
Total pot $46.04 | Rake $0.50
Board [Kc 6s Ah 8d 7c]
Seat 3: MilPopov (big blind) showed [3c As] and won ($45.54) with a pair of Aces
Seat 4: BelSv (button) (small blind) showed [Kd 5h] and lost with a pair of Kings


PokerStars Hand #148098506376:  Hold'em Limit ($3/$6 USD) - 2016/02/02 5:32:07 ET
Table 'Ilos' 6-max Seat #3 is the button
Seat 3: MilPopov ($38.02 in chips)
Seat 4: BelSv ($156.10 in chips)
MilPopov: posts small blind $1
BelSv: posts big blind $3
*** HOLE CARDS ***
MilPopov: raises $3 to $6
BelSv: calls $3
*** FLOP *** [6c Kh Qc]
BelSv: checks
MilPopov: bets $3
BelSv: calls $3
*** TURN *** [6c Kh Qc] [3d]
BelSv: checks
MilPopov: bets $6
BelSv: raises $6 to $12
MilPopov: folds
Uncalled bet ($6) returned to BelSv
BelSv collected $29.50 from pot
BelSv: doesn't show hand
*** SUMMARY ***
Total pot $30 | Rake $0.50
Board [6c Kh Qc 3d]
Seat 3: MilPopov (button) (small blind) folded on the Turn
Seat 4: BelSv (big blind) collected ($29.50)


PokerStars Hand #148098503640:  Hold'em Limit ($3/$6 USD) - 2016/02/02 5:32:01 ET
Table 'Ilos' 6-max Seat #4 is the button
Seat 3: MilPopov ($37.02 in chips)
Seat 4: BelSv ($157.10 in chips)
BelSv: posts small blind $1
MilPopov: posts big blind $3
*** HOLE CARDS ***
BelSv: folds
Uncalled bet ($2) returned to MilPopov
MilPopov collected $2 from pot
MilPopov: doesn't show hand
*** SUMMARY ***
Total pot $2 | Rake $0
Seat 3: MilPopov (big blind) collected ($2)
Seat 4: BelSv (button) (small blind) folded before Flop


PokerStars Hand #148098492550:  Hold'em Limit ($3/$6 USD) - 2016/02/02 5:31:39 ET
Table 'Ilos' 6-max Seat #3 is the button
Seat 3: MilPopov ($28.38 in chips)
Seat 4: BelSv ($166.10 in chips)
MilPopov: posts small blind $1
BelSv: posts big blind $3
*** HOLE CARDS ***
MilPopov: raises $3 to $6
BelSv: calls $3
*** FLOP *** [9h 7h Ks]
BelSv: checks
MilPopov: bets $3
BelSv: calls $3
*** TURN *** [9h 7h Ks] [8s]
BelSv: checks
MilPopov: bets $6
BelSv: folds
Uncalled bet ($6) returned to MilPopov
MilPopov collected $17.64 from pot
MilPopov: doesn't show hand
*** SUMMARY ***
Total pot $18 | Rake $0.36
Board [9h 7h Ks 8s]
Seat 3: MilPopov (button) (small blind) collected ($17.64)
Seat 4: BelSv (big blind) folded on the Turn


PokerStars Hand #148098553093:  Hold'em Limit ($3/$6 USD) - 2016/02/02 5:33:41 ET
Table 'Ilos' 6-max Seat #3 is the button
Seat 3: MilPopov ($66.58 in chips)
Seat 4: BelSv ($125.58 in chips)
MilPopov: posts small blind $1
BelSv: posts big blind $3
*** HOLE CARDS ***
MilPopov: raises $3 to $6
BelSv: calls $3
*** FLOP *** [Ks 4h Kc]
BelSv: checks
MilPopov: bets $3
BelSv: raises $3 to $6
MilPopov: folds
Uncalled bet ($3) returned to BelSv
BelSv collected $17.64 from pot
BelSv: doesn't show hand
*** SUMMARY ***
Total pot $18 | Rake $0.36
Board [Ks 4h Kc]
Seat 3: MilPopov (button) (small blind) folded on the Flop
Seat 4: BelSv (big blind) collected ($17.64)


PokerStars Hand #148098549854:  Hold'em Limit ($3/$6 USD) - 2016/02/02 5:33:35 ET
Table 'Ilos' 6-max Seat #4 is the button
Seat 3: MilPopov ($69.58 in chips)
Seat 4: BelSv ($122.58 in chips)
BelSv: posts small blind $1
MilPopov: posts big blind $3
*** HOLE CARDS ***
BelSv: raises $3 to $6
MilPopov: folds
Uncalled bet ($3) returned to BelSv
BelSv collected $6 from pot
BelSv: doesn't show hand
*** SUMMARY ***
Total pot $6 | Rake $0
Seat 3: MilPopov (big blind) folded before Flop
Seat 4: BelSv (button) (small blind) collected ($6)


PokerStars Hand #148098547091:  Hold'em Limit ($3/$6 USD) - 2016/02/02 5:33:29 ET
Table 'Ilos' 6-max Seat #3 is the button
Seat 3: MilPopov ($70.58 in chips)
Seat 4: BelSv ($121.58 in chips)
MilPopov: posts small blind $1
BelSv: posts big blind $3
*** HOLE CARDS ***
MilPopov: folds
Uncalled bet ($2) returned to BelSv
BelSv collected $2 from pot
BelSv: doesn't show hand
*** SUMMARY ***
Total pot $2 | Rake $0
Seat 3: MilPopov (button) (small blind) folded before Flop
Seat 4: BelSv (big blind) collected ($2)


PokerStars Hand #148098537730:  Hold'em Limit ($3/$6 USD) - 2016/02/02 5:33:10 ET
Table 'Ilos' 6-max Seat #4 is the button
Seat 3: MilPopov ($59.06 in chips)
Seat 4: BelSv ($133.58 in chips)
BelSv: posts small blind $1
MilPopov: posts big blind $3
*** HOLE CARDS ***
BelSv: raises $3 to $6
MilPopov: calls $3
*** FLOP *** [Ac 5s 4c]
MilPopov: checks
BelSv: bets $3
MilPopov: raises $3 to $6
BelSv: calls $3
*** TURN *** [Ac 5s 4c] [Jd]
MilPopov: bets $6
BelSv: folds
Uncalled bet ($6) returned to MilPopov
MilPopov collected $23.52 from pot
MilPopov: doesn't show hand
*** SUMMARY ***
Total pot $24 | Rake $0.48
Board [Ac 5s 4c Jd]
Seat 3: MilPopov (big blind) collected ($23.52)
Seat 4: BelSv (button) (small blind) folded on the Turn


PokerStars Hand #148098535110:  Hold'em Limit ($3/$6 USD) - 2016/02/02 5:33:05 ET
Table 'Ilos' 6-max Seat #3 is the button
Seat 3: MilPopov ($60.06 in chips)
Seat 4: BelSv ($132.58 in chips)
MilPopov: posts small blind $1
BelSv: posts big blind $3
*** HOLE CARDS ***
MilPopov: folds
Uncalled bet ($2) returned to BelSv
BelSv collected $2 from pot
BelSv: doesn't show hand
*** SUMMARY ***
Total pot $2 | Rake $0
Seat 3: MilPopov (button) (small blind) folded before Flop
Seat 4: BelSv (big blind) collected ($2)


PokerStars Hand #148098528410:  Hold'em Limit ($3/$6 USD) - 2016/02/02 5:32:51 ET
Table 'Ilos' 6-max Seat #4 is the button
Seat 3: MilPopov ($48.54 in chips)
Seat 4: BelSv ($144.58 in chips)
BelSv: posts small blind $1
MilPopov: posts big blind $3
*** HOLE CARDS ***
BelSv: raises $3 to $6
MilPopov: raises $3 to $9
BelSv: calls $3
*** FLOP *** [Ks Kd 2h]
MilPopov: bets $3
BelSv: calls $3
*** TURN *** [Ks Kd 2h] [As]
MilPopov: bets $6
BelSv: folds
Uncalled bet ($6) returned to MilPopov
MilPopov collected $23.52 from pot
MilPopov: doesn't show hand
*** SUMMARY ***
Total pot $24 | Rake $0.48
Board [Ks Kd 2h As]
Seat 3: MilPopov (big blind) collected ($23.52)
Seat 4: BelSv (button) (small blind) folded on the Turn


PokerStars Hand #148098575172:  Hold'em Limit ($3/$6 USD) - 2016/02/02 5:34:26 ET
Table 'Ilos' 6-max Seat #3 is the button
Seat 3: MilPopov ($70.22 in chips)
Seat 4: BelSv ($121.22 in chips)
MilPopov: posts small blind $1
BelSv: posts big blind $3
*** HOLE CARDS ***
MilPopov: raises $3 to $6
BelSv: calls $3
*** FLOP *** [Qs 4s 5d]
BelSv: checks
MilPopov: bets $3
BelSv: calls $3
*** TURN *** [Qs 4s 5d] [9s]
BelSv: checks
MilPopov: checks
*** RIVER *** [Qs 4s 5d 9s] [9h]
BelSv: bets $6
MilPopov: calls $6
*** SHOW DOWN ***
BelSv: shows [5h Kh] (two pair, Nines and Fives)
MilPopov: mucks hand
BelSv collected $29.50 from pot
*** SUMMARY ***
Total pot $30 | Rake $0.50
Board [Qs 4s 5d 9s 9h]
Seat 3: MilPopov (button) (small blind) mucked
Seat 4: BelSv (big blind) showed [5h Kh] and won ($29.50) with two pair, Nines and Fives


PokerStars Hand #148098569346:  Hold'em Limit ($3/$6 USD) - 2016/02/02 5:34:14 ET
Table 'Ilos' 6-max Seat #4 is the button
Seat 3: MilPopov ($61.58 in chips)
Seat 4: BelSv ($130.22 in chips)
BelSv: posts small blind $1
MilPopov: posts big blind $3
*** HOLE CARDS ***
BelSv: raises $3 to $6
MilPopov: raises $3 to $9
BelSv: calls $3
*** FLOP *** [Kd 8d Tc]
MilPopov: bets $3
BelSv: folds
Uncalled bet ($3) returned to MilPopov
MilPopov collected $17.64 from pot
MilPopov: doesn't show hand
*** SUMMARY ***
Total pot $18 | Rake $0.36
Board [Kd 8d Tc]
Seat 3: MilPopov (big blind) collected ($17.64)
Seat 4: BelSv (button) (small blind) folded on the Flop


PokerStars Hand #148098563302:  Hold'em Limit ($3/$6 USD) - 2016/02/02 5:34:02 ET
Table 'Ilos' 6-max Seat #3 is the button
Seat 3: MilPopov ($58.58 in chips)
Seat 4: BelSv ($133.22 in chips)
MilPopov: posts small blind $1
BelSv: posts big blind $3
*** HOLE CARDS ***
MilPopov: raises $3 to $6
BelSv: folds
Uncalled bet ($3) returned to MilPopov
MilPopov collected $6 from pot
MilPopov: doesn't show hand
*** SUMMARY ***
Total pot $6 | Rake $0
Seat 3: MilPopov (button) (small blind) collected ($6)
Seat 4: BelSv (big blind) folded before Flop


PokerStars Hand #148098560779:  Hold'em Limit ($3/$6 USD) - 2016/02/02 5:33:57 ET
Table 'Ilos' 6-max Seat #4 is the button
Seat 3: MilPopov ($57.58 in chips)
Seat 4: BelSv ($134.22 in chips)
BelSv: posts small blind $1
MilPopov: posts big blind $3
*** HOLE CARDS ***
BelSv: folds
Uncalled bet ($2) returned to MilPopov
MilPopov collected $2 from pot
MilPopov: doesn't show hand
*** SUMMARY ***
Total pot $2 | Rake $0
Seat 3: MilPopov (big blind) collected ($2)
Seat 4: BelSv (button) (small blind) folded before Flop


PokerStars Hand #148098591908:  Hold'em Limit ($3/$6 USD) - 2016/02/02 5:34:59 ET
Table 'Ilos' 6-max Seat #3 is the button
Seat 3: MilPopov ($25.22 in chips)
Seat 4: BelSv ($165.22 in chips)
MilPopov: posts small blind $1
BelSv: posts big blind $3
*** HOLE CARDS ***
MilPopov: raises $3 to $6
BelSv: calls $3
*** FLOP *** [8d 5c 8h]
BelSv: checks
MilPopov: bets $3
BelSv: calls $3
*** TURN *** [8d 5c 8h] [7d]
BelSv: checks
MilPopov: bets $6
BelSv: folds
Uncalled bet ($6) returned to MilPopov
MilPopov collected $17.64 from pot
MilPopov: doesn't show hand
*** SUMMARY ***
Total pot $18 | Rake $0.36
Board [8d 5c 8h 7d]
Seat 3: MilPopov (button) (small blind) collected ($17.64)
Seat 4: BelSv (big blind) folded on the Turn


PokerStars Hand #148098583413:  Hold'em Limit ($3/$6 USD) - 2016/02/02 5:34:42 ET
Table 'Ilos' 6-max Seat #4 is the button
Seat 3: MilPopov ($55.22 in chips)
Seat 4: BelSv ($135.72 in chips)
BelSv: posts small blind $1
MilPopov: posts big blind $3
*** HOLE CARDS ***
BelSv: raises $3 to $6
MilPopov: raises $3 to $9
BelSv: calls $3
*** FLOP *** [5c 3d 5s]
MilPopov: bets $3
BelSv: calls $3
*** TURN *** [5c 3d 5s] [Qd]
MilPopov: bets $6
BelSv: calls $6
*** RIVER *** [5c 3d 5s Qd] [2d]
MilPopov: bets $6
BelSv: raises $6 to $12
MilPopov: calls $6
*** SHOW DOWN ***
BelSv: shows [6c 5h] (three of a kind, Fives)
MilPopov: mucks hand
BelSv collected $59.50 from pot
*** SUMMARY ***
Total pot $60 | Rake $0.50
Board [5c 3d 5s Qd 2d]
Seat 3: MilPopov (big blind) mucked
Seat 4: BelSv (button) (small blind) showed [6c 5h] and won ($59.50) with three of a kind, Fives


