PokerStars Hand #171607594392:  Hold'em Limit ($3/$6 USD) - 2017/06/10 16:49:21 ET
Table 'Ilse' 6-max Seat #3 is the button
Seat 3: Titanic001 ($79.18 in chips)
Seat 5: krytalex ($120 in chips)
Titanic001: posts small blind $1
krytalex: posts big blind $3
*** HOLE CARDS ***
Titanic001: raises $3 to $6
krytalex: calls $3
*** FLOP *** [6h Jd 9s]
krytalex: checks
Titanic001: bets $3
krytalex: calls $3
*** TURN *** [6h Jd 9s] [Qc]
krytalex: checks
Titanic001: bets $6
krytalex: folds
Uncalled bet ($6) returned to Titanic001
Titanic001 collected $17.64 from pot
*** SUMMARY ***
Total pot $18 | Rake $0.36
Board [6h Jd 9s Qc]
Seat 3: Titanic001 (button) (small blind) collected ($17.64)
Seat 5: krytalex (big blind) folded on the Turn


PokerStars Hand #171607677634:  Hold'em Limit ($3/$6 USD) - 2017/06/10 16:51:12 ET
Table 'Ilse' 6-max Seat #5 is the button
Seat 3: Titanic001 ($60.82 in chips)
Seat 5: krytalex ($137.50 in chips)
krytalex: posts small blind $1
Titanic001: posts big blind $3
*** HOLE CARDS ***
krytalex: folds
Uncalled bet ($2) returned to Titanic001
Titanic001 collected $2 from pot
*** SUMMARY ***
Total pot $2 | Rake $0
Seat 3: Titanic001 (big blind) collected ($2)
Seat 5: krytalex (button) (small blind) folded before Flop


PokerStars Hand #171607670007:  Hold'em Limit ($3/$6 USD) - 2017/06/10 16:51:02 ET
Table 'Ilse' 6-max Seat #3 is the button
Seat 3: Titanic001 ($57.82 in chips)
Seat 5: krytalex ($140.50 in chips)
Titanic001: posts small blind $1
krytalex: posts big blind $3
*** HOLE CARDS ***
Titanic001: raises $3 to $6
krytalex: folds
Uncalled bet ($3) returned to Titanic001
Titanic001 collected $6 from pot
*** SUMMARY ***
Total pot $6 | Rake $0
Seat 3: Titanic001 (button) (small blind) collected ($6)
Seat 5: krytalex (big blind) folded before Flop


PokerStars Hand #171607639889:  Hold'em Limit ($3/$6 USD) - 2017/06/10 16:50:20 ET
Table 'Ilse' 6-max Seat #5 is the button
Seat 3: Titanic001 ($87.82 in chips)
Seat 5: krytalex ($111 in chips)
krytalex: posts small blind $1
Titanic001: posts big blind $3
*** HOLE CARDS ***
krytalex: raises $3 to $6
Titanic001: raises $3 to $9
krytalex: calls $3
*** FLOP *** [Jd Td 8d]
Titanic001: bets $3
krytalex: calls $3
*** TURN *** [Jd Td 8d] [5h]
Titanic001: bets $6
krytalex: calls $6
*** RIVER *** [Jd Td 8d 5h] [As]
Titanic001: bets $6
krytalex: raises $6 to $12
Titanic001: calls $6
*** SHOW DOWN ***
krytalex: shows [Ks Qs] (a straight, Ten to Ace)
Titanic001: mucks hand
krytalex collected $59.50 from pot
*** SUMMARY ***
Total pot $60 | Rake $0.50
Board [Jd Td 8d 5h As]
Seat 3: Titanic001 (big blind) mucked
Seat 5: krytalex (button) (small blind) showed [Ks Qs] and won ($59.50) with a straight, Ten to Ace


