PokerStars Hand #163346140551:  Hold'em Limit ($3/$6 USD) - 2016/12/22 12:00:10 ET
Table 'Ilse' 6-max Seat #2 is the button
Seat 2: Krazy90 ($267.93 in chips)
Seat 4: StormToTo ($134.14 in chips)
Krazy90: posts small blind $1
StormToTo: posts big blind $3
*** HOLE CARDS ***
Krazy90: raises $3 to $6
Drik89 leaves the table
StormToTo: folds
Uncalled bet ($3) returned to Krazy90
Krazy90 collected $6 from pot
Krazy90: doesn't show hand
*** SUMMARY ***
Total pot $6 | Rake $0
Seat 2: Krazy90 (button) (small blind) collected ($6)
Seat 4: StormToTo (big blind) folded before Flop


PokerStars Hand #163346135397:  Hold'em Limit ($3/$6 USD) - 2016/12/22 12:00:05 ET
Table 'Ilse' 6-max Seat #4 is the button
Seat 2: Krazy90 ($266.93 in chips)
Seat 4: StormToTo ($135.14 in chips)
StormToTo: posts small blind $1
Drik89: is sitting out
Krazy90: posts big blind $3
*** HOLE CARDS ***
StormToTo: folds
Uncalled bet ($2) returned to Krazy90
Krazy90 collected $2 from pot
Krazy90: doesn't show hand
*** SUMMARY ***
Total pot $2 | Rake $0
Seat 2: Krazy90 (big blind) collected ($2)
Seat 4: StormToTo (button) (small blind) folded before Flop


PokerStars Hand #163346147174:  Hold'em Limit ($3/$6 USD) - 2016/12/22 12:00:19 ET
Table 'Ilse' 6-max Seat #4 is the button
Seat 2: Krazy90 ($270.93 in chips)
Seat 4: StormToTo ($131.14 in chips)
StormToTo: posts small blind $1
Krazy90: posts big blind $3
*** HOLE CARDS ***
nordschrott leaves the table
StormToTo: raises $3 to $6
Krazy90: calls $3
*** FLOP *** [5c 5s 7h]
Krazy90: checks
StormToTo: bets $3
Krazy90: folds
Uncalled bet ($3) returned to StormToTo
StormToTo collected $11.76 from pot
StormToTo: doesn't show hand
*** SUMMARY ***
Total pot $12 | Rake $0.24
Board [5c 5s 7h]
Seat 2: Krazy90 (big blind) folded on the Flop
Seat 4: StormToTo (button) (small blind) collected ($11.76)


PokerStars Hand #163346164588:  Hold'em Limit ($3/$6 USD) - 2016/12/22 12:00:40 ET
Table 'Ilse' 6-max Seat #2 is the button
Seat 2: Krazy90 ($264.93 in chips)
Seat 4: StormToTo ($136.90 in chips)
Krazy90: posts small blind $1
StormToTo: posts big blind $3
*** HOLE CARDS ***
Krazy90: raises $3 to $6
StormToTo: calls $3
*** FLOP *** [5d Td Jc]
StormToTo: checks
Krazy90: bets $3
StormToTo: calls $3
*** TURN *** [5d Td Jc] [Ah]
StormToTo: checks
Krazy90: checks
*** RIVER *** [5d Td Jc Ah] [9s]
StormToTo: checks
Krazy90: bets $6
StormToTo: calls $6
*** SHOW DOWN ***
Krazy90: shows [Kh Kc] (a pair of Kings)
StormToTo: mucks hand
Krazy90 collected $29.50 from pot
*** SUMMARY ***
Total pot $30 | Rake $0.50
Board [5d Td Jc Ah 9s]
Seat 2: Krazy90 (button) (small blind) showed [Kh Kc] and won ($29.50) with a pair of Kings
Seat 4: StormToTo (big blind) mucked


