PokerStars Hand #154331812523:  Hold'em Limit ($3/$6 USD) - 2016/06/05 13:42:13 ET
Table 'Ilsewa' 6-max Seat #6 is the button
Seat 1: kolaz03 ($75 in chips)
Seat 6: 19woody58 ($163.20 in chips)
19woody58: posts small blind $1
kolaz03: posts big blind $3
*** HOLE CARDS ***
19woody58: raises $3 to $6
kolaz03: calls $3
*** FLOP *** [Jd Ks 8c]
kolaz03: checks
19woody58: bets $3
kolaz03: folds
Uncalled bet ($3) returned to 19woody58
19woody58 collected $11.76 from pot
19woody58: doesn't show hand
*** SUMMARY ***
Total pot $12 | Rake $0.24
Board [Jd Ks 8c]
Seat 1: kolaz03 (big blind) folded on the Flop
Seat 6: 19woody58 (button) (small blind) collected ($11.76)


PokerStars Hand #154331784542:  Hold'em Limit ($3/$6 USD) - 2016/06/05 13:41:43 ET
Table 'Ilsewa' 6-max Seat #1 is the button
Seat 1: kolaz03 ($72 in chips)
Seat 6: 19woody58 ($166.20 in chips)
krossguard joins the table at seat #2
TbIP-TbIP 88: is sitting out
TbIP-TbIP 88 leaves the table
kolaz03: posts small blind $1
19woody58: posts big blind $3
*** HOLE CARDS ***
kolaz03: raises $3 to $6
19woody58: folds
Uncalled bet ($3) returned to kolaz03
kolaz03 collected $6 from pot
kolaz03: doesn't show hand
*** SUMMARY ***
Total pot $6 | Rake $0
Seat 1: kolaz03 (button) (small blind) collected ($6)
Seat 6: 19woody58 (big blind) folded before Flop


