PokerStars Hand #144674258530:  Hold'em Limit ($3/$6 USD) - 2015/12/01 14:58:11 ET
Table 'Ilse III' 6-max Seat #3 is the button
Seat 1: SashaYuvelir ($83.64 in chips)
Seat 3: Schnickser ($152.36 in chips)
Schnickser: posts small blind $1
SashaYuvelir: posts big blind $3
*** HOLE CARDS ***
Schnickser: folds
Uncalled bet ($2) returned to SashaYuvelir
SashaYuvelir collected $2 from pot
SashaYuvelir: doesn't show hand
*** SUMMARY ***
Total pot $2 | Rake $0
Seat 1: SashaYuvelir (big blind) collected ($2)
Seat 3: Schnickser (button) (small blind) folded before Flop


PokerStars Hand #144674253016:  Hold'em Limit ($3/$6 USD) - 2015/12/01 14:58:04 ET
Table 'Ilse III' 6-max Seat #1 is the button
Seat 1: SashaYuvelir ($80.64 in chips)
Seat 3: Schnickser ($155.36 in chips)
SashaYuvelir: posts small blind $1
Schnickser: posts big blind $3
*** HOLE CARDS ***
SashaYuvelir: raises $3 to $6
Schnickser: folds
Uncalled bet ($3) returned to SashaYuvelir
SashaYuvelir collected $6 from pot
SashaYuvelir: doesn't show hand
*** SUMMARY ***
Total pot $6 | Rake $0
Seat 1: SashaYuvelir (button) (small blind) collected ($6)
Seat 3: Schnickser (big blind) folded before Flop


PokerStars Hand #144674241309:  Hold'em Limit ($3/$6 USD) - 2015/12/01 14:57:49 ET
Table 'Ilse III' 6-max Seat #3 is the button
Seat 1: SashaYuvelir ($72 in chips)
Seat 3: Schnickser ($164.36 in chips)
Schnickser: posts small blind $1
assitoni: is sitting out
SashaYuvelir: posts big blind $3
*** HOLE CARDS ***
Schnickser: raises $3 to $6
SashaYuvelir: calls $3
*** FLOP *** [9s 4s 8c]
SashaYuvelir: checks
Schnickser: bets $3
SashaYuvelir: raises $3 to $6
Schnickser: folds
Uncalled bet ($3) returned to SashaYuvelir
SashaYuvelir collected $17.64 from pot
SashaYuvelir: doesn't show hand
*** SUMMARY ***
Total pot $18 | Rake $0.36
Board [9s 4s 8c]
Seat 1: SashaYuvelir (big blind) collected ($17.64)
Seat 3: Schnickser (button) (small blind) folded on the Flop


