PokerStars Hand #147390403434:  Hold'em Limit ($3/$6 USD) - 2016/01/20 17:09:06 ET
Table 'Ilsebill' 2-max Seat #1 is the button
Seat 1: kaputnikoff ($234 in chips)
Seat 2: ChicagoBull4 ($71.76 in chips)
kaputnikoff: posts small blind $1
ChicagoBull4: posts big blind $3
*** HOLE CARDS ***
kaputnikoff: raises $3 to $6
ChicagoBull4: calls $3
*** FLOP *** [As 5d 4c]
ChicagoBull4: bets $3
kaputnikoff: raises $3 to $6
ChicagoBull4: calls $3
*** TURN *** [As 5d 4c] [Qs]
ChicagoBull4: checks
kaputnikoff: bets $6
ChicagoBull4: folds
Uncalled bet ($6) returned to kaputnikoff
kaputnikoff collected $23.52 from pot
kaputnikoff: doesn't show hand
*** SUMMARY ***
Total pot $24 | Rake $0.48
Board [As 5d 4c Qs]
Seat 1: kaputnikoff (button) (small blind) collected ($23.52)
Seat 2: ChicagoBull4 (big blind) folded on the Turn


PokerStars Hand #147390361274:  Hold'em Limit ($3/$6 USD) - 2016/01/20 17:08:25 ET
Table 'Ilsebill' 2-max Seat #2 is the button
Seat 1: kaputnikoff ($240 in chips)
Seat 2: ChicagoBull4 ($66 in chips)
ChicagoBull4: posts small blind $1
kaputnikoff: posts big blind $3
*** HOLE CARDS ***
ChicagoBull4: raises $3 to $6
kaputnikoff: calls $3
*** FLOP *** [3d 4h Qc]
kaputnikoff: checks
ChicagoBull4: checks
*** TURN *** [3d 4h Qc] [4c]
kaputnikoff: checks
ChicagoBull4: bets $6
kaputnikoff: folds
Uncalled bet ($6) returned to ChicagoBull4
ChicagoBull4 collected $11.76 from pot
ChicagoBull4: doesn't show hand
*** SUMMARY ***
Total pot $12 | Rake $0.24
Board [3d 4h Qc 4c]
Seat 1: kaputnikoff (big blind) folded on the Turn
Seat 2: ChicagoBull4 (button) (small blind) collected ($11.76)


PokerStars Hand #147390498179:  Hold'em Limit ($3/$6 USD) - 2016/01/20 17:10:40 ET
Table 'Ilsebill' 2-max Seat #2 is the button
Seat 1: kaputnikoff ($259.02 in chips)
Seat 2: ChicagoBull4 ($45.76 in chips)
ChicagoBull4: posts small blind $1
kaputnikoff: posts big blind $3
*** HOLE CARDS ***
ChicagoBull4: folds
Uncalled bet ($2) returned to kaputnikoff
kaputnikoff collected $2 from pot
kaputnikoff: doesn't show hand
*** SUMMARY ***
Total pot $2 | Rake $0
Seat 1: kaputnikoff (big blind) collected ($2)
Seat 2: ChicagoBull4 (button) (small blind) folded before Flop


PokerStars Hand #147390490327:  Hold'em Limit ($3/$6 USD) - 2016/01/20 17:10:32 ET
Table 'Ilsebill' 2-max Seat #1 is the button
Seat 1: kaputnikoff ($260.02 in chips)
Seat 2: ChicagoBull4 ($44.76 in chips)
kaputnikoff: posts small blind $1
ChicagoBull4: posts big blind $3
*** HOLE CARDS ***
kaputnikoff: folds
Uncalled bet ($2) returned to ChicagoBull4
ChicagoBull4 collected $2 from pot
ChicagoBull4: doesn't show hand
*** SUMMARY ***
Total pot $2 | Rake $0
Seat 1: kaputnikoff (button) (small blind) folded before Flop
Seat 2: ChicagoBull4 (big blind) collected ($2)


PokerStars Hand #147390436494:  Hold'em Limit ($3/$6 USD) - 2016/01/20 17:09:39 ET
Table 'Ilsebill' 2-max Seat #2 is the button
Seat 1: kaputnikoff ($245.52 in chips)
Seat 2: ChicagoBull4 ($59.76 in chips)
ChicagoBull4: posts small blind $1
kaputnikoff: posts big blind $3
*** HOLE CARDS ***
ChicagoBull4: raises $3 to $6
kaputnikoff: calls $3
*** FLOP *** [9c Qd 5s]
kaputnikoff: checks
ChicagoBull4: bets $3
kaputnikoff: calls $3
*** TURN *** [9c Qd 5s] [7d]
kaputnikoff: checks
ChicagoBull4: checks
*** RIVER *** [9c Qd 5s 7d] [Td]
kaputnikoff: bets $6
ChicagoBull4: calls $6
*** SHOW DOWN ***
kaputnikoff: shows [8h Jd] (a straight, Eight to Queen)
ChicagoBull4: mucks hand
kaputnikoff collected $29.50 from pot
*** SUMMARY ***
Total pot $30 | Rake $0.50
Board [9c Qd 5s 7d Td]
Seat 1: kaputnikoff (big blind) showed [8h Jd] and won ($29.50) with a straight, Eight to Queen
Seat 2: ChicagoBull4 (button) (small blind) mucked


PokerStars Hand #147390531113:  Hold'em Limit ($3/$6 USD) - 2016/01/20 17:11:13 ET
Table 'Ilsebill' 2-max Seat #2 is the button
Seat 1: kaputnikoff ($265.78 in chips)
Seat 2: ChicagoBull4 ($38.76 in chips)
ChicagoBull4: posts small blind $1
kaputnikoff: posts big blind $3
*** HOLE CARDS ***
ChicagoBull4: raises $3 to $6
kaputnikoff: calls $3
*** FLOP *** [5h 4c Ks]
kaputnikoff: checks
ChicagoBull4: checks
*** TURN *** [5h 4c Ks] [Jd]
kaputnikoff: bets $6
ChicagoBull4: raises $6 to $12
kaputnikoff: calls $6
*** RIVER *** [5h 4c Ks Jd] [Jh]
kaputnikoff: checks
ChicagoBull4: bets $6
kaputnikoff: raises $6 to $12
ChicagoBull4: raises $6 to $18
kaputnikoff: calls $6
*** SHOW DOWN ***
ChicagoBull4: shows [Kh Kd] (a full house, Kings full of Jacks)
kaputnikoff: mucks hand
ChicagoBull4 collected $71.50 from pot
*** SUMMARY ***
Total pot $72 | Rake $0.50
Board [5h 4c Ks Jd Jh]
Seat 1: kaputnikoff (big blind) mucked
Seat 2: ChicagoBull4 (button) (small blind) showed [Kh Kd] and won ($71.50) with a full house, Kings full of Jacks


PokerStars Hand #147390505193:  Hold'em Limit ($3/$6 USD) - 2016/01/20 17:10:47 ET
Table 'Ilsebill' 2-max Seat #1 is the button
Seat 1: kaputnikoff ($260.02 in chips)
Seat 2: ChicagoBull4 ($44.76 in chips)
kaputnikoff: posts small blind $1
ChicagoBull4: posts big blind $3
*** HOLE CARDS ***
kaputnikoff: raises $3 to $6
ChicagoBull4: calls $3
*** FLOP *** [Th 3h Ks]
ChicagoBull4: checks
kaputnikoff: bets $3
ChicagoBull4: folds
Uncalled bet ($3) returned to kaputnikoff
kaputnikoff collected $11.76 from pot
kaputnikoff: doesn't show hand
*** SUMMARY ***
Total pot $12 | Rake $0.24
Board [Th 3h Ks]
Seat 1: kaputnikoff (button) (small blind) collected ($11.76)
Seat 2: ChicagoBull4 (big blind) folded on the Flop


PokerStars Hand #147390572671:  Hold'em Limit ($3/$6 USD) - 2016/01/20 17:11:54 ET
Table 'Ilsebill' 2-max Seat #1 is the button
Seat 1: kaputnikoff ($229.78 in chips)
Seat 2: ChicagoBull4 ($74.26 in chips)
kaputnikoff: posts small blind $1
ChicagoBull4: posts big blind $3
*** HOLE CARDS ***
kaputnikoff: raises $3 to $6
ChicagoBull4: calls $3
*** FLOP *** [Qs 7s 8s]
ChicagoBull4: checks
kaputnikoff: bets $3
ChicagoBull4: folds
Uncalled bet ($3) returned to kaputnikoff
kaputnikoff collected $11.76 from pot
kaputnikoff: doesn't show hand
*** SUMMARY ***
Total pot $12 | Rake $0.24
Board [Qs 7s 8s]
Seat 1: kaputnikoff (button) (small blind) collected ($11.76)
Seat 2: ChicagoBull4 (big blind) folded on the Flop


PokerStars Hand #147390679781:  Hold'em Limit ($3/$6 USD) - 2016/01/20 17:13:40 ET
Table 'Ilsebill' 2-max Seat #2 is the button
Seat 1: kaputnikoff ($232.04 in chips)
Seat 2: ChicagoBull4 ($70.76 in chips)
ChicagoBull4: posts small blind $1
kaputnikoff: posts big blind $3
*** HOLE CARDS ***
ChicagoBull4: raises $3 to $6
kaputnikoff: folds
Uncalled bet ($3) returned to ChicagoBull4
ChicagoBull4 collected $6 from pot
ChicagoBull4: doesn't show hand
*** SUMMARY ***
Total pot $6 | Rake $0
Seat 1: kaputnikoff (big blind) folded before Flop
Seat 2: ChicagoBull4 (button) (small blind) collected ($6)


PokerStars Hand #147390651167:  Hold'em Limit ($3/$6 USD) - 2016/01/20 17:13:12 ET
Table 'Ilsebill' 2-max Seat #1 is the button
Seat 1: kaputnikoff ($250.04 in chips)
Seat 2: ChicagoBull4 ($53.26 in chips)
kaputnikoff: posts small blind $1
ChicagoBull4: posts big blind $3
*** HOLE CARDS ***
kaputnikoff: raises $3 to $6
ChicagoBull4: calls $3
*** FLOP *** [5s Ad 9s]
ChicagoBull4: checks
kaputnikoff: bets $3
ChicagoBull4: raises $3 to $6
kaputnikoff: calls $3
*** TURN *** [5s Ad 9s] [5h]
ChicagoBull4: bets $6
kaputnikoff: calls $6
*** RIVER *** [5s Ad 9s 5h] [4h]
ChicagoBull4: checks
kaputnikoff: checks
*** SHOW DOWN ***
ChicagoBull4: shows [Qs 4s] (two pair, Fives and Fours)
kaputnikoff: mucks hand
ChicagoBull4 collected $35.50 from pot
*** SUMMARY ***
Total pot $36 | Rake $0.50
Board [5s Ad 9s 5h 4h]
Seat 1: kaputnikoff (button) (small blind) mucked
Seat 2: ChicagoBull4 (big blind) showed [Qs 4s] and won ($35.50) with two pair, Fives and Fours


PokerStars Hand #147390609000:  Hold'em Limit ($3/$6 USD) - 2016/01/20 17:12:30 ET
Table 'Ilsebill' 2-max Seat #2 is the button
Seat 1: kaputnikoff ($235.54 in chips)
Seat 2: ChicagoBull4 ($68.26 in chips)
ChicagoBull4: posts small blind $1
kaputnikoff: posts big blind $3
*** HOLE CARDS ***
ChicagoBull4: calls $2
kaputnikoff: raises $3 to $6
ChicagoBull4: calls $3
*** FLOP *** [Ks 9d 5s]
kaputnikoff: bets $3
ChicagoBull4: raises $3 to $6
kaputnikoff: raises $3 to $9
ChicagoBull4: calls $3
*** TURN *** [Ks 9d 5s] [7d]
kaputnikoff: bets $6
ChicagoBull4: folds
Uncalled bet ($6) returned to kaputnikoff
kaputnikoff collected $29.50 from pot
kaputnikoff: doesn't show hand
*** SUMMARY ***
Total pot $30 | Rake $0.50
Board [Ks 9d 5s 7d]
Seat 1: kaputnikoff (big blind) collected ($29.50)
Seat 2: ChicagoBull4 (button) (small blind) folded on the Turn


PokerStars Hand #147390688556:  Hold'em Limit ($3/$6 USD) - 2016/01/20 17:13:49 ET
Table 'Ilsebill' 2-max Seat #1 is the button
Seat 1: kaputnikoff ($229.04 in chips)
Seat 2: ChicagoBull4 ($73.76 in chips)
kaputnikoff: posts small blind $1
ChicagoBull4: posts big blind $3
*** HOLE CARDS ***
kaputnikoff: raises $3 to $6
ChicagoBull4: calls $3
*** FLOP *** [Ad 2c Jc]
ChicagoBull4: checks
kaputnikoff: bets $3
ChicagoBull4: calls $3
*** TURN *** [Ad 2c Jc] [3d]
ChicagoBull4: checks
kaputnikoff: checks
*** RIVER *** [Ad 2c Jc 3d] [2d]
ChicagoBull4: bets $6
kaputnikoff: calls $6
*** SHOW DOWN ***
ChicagoBull4: shows [2s Kc] (three of a kind, Deuces)
kaputnikoff: mucks hand
ChicagoBull4 collected $29.50 from pot
*** SUMMARY ***
Total pot $30 | Rake $0.50
Board [Ad 2c Jc 3d 2d]
Seat 1: kaputnikoff (button) (small blind) mucked
Seat 2: ChicagoBull4 (big blind) showed [2s Kc] and won ($29.50) with three of a kind, Deuces


PokerStars Hand #147390718774:  Hold'em Limit ($3/$6 USD) - 2016/01/20 17:14:19 ET
Table 'Ilsebill' 2-max Seat #2 is the button
Seat 1: kaputnikoff ($214.04 in chips)
Seat 2: ChicagoBull4 ($88.26 in chips)
ChicagoBull4: posts small blind $1
kaputnikoff: posts big blind $3
*** HOLE CARDS ***
ChicagoBull4: raises $3 to $6
kaputnikoff: calls $3
*** FLOP *** [9h Ks Qd]
kaputnikoff: checks
ChicagoBull4: bets $3
kaputnikoff: folds
Uncalled bet ($3) returned to ChicagoBull4
ChicagoBull4 collected $11.76 from pot
ChicagoBull4: doesn't show hand
*** SUMMARY ***
Total pot $12 | Rake $0.24
Board [9h Ks Qd]
Seat 1: kaputnikoff (big blind) folded on the Flop
Seat 2: ChicagoBull4 (button) (small blind) collected ($11.76)


PokerStars Hand #147390771177:  Hold'em Limit ($3/$6 USD) - 2016/01/20 17:15:11 ET
Table 'Ilsebill' 2-max Seat #2 is the button
Seat 1: kaputnikoff ($213.80 in chips)
Seat 2: ChicagoBull4 ($88.02 in chips)
ChicagoBull4: posts small blind $1
kaputnikoff: posts big blind $3
*** HOLE CARDS ***
ChicagoBull4: folds
Uncalled bet ($2) returned to kaputnikoff
ChicagoBull4 leaves the table
kaputnikoff collected $2 from pot
kaputnikoff: doesn't show hand
*** SUMMARY ***
Total pot $2 | Rake $0
Seat 1: kaputnikoff (big blind) collected ($2)
Seat 2: ChicagoBull4 (button) (small blind) folded before Flop


PokerStars Hand #147390740176:  Hold'em Limit ($3/$6 USD) - 2016/01/20 17:14:40 ET
Table 'Ilsebill' 2-max Seat #1 is the button
Seat 1: kaputnikoff ($208.04 in chips)
Seat 2: ChicagoBull4 ($94.02 in chips)
kaputnikoff: posts small blind $1
ChicagoBull4: posts big blind $3
*** HOLE CARDS ***
kaputnikoff: raises $3 to $6
ChicagoBull4: calls $3
*** FLOP *** [Jc Th 9s]
ChicagoBull4: checks
kaputnikoff: bets $3
ChicagoBull4: folds
Uncalled bet ($3) returned to kaputnikoff
kaputnikoff collected $11.76 from pot
kaputnikoff: doesn't show hand
*** SUMMARY ***
Total pot $12 | Rake $0.24
Board [Jc Th 9s]
Seat 1: kaputnikoff (button) (small blind) collected ($11.76)
Seat 2: ChicagoBull4 (big blind) folded on the Flop


PokerStars Hand #147391146099:  Hold'em Limit ($3/$6 USD) - 2016/01/20 17:21:27 ET
Table 'Ilsebill' 2-max Seat #1 is the button
Seat 1: kaputnikoff ($212.55 in chips)
Seat 2: missbleuf ($121.51 in chips)
kaputnikoff: posts small blind $1
missbleuf: posts big blind $3
*** HOLE CARDS ***
kaputnikoff: raises $3 to $6
missbleuf: folds
Uncalled bet ($3) returned to kaputnikoff
kaputnikoff collected $6 from pot
kaputnikoff: doesn't show hand
*** SUMMARY ***
Total pot $6 | Rake $0
Seat 1: kaputnikoff (button) (small blind) collected ($6)
Seat 2: missbleuf (big blind) folded before Flop


PokerStars Hand #147391153168:  Hold'em Limit ($3/$6 USD) - 2016/01/20 17:21:34 ET
Table 'Ilsebill' 2-max Seat #2 is the button
Seat 1: kaputnikoff ($215.55 in chips)
Seat 2: missbleuf ($118.51 in chips)
missbleuf: posts small blind $1
kaputnikoff: posts big blind $3
*** HOLE CARDS ***
missbleuf: folds
Uncalled bet ($2) returned to kaputnikoff
kaputnikoff collected $2 from pot
kaputnikoff: doesn't show hand
*** SUMMARY ***
Total pot $2 | Rake $0
Seat 1: kaputnikoff (big blind) collected ($2)
Seat 2: missbleuf (button) (small blind) folded before Flop


PokerStars Hand #147391159069:  Hold'em Limit ($3/$6 USD) - 2016/01/20 17:21:40 ET
Table 'Ilsebill' 2-max Seat #1 is the button
Seat 1: kaputnikoff ($216.55 in chips)
Seat 2: missbleuf ($117.51 in chips)
kaputnikoff: posts small blind $1
missbleuf: posts big blind $3
*** HOLE CARDS ***
kaputnikoff: raises $3 to $6
missbleuf: calls $3
*** FLOP *** [4h 3d 7h]
missbleuf: checks
kaputnikoff: bets $3
missbleuf: folds
Uncalled bet ($3) returned to kaputnikoff
kaputnikoff collected $11.76 from pot
kaputnikoff: doesn't show hand
*** SUMMARY ***
Total pot $12 | Rake $0.24
Board [4h 3d 7h]
Seat 1: kaputnikoff (button) (small blind) collected ($11.76)
Seat 2: missbleuf (big blind) folded on the Flop


PokerStars Hand #147391170824:  Hold'em Limit ($3/$6 USD) - 2016/01/20 17:21:52 ET
Table 'Ilsebill' 2-max Seat #2 is the button
Seat 1: kaputnikoff ($222.31 in chips)
Seat 2: missbleuf ($111.51 in chips)
missbleuf: posts small blind $1
kaputnikoff: posts big blind $3
*** HOLE CARDS ***
missbleuf: raises $3 to $6
kaputnikoff: calls $3
*** FLOP *** [2h Ac Jd]
kaputnikoff: checks
missbleuf: bets $3
kaputnikoff: raises $3 to $6
missbleuf: folds
Uncalled bet ($3) returned to kaputnikoff
kaputnikoff collected $17.64 from pot
kaputnikoff: doesn't show hand
*** SUMMARY ***
Total pot $18 | Rake $0.36
Board [2h Ac Jd]
Seat 1: kaputnikoff (big blind) collected ($17.64)
Seat 2: missbleuf (button) (small blind) folded on the Flop


PokerStars Hand #147391185051:  Hold'em Limit ($3/$6 USD) - 2016/01/20 17:22:06 ET
Table 'Ilsebill' 2-max Seat #1 is the button
Seat 1: kaputnikoff ($230.95 in chips)
Seat 2: missbleuf ($102.51 in chips)
kaputnikoff: posts small blind $1
missbleuf: posts big blind $3
*** HOLE CARDS ***
kaputnikoff: folds
Uncalled bet ($2) returned to missbleuf
missbleuf collected $2 from pot
missbleuf: doesn't show hand
*** SUMMARY ***
Total pot $2 | Rake $0
Seat 1: kaputnikoff (button) (small blind) folded before Flop
Seat 2: missbleuf (big blind) collected ($2)


PokerStars Hand #147391190607:  Hold'em Limit ($3/$6 USD) - 2016/01/20 17:22:12 ET
Table 'Ilsebill' 2-max Seat #2 is the button
Seat 1: kaputnikoff ($229.95 in chips)
Seat 2: missbleuf ($103.51 in chips)
missbleuf: posts small blind $1
kaputnikoff: posts big blind $3
*** HOLE CARDS ***
missbleuf: raises $3 to $6
kaputnikoff: calls $3
*** FLOP *** [Jh 4d Qc]
kaputnikoff: checks
missbleuf: checks
*** TURN *** [Jh 4d Qc] [3s]
kaputnikoff: checks
missbleuf: bets $6
kaputnikoff: calls $6
*** RIVER *** [Jh 4d Qc 3s] [Ah]
kaputnikoff: checks
missbleuf: checks
*** SHOW DOWN ***
kaputnikoff: shows [Kc Td] (a straight, Ten to Ace)
missbleuf: mucks hand
kaputnikoff collected $23.52 from pot
*** SUMMARY ***
Total pot $24 | Rake $0.48
Board [Jh 4d Qc 3s Ah]
Seat 1: kaputnikoff (big blind) showed [Kc Td] and won ($23.52) with a straight, Ten to Ace
Seat 2: missbleuf (button) (small blind) mucked


PokerStars Hand #147391211661:  Hold'em Limit ($3/$6 USD) - 2016/01/20 17:22:34 ET
Table 'Ilsebill' 2-max Seat #1 is the button
Seat 1: kaputnikoff ($241.47 in chips)
Seat 2: missbleuf ($91.51 in chips)
kaputnikoff: posts small blind $1
missbleuf: posts big blind $3
*** HOLE CARDS ***
kaputnikoff: raises $3 to $6
missbleuf: calls $3
*** FLOP *** [7s 8s Qc]
missbleuf: checks
kaputnikoff: bets $3
missbleuf: folds
Uncalled bet ($3) returned to kaputnikoff
kaputnikoff collected $11.76 from pot
kaputnikoff: doesn't show hand
*** SUMMARY ***
Total pot $12 | Rake $0.24
Board [7s 8s Qc]
Seat 1: kaputnikoff (button) (small blind) collected ($11.76)
Seat 2: missbleuf (big blind) folded on the Flop


PokerStars Hand #147391225876:  Hold'em Limit ($3/$6 USD) - 2016/01/20 17:22:48 ET
Table 'Ilsebill' 2-max Seat #2 is the button
Seat 1: kaputnikoff ($247.23 in chips)
Seat 2: missbleuf ($85.51 in chips)
missbleuf: posts small blind $1
kaputnikoff: posts big blind $3
*** HOLE CARDS ***
missbleuf: raises $3 to $6
kaputnikoff: raises $3 to $9
missbleuf: calls $3
*** FLOP *** [8s 7d As]
kaputnikoff: bets $3
missbleuf: calls $3
*** TURN *** [8s 7d As] [5c]
kaputnikoff: bets $6
missbleuf: calls $6
*** RIVER *** [8s 7d As 5c] [Kd]
kaputnikoff: bets $6
missbleuf: calls $6
*** SHOW DOWN ***
kaputnikoff: shows [Ts Td] (a pair of Tens)
missbleuf: shows [Kc 9d] (a pair of Kings)
missbleuf collected $47.50 from pot
*** SUMMARY ***
Total pot $48 | Rake $0.50
Board [8s 7d As 5c Kd]
Seat 1: kaputnikoff (big blind) showed [Ts Td] and lost with a pair of Tens
Seat 2: missbleuf (button) (small blind) showed [Kc 9d] and won ($47.50) with a pair of Kings


PokerStars Hand #147391245383:  Hold'em Limit ($3/$6 USD) - 2016/01/20 17:23:08 ET
Table 'Ilsebill' 2-max Seat #1 is the button
Seat 1: kaputnikoff ($223.23 in chips)
Seat 2: missbleuf ($109.01 in chips)
kaputnikoff: posts small blind $1
missbleuf: posts big blind $3
*** HOLE CARDS ***
kaputnikoff: raises $3 to $6
missbleuf: folds
Uncalled bet ($3) returned to kaputnikoff
kaputnikoff collected $6 from pot
kaputnikoff: doesn't show hand
*** SUMMARY ***
Total pot $6 | Rake $0
Seat 1: kaputnikoff (button) (small blind) collected ($6)
Seat 2: missbleuf (big blind) folded before Flop


PokerStars Hand #147391253330:  Hold'em Limit ($3/$6 USD) - 2016/01/20 17:23:16 ET
Table 'Ilsebill' 2-max Seat #2 is the button
Seat 1: kaputnikoff ($226.23 in chips)
Seat 2: missbleuf ($106.01 in chips)
missbleuf: posts small blind $1
kaputnikoff: posts big blind $3
*** HOLE CARDS ***
missbleuf: folds
Uncalled bet ($2) returned to kaputnikoff
kaputnikoff collected $2 from pot
kaputnikoff: doesn't show hand
*** SUMMARY ***
Total pot $2 | Rake $0
Seat 1: kaputnikoff (big blind) collected ($2)
Seat 2: missbleuf (button) (small blind) folded before Flop


PokerStars Hand #147391259140:  Hold'em Limit ($3/$6 USD) - 2016/01/20 17:23:22 ET
Table 'Ilsebill' 2-max Seat #1 is the button
Seat 1: kaputnikoff ($227.23 in chips)
Seat 2: missbleuf ($105.01 in chips)
kaputnikoff: posts small blind $1
missbleuf: posts big blind $3
*** HOLE CARDS ***
kaputnikoff: raises $3 to $6
missbleuf: calls $3
*** FLOP *** [Jh 5h Ts]
missbleuf: checks
kaputnikoff: bets $3
missbleuf: calls $3
*** TURN *** [Jh 5h Ts] [5s]
missbleuf: checks
kaputnikoff: checks
*** RIVER *** [Jh 5h Ts 5s] [7d]
missbleuf: bets $6
kaputnikoff: folds
Uncalled bet ($6) returned to missbleuf
missbleuf collected $17.64 from pot
missbleuf: doesn't show hand
*** SUMMARY ***
Total pot $18 | Rake $0.36
Board [Jh 5h Ts 5s 7d]
Seat 1: kaputnikoff (button) (small blind) folded on the River
Seat 2: missbleuf (big blind) collected ($17.64)


PokerStars Hand #147391283592:  Hold'em Limit ($3/$6 USD) - 2016/01/20 17:23:47 ET
Table 'Ilsebill' 2-max Seat #2 is the button
Seat 1: kaputnikoff ($218.23 in chips)
Seat 2: missbleuf ($113.65 in chips)
missbleuf: posts small blind $1
kaputnikoff: posts big blind $3
*** HOLE CARDS ***
missbleuf: raises $3 to $6
kaputnikoff: folds
Uncalled bet ($3) returned to missbleuf
missbleuf collected $6 from pot
missbleuf: doesn't show hand
*** SUMMARY ***
Total pot $6 | Rake $0
Seat 1: kaputnikoff (big blind) folded before Flop
Seat 2: missbleuf (button) (small blind) collected ($6)


PokerStars Hand #147391292895:  Hold'em Limit ($3/$6 USD) - 2016/01/20 17:23:56 ET
Table 'Ilsebill' 2-max Seat #1 is the button
Seat 1: kaputnikoff ($215.23 in chips)
Seat 2: missbleuf ($116.65 in chips)
kaputnikoff: posts small blind $1
missbleuf: posts big blind $3
*** HOLE CARDS ***
kaputnikoff: raises $3 to $6
missbleuf: raises $3 to $9
kaputnikoff: calls $3
*** FLOP *** [3c 8d Kd]
missbleuf: bets $3
kaputnikoff: calls $3
*** TURN *** [3c 8d Kd] [7c]
missbleuf: bets $6
kaputnikoff: raises $6 to $12
missbleuf: raises $6 to $18
kaputnikoff: calls $6
*** RIVER *** [3c 8d Kd 7c] [7d]
missbleuf: bets $6
kaputnikoff: calls $6
*** SHOW DOWN ***
missbleuf: shows [Js Kc] (two pair, Kings and Sevens)
kaputnikoff: mucks hand
missbleuf collected $71.50 from pot
*** SUMMARY ***
Total pot $72 | Rake $0.50
Board [3c 8d Kd 7c 7d]
Seat 1: kaputnikoff (button) (small blind) mucked
Seat 2: missbleuf (big blind) showed [Js Kc] and won ($71.50) with two pair, Kings and Sevens


PokerStars Hand #147391320461:  Hold'em Limit ($3/$6 USD) - 2016/01/20 17:24:24 ET
Table 'Ilsebill' 2-max Seat #2 is the button
Seat 1: kaputnikoff ($179.23 in chips)
Seat 2: missbleuf ($152.15 in chips)
missbleuf: posts small blind $1
kaputnikoff: posts big blind $3
*** HOLE CARDS ***
missbleuf: folds
Uncalled bet ($2) returned to kaputnikoff
kaputnikoff collected $2 from pot
kaputnikoff: doesn't show hand
*** SUMMARY ***
Total pot $2 | Rake $0
Seat 1: kaputnikoff (big blind) collected ($2)
Seat 2: missbleuf (button) (small blind) folded before Flop


PokerStars Hand #147391326710:  Hold'em Limit ($3/$6 USD) - 2016/01/20 17:24:31 ET
Table 'Ilsebill' 2-max Seat #1 is the button
Seat 1: kaputnikoff ($180.23 in chips)
Seat 2: missbleuf ($151.15 in chips)
kaputnikoff: posts small blind $1
missbleuf: posts big blind $3
*** HOLE CARDS ***
kaputnikoff: raises $3 to $6
missbleuf: calls $3
*** FLOP *** [8s Js Qh]
missbleuf: checks
kaputnikoff: bets $3
missbleuf: folds
Uncalled bet ($3) returned to kaputnikoff
kaputnikoff collected $11.76 from pot
kaputnikoff: doesn't show hand
*** SUMMARY ***
Total pot $12 | Rake $0.24
Board [8s Js Qh]
Seat 1: kaputnikoff (button) (small blind) collected ($11.76)
Seat 2: missbleuf (big blind) folded on the Flop


PokerStars Hand #147391341529:  Hold'em Limit ($3/$6 USD) - 2016/01/20 17:24:46 ET
Table 'Ilsebill' 2-max Seat #2 is the button
Seat 1: kaputnikoff ($185.99 in chips)
Seat 2: missbleuf ($145.15 in chips)
missbleuf: posts small blind $1
kaputnikoff: posts big blind $3
*** HOLE CARDS ***
missbleuf: folds
Uncalled bet ($2) returned to kaputnikoff
kaputnikoff collected $2 from pot
kaputnikoff: doesn't show hand
*** SUMMARY ***
Total pot $2 | Rake $0
Seat 1: kaputnikoff (big blind) collected ($2)
Seat 2: missbleuf (button) (small blind) folded before Flop


PokerStars Hand #147391346584:  Hold'em Limit ($3/$6 USD) - 2016/01/20 17:24:52 ET
Table 'Ilsebill' 2-max Seat #1 is the button
Seat 1: kaputnikoff ($186.99 in chips)
Seat 2: missbleuf ($144.15 in chips)
kaputnikoff: posts small blind $1
missbleuf: posts big blind $3
*** HOLE CARDS ***
kaputnikoff: raises $3 to $6
missbleuf: folds
Uncalled bet ($3) returned to kaputnikoff
kaputnikoff collected $6 from pot
kaputnikoff: doesn't show hand
*** SUMMARY ***
Total pot $6 | Rake $0
Seat 1: kaputnikoff (button) (small blind) collected ($6)
Seat 2: missbleuf (big blind) folded before Flop


PokerStars Hand #147391369303:  Hold'em Limit ($3/$6 USD) - 2016/01/20 17:25:12 ET
Table 'Ilsebill' 2-max Seat #1 is the button
Seat 1: kaputnikoff ($190.99 in chips)
Seat 2: missbleuf ($140.15 in chips)
kaputnikoff: posts small blind $1
missbleuf: posts big blind $3
*** HOLE CARDS ***
kaputnikoff: raises $3 to $6
missbleuf: folds
Uncalled bet ($3) returned to kaputnikoff
kaputnikoff collected $6 from pot
kaputnikoff: doesn't show hand
*** SUMMARY ***
Total pot $6 | Rake $0
Seat 1: kaputnikoff (button) (small blind) collected ($6)
Seat 2: missbleuf (big blind) folded before Flop


PokerStars Hand #147391354649:  Hold'em Limit ($3/$6 USD) - 2016/01/20 17:25:00 ET
Table 'Ilsebill' 2-max Seat #2 is the button
Seat 1: kaputnikoff ($189.99 in chips)
Seat 2: missbleuf ($141.15 in chips)
missbleuf: posts small blind $1
kaputnikoff: posts big blind $3
*** HOLE CARDS ***
missbleuf: folds
Uncalled bet ($2) returned to kaputnikoff
kaputnikoff collected $2 from pot
kaputnikoff: doesn't show hand
*** SUMMARY ***
Total pot $2 | Rake $0
Seat 1: kaputnikoff (big blind) collected ($2)
Seat 2: missbleuf (button) (small blind) folded before Flop


PokerStars Hand #147391377160:  Hold'em Limit ($3/$6 USD) - 2016/01/20 17:25:19 ET
Table 'Ilsebill' 2-max Seat #2 is the button
Seat 1: kaputnikoff ($193.99 in chips)
Seat 2: missbleuf ($137.15 in chips)
missbleuf: posts small blind $1
kaputnikoff: posts big blind $3
*** HOLE CARDS ***
missbleuf: folds
Uncalled bet ($2) returned to kaputnikoff
kaputnikoff collected $2 from pot
kaputnikoff: doesn't show hand
*** SUMMARY ***
Total pot $2 | Rake $0
Seat 1: kaputnikoff (big blind) collected ($2)
Seat 2: missbleuf (button) (small blind) folded before Flop


PokerStars Hand #147391387304:  Hold'em Limit ($3/$6 USD) - 2016/01/20 17:25:28 ET
Table 'Ilsebill' 2-max Seat #1 is the button
Seat 1: kaputnikoff ($194.99 in chips)
Seat 2: missbleuf ($136.15 in chips)
kaputnikoff: posts small blind $1
missbleuf: posts big blind $3
*** HOLE CARDS ***
kaputnikoff: raises $3 to $6
missbleuf: raises $3 to $9
kaputnikoff: calls $3
*** FLOP *** [Js 7h 7c]
missbleuf: bets $3
kaputnikoff: calls $3
*** TURN *** [Js 7h 7c] [4s]
missbleuf: bets $6
kaputnikoff: folds
Uncalled bet ($6) returned to missbleuf
missbleuf collected $23.52 from pot
missbleuf: doesn't show hand
*** SUMMARY ***
Total pot $24 | Rake $0.48
Board [Js 7h 7c 4s]
Seat 1: kaputnikoff (button) (small blind) folded on the Turn
Seat 2: missbleuf (big blind) collected ($23.52)


PokerStars Hand #147391410333:  Hold'em Limit ($3/$6 USD) - 2016/01/20 17:25:48 ET
Table 'Ilsebill' 2-max Seat #2 is the button
Seat 1: kaputnikoff ($182.99 in chips)
Seat 2: missbleuf ($147.67 in chips)
missbleuf: posts small blind $1
kaputnikoff: posts big blind $3
*** HOLE CARDS ***
missbleuf: folds
Uncalled bet ($2) returned to kaputnikoff
kaputnikoff collected $2 from pot
kaputnikoff: doesn't show hand
*** SUMMARY ***
Total pot $2 | Rake $0
Seat 1: kaputnikoff (big blind) collected ($2)
Seat 2: missbleuf (button) (small blind) folded before Flop


PokerStars Hand #147391416562:  Hold'em Limit ($3/$6 USD) - 2016/01/20 17:25:54 ET
Table 'Ilsebill' 2-max Seat #1 is the button
Seat 1: kaputnikoff ($183.99 in chips)
Seat 2: missbleuf ($146.67 in chips)
kaputnikoff: posts small blind $1
missbleuf: posts big blind $3
*** HOLE CARDS ***
kaputnikoff: raises $3 to $6
missbleuf: calls $3
*** FLOP *** [7d Kh 8d]
missbleuf: checks
kaputnikoff: bets $3
missbleuf: raises $3 to $6
kaputnikoff: calls $3
*** TURN *** [7d Kh 8d] [As]
missbleuf: checks
kaputnikoff: checks
*** RIVER *** [7d Kh 8d As] [9h]
missbleuf: checks
kaputnikoff: bets $6
missbleuf: folds
Uncalled bet ($6) returned to kaputnikoff
kaputnikoff collected $23.52 from pot
kaputnikoff: doesn't show hand
*** SUMMARY ***
Total pot $24 | Rake $0.48
Board [7d Kh 8d As 9h]
Seat 1: kaputnikoff (button) (small blind) collected ($23.52)
Seat 2: missbleuf (big blind) folded on the River


PokerStars Hand #147391445050:  Hold'em Limit ($3/$6 USD) - 2016/01/20 17:26:18 ET
Table 'Ilsebill' 2-max Seat #2 is the button
Seat 1: kaputnikoff ($195.51 in chips)
Seat 2: missbleuf ($134.67 in chips)
missbleuf: posts small blind $1
kaputnikoff: posts big blind $3
*** HOLE CARDS ***
missbleuf: raises $3 to $6
kaputnikoff: raises $3 to $9
missbleuf: calls $3
*** FLOP *** [3c 7h Qc]
kaputnikoff: bets $3
missbleuf: folds
Uncalled bet ($3) returned to kaputnikoff
kaputnikoff collected $17.64 from pot
kaputnikoff: doesn't show hand
*** SUMMARY ***
Total pot $18 | Rake $0.36
Board [3c 7h Qc]
Seat 1: kaputnikoff (big blind) collected ($17.64)
Seat 2: missbleuf (button) (small blind) folded on the Flop


PokerStars Hand #147391480502:  Hold'em Limit ($3/$6 USD) - 2016/01/20 17:26:48 ET
Table 'Ilsebill' 2-max Seat #1 is the button
Seat 1: kaputnikoff ($204.15 in chips)
Seat 2: missbleuf ($125.67 in chips)
kaputnikoff: posts small blind $1
missbleuf: posts big blind $3
*** HOLE CARDS ***
kaputnikoff: raises $3 to $6
missbleuf: folds
Uncalled bet ($3) returned to kaputnikoff
kaputnikoff collected $6 from pot
kaputnikoff: doesn't show hand
*** SUMMARY ***
Total pot $6 | Rake $0
Seat 1: kaputnikoff (button) (small blind) collected ($6)
Seat 2: missbleuf (big blind) folded before Flop


PokerStars Hand #147391495450:  Hold'em Limit ($3/$6 USD) - 2016/01/20 17:27:00 ET
Table 'Ilsebill' 2-max Seat #1 is the button
Seat 1: kaputnikoff ($208.15 in chips)
Seat 2: missbleuf ($121.67 in chips)
kaputnikoff: posts small blind $1
missbleuf: posts big blind $3
*** HOLE CARDS ***
kaputnikoff: raises $3 to $6
missbleuf: folds
Uncalled bet ($3) returned to kaputnikoff
kaputnikoff collected $6 from pot
kaputnikoff: doesn't show hand
*** SUMMARY ***
Total pot $6 | Rake $0
Seat 1: kaputnikoff (button) (small blind) collected ($6)
Seat 2: missbleuf (big blind) folded before Flop


PokerStars Hand #147391489250:  Hold'em Limit ($3/$6 USD) - 2016/01/20 17:26:55 ET
Table 'Ilsebill' 2-max Seat #2 is the button
Seat 1: kaputnikoff ($207.15 in chips)
Seat 2: missbleuf ($122.67 in chips)
missbleuf: posts small blind $1
kaputnikoff: posts big blind $3
*** HOLE CARDS ***
missbleuf: folds
Uncalled bet ($2) returned to kaputnikoff
kaputnikoff collected $2 from pot
kaputnikoff: doesn't show hand
*** SUMMARY ***
Total pot $2 | Rake $0
Seat 1: kaputnikoff (big blind) collected ($2)
Seat 2: missbleuf (button) (small blind) folded before Flop


PokerStars Hand #147391503547:  Hold'em Limit ($3/$6 USD) - 2016/01/20 17:27:07 ET
Table 'Ilsebill' 2-max Seat #2 is the button
Seat 1: kaputnikoff ($211.15 in chips)
Seat 2: missbleuf ($118.67 in chips)
missbleuf: posts small blind $1
kaputnikoff: posts big blind $3
*** HOLE CARDS ***
missbleuf: calls $2
kaputnikoff: raises $3 to $6
missbleuf: calls $3
*** FLOP *** [5d Js 3s]
kaputnikoff: bets $3
missbleuf: calls $3
*** TURN *** [5d Js 3s] [Qs]
kaputnikoff: checks
missbleuf: checks
*** RIVER *** [5d Js 3s Qs] [6d]
kaputnikoff: checks
missbleuf: checks
*** SHOW DOWN ***
kaputnikoff: shows [Ad 7c] (high card Ace)
missbleuf: mucks hand
kaputnikoff collected $17.64 from pot
*** SUMMARY ***
Total pot $18 | Rake $0.36
Board [5d Js 3s Qs 6d]
Seat 1: kaputnikoff (big blind) showed [Ad 7c] and won ($17.64) with high card Ace
Seat 2: missbleuf (button) (small blind) mucked


PokerStars Hand #147391536918:  Hold'em Limit ($3/$6 USD) - 2016/01/20 17:27:36 ET
Table 'Ilsebill' 2-max Seat #1 is the button
Seat 1: kaputnikoff ($219.79 in chips)
Seat 2: missbleuf ($109.67 in chips)
kaputnikoff: posts small blind $1
missbleuf: posts big blind $3
*** HOLE CARDS ***
kaputnikoff: raises $3 to $6
missbleuf: folds
Uncalled bet ($3) returned to kaputnikoff
kaputnikoff collected $6 from pot
kaputnikoff: doesn't show hand
*** SUMMARY ***
Total pot $6 | Rake $0
Seat 1: kaputnikoff (button) (small blind) collected ($6)
Seat 2: missbleuf (big blind) folded before Flop


