PokerStars Hand #164964122730:  Hold'em Limit ($3/$6 USD) - 2017/01/21 20:29:35 ET
Table 'Ilsewa' 6-max Seat #2 is the button
Seat 2: Chessnok ($246.98 in chips)
Seat 4: nikosha8 ($741.98 in chips)
Chessnok: posts small blind $1
nikosha8: posts big blind $3
*** HOLE CARDS ***
Chessnok: folds
Uncalled bet ($2) returned to nikosha8
nikosha8 collected $2 from pot
*** SUMMARY ***
Total pot $2 | Rake $0
Seat 2: Chessnok (button) (small blind) folded before Flop
Seat 4: nikosha8 (big blind) collected ($2)


PokerStars Hand #164964087327:  Hold'em Limit ($3/$6 USD) - 2017/01/21 20:28:32 ET
Table 'Ilsewa' 6-max Seat #4 is the button
Seat 2: Chessnok ($229.48 in chips)
Seat 4: nikosha8 ($759.98 in chips)
nikosha8: posts small blind $1
webie: is sitting out
Chessnok: posts big blind $3
*** HOLE CARDS ***
nikosha8: raises $3 to $6
webie leaves the table
Chessnok: raises $3 to $9
nikosha8: calls $3
*** FLOP *** [Th 7c 6h]
Chessnok: bets $3
nikosha8: calls $3
*** TURN *** [Th 7c 6h] [3h]
Chessnok: bets $6
nikosha8: calls $6
*** RIVER *** [Th 7c 6h 3h] [7d]
Chessnok: checks
nikosha8: checks
*** SHOW DOWN ***
Chessnok: shows [As Qh] (a pair of Sevens)
nikosha8: mucks hand
Chessnok collected $35.50 from pot
*** SUMMARY ***
Total pot $36 | Rake $0.50
Board [Th 7c 6h 3h 7d]
Seat 2: Chessnok (big blind) showed [As Qh] and won ($35.50) with a pair of Sevens
Seat 4: nikosha8 (button) (small blind) mucked


PokerStars Hand #164964178316:  Hold'em Limit ($3/$6 USD) - 2017/01/21 20:31:12 ET
Table 'Ilsewa' 6-max Seat #4 is the button
Seat 2: Chessnok ($280.98 in chips)
Seat 4: nikosha8 ($706.98 in chips)
nikosha8: posts small blind $1
Chessnok: posts big blind $3
*** HOLE CARDS ***
nikosha8: folds
Uncalled bet ($2) returned to Chessnok
Chessnok collected $2 from pot
Chessnok: doesn't show hand
*** SUMMARY ***
Total pot $2 | Rake $0
Seat 2: Chessnok (big blind) collected ($2)
Seat 4: nikosha8 (button) (small blind) folded before Flop


PokerStars Hand #164964157317:  Hold'em Limit ($3/$6 USD) - 2017/01/21 20:30:35 ET
Table 'Ilsewa' 6-max Seat #2 is the button
Seat 2: Chessnok ($266.48 in chips)
Seat 4: nikosha8 ($721.98 in chips)
Chessnok: posts small blind $1
nikosha8: posts big blind $3
*** HOLE CARDS ***
Chessnok: raises $3 to $6
nikosha8: calls $3
*** FLOP *** [7h 4d 5s]
nikosha8: checks
Chessnok: bets $3
nikosha8: calls $3
*** TURN *** [7h 4d 5s] [Ks]
nikosha8: checks
Chessnok: bets $6
nikosha8: calls $6
*** RIVER *** [7h 4d 5s Ks] [4h]
nikosha8: checks
Chessnok: checks
*** SHOW DOWN ***
nikosha8: shows [Jd 3s] (a pair of Fours)
Chessnok: shows [Ah 6s] (a pair of Fours - Ace kicker)
Chessnok collected $29.50 from pot
*** SUMMARY ***
Total pot $30 | Rake $0.50
Board [7h 4d 5s Ks 4h]
Seat 2: Chessnok (button) (small blind) showed [Ah 6s] and won ($29.50) with a pair of Fours
Seat 4: nikosha8 (big blind) showed [Jd 3s] and lost with a pair of Fours


PokerStars Hand #164964125386:  Hold'em Limit ($3/$6 USD) - 2017/01/21 20:29:39 ET
Table 'Ilsewa' 6-max Seat #4 is the button
Seat 2: Chessnok ($245.98 in chips)
Seat 4: nikosha8 ($742.98 in chips)
nikosha8: posts small blind $1
Chessnok: posts big blind $3
*** HOLE CARDS ***
nikosha8: raises $3 to $6
Chessnok: raises $3 to $9
nikosha8: raises $3 to $12
Betting is capped
Chessnok: calls $3
*** FLOP *** [6s 2s 2d]
Chessnok: checks
nikosha8: bets $3
Chessnok: calls $3
*** TURN *** [6s 2s 2d] [9d]
Chessnok: checks
nikosha8: bets $6
Chessnok: calls $6
*** RIVER *** [6s 2s 2d 9d] [Tc]
Chessnok: checks
nikosha8: checks
*** SHOW DOWN ***
Chessnok: shows [5c 5h] (two pair, Fives and Deuces)
nikosha8: mucks hand
Chessnok collected $41.50 from pot
*** SUMMARY ***
Total pot $42 | Rake $0.50
Board [6s 2s 2d 9d Tc]
Seat 2: Chessnok (big blind) showed [5c 5h] and won ($41.50) with two pair, Fives and Deuces
Seat 4: nikosha8 (button) (small blind) mucked


PokerStars Hand #164964182252:  Hold'em Limit ($3/$6 USD) - 2017/01/21 20:31:19 ET
Table 'Ilsewa' 6-max Seat #2 is the button
Seat 2: Chessnok ($281.98 in chips)
Seat 4: nikosha8 ($705.98 in chips)
Chessnok: posts small blind $1
nikosha8: posts big blind $3
*** HOLE CARDS ***
Chessnok: raises $3 to $6
nikosha8: raises $3 to $9
Chessnok: calls $3
*** FLOP *** [7s Kc Th]
nikosha8: bets $3
Chessnok: folds
Uncalled bet ($3) returned to nikosha8
nikosha8 collected $17.64 from pot
*** SUMMARY ***
Total pot $18 | Rake $0.36
Board [7s Kc Th]
Seat 2: Chessnok (button) (small blind) folded on the Flop
Seat 4: nikosha8 (big blind) collected ($17.64)


PokerStars Hand #164964189944:  Hold'em Limit ($3/$6 USD) - 2017/01/21 20:31:33 ET
Table 'Ilsewa' 6-max Seat #4 is the button
Seat 2: Chessnok ($272.98 in chips)
Seat 4: nikosha8 ($714.62 in chips)
nikosha8: posts small blind $1
Chessnok: posts big blind $3
*** HOLE CARDS ***
nikosha8: raises $3 to $6
Chessnok: raises $3 to $9
nikosha8: raises $3 to $12
Betting is capped
Chessnok: calls $3
*** FLOP *** [4c As 7d]
Chessnok: bets $3
nikosha8: calls $3
*** TURN *** [4c As 7d] [Qd]
Chessnok: bets $6
nikosha8: calls $6
*** RIVER *** [4c As 7d Qd] [8h]
Chessnok: bets $6
nikosha8: calls $6
*** SHOW DOWN ***
Chessnok: shows [4d 4s] (three of a kind, Fours)
nikosha8: mucks hand
Chessnok collected $53.50 from pot
*** SUMMARY ***
Total pot $54 | Rake $0.50
Board [4c As 7d Qd 8h]
Seat 2: Chessnok (big blind) showed [4d 4s] and won ($53.50) with three of a kind, Fours
Seat 4: nikosha8 (button) (small blind) mucked


PokerStars Hand #164964232835:  Hold'em Limit ($3/$6 USD) - 2017/01/21 20:32:48 ET
Table 'Ilsewa' 6-max Seat #4 is the button
Seat 2: Chessnok ($287.48 in chips)
Seat 4: nikosha8 ($699.14 in chips)
nikosha8: posts small blind $1
Chessnok: posts big blind $3
*** HOLE CARDS ***
nikosha8: raises $3 to $6
Chessnok: calls $3
*** FLOP *** [3s 9d 2d]
Chessnok: checks
nikosha8: bets $3
Chessnok: folds
Uncalled bet ($3) returned to nikosha8
nikosha8 collected $11.76 from pot
*** SUMMARY ***
Total pot $12 | Rake $0.24
Board [3s 9d 2d]
Seat 2: Chessnok (big blind) folded on the Flop
Seat 4: nikosha8 (button) (small blind) collected ($11.76)


PokerStars Hand #164964222329:  Hold'em Limit ($3/$6 USD) - 2017/01/21 20:32:30 ET
Table 'Ilsewa' 6-max Seat #2 is the button
Seat 2: Chessnok ($299.48 in chips)
Seat 4: nikosha8 ($687.62 in chips)
Chessnok: posts small blind $1
nikosha8: posts big blind $3
*** HOLE CARDS ***
Chessnok: raises $3 to $6
nikosha8: raises $3 to $9
Chessnok: calls $3
*** FLOP *** [3s 9d 8s]
nikosha8: bets $3
Chessnok: calls $3
*** TURN *** [3s 9d 8s] [2c]
nikosha8: checks
Chessnok: checks
*** RIVER *** [3s 9d 8s 2c] [Kc]
nikosha8: checks
Chessnok: checks
*** SHOW DOWN ***
nikosha8: shows [Qs 7d] (high card King)
Chessnok: mucks hand
nikosha8 collected $23.52 from pot
*** SUMMARY ***
Total pot $24 | Rake $0.48
Board [3s 9d 8s 2c Kc]
Seat 2: Chessnok (button) (small blind) mucked
Seat 4: nikosha8 (big blind) showed [Qs 7d] and won ($23.52) with high card King


PokerStars Hand #164964263856:  Hold'em Limit ($3/$6 USD) - 2017/01/21 20:33:43 ET
Table 'Ilsewa' 6-max Seat #4 is the button
Seat 2: Chessnok ($287.24 in chips)
Seat 4: nikosha8 ($698.90 in chips)
nikosha8: posts small blind $1
Chessnok: posts big blind $3
*** HOLE CARDS ***
nikosha8: raises $3 to $6
Chessnok: calls $3
*** FLOP *** [Kh 6c 5d]
Chessnok: checks
nikosha8: bets $3
Chessnok: calls $3
*** TURN *** [Kh 6c 5d] [2c]
Chessnok: checks
nikosha8: checks
*** RIVER *** [Kh 6c 5d 2c] [8h]
Chessnok: bets $6
nikosha8: calls $6
*** SHOW DOWN ***
Chessnok: shows [Qs 4s] (high card King)
nikosha8: shows [9c Ah] (high card Ace)
nikosha8 collected $29.50 from pot
*** SUMMARY ***
Total pot $30 | Rake $0.50
Board [Kh 6c 5d 2c 8h]
Seat 2: Chessnok (big blind) showed [Qs 4s] and lost with high card King
Seat 4: nikosha8 (button) (small blind) showed [9c Ah] and won ($29.50) with high card Ace


PokerStars Hand #164964240807:  Hold'em Limit ($3/$6 USD) - 2017/01/21 20:33:02 ET
Table 'Ilsewa' 6-max Seat #2 is the button
Seat 2: Chessnok ($281.48 in chips)
Seat 4: nikosha8 ($704.90 in chips)
Chessnok: posts small blind $1
nikosha8: posts big blind $3
*** HOLE CARDS ***
Chessnok: raises $3 to $6
nikosha8: calls $3
*** FLOP *** [2d 2c 4c]
nikosha8: checks
Chessnok: bets $3
nikosha8: folds
Uncalled bet ($3) returned to Chessnok
Chessnok collected $11.76 from pot
Chessnok: doesn't show hand
*** SUMMARY ***
Total pot $12 | Rake $0.24
Board [2d 2c 4c]
Seat 2: Chessnok (button) (small blind) collected ($11.76)
Seat 4: nikosha8 (big blind) folded on the Flop


