PokerStars Hand #158333484280:  Hold'em Limit ($3/$6 USD) - 2016/09/08 13:19:10 ET
Table 'Ilsebill' 6-max Seat #1 is the button
Seat 1: billabonglad ($100 in chips)
Seat 5: GoliafUa ($120 in chips)
billabonglad: posts small blind $1
GoliafUa: posts big blind $3
*** HOLE CARDS ***
billabonglad: folds
Uncalled bet ($2) returned to GoliafUa
GoliafUa collected $2 from pot
GoliafUa: doesn't show hand
*** SUMMARY ***
Total pot $2 | Rake $0
Seat 1: billabonglad (button) (small blind) folded before Flop
Seat 5: GoliafUa (big blind) collected ($2)


PokerStars Hand #158333494107:  Hold'em Limit ($3/$6 USD) - 2016/09/08 13:19:23 ET
Table 'Ilsebill' 6-max Seat #5 is the button
Seat 1: billabonglad ($99 in chips)
Seat 5: GoliafUa ($121 in chips)
GoliafUa: posts small blind $1
billabonglad: posts big blind $3
*** HOLE CARDS ***
GoliafUa: raises $3 to $6
billabonglad: calls $3
*** FLOP *** [3d Jh Ah]
billabonglad: checks
GoliafUa: bets $3
billabonglad: raises $3 to $6
GoliafUa: calls $3
*** TURN *** [3d Jh Ah] [Qc]
billabonglad: bets $6
GoliafUa: folds
Uncalled bet ($6) returned to billabonglad
billabonglad collected $23.52 from pot
*** SUMMARY ***
Total pot $24 | Rake $0.48
Board [3d Jh Ah Qc]
Seat 1: billabonglad (big blind) collected ($23.52)
Seat 5: GoliafUa (button) (small blind) folded on the Turn


PokerStars Hand #158333539503:  Hold'em Limit ($3/$6 USD) - 2016/09/08 13:20:22 ET
Table 'Ilsebill' 6-max Seat #1 is the button
Seat 1: billabonglad ($119.02 in chips)
Seat 5: GoliafUa ($99.76 in chips)
billabonglad: posts small blind $1
GoliafUa: posts big blind $3
*** HOLE CARDS ***
billabonglad: folds
Uncalled bet ($2) returned to GoliafUa
GoliafUa collected $2 from pot
GoliafUa: doesn't show hand
*** SUMMARY ***
Total pot $2 | Rake $0
Seat 1: billabonglad (button) (small blind) folded before Flop
Seat 5: GoliafUa (big blind) collected ($2)


PokerStars Hand #158333542863:  Hold'em Limit ($3/$6 USD) - 2016/09/08 13:20:26 ET
Table 'Ilsebill' 6-max Seat #5 is the button
Seat 1: billabonglad ($118.02 in chips)
Seat 5: GoliafUa ($100.76 in chips)
GoliafUa: posts small blind $1
billabonglad: posts big blind $3
*** HOLE CARDS ***
GoliafUa: raises $3 to $6
billabonglad: calls $3
*** FLOP *** [Qs As Ks]
billabonglad: checks
GoliafUa: bets $3
billabonglad: raises $3 to $6
GoliafUa: folds
Uncalled bet ($3) returned to billabonglad
billabonglad collected $17.64 from pot
*** SUMMARY ***
Total pot $18 | Rake $0.36
Board [Qs As Ks]
Seat 1: billabonglad (big blind) collected ($17.64)
Seat 5: GoliafUa (button) (small blind) folded on the Flop


PokerStars Hand #158333561074:  Hold'em Limit ($3/$6 USD) - 2016/09/08 13:20:50 ET
Table 'Ilsebill' 6-max Seat #1 is the button
Seat 1: billabonglad ($126.66 in chips)
Seat 5: GoliafUa ($91.76 in chips)
billabonglad: posts small blind $1
GoliafUa: posts big blind $3
*** HOLE CARDS ***
billabonglad: raises $3 to $6
GoliafUa: calls $3
*** FLOP *** [Js 8d Ts]
GoliafUa: checks
billabonglad: checks
*** TURN *** [Js 8d Ts] [7d]
GoliafUa: checks
billabonglad: checks
*** RIVER *** [Js 8d Ts 7d] [3c]
GoliafUa: checks
billabonglad: checks
*** SHOW DOWN ***
GoliafUa: shows [2s Kh] (high card King)
billabonglad: shows [6s 6h] (a pair of Sixes)
billabonglad collected $11.76 from pot
*** SUMMARY ***
Total pot $12 | Rake $0.24
Board [Js 8d Ts 7d 3c]
Seat 1: billabonglad (button) (small blind) showed [6s 6h] and won ($11.76) with a pair of Sixes
Seat 5: GoliafUa (big blind) showed [2s Kh] and lost with high card King


PokerStars Hand #158333532058:  Hold'em Limit ($3/$6 USD) - 2016/09/08 13:20:12 ET
Table 'Ilsebill' 6-max Seat #5 is the button
Seat 1: billabonglad ($125.02 in chips)
Seat 5: GoliafUa ($94 in chips)
GoliafUa: posts small blind $1
billabonglad: posts big blind $3
*** HOLE CARDS ***
GoliafUa: raises $3 to $6
billabonglad: calls $3
*** FLOP *** [7d Ad 6d]
billabonglad: checks
GoliafUa: bets $3
billabonglad: folds
Uncalled bet ($3) returned to GoliafUa
GoliafUa collected $11.76 from pot
GoliafUa: doesn't show hand
*** SUMMARY ***
Total pot $12 | Rake $0.24
Board [7d Ad 6d]
Seat 1: billabonglad (big blind) folded on the Flop
Seat 5: GoliafUa (button) (small blind) collected ($11.76)


PokerStars Hand #158333517914:  Hold'em Limit ($3/$6 USD) - 2016/09/08 13:19:54 ET
Table 'Ilsebill' 6-max Seat #1 is the button
Seat 1: billabonglad ($110.52 in chips)
Seat 5: GoliafUa ($109 in chips)
billabonglad: posts small blind $1
GoliafUa: posts big blind $3
*** HOLE CARDS ***
billabonglad: raises $3 to $6
GoliafUa: raises $3 to $9
billabonglad: raises $3 to $12
Betting is capped
GoliafUa: calls $3
*** FLOP *** [2s Ks 5s]
GoliafUa: checks
billabonglad: bets $3
GoliafUa: calls $3
*** TURN *** [2s Ks 5s] [7s]
GoliafUa: checks
billabonglad: checks
*** RIVER *** [2s Ks 5s 7s] [Jd]
GoliafUa: checks
billabonglad: bets $6
GoliafUa: folds
Uncalled bet ($6) returned to billabonglad
billabonglad collected $29.50 from pot
*** SUMMARY ***
Total pot $30 | Rake $0.50
Board [2s Ks 5s 7s Jd]
Seat 1: billabonglad (button) (small blind) collected ($29.50)
Seat 5: GoliafUa (big blind) folded on the River


PokerStars Hand #158333571507:  Hold'em Limit ($3/$6 USD) - 2016/09/08 13:21:04 ET
Table 'Ilsebill' 6-max Seat #5 is the button
Seat 1: billabonglad ($132.42 in chips)
Seat 5: GoliafUa ($85.76 in chips)
GoliafUa: posts small blind $1
billabonglad: posts big blind $3
*** HOLE CARDS ***
GoliafUa: raises $3 to $6
billabonglad: calls $3
*** FLOP *** [6h 3s 6s]
billabonglad: checks
GoliafUa: bets $3
billabonglad: calls $3
*** TURN *** [6h 3s 6s] [2h]
billabonglad: checks
GoliafUa: checks
*** RIVER *** [6h 3s 6s 2h] [7s]
billabonglad: checks
GoliafUa: checks
*** SHOW DOWN ***
billabonglad: shows [9c Ks] (a pair of Sixes)
GoliafUa: mucks hand
billabonglad collected $17.64 from pot
*** SUMMARY ***
Total pot $18 | Rake $0.36
Board [6h 3s 6s 2h 7s]
Seat 1: billabonglad (big blind) showed [9c Ks] and won ($17.64) with a pair of Sixes
Seat 5: GoliafUa (button) (small blind) mucked


PokerStars Hand #158333583824:  Hold'em Limit ($3/$6 USD) - 2016/09/08 13:21:20 ET
Table 'Ilsebill' 6-max Seat #1 is the button
Seat 1: billabonglad ($141.06 in chips)
Seat 5: GoliafUa ($76.76 in chips)
billabonglad: posts small blind $1
GoliafUa: posts big blind $3
*** HOLE CARDS ***
billabonglad: calls $2
GoliafUa: checks
*** FLOP *** [5h 5s 9d]
GoliafUa: checks
billabonglad: checks
*** TURN *** [5h 5s 9d] [2s]
GoliafUa: checks
billabonglad: checks
*** RIVER *** [5h 5s 9d 2s] [2c]
GoliafUa: checks
billabonglad: checks
*** SHOW DOWN ***
GoliafUa: shows [7s 4c] (two pair, Fives and Deuces)
billabonglad: shows [Kh 4s] (two pair, Fives and Deuces - King kicker)
billabonglad collected $5.88 from pot
*** SUMMARY ***
Total pot $6 | Rake $0.12
Board [5h 5s 9d 2s 2c]
Seat 1: billabonglad (button) (small blind) showed [Kh 4s] and won ($5.88) with two pair, Fives and Deuces
Seat 5: GoliafUa (big blind) showed [7s 4c] and lost with two pair, Fives and Deuces


PokerStars Hand #158333602911:  Hold'em Limit ($3/$6 USD) - 2016/09/08 13:21:45 ET
Table 'Ilsebill' 6-max Seat #1 is the button
Seat 1: billabonglad ($137.94 in chips)
Seat 5: GoliafUa ($79.52 in chips)
billabonglad: posts small blind $1
GoliafUa: posts big blind $3
*** HOLE CARDS ***
billabonglad: folds
Uncalled bet ($2) returned to GoliafUa
GoliafUa collected $2 from pot
GoliafUa: doesn't show hand
*** SUMMARY ***
Total pot $2 | Rake $0
Seat 1: billabonglad (button) (small blind) folded before Flop
Seat 5: GoliafUa (big blind) collected ($2)


PokerStars Hand #158333594741:  Hold'em Limit ($3/$6 USD) - 2016/09/08 13:21:34 ET
Table 'Ilsebill' 6-max Seat #5 is the button
Seat 1: billabonglad ($143.94 in chips)
Seat 5: GoliafUa ($73.76 in chips)
GoliafUa: posts small blind $1
billabonglad: posts big blind $3
*** HOLE CARDS ***
GoliafUa: raises $3 to $6
billabonglad: calls $3
*** FLOP *** [Ts 5h 2d]
billabonglad: checks
GoliafUa: bets $3
billabonglad: folds
Uncalled bet ($3) returned to GoliafUa
GoliafUa collected $11.76 from pot
GoliafUa: doesn't show hand
*** SUMMARY ***
Total pot $12 | Rake $0.24
Board [Ts 5h 2d]
Seat 1: billabonglad (big blind) folded on the Flop
Seat 5: GoliafUa (button) (small blind) collected ($11.76)


PokerStars Hand #158333606249:  Hold'em Limit ($3/$6 USD) - 2016/09/08 13:21:49 ET
Table 'Ilsebill' 6-max Seat #5 is the button
Seat 1: billabonglad ($136.94 in chips)
Seat 5: GoliafUa ($80.52 in chips)
GoliafUa: posts small blind $1
billabonglad: posts big blind $3
*** HOLE CARDS ***
GoliafUa: raises $3 to $6
billabonglad: calls $3
*** FLOP *** [Ac Td 9c]
billabonglad: checks
GoliafUa: bets $3
billabonglad: calls $3
*** TURN *** [Ac Td 9c] [4c]
billabonglad: checks
GoliafUa: bets $6
billabonglad: calls $6
*** RIVER *** [Ac Td 9c 4c] [Kd]
billabonglad: checks
GoliafUa: bets $6
billabonglad: calls $6
*** SHOW DOWN ***
GoliafUa: shows [Jd Ad] (a pair of Aces)
billabonglad: mucks hand
GoliafUa collected $41.50 from pot
*** SUMMARY ***
Total pot $42 | Rake $0.50
Board [Ac Td 9c 4c Kd]
Seat 1: billabonglad (big blind) mucked
Seat 5: GoliafUa (button) (small blind) showed [Jd Ad] and won ($41.50) with a pair of Aces


PokerStars Hand #158333618997:  Hold'em Limit ($3/$6 USD) - 2016/09/08 13:22:06 ET
Table 'Ilsebill' 6-max Seat #1 is the button
Seat 1: billabonglad ($115.94 in chips)
Seat 5: GoliafUa ($101.02 in chips)
billabonglad: posts small blind $1
GoliafUa: posts big blind $3
*** HOLE CARDS ***
billabonglad: raises $3 to $6
GoliafUa: folds
Uncalled bet ($3) returned to billabonglad
billabonglad collected $6 from pot
billabonglad: doesn't show hand
*** SUMMARY ***
Total pot $6 | Rake $0
Seat 1: billabonglad (button) (small blind) collected ($6)
Seat 5: GoliafUa (big blind) folded before Flop


PokerStars Hand #158333625498:  Hold'em Limit ($3/$6 USD) - 2016/09/08 13:22:14 ET
Table 'Ilsebill' 6-max Seat #5 is the button
Seat 1: billabonglad ($118.94 in chips)
Seat 5: GoliafUa ($98.02 in chips)
GoliafUa: posts small blind $1
billabonglad: posts big blind $3
*** HOLE CARDS ***
GoliafUa: raises $3 to $6
billabonglad: raises $3 to $9
GoliafUa: calls $3
*** FLOP *** [5c 7c 6c]
billabonglad: bets $3
GoliafUa: calls $3
*** TURN *** [5c 7c 6c] [6d]
billabonglad: checks
GoliafUa: bets $6
billabonglad: calls $6
*** RIVER *** [5c 7c 6c 6d] [8h]
billabonglad: checks
GoliafUa: bets $6
billabonglad: calls $6
*** SHOW DOWN ***
GoliafUa: shows [9d 7h] (a straight, Five to Nine)
billabonglad: mucks hand
GoliafUa collected $47.50 from pot
*** SUMMARY ***
Total pot $48 | Rake $0.50
Board [5c 7c 6c 6d 8h]
Seat 1: billabonglad (big blind) mucked
Seat 5: GoliafUa (button) (small blind) showed [9d 7h] and won ($47.50) with a straight, Five to Nine


PokerStars Hand #158333642967:  Hold'em Limit ($3/$6 USD) - 2016/09/08 13:22:37 ET
Table 'Ilsebill' 6-max Seat #1 is the button
Seat 1: billabonglad ($94.94 in chips)
Seat 5: GoliafUa ($121.52 in chips)
billabonglad: posts small blind $1
GoliafUa: posts big blind $3
*** HOLE CARDS ***
billabonglad: raises $3 to $6
GoliafUa: calls $3
*** FLOP *** [8c Kd Td]
GoliafUa: checks
billabonglad: bets $3
GoliafUa: folds
Uncalled bet ($3) returned to billabonglad
billabonglad collected $11.76 from pot
billabonglad: doesn't show hand
*** SUMMARY ***
Total pot $12 | Rake $0.24
Board [8c Kd Td]
Seat 1: billabonglad (button) (small blind) collected ($11.76)
Seat 5: GoliafUa (big blind) folded on the Flop


PokerStars Hand #158333668989:  Hold'em Limit ($3/$6 USD) - 2016/09/08 13:23:11 ET
Table 'Ilsebill' 6-max Seat #1 is the button
Seat 1: billabonglad ($115.20 in chips)
Seat 5: GoliafUa ($100.52 in chips)
billabonglad: posts small blind $1
GoliafUa: posts big blind $3
*** HOLE CARDS ***
billabonglad: folds
Uncalled bet ($2) returned to GoliafUa
GoliafUa collected $2 from pot
GoliafUa: doesn't show hand
*** SUMMARY ***
Total pot $2 | Rake $0
Seat 1: billabonglad (button) (small blind) folded before Flop
Seat 5: GoliafUa (big blind) collected ($2)


PokerStars Hand #158333657034:  Hold'em Limit ($3/$6 USD) - 2016/09/08 13:22:56 ET
Table 'Ilsebill' 6-max Seat #5 is the button
Seat 1: billabonglad ($100.70 in chips)
Seat 5: GoliafUa ($115.52 in chips)
GoliafUa: posts small blind $1
billabonglad: posts big blind $3
*** HOLE CARDS ***
GoliafUa: raises $3 to $6
billabonglad: calls $3
*** FLOP *** [Ts Jh Qs]
billabonglad: checks
GoliafUa: bets $3
billabonglad: calls $3
*** TURN *** [Ts Jh Qs] [As]
billabonglad: checks
GoliafUa: bets $6
billabonglad: raises $6 to $12
GoliafUa: folds
Uncalled bet ($6) returned to billabonglad
billabonglad collected $29.50 from pot
billabonglad: doesn't show hand
*** SUMMARY ***
Total pot $30 | Rake $0.50
Board [Ts Jh Qs As]
Seat 1: billabonglad (big blind) collected ($29.50)
Seat 5: GoliafUa (button) (small blind) folded on the Turn


PokerStars Hand #158333672303:  Hold'em Limit ($3/$6 USD) - 2016/09/08 13:23:16 ET
Table 'Ilsebill' 6-max Seat #5 is the button
Seat 1: billabonglad ($114.20 in chips)
Seat 5: GoliafUa ($101.52 in chips)
GoliafUa: posts small blind $1
billabonglad: posts big blind $3
*** HOLE CARDS ***
GoliafUa: raises $3 to $6
billabonglad: calls $3
*** FLOP *** [Qc Ts Kc]
billabonglad: checks
GoliafUa: bets $3
billabonglad: calls $3
*** TURN *** [Qc Ts Kc] [Jh]
billabonglad: checks
GoliafUa: checks
*** RIVER *** [Qc Ts Kc Jh] [8s]
billabonglad: bets $6
GoliafUa: calls $6
*** SHOW DOWN ***
billabonglad: shows [9h Kd] (a straight, Nine to King)
GoliafUa: shows [9d 2d] (a straight, Nine to King)
billabonglad collected $14.75 from pot
GoliafUa collected $14.75 from pot
*** SUMMARY ***
Total pot $30 | Rake $0.50
Board [Qc Ts Kc Jh 8s]
Seat 1: billabonglad (big blind) showed [9h Kd] and won ($14.75) with a straight, Nine to King
Seat 5: GoliafUa (button) (small blind) showed [9d 2d] and won ($14.75) with a straight, Nine to King


PokerStars Hand #158333684848:  Hold'em Limit ($3/$6 USD) - 2016/09/08 13:23:32 ET
Table 'Ilsebill' 6-max Seat #1 is the button
Seat 1: billabonglad ($113.95 in chips)
Seat 5: GoliafUa ($101.27 in chips)
billabonglad: posts small blind $1
GoliafUa: posts big blind $3
*** HOLE CARDS ***
billabonglad: calls $2
GoliafUa: checks
*** FLOP *** [5d 4h As]
GoliafUa: checks
billabonglad: checks
*** TURN *** [5d 4h As] [8c]
GoliafUa: checks
billabonglad: checks
*** RIVER *** [5d 4h As 8c] [7d]
GoliafUa: bets $6
billabonglad: raises $6 to $12
GoliafUa: calls $6
*** SHOW DOWN ***
billabonglad: shows [Kc 6d] (a straight, Four to Eight)
GoliafUa: shows [Td 6c] (a straight, Four to Eight)
GoliafUa collected $14.75 from pot
billabonglad collected $14.75 from pot
*** SUMMARY ***
Total pot $30 | Rake $0.50
Board [5d 4h As 8c 7d]
Seat 1: billabonglad (button) (small blind) showed [Kc 6d] and won ($14.75) with a straight, Four to Eight
Seat 5: GoliafUa (big blind) showed [Td 6c] and won ($14.75) with a straight, Four to Eight


PokerStars Hand #158333695716:  Hold'em Limit ($3/$6 USD) - 2016/09/08 13:23:46 ET
Table 'Ilsebill' 6-max Seat #5 is the button
Seat 1: billabonglad ($113.70 in chips)
Seat 5: GoliafUa ($101.02 in chips)
GoliafUa: posts small blind $1
billabonglad: posts big blind $3
*** HOLE CARDS ***
GoliafUa: raises $3 to $6
billabonglad: calls $3
*** FLOP *** [7d Ks Ad]
billabonglad: checks
GoliafUa: bets $3
billabonglad: folds
Uncalled bet ($3) returned to GoliafUa
GoliafUa collected $11.76 from pot
GoliafUa: doesn't show hand
*** SUMMARY ***
Total pot $12 | Rake $0.24
Board [7d Ks Ad]
Seat 1: billabonglad (big blind) folded on the Flop
Seat 5: GoliafUa (button) (small blind) collected ($11.76)


PokerStars Hand #158333707312:  Hold'em Limit ($3/$6 USD) - 2016/09/08 13:24:01 ET
Table 'Ilsebill' 6-max Seat #5 is the button
Seat 1: billabonglad ($106.70 in chips)
Seat 5: GoliafUa ($107.78 in chips)
GoliafUa: posts small blind $1
billabonglad: posts big blind $3
*** HOLE CARDS ***
GoliafUa: raises $3 to $6
billabonglad: calls $3
*** FLOP *** [Qs Tc Jc]
billabonglad: checks
GoliafUa: bets $3
billabonglad: folds
Uncalled bet ($3) returned to GoliafUa
GoliafUa collected $11.76 from pot
GoliafUa: doesn't show hand
*** SUMMARY ***
Total pot $12 | Rake $0.24
Board [Qs Tc Jc]
Seat 1: billabonglad (big blind) folded on the Flop
Seat 5: GoliafUa (button) (small blind) collected ($11.76)


PokerStars Hand #158333703465:  Hold'em Limit ($3/$6 USD) - 2016/09/08 13:23:56 ET
Table 'Ilsebill' 6-max Seat #1 is the button
Seat 1: billabonglad ($107.70 in chips)
Seat 5: GoliafUa ($106.78 in chips)
billabonglad: posts small blind $1
GoliafUa: posts big blind $3
*** HOLE CARDS ***
billabonglad: folds
Uncalled bet ($2) returned to GoliafUa
GoliafUa collected $2 from pot
GoliafUa: doesn't show hand
*** SUMMARY ***
Total pot $2 | Rake $0
Seat 1: billabonglad (button) (small blind) folded before Flop
Seat 5: GoliafUa (big blind) collected ($2)


PokerStars Hand #158333713819:  Hold'em Limit ($3/$6 USD) - 2016/09/08 13:24:10 ET
Table 'Ilsebill' 6-max Seat #1 is the button
Seat 1: billabonglad ($100.70 in chips)
Seat 5: GoliafUa ($113.54 in chips)
billabonglad: posts small blind $1
GoliafUa: posts big blind $3
*** HOLE CARDS ***
billabonglad: raises $3 to $6
GoliafUa: calls $3
*** FLOP *** [7c 5h 6h]
GoliafUa: checks
billabonglad: bets $3
GoliafUa: calls $3
*** TURN *** [7c 5h 6h] [6c]
GoliafUa: checks
billabonglad: checks
*** RIVER *** [7c 5h 6h 6c] [Ks]
GoliafUa: checks
billabonglad: checks
*** SHOW DOWN ***
GoliafUa: shows [Ts Qh] (a pair of Sixes)
billabonglad: shows [Ah 3d] (a pair of Sixes - Ace kicker)
billabonglad collected $17.64 from pot
*** SUMMARY ***
Total pot $18 | Rake $0.36
Board [7c 5h 6h 6c Ks]
Seat 1: billabonglad (button) (small blind) showed [Ah 3d] and won ($17.64) with a pair of Sixes
Seat 5: GoliafUa (big blind) showed [Ts Qh] and lost with a pair of Sixes


PokerStars Hand #158333727706:  Hold'em Limit ($3/$6 USD) - 2016/09/08 13:24:28 ET
Table 'Ilsebill' 6-max Seat #5 is the button
Seat 1: billabonglad ($109.34 in chips)
Seat 5: GoliafUa ($104.54 in chips)
GoliafUa: posts small blind $1
billabonglad: posts big blind $3
*** HOLE CARDS ***
GoliafUa: raises $3 to $6
billabonglad: raises $3 to $9
GoliafUa: calls $3
*** FLOP *** [4c 8d 6c]
billabonglad: bets $3
GoliafUa: calls $3
*** TURN *** [4c 8d 6c] [Qh]
billabonglad: checks
GoliafUa: bets $6
billabonglad: calls $6
*** RIVER *** [4c 8d 6c Qh] [6h]
billabonglad: checks
GoliafUa: bets $6
billabonglad: calls $6
*** SHOW DOWN ***
GoliafUa: shows [5s 3c] (a pair of Sixes)
billabonglad: shows [Ac 3s] (a pair of Sixes - Ace kicker)
billabonglad collected $47.50 from pot
*** SUMMARY ***
Total pot $48 | Rake $0.50
Board [4c 8d 6c Qh 6h]
Seat 1: billabonglad (big blind) showed [Ac 3s] and won ($47.50) with a pair of Sixes
Seat 5: GoliafUa (button) (small blind) showed [5s 3c] and lost with a pair of Sixes


PokerStars Hand #158333741273:  Hold'em Limit ($3/$6 USD) - 2016/09/08 13:24:46 ET
Table 'Ilsebill' 6-max Seat #1 is the button
Seat 1: billabonglad ($132.84 in chips)
Seat 5: GoliafUa ($80.54 in chips)
billabonglad: posts small blind $1
GoliafUa: posts big blind $3
*** HOLE CARDS ***
billabonglad: raises $3 to $6
GoliafUa: folds
Uncalled bet ($3) returned to billabonglad
billabonglad collected $6 from pot
*** SUMMARY ***
Total pot $6 | Rake $0
Seat 1: billabonglad (button) (small blind) collected ($6)
Seat 5: GoliafUa (big blind) folded before Flop


PokerStars Hand #158333764005:  Hold'em Limit ($3/$6 USD) - 2016/09/08 13:25:16 ET
Table 'Ilsebill' 6-max Seat #1 is the button
Seat 1: billabonglad ($111.84 in chips)
Seat 5: GoliafUa ($101.04 in chips)
billabonglad: posts small blind $1
GoliafUa: posts big blind $3
*** HOLE CARDS ***
billabonglad: calls $2
GoliafUa: raises $3 to $6
billabonglad: calls $3
*** FLOP *** [8h Ad 2d]
GoliafUa: bets $3
billabonglad: calls $3
*** TURN *** [8h Ad 2d] [4s]
GoliafUa: bets $6
billabonglad: calls $6
*** RIVER *** [8h Ad 2d 4s] [5s]
GoliafUa: bets $6
billabonglad: raises $6 to $12
GoliafUa: folds
Uncalled bet ($6) returned to billabonglad
billabonglad collected $41.50 from pot
*** SUMMARY ***
Total pot $42 | Rake $0.50
Board [8h Ad 2d 4s 5s]
Seat 1: billabonglad (button) (small blind) collected ($41.50)
Seat 5: GoliafUa (big blind) folded on the River


PokerStars Hand #158333779716:  Hold'em Limit ($3/$6 USD) - 2016/09/08 13:25:37 ET
Table 'Ilsebill' 6-max Seat #5 is the button
Seat 1: billabonglad ($132.34 in chips)
Seat 5: GoliafUa ($80.04 in chips)
GoliafUa: posts small blind $1
billabonglad: posts big blind $3
*** HOLE CARDS ***
GoliafUa: raises $3 to $6
billabonglad: calls $3
*** FLOP *** [6c 6h 6s]
billabonglad: checks
GoliafUa: checks
*** TURN *** [6c 6h 6s] [Ad]
billabonglad: checks
GoliafUa: bets $6
billabonglad: folds
Uncalled bet ($6) returned to GoliafUa
GoliafUa collected $11.76 from pot
GoliafUa: doesn't show hand
*** SUMMARY ***
Total pot $12 | Rake $0.24
Board [6c 6h 6s Ad]
Seat 1: billabonglad (big blind) folded on the Turn
Seat 5: GoliafUa (button) (small blind) collected ($11.76)


PokerStars Hand #158333789419:  Hold'em Limit ($3/$6 USD) - 2016/09/08 13:25:49 ET
Table 'Ilsebill' 6-max Seat #1 is the button
Seat 1: billabonglad ($126.34 in chips)
Seat 5: GoliafUa ($85.80 in chips)
billabonglad: posts small blind $1
GoliafUa: posts big blind $3
*** HOLE CARDS ***
billabonglad: folds
Uncalled bet ($2) returned to GoliafUa
GoliafUa collected $2 from pot
GoliafUa: doesn't show hand
*** SUMMARY ***
Total pot $2 | Rake $0
Seat 1: billabonglad (button) (small blind) folded before Flop
Seat 5: GoliafUa (big blind) collected ($2)


PokerStars Hand #158333749080:  Hold'em Limit ($3/$6 USD) - 2016/09/08 13:24:56 ET
Table 'Ilsebill' 6-max Seat #5 is the button
Seat 1: billabonglad ($135.84 in chips)
Seat 5: GoliafUa ($77.54 in chips)
GoliafUa: posts small blind $1
billabonglad: posts big blind $3
*** HOLE CARDS ***
GoliafUa: raises $3 to $6
billabonglad: raises $3 to $9
GoliafUa: calls $3
*** FLOP *** [6c 8c 7h]
billabonglad: bets $3
GoliafUa: calls $3
*** TURN *** [6c 8c 7h] [9h]
billabonglad: bets $6
GoliafUa: raises $6 to $12
billabonglad: calls $6
*** RIVER *** [6c 8c 7h 9h] [3d]
billabonglad: checks
GoliafUa: bets $6
billabonglad: folds
Uncalled bet ($6) returned to GoliafUa
GoliafUa collected $47.50 from pot
GoliafUa: doesn't show hand
*** SUMMARY ***
Total pot $48 | Rake $0.50
Board [6c 8c 7h 9h 3d]
Seat 1: billabonglad (big blind) folded on the River
Seat 5: GoliafUa (button) (small blind) collected ($47.50)


PokerStars Hand #158333833473:  Hold'em Limit ($3/$6 USD) - 2016/09/08 13:26:48 ET
Table 'Ilsebill' 6-max Seat #1 is the button
Seat 1: billabonglad ($124.60 in chips)
Seat 5: GoliafUa ($86.30 in chips)
billabonglad: posts small blind $1
GoliafUa: posts big blind $3
*** HOLE CARDS ***
billabonglad: raises $3 to $6
GoliafUa: raises $3 to $9
billabonglad: calls $3
*** FLOP *** [3h As 6d]
GoliafUa: bets $3
billabonglad: folds
Uncalled bet ($3) returned to GoliafUa
GoliafUa collected $17.64 from pot
GoliafUa: doesn't show hand
*** SUMMARY ***
Total pot $18 | Rake $0.36
Board [3h As 6d]
Seat 1: billabonglad (button) (small blind) folded on the Flop
Seat 5: GoliafUa (big blind) collected ($17.64)


PokerStars Hand #158333821005:  Hold'em Limit ($3/$6 USD) - 2016/09/08 13:26:31 ET
Table 'Ilsebill' 6-max Seat #5 is the button
Seat 1: billabonglad ($148.60 in chips)
Seat 5: GoliafUa ($62.80 in chips)
GoliafUa: posts small blind $1
billabonglad: posts big blind $3
*** HOLE CARDS ***
GoliafUa: raises $3 to $6
billabonglad: raises $3 to $9
GoliafUa: calls $3
*** FLOP *** [3s 5d 6d]
billabonglad: checks
GoliafUa: bets $3
billabonglad: calls $3
*** TURN *** [3s 5d 6d] [Th]
billabonglad: checks
GoliafUa: bets $6
billabonglad: calls $6
*** RIVER *** [3s 5d 6d Th] [Kd]
billabonglad: checks
GoliafUa: bets $6
billabonglad: calls $6
*** SHOW DOWN ***
GoliafUa: shows [Jd 6c] (a pair of Sixes)
billabonglad: mucks hand
GoliafUa collected $47.50 from pot
*** SUMMARY ***
Total pot $48 | Rake $0.50
Board [3s 5d 6d Th Kd]
Seat 1: billabonglad (big blind) mucked
Seat 5: GoliafUa (button) (small blind) showed [Jd 6c] and won ($47.50) with a pair of Sixes


PokerStars Hand #158333811632:  Hold'em Limit ($3/$6 USD) - 2016/09/08 13:26:19 ET
Table 'Ilsebill' 6-max Seat #1 is the button
Seat 1: billabonglad ($142.84 in chips)
Seat 5: GoliafUa ($68.80 in chips)
billabonglad: posts small blind $1
GoliafUa: posts big blind $3
*** HOLE CARDS ***
billabonglad: raises $3 to $6
GoliafUa: calls $3
*** FLOP *** [9s 2h Ks]
GoliafUa: checks
billabonglad: bets $3
GoliafUa: folds
Uncalled bet ($3) returned to billabonglad
billabonglad collected $11.76 from pot
billabonglad: doesn't show hand
*** SUMMARY ***
Total pot $12 | Rake $0.24
Board [9s 2h Ks]
Seat 1: billabonglad (button) (small blind) collected ($11.76)
Seat 5: GoliafUa (big blind) folded on the Flop


PokerStars Hand #158333794642:  Hold'em Limit ($3/$6 USD) - 2016/09/08 13:25:56 ET
Table 'Ilsebill' 6-max Seat #5 is the button
Seat 1: billabonglad ($125.34 in chips)
Seat 5: GoliafUa ($86.80 in chips)
GoliafUa: posts small blind $1
billabonglad: posts big blind $3
*** HOLE CARDS ***
GoliafUa: raises $3 to $6
billabonglad: raises $3 to $9
GoliafUa: calls $3
*** FLOP *** [5d Kc 2h]
billabonglad: bets $3
GoliafUa: calls $3
*** TURN *** [5d Kc 2h] [2d]
billabonglad: bets $6
GoliafUa: calls $6
*** RIVER *** [5d Kc 2h 2d] [Qs]
billabonglad: bets $6
GoliafUa: folds
Uncalled bet ($6) returned to billabonglad
billabonglad collected $35.50 from pot
*** SUMMARY ***
Total pot $36 | Rake $0.50
Board [5d Kc 2h 2d Qs]
Seat 1: billabonglad (big blind) collected ($35.50)
Seat 5: GoliafUa (button) (small blind) folded on the River


PokerStars Hand #158333887171:  Hold'em Limit ($3/$6 USD) - 2016/09/08 13:27:59 ET
Table 'Ilsebill' 6-max Seat #1 is the button
Seat 1: billabonglad ($119.10 in chips)
Seat 5: GoliafUa ($90.46 in chips)
billabonglad: posts small blind $1
GoliafUa: posts big blind $3
*** HOLE CARDS ***
billabonglad: raises $3 to $6
GoliafUa: calls $3
*** FLOP *** [Ac Th 7h]
GoliafUa: checks
billabonglad: bets $3
GoliafUa: raises $3 to $6
billabonglad: folds
Uncalled bet ($3) returned to GoliafUa
GoliafUa collected $17.64 from pot
GoliafUa: doesn't show hand
*** SUMMARY ***
Total pot $18 | Rake $0.36
Board [Ac Th 7h]
Seat 1: billabonglad (button) (small blind) folded on the Flop
Seat 5: GoliafUa (big blind) collected ($17.64)


PokerStars Hand #158333874209:  Hold'em Limit ($3/$6 USD) - 2016/09/08 13:27:41 ET
Table 'Ilsebill' 6-max Seat #5 is the button
Seat 1: billabonglad ($101.60 in chips)
Seat 5: GoliafUa ($108.46 in chips)
GoliafUa: posts small blind $1
billabonglad: posts big blind $3
*** HOLE CARDS ***
GoliafUa: raises $3 to $6
billabonglad: raises $3 to $9
GoliafUa: calls $3
*** FLOP *** [3s Td 4s]
billabonglad: bets $3
GoliafUa: calls $3
*** TURN *** [3s Td 4s] [9h]
billabonglad: bets $6
GoliafUa: calls $6
*** RIVER *** [3s Td 4s 9h] [5h]
billabonglad: checks
GoliafUa: checks
*** SHOW DOWN ***
billabonglad: shows [Ks 3c] (a pair of Threes)
GoliafUa: mucks hand
billabonglad collected $35.50 from pot
*** SUMMARY ***
Total pot $36 | Rake $0.50
Board [3s Td 4s 9h 5h]
Seat 1: billabonglad (big blind) showed [Ks 3c] and won ($35.50) with a pair of Threes
Seat 5: GoliafUa (button) (small blind) mucked


PokerStars Hand #158333871008:  Hold'em Limit ($3/$6 USD) - 2016/09/08 13:27:37 ET
Table 'Ilsebill' 6-max Seat #1 is the button
Seat 1: billabonglad ($102.60 in chips)
Seat 5: GoliafUa ($107.46 in chips)
billabonglad: posts small blind $1
GoliafUa: posts big blind $3
*** HOLE CARDS ***
billabonglad: folds
Uncalled bet ($2) returned to GoliafUa
GoliafUa collected $2 from pot
GoliafUa: doesn't show hand
*** SUMMARY ***
Total pot $2 | Rake $0
Seat 1: billabonglad (button) (small blind) folded before Flop
Seat 5: GoliafUa (big blind) collected ($2)


PokerStars Hand #158333865556:  Hold'em Limit ($3/$6 USD) - 2016/09/08 13:27:30 ET
Table 'Ilsebill' 6-max Seat #5 is the button
Seat 1: billabonglad ($101.60 in chips)
Seat 5: GoliafUa ($108.46 in chips)
GoliafUa: posts small blind $1
billabonglad: posts big blind $3
*** HOLE CARDS ***
GoliafUa: folds
Uncalled bet ($2) returned to billabonglad
billabonglad collected $2 from pot
billabonglad: doesn't show hand
*** SUMMARY ***
Total pot $2 | Rake $0
Seat 1: billabonglad (big blind) collected ($2)
Seat 5: GoliafUa (button) (small blind) folded before Flop


PokerStars Hand #158333862252:  Hold'em Limit ($3/$6 USD) - 2016/09/08 13:27:26 ET
Table 'Ilsebill' 6-max Seat #1 is the button
Seat 1: billabonglad ($102.60 in chips)
Seat 5: GoliafUa ($107.46 in chips)
billabonglad: posts small blind $1
GoliafUa: posts big blind $3
*** HOLE CARDS ***
billabonglad: folds
Uncalled bet ($2) returned to GoliafUa
GoliafUa collected $2 from pot
GoliafUa: doesn't show hand
*** SUMMARY ***
Total pot $2 | Rake $0
Seat 1: billabonglad (button) (small blind) folded before Flop
Seat 5: GoliafUa (big blind) collected ($2)


PokerStars Hand #158333854425:  Hold'em Limit ($3/$6 USD) - 2016/09/08 13:27:15 ET
Table 'Ilsebill' 6-max Seat #5 is the button
Seat 1: billabonglad ($108.60 in chips)
Seat 5: GoliafUa ($101.70 in chips)
GoliafUa: posts small blind $1
billabonglad: posts big blind $3
*** HOLE CARDS ***
GoliafUa: raises $3 to $6
billabonglad: calls $3
*** FLOP *** [Jc 7c Jh]
billabonglad: checks
GoliafUa: bets $3
billabonglad: folds
Uncalled bet ($3) returned to GoliafUa
GoliafUa collected $11.76 from pot
GoliafUa: doesn't show hand
*** SUMMARY ***
Total pot $12 | Rake $0.24
Board [Jc 7c Jh]
Seat 1: billabonglad (big blind) folded on the Flop
Seat 5: GoliafUa (button) (small blind) collected ($11.76)


PokerStars Hand #158333851227:  Hold'em Limit ($3/$6 USD) - 2016/09/08 13:27:11 ET
Table 'Ilsebill' 6-max Seat #1 is the button
Seat 1: billabonglad ($109.60 in chips)
Seat 5: GoliafUa ($100.70 in chips)
billabonglad: posts small blind $1
GoliafUa: posts big blind $3
*** HOLE CARDS ***
billabonglad: folds
Uncalled bet ($2) returned to GoliafUa
GoliafUa collected $2 from pot
GoliafUa: doesn't show hand
*** SUMMARY ***
Total pot $2 | Rake $0
Seat 1: billabonglad (button) (small blind) folded before Flop
Seat 5: GoliafUa (big blind) collected ($2)


PokerStars Hand #158333840965:  Hold'em Limit ($3/$6 USD) - 2016/09/08 13:26:58 ET
Table 'Ilsebill' 6-max Seat #5 is the button
Seat 1: billabonglad ($115.60 in chips)
Seat 5: GoliafUa ($94.94 in chips)
GoliafUa: posts small blind $1
billabonglad: posts big blind $3
*** HOLE CARDS ***
GoliafUa: raises $3 to $6
billabonglad: calls $3
*** FLOP *** [Ad 2c 6s]
billabonglad: checks
GoliafUa: bets $3
billabonglad: folds
Uncalled bet ($3) returned to GoliafUa
GoliafUa collected $11.76 from pot
GoliafUa: doesn't show hand
*** SUMMARY ***
Total pot $12 | Rake $0.24
Board [Ad 2c 6s]
Seat 1: billabonglad (big blind) folded on the Flop
Seat 5: GoliafUa (button) (small blind) collected ($11.76)


PokerStars Hand #158333901698:  Hold'em Limit ($3/$6 USD) - 2016/09/08 13:28:18 ET
Table 'Ilsebill' 6-max Seat #1 is the button
Seat 1: billabonglad ($107.10 in chips)
Seat 5: GoliafUa ($102.10 in chips)
billabonglad: posts small blind $1
GoliafUa: posts big blind $3
*** HOLE CARDS ***
**Geka**555 joins the table at seat #3
billabonglad: raises $3 to $6
GoliafUa: folds
Uncalled bet ($3) returned to billabonglad
billabonglad collected $6 from pot
billabonglad: doesn't show hand
*** SUMMARY ***
Total pot $6 | Rake $0
Seat 1: billabonglad (button) (small blind) collected ($6)
Seat 5: GoliafUa (big blind) folded before Flop


PokerStars Hand #158333896697:  Hold'em Limit ($3/$6 USD) - 2016/09/08 13:28:11 ET
Table 'Ilsebill' 6-max Seat #5 is the button
Seat 1: billabonglad ($110.10 in chips)
Seat 5: GoliafUa ($99.10 in chips)
GoliafUa: posts small blind $1
billabonglad: posts big blind $3
*** HOLE CARDS ***
GoliafUa: raises $3 to $6
billabonglad: folds
Uncalled bet ($3) returned to GoliafUa
GoliafUa collected $6 from pot
GoliafUa: doesn't show hand
*** SUMMARY ***
Total pot $6 | Rake $0
Seat 1: billabonglad (big blind) folded before Flop
Seat 5: GoliafUa (button) (small blind) collected ($6)


PokerStars Hand #158333907095:  Hold'em Limit ($3/$6 USD) - 2016/09/08 13:28:25 ET
Table 'Ilsebill' 6-max Seat #5 is the button
Seat 1: billabonglad ($110.10 in chips)
Seat 5: GoliafUa ($99.10 in chips)
GoliafUa: posts small blind $1
billabonglad: posts big blind $3
*** HOLE CARDS ***
GoliafUa: raises $3 to $6
billabonglad: calls $3
*** FLOP *** [Ts Js 4s]
billabonglad: checks
GoliafUa: bets $3
billabonglad: folds
Uncalled bet ($3) returned to GoliafUa
GoliafUa collected $11.76 from pot
GoliafUa: doesn't show hand
*** SUMMARY ***
Total pot $12 | Rake $0.24
Board [Ts Js 4s]
Seat 1: billabonglad (big blind) folded on the Flop
Seat 5: GoliafUa (button) (small blind) collected ($11.76)


PokerStars Hand #158337518360:  Hold'em Limit ($3/$6 USD) - 2016/09/08 14:45:22 ET
Table 'Ilsebill' 6-max Seat #3 is the button
Seat 3: Auge72 ($322.97 in chips)
Seat 5: RockKillerTY ($146.03 in chips)
Auge72: posts small blind $1
RockKillerTY: posts big blind $3
*** HOLE CARDS ***
Auge72: raises $3 to $6
tallinnproco leaves the table
RockKillerTY: calls $3
*** FLOP *** [Js 8d 6s]
RockKillerTY: checks
Auge72: bets $3
RockKillerTY: folds
Uncalled bet ($3) returned to Auge72
Auge72 collected $11.76 from pot
Auge72: doesn't show hand
*** SUMMARY ***
Total pot $12 | Rake $0.24
Board [Js 8d 6s]
Seat 3: Auge72 (button) (small blind) collected ($11.76)
Seat 5: RockKillerTY (big blind) folded on the Flop


PokerStars Hand #158337613484:  Hold'em Limit ($3/$6 USD) - 2016/09/08 14:47:16 ET
Table 'Ilsebill' 6-max Seat #5 is the button
Seat 3: Auge72 ($333.47 in chips)
Seat 5: RockKillerTY ($133.22 in chips)
RockKillerTY: posts small blind $1
vestimokrec: is sitting out
Auge72: posts big blind $3
*** HOLE CARDS ***
RockKillerTY: raises $3 to $6
Auge72: raises $3 to $9
RockKillerTY: calls $3
*** FLOP *** [Js 2h 4c]
vestimokrec leaves the table
Auge72: checks
RockKillerTY: bets $3
Auge72: calls $3
*** TURN *** [Js 2h 4c] [9s]
Auge72: checks
ABATAPP joins the table at seat #4
RockKillerTY: bets $6
Auge72: folds
Uncalled bet ($6) returned to RockKillerTY
RockKillerTY collected $23.52 from pot
RockKillerTY: doesn't show hand
*** SUMMARY ***
Total pot $24 | Rake $0.48
Board [Js 2h 4c 9s]
Seat 3: Auge72 (big blind) folded on the Turn
Seat 5: RockKillerTY (button) (small blind) collected ($23.52)


PokerStars Hand #158338043445:  Hold'em Limit ($3/$6 USD) - 2016/09/08 14:55:47 ET
Table 'Ilsebill' 6-max Seat #6 is the button
Seat 1: supersjakie ($89.64 in chips)
Seat 6: wobetting ($99.47 in chips)
wobetting: posts small blind $1
supersjakie: posts big blind $3
*** HOLE CARDS ***
wobetting: folds
Uncalled bet ($2) returned to supersjakie
supersjakie collected $2 from pot
supersjakie: doesn't show hand
*** SUMMARY ***
Total pot $2 | Rake $0
Seat 1: supersjakie (big blind) collected ($2)
Seat 6: wobetting (button) (small blind) folded before Flop


PokerStars Hand #158338035785:  Hold'em Limit ($3/$6 USD) - 2016/09/08 14:55:35 ET
Table 'Ilsebill' 6-max Seat #1 is the button
Seat 1: supersjakie ($90.64 in chips)
Seat 6: wobetting ($98.47 in chips)
supersjakie: posts small blind $1
CatPuppy1999: is sitting out
ABATAPP: is sitting out
RockKillerTY: is sitting out
wobetting: posts big blind $3
*** HOLE CARDS ***
RockKillerTY leaves the table
CatPuppy1999 leaves the table
supersjakie: folds
Uncalled bet ($2) returned to wobetting
wobetting collected $2 from pot
wobetting: doesn't show hand
*** SUMMARY ***
Total pot $2 | Rake $0
Seat 1: supersjakie (button) (small blind) folded before Flop
Seat 6: wobetting (big blind) collected ($2)


