PokerStars Hand #169256335845:  Hold'em Limit ($3/$6 USD) - 2017/04/19 8:43:02 ET
Table 'Ilsewa' 6-max Seat #4 is the button
Seat 1: bandita747 ($179.40 in chips)
Seat 4: Actionni13 ($151 in chips)
Actionni13: posts small blind $1
bandita747: posts big blind $3
*** HOLE CARDS ***
Actionni13: raises $3 to $6
bandita747: folds
Uncalled bet ($3) returned to Actionni13
Actionni13 collected $6 from pot
Actionni13: doesn't show hand
*** SUMMARY ***
Total pot $6 | Rake $0
Seat 1: bandita747 (big blind) folded before Flop
Seat 4: Actionni13 (button) (small blind) collected ($6)


PokerStars Hand #169256331229:  Hold'em Limit ($3/$6 USD) - 2017/04/19 8:42:54 ET
Table 'Ilsewa' 6-max Seat #1 is the button
Seat 1: bandita747 ($180.40 in chips)
Seat 4: Actionni13 ($150 in chips)
bandita747: posts small blind $1
Actionni13: posts big blind $3
*** HOLE CARDS ***
bandita747: folds
Uncalled bet ($2) returned to Actionni13
Actionni13 collected $2 from pot
Actionni13: doesn't show hand
*** SUMMARY ***
Total pot $2 | Rake $0
Seat 1: bandita747 (button) (small blind) folded before Flop
Seat 4: Actionni13 (big blind) collected ($2)


PokerStars Hand #169256358405:  Hold'em Limit ($3/$6 USD) - 2017/04/19 8:43:44 ET
Table 'Ilsewa' 6-max Seat #4 is the button
Seat 1: bandita747 ($164.40 in chips)
Seat 4: Actionni13 ($165.52 in chips)
Actionni13: posts small blind $1
bandita747: posts big blind $3
*** HOLE CARDS ***
Actionni13: raises $3 to $6
bandita747: calls $3
*** FLOP *** [7s Th 2s]
bandita747: bets $3
Actionni13: calls $3
*** TURN *** [7s Th 2s] [8h]
bandita747: bets $6
Actionni13: calls $6
*** RIVER *** [7s Th 2s 8h] [2d]
bandita747: bets $6
Actionni13: calls $6
*** SHOW DOWN ***
bandita747: shows [Tc 4c] (two pair, Tens and Deuces)
Actionni13: mucks hand
bandita747 collected $41.50 from pot
*** SUMMARY ***
Total pot $42 | Rake $0.50
Board [7s Th 2s 8h 2d]
Seat 1: bandita747 (big blind) showed [Tc 4c] and won ($41.50) with two pair, Tens and Deuces
Seat 4: Actionni13 (button) (small blind) mucked


PokerStars Hand #169256343510:  Hold'em Limit ($3/$6 USD) - 2017/04/19 8:43:16 ET
Table 'Ilsewa' 6-max Seat #1 is the button
Seat 1: bandita747 ($176.40 in chips)
Seat 4: Actionni13 ($154 in chips)
bandita747: posts small blind $1
Actionni13: posts big blind $3
*** HOLE CARDS ***
bandita747: raises $3 to $6
Actionni13: calls $3
*** FLOP *** [Jd 4s Ks]
Actionni13: checks
bandita747: bets $3
Actionni13: raises $3 to $6
bandita747: calls $3
*** TURN *** [Jd 4s Ks] [4c]
Actionni13: bets $6
bandita747: folds
Uncalled bet ($6) returned to Actionni13
Actionni13 collected $23.52 from pot
Actionni13: doesn't show hand
*** SUMMARY ***
Total pot $24 | Rake $0.48
Board [Jd 4s Ks 4c]
Seat 1: bandita747 (button) (small blind) folded on the Turn
Seat 4: Actionni13 (big blind) collected ($23.52)


PokerStars Hand #169256407528:  Hold'em Limit ($3/$6 USD) - 2017/04/19 8:45:14 ET
Table 'Ilsewa' 6-max Seat #4 is the button
Seat 1: bandita747 ($188.66 in chips)
Seat 4: Actionni13 ($151 in chips)
Actionni13: posts small blind $1
bandita747: posts big blind $3
*** HOLE CARDS ***
Actionni13: raises $3 to $6
bandita747: calls $3
*** FLOP *** [8d Jc Ah]
bandita747: checks
Actionni13: bets $3
bandita747: folds
Uncalled bet ($3) returned to Actionni13
Actionni13 collected $11.76 from pot
Actionni13: doesn't show hand
*** SUMMARY ***
Total pot $12 | Rake $0.24
Board [8d Jc Ah]
Seat 1: bandita747 (big blind) folded on the Flop
Seat 4: Actionni13 (button) (small blind) collected ($11.76)


PokerStars Hand #169256403612:  Hold'em Limit ($3/$6 USD) - 2017/04/19 8:45:07 ET
Table 'Ilsewa' 6-max Seat #1 is the button
Seat 1: bandita747 ($189.66 in chips)
Seat 4: Actionni13 ($150 in chips)
bandita747: posts small blind $1
Actionni13: posts big blind $3
*** HOLE CARDS ***
bandita747: folds
Uncalled bet ($2) returned to Actionni13
Actionni13 collected $2 from pot
Actionni13: doesn't show hand
*** SUMMARY ***
Total pot $2 | Rake $0
Seat 1: bandita747 (button) (small blind) folded before Flop
Seat 4: Actionni13 (big blind) collected ($2)


PokerStars Hand #169256387981:  Hold'em Limit ($3/$6 USD) - 2017/04/19 8:44:38 ET
Table 'Ilsewa' 6-max Seat #4 is the button
Seat 1: bandita747 ($183.90 in chips)
Seat 4: Actionni13 ($151 in chips)
Actionni13: posts small blind $1
bandita747: posts big blind $3
*** HOLE CARDS ***
Actionni13: raises $3 to $6
bandita747: calls $3
*** FLOP *** [Jh 8s 5h]
bandita747: checks
Actionni13: checks
*** TURN *** [Jh 8s 5h] [8d]
bandita747: checks
Actionni13: checks
*** RIVER *** [Jh 8s 5h 8d] [4c]
bandita747: bets $6
Actionni13: folds
Uncalled bet ($6) returned to bandita747
bandita747 collected $11.76 from pot
*** SUMMARY ***
Total pot $12 | Rake $0.24
Board [Jh 8s 5h 8d 4c]
Seat 1: bandita747 (big blind) collected ($11.76)
Seat 4: Actionni13 (button) (small blind) folded on the River


PokerStars Hand #169256380937:  Hold'em Limit ($3/$6 USD) - 2017/04/19 8:44:25 ET
Table 'Ilsewa' 6-max Seat #1 is the button
Seat 1: bandita747 ($184.90 in chips)
Seat 4: Actionni13 ($150 in chips)
bandita747: posts small blind $1
Actionni13: posts big blind $3
*** HOLE CARDS ***
bandita747: folds
Uncalled bet ($2) returned to Actionni13
Actionni13 collected $2 from pot
Actionni13: doesn't show hand
*** SUMMARY ***
Total pot $2 | Rake $0
Seat 1: bandita747 (button) (small blind) folded before Flop
Seat 4: Actionni13 (big blind) collected ($2)


PokerStars Hand #169256441111:  Hold'em Limit ($3/$6 USD) - 2017/04/19 8:46:16 ET
Table 'Ilsewa' 6-max Seat #4 is the button
Seat 1: bandita747 ($210.92 in chips)
Seat 4: Actionni13 ($150 in chips)
Actionni13: posts small blind $1
bandita747: posts big blind $3
*** HOLE CARDS ***
Actionni13: raises $3 to $6
bandita747: folds
Uncalled bet ($3) returned to Actionni13
Actionni13 collected $6 from pot
Actionni13: doesn't show hand
*** SUMMARY ***
Total pot $6 | Rake $0
Seat 1: bandita747 (big blind) folded before Flop
Seat 4: Actionni13 (button) (small blind) collected ($6)


PokerStars Hand #169256427991:  Hold'em Limit ($3/$6 USD) - 2017/04/19 8:45:52 ET
Table 'Ilsewa' 6-max Seat #1 is the button
Seat 1: bandita747 ($187.42 in chips)
Seat 4: Actionni13 ($151.76 in chips)
bandita747: posts small blind $1
Actionni13: posts big blind $3
*** HOLE CARDS ***
bandita747: raises $3 to $6
Actionni13: raises $3 to $9
bandita747: calls $3
*** FLOP *** [Jd 5h 9s]
Actionni13: bets $3
bandita747: calls $3
*** TURN *** [Jd 5h 9s] [9h]
Actionni13: bets $6
bandita747: calls $6
*** RIVER *** [Jd 5h 9s 9h] [2s]
Actionni13: checks
bandita747: bets $6
Actionni13: calls $6
*** SHOW DOWN ***
bandita747: shows [4c 4s] (two pair, Nines and Fours)
Actionni13: mucks hand
bandita747 collected $47.50 from pot
*** SUMMARY ***
Total pot $48 | Rake $0.50
Board [Jd 5h 9s 9h 2s]
Seat 1: bandita747 (button) (small blind) showed [4c 4s] and won ($47.50) with two pair, Nines and Fours
Seat 4: Actionni13 (big blind) mucked


PokerStars Hand #169256416221:  Hold'em Limit ($3/$6 USD) - 2017/04/19 8:45:30 ET
Table 'Ilsewa' 6-max Seat #1 is the button
Seat 1: bandita747 ($182.66 in chips)
Seat 4: Actionni13 ($156.76 in chips)
bandita747: posts small blind $1
Actionni13: posts big blind $3
*** HOLE CARDS ***
bandita747: folds
Uncalled bet ($2) returned to Actionni13
Actionni13 collected $2 from pot
Actionni13: doesn't show hand
*** SUMMARY ***
Total pot $2 | Rake $0
Seat 1: bandita747 (button) (small blind) folded before Flop
Seat 4: Actionni13 (big blind) collected ($2)


PokerStars Hand #169256419813:  Hold'em Limit ($3/$6 USD) - 2017/04/19 8:45:37 ET
Table 'Ilsewa' 6-max Seat #4 is the button
Seat 1: bandita747 ($181.66 in chips)
Seat 4: Actionni13 ($157.76 in chips)
Actionni13: posts small blind $1
bandita747: posts big blind $3
*** HOLE CARDS ***
Actionni13: raises $3 to $6
bandita747: calls $3
*** FLOP *** [7h 3d Tc]
bandita747: checks
Actionni13: checks
*** TURN *** [7h 3d Tc] [Kd]
bandita747: bets $6
Actionni13: folds
Uncalled bet ($6) returned to bandita747
bandita747 collected $11.76 from pot
*** SUMMARY ***
Total pot $12 | Rake $0.24
Board [7h 3d Tc Kd]
Seat 1: bandita747 (big blind) collected ($11.76)
Seat 4: Actionni13 (button) (small blind) folded on the Turn


PokerStars Hand #169256453919:  Hold'em Limit ($3/$6 USD) - 2017/04/19 8:46:39 ET
Table 'Ilsewa' 6-max Seat #4 is the button
Seat 1: bandita747 ($210.80 in chips)
Seat 4: Actionni13 ($150 in chips)
Actionni13: posts small blind $1
bandita747: posts big blind $3
*** HOLE CARDS ***
Actionni13: raises $3 to $6
bandita747: folds
Uncalled bet ($3) returned to Actionni13
Actionni13 collected $6 from pot
Actionni13: doesn't show hand
*** SUMMARY ***
Total pot $6 | Rake $0
Seat 1: bandita747 (big blind) folded before Flop
Seat 4: Actionni13 (button) (small blind) collected ($6)


PokerStars Hand #169256461006:  Hold'em Limit ($3/$6 USD) - 2017/04/19 8:46:52 ET
Table 'Ilsewa' 6-max Seat #4 is the button
Seat 1: bandita747 ($206.80 in chips)
Seat 4: Actionni13 ($154 in chips)
Actionni13: posts small blind $1
bandita747: posts big blind $3
*** HOLE CARDS ***
Actionni13: raises $3 to $6
bandita747: calls $3
*** FLOP *** [As 2c 7c]
bandita747: checks
Actionni13: bets $3
bandita747: calls $3
*** TURN *** [As 2c 7c] [Qd]
bandita747: checks
Actionni13: checks
*** RIVER *** [As 2c 7c Qd] [7h]
ss_barber_ss joins the table at seat #2
bandita747: bets $6
Actionni13: folds
Uncalled bet ($6) returned to bandita747
bandita747 collected $17.64 from pot
*** SUMMARY ***
Total pot $18 | Rake $0.36
Board [As 2c 7c Qd 7h]
Seat 1: bandita747 (big blind) collected ($17.64)
Seat 4: Actionni13 (button) (small blind) folded on the River


PokerStars Hand #169256457642:  Hold'em Limit ($3/$6 USD) - 2017/04/19 8:46:46 ET
Table 'Ilsewa' 6-max Seat #1 is the button
Seat 1: bandita747 ($207.80 in chips)
Seat 4: Actionni13 ($153 in chips)
bandita747: posts small blind $1
Actionni13: posts big blind $3
*** HOLE CARDS ***
bandita747: folds
Uncalled bet ($2) returned to Actionni13
Actionni13 collected $2 from pot
Actionni13: doesn't show hand
*** SUMMARY ***
Total pot $2 | Rake $0
Seat 1: bandita747 (button) (small blind) folded before Flop
Seat 4: Actionni13 (big blind) collected ($2)


PokerStars Hand #169256445718:  Hold'em Limit ($3/$6 USD) - 2017/04/19 8:46:24 ET
Table 'Ilsewa' 6-max Seat #1 is the button
Seat 1: bandita747 ($207.92 in chips)
Seat 4: Actionni13 ($153 in chips)
bandita747: posts small blind $1
Actionni13: posts big blind $3
*** HOLE CARDS ***
bandita747: calls $2
Actionni13: checks
*** FLOP *** [5s 7c 7d]
Actionni13: checks
bandita747: bets $3
Actionni13: folds
Uncalled bet ($3) returned to bandita747
bandita747 collected $5.88 from pot
*** SUMMARY ***
Total pot $6 | Rake $0.12
Board [5s 7c 7d]
Seat 1: bandita747 (button) (small blind) collected ($5.88)
Seat 4: Actionni13 (big blind) folded on the Flop


PokerStars Hand #169258645797:  Hold'em Limit ($3/$6 USD) - 2017/04/19 9:50:28 ET
Table 'Ilsewa' 6-max Seat #3 is the button
Seat 2: Qvidde ($110.87 in chips)
Seat 3: boogi ($49.97 in chips)
boogi: posts small blind $1
Qvidde: posts big blind $3
*** HOLE CARDS ***
boogi: raises $3 to $6
Qvidde: calls $3
*** FLOP *** [8c Qd 9d]
Qvidde: checks
boogi: bets $3
Qvidde: calls $3
*** TURN *** [8c Qd 9d] [7c]
Qvidde: checks
boogi: checks
*** RIVER *** [8c Qd 9d 7c] [8h]
Qvidde: bets $6
boogi: calls $6
*** SHOW DOWN ***
Qvidde: shows [2d Qs] (two pair, Queens and Eights)
boogi: mucks hand
Qvidde collected $29.50 from pot
*** SUMMARY ***
Total pot $30 | Rake $0.50
Board [8c Qd 9d 7c 8h]
Seat 2: Qvidde (big blind) showed [2d Qs] and won ($29.50) with two pair, Queens and Eights
Seat 3: boogi (button) (small blind) mucked


