PokerStars Hand #169233996802:  Hold'em Limit ($3/$6 USD) - 2017/04/18 17:38:48 ET
Table 'Imatra' 6-max Seat #6 is the button
Seat 1: Mordnilap ($108.94 in chips)
Seat 6: B_loJkl ($192.78 in chips)
B_loJkl: posts small blind $1
Mordnilap: posts big blind $3
*** HOLE CARDS ***
B_loJkl: folds
Uncalled bet ($2) returned to Mordnilap
Mordnilap collected $2 from pot
Mordnilap: doesn't show hand
*** SUMMARY ***
Total pot $2 | Rake $0
Seat 1: Mordnilap (big blind) collected ($2)
Seat 6: B_loJkl (button) (small blind) folded before Flop


PokerStars Hand #169233970951:  Hold'em Limit ($3/$6 USD) - 2017/04/18 17:38:16 ET
Table 'Imatra' 6-max Seat #1 is the button
Seat 1: Mordnilap ($117.94 in chips)
Seat 6: B_loJkl ($184.14 in chips)
Mordnilap: posts small blind $1
Jack_Wu1985: is sitting out
ToDaFelt: is sitting out
B_loJkl: posts big blind $3
*** HOLE CARDS ***
Mordnilap: raises $3 to $6
ToDaFelt leaves the table
B_loJkl: calls $3
*** FLOP *** [3h Ah Th]
B_loJkl: checks
Mordnilap: bets $3
B_loJkl: raises $3 to $6
Mordnilap: folds
Uncalled bet ($3) returned to B_loJkl
B_loJkl collected $17.64 from pot
B_loJkl: doesn't show hand
*** SUMMARY ***
Total pot $18 | Rake $0.36
Board [3h Ah Th]
Seat 1: Mordnilap (button) (small blind) folded on the Flop
Seat 6: B_loJkl (big blind) collected ($17.64)


PokerStars Hand #169234207587:  Hold'em Limit ($3/$6 USD) - 2017/04/18 17:43:18 ET
Table 'Imatra' 6-max Seat #1 is the button
Seat 1: Mordnilap ($141.08 in chips)
Seat 6: Fetish73 ($15.83 in chips)
Mordnilap: posts small blind $1
Fetish73: posts big blind $3
*** HOLE CARDS ***
Mordnilap: folds
Uncalled bet ($2) returned to Fetish73
Fetish73 collected $2 from pot
*** SUMMARY ***
Total pot $2 | Rake $0
Seat 1: Mordnilap (button) (small blind) folded before Flop
Seat 6: Fetish73 (big blind) collected ($2)


PokerStars Hand #169234204105:  Hold'em Limit ($3/$6 USD) - 2017/04/18 17:43:13 ET
Table 'Imatra' 6-max Seat #6 is the button
Seat 1: Mordnilap ($140.08 in chips)
Seat 6: Fetish73 ($16.83 in chips)
Fetish73: posts small blind $1
Mordnilap: posts big blind $3
*** HOLE CARDS ***
Fetish73: folds
Uncalled bet ($2) returned to Mordnilap
Mordnilap collected $2 from pot
Mordnilap: doesn't show hand
*** SUMMARY ***
Total pot $2 | Rake $0
Seat 1: Mordnilap (big blind) collected ($2)
Seat 6: Fetish73 (button) (small blind) folded before Flop


PokerStars Hand #169234193867:  Hold'em Limit ($3/$6 USD) - 2017/04/18 17:43:00 ET
Table 'Imatra' 6-max Seat #1 is the button
Seat 1: Mordnilap ($131.44 in chips)
Seat 6: Fetish73 ($25.83 in chips)
Mordnilap: posts small blind $1
Fetish73: posts big blind $3
*** HOLE CARDS ***
Mordnilap: raises $3 to $6
Fetish73: calls $3
*** FLOP *** [6h 8d Qs]
Fetish73: checks
Mordnilap: bets $3
Fetish73: calls $3
*** TURN *** [6h 8d Qs] [As]
Fetish73: checks
Mordnilap: bets $6
Fetish73: folds
Uncalled bet ($6) returned to Mordnilap
Mordnilap collected $17.64 from pot
Mordnilap: doesn't show hand
*** SUMMARY ***
Total pot $18 | Rake $0.36
Board [6h 8d Qs As]
Seat 1: Mordnilap (button) (small blind) collected ($17.64)
Seat 6: Fetish73 (big blind) folded on the Turn


PokerStars Hand #169234190314:  Hold'em Limit ($3/$6 USD) - 2017/04/18 17:42:56 ET
Table 'Imatra' 6-max Seat #6 is the button
Seat 1: Mordnilap ($130.44 in chips)
Seat 6: Fetish73 ($26.83 in chips)
Fetish73: posts small blind $1
Mordnilap: posts big blind $3
*** HOLE CARDS ***
Fetish73: folds
Uncalled bet ($2) returned to Mordnilap
Mordnilap collected $2 from pot
Mordnilap: doesn't show hand
*** SUMMARY ***
Total pot $2 | Rake $0
Seat 1: Mordnilap (big blind) collected ($2)
Seat 6: Fetish73 (button) (small blind) folded before Flop


PokerStars Hand #169234174346:  Hold'em Limit ($3/$6 USD) - 2017/04/18 17:42:36 ET
Table 'Imatra' 6-max Seat #1 is the button
Seat 1: Mordnilap ($109.94 in chips)
Seat 6: Fetish73 ($47.83 in chips)
Mordnilap: posts small blind $1
Fetish73: posts big blind $3
*** HOLE CARDS ***
Mordnilap: raises $3 to $6
Fetish73: calls $3
*** FLOP *** [9c 4d 9d]
Fetish73: checks
Mordnilap: bets $3
Fetish73: calls $3
*** TURN *** [9c 4d 9d] [2c]
Fetish73: checks
Mordnilap: bets $6
Fetish73: calls $6
*** RIVER *** [9c 4d 9d 2c] [Jd]
Fetish73: checks
Mordnilap: bets $6
Fetish73: calls $6
*** SHOW DOWN ***
Mordnilap: shows [9h 7s] (three of a kind, Nines)
Fetish73: mucks hand
Mordnilap collected $41.50 from pot
*** SUMMARY ***
Total pot $42 | Rake $0.50
Board [9c 4d 9d 2c Jd]
Seat 1: Mordnilap (button) (small blind) showed [9h 7s] and won ($41.50) with three of a kind, Nines
Seat 6: Fetish73 (big blind) mucked


PokerStars Hand #169234231466:  Hold'em Limit ($3/$6 USD) - 2017/04/18 17:43:48 ET
Table 'Imatra' 6-max Seat #6 is the button
Seat 1: Mordnilap ($146.84 in chips)
Seat 6: Fetish73 ($9.83 in chips)
Fetish73: posts small blind $1
Mordnilap: posts big blind $3
*** HOLE CARDS ***
Fetish73: raises $3 to $6
Mordnilap: calls $3
*** FLOP *** [Qd 3c Ac]
Mordnilap: checks
Fetish73: bets $3
Mordnilap: raises $3 to $6
Fetish73: calls $0.83 and is all-in
Uncalled bet ($2.17) returned to Mordnilap
*** TURN *** [Qd 3c Ac] [4c]
*** RIVER *** [Qd 3c Ac 4c] [Qs]
*** SHOW DOWN ***
Mordnilap: shows [Jh 9d] (a pair of Queens)
Fetish73: shows [8c 9h] (a pair of Queens - lower kicker)
Mordnilap collected $19.27 from pot
*** SUMMARY ***
Total pot $19.66 | Rake $0.39
Board [Qd 3c Ac 4c Qs]
Seat 1: Mordnilap (big blind) showed [Jh 9d] and won ($19.27) with a pair of Queens
Seat 6: Fetish73 (button) (small blind) showed [8c 9h] and lost with a pair of Queens


PokerStars Hand #169234222807:  Hold'em Limit ($3/$6 USD) - 2017/04/18 17:43:37 ET
Table 'Imatra' 6-max Seat #1 is the button
Seat 1: Mordnilap ($141.08 in chips)
Seat 6: Fetish73 ($15.83 in chips)
Mordnilap: posts small blind $1
Fetish73: posts big blind $3
*** HOLE CARDS ***
Mordnilap: raises $3 to $6
Fetish73: calls $3
*** FLOP *** [Kh Jh 9c]
Fetish73: checks
Mordnilap: bets $3
Fetish73: folds
Uncalled bet ($3) returned to Mordnilap
Mordnilap collected $11.76 from pot
Mordnilap: doesn't show hand
*** SUMMARY ***
Total pot $12 | Rake $0.24
Board [Kh Jh 9c]
Seat 1: Mordnilap (button) (small blind) collected ($11.76)
Seat 6: Fetish73 (big blind) folded on the Flop


PokerStars Hand #169234219166:  Hold'em Limit ($3/$6 USD) - 2017/04/18 17:43:32 ET
Table 'Imatra' 6-max Seat #6 is the button
Seat 1: Mordnilap ($140.08 in chips)
Seat 6: Fetish73 ($16.83 in chips)
Fetish73: posts small blind $1
Mordnilap: posts big blind $3
*** HOLE CARDS ***
Fetish73: folds
Uncalled bet ($2) returned to Mordnilap
Mordnilap collected $2 from pot
Mordnilap: doesn't show hand
*** SUMMARY ***
Total pot $2 | Rake $0
Seat 1: Mordnilap (big blind) collected ($2)
Seat 6: Fetish73 (button) (small blind) folded before Flop


PokerStars Hand #169234211685:  Hold'em Limit ($3/$6 USD) - 2017/04/18 17:43:23 ET
Table 'Imatra' 6-max Seat #6 is the button
Seat 1: Mordnilap ($140.08 in chips)
Seat 6: Fetish73 ($16.83 in chips)
Fetish73: posts small blind $1
Mordnilap: posts big blind $3
*** HOLE CARDS ***
Fetish73: folds
Uncalled bet ($2) returned to Mordnilap
Mordnilap collected $2 from pot
Mordnilap: doesn't show hand
*** SUMMARY ***
Total pot $2 | Rake $0
Seat 1: Mordnilap (big blind) collected ($2)
Seat 6: Fetish73 (button) (small blind) folded before Flop


PokerStars Hand #169234295749:  Hold'em Limit ($3/$6 USD) - 2017/04/18 17:45:09 ET
Table 'Imatra' 6-max Seat #1 is the button
Seat 1: Mordnilap ($167.92 in chips)
Seat 6: HAOYUN88888 ($31.99 in chips)
Mordnilap: posts small blind $1
HAOYUN88888: posts big blind $3
*** HOLE CARDS ***
Mordnilap: raises $3 to $6
HAOYUN88888: folds
Uncalled bet ($3) returned to Mordnilap
Mordnilap collected $6 from pot
Mordnilap: doesn't show hand
*** SUMMARY ***
Total pot $6 | Rake $0
Seat 1: Mordnilap (button) (small blind) collected ($6)
Seat 6: HAOYUN88888 (big blind) folded before Flop


PokerStars Hand #169234292281:  Hold'em Limit ($3/$6 USD) - 2017/04/18 17:45:05 ET
Table 'Imatra' 6-max Seat #6 is the button
Seat 1: Mordnilap ($166.92 in chips)
Seat 6: HAOYUN88888 ($32.99 in chips)
HAOYUN88888: posts small blind $1
Mordnilap: posts big blind $3
*** HOLE CARDS ***
HAOYUN88888: folds
Uncalled bet ($2) returned to Mordnilap
Mordnilap collected $2 from pot
Mordnilap: doesn't show hand
*** SUMMARY ***
Total pot $2 | Rake $0
Seat 1: Mordnilap (big blind) collected ($2)
Seat 6: HAOYUN88888 (button) (small blind) folded before Flop


PokerStars Hand #169234288554:  Hold'em Limit ($3/$6 USD) - 2017/04/18 17:45:00 ET
Table 'Imatra' 6-max Seat #1 is the button
Seat 1: Mordnilap ($167.92 in chips)
Seat 6: HAOYUN88888 ($31.99 in chips)
Mordnilap: posts small blind $1
HAOYUN88888: posts big blind $3
*** HOLE CARDS ***
Mordnilap: folds
Uncalled bet ($2) returned to HAOYUN88888
HAOYUN88888 collected $2 from pot
HAOYUN88888: doesn't show hand
*** SUMMARY ***
Total pot $2 | Rake $0
Seat 1: Mordnilap (button) (small blind) folded before Flop
Seat 6: HAOYUN88888 (big blind) collected ($2)


PokerStars Hand #169234279392:  Hold'em Limit ($3/$6 USD) - 2017/04/18 17:44:49 ET
Table 'Imatra' 6-max Seat #6 is the button
Seat 1: Mordnilap ($159.28 in chips)
Seat 6: HAOYUN88888 ($40.99 in chips)
HAOYUN88888: posts small blind $1
Mordnilap: posts big blind $3
*** HOLE CARDS ***
HAOYUN88888: raises $3 to $6
Mordnilap: calls $3
*** FLOP *** [4h 2c 9h]
Mordnilap: checks
HAOYUN88888: bets $3
Mordnilap: raises $3 to $6
HAOYUN88888: folds
Uncalled bet ($3) returned to Mordnilap
Mordnilap collected $17.64 from pot
Mordnilap: doesn't show hand
*** SUMMARY ***
Total pot $18 | Rake $0.36
Board [4h 2c 9h]
Seat 1: Mordnilap (big blind) collected ($17.64)
Seat 6: HAOYUN88888 (button) (small blind) folded on the Flop


PokerStars Hand #169234274192:  Hold'em Limit ($3/$6 USD) - 2017/04/18 17:44:42 ET
Table 'Imatra' 6-max Seat #1 is the button
Seat 1: Mordnilap ($156.28 in chips)
Seat 6: HAOYUN88888 ($43.99 in chips)
Mordnilap: posts small blind $1
HAOYUN88888: posts big blind $3
*** HOLE CARDS ***
Mordnilap: raises $3 to $6
HAOYUN88888: folds
Uncalled bet ($3) returned to Mordnilap
Mordnilap collected $6 from pot
Mordnilap: doesn't show hand
*** SUMMARY ***
Total pot $6 | Rake $0
Seat 1: Mordnilap (button) (small blind) collected ($6)
Seat 6: HAOYUN88888 (big blind) folded before Flop


PokerStars Hand #169234318342:  Hold'em Limit ($3/$6 USD) - 2017/04/18 17:45:38 ET
Table 'Imatra' 6-max Seat #6 is the button
Seat 1: Mordnilap ($140.93 in chips)
Seat 6: HAOYUN88888 ($58.48 in chips)
HAOYUN88888: posts small blind $1
Mordnilap: posts big blind $3
*** HOLE CARDS ***
HAOYUN88888: raises $3 to $6
Mordnilap: calls $3
*** FLOP *** [2d 4d 4h]
Mordnilap: checks
HAOYUN88888: bets $3
Mordnilap: raises $3 to $6
HAOYUN88888: raises $3 to $9
Mordnilap: calls $3
*** TURN *** [2d 4d 4h] [4s]
Mordnilap: checks
HAOYUN88888: bets $6
Mordnilap: calls $6
*** RIVER *** [2d 4d 4h 4s] [Qc]
Mordnilap: checks
HAOYUN88888: bets $6
Mordnilap: raises $6 to $12
HAOYUN88888: calls $6
*** SHOW DOWN ***
Mordnilap: shows [2s Qh] (a full house, Fours full of Queens)
HAOYUN88888: mucks hand
Mordnilap collected $65.50 from pot
*** SUMMARY ***
Total pot $66 | Rake $0.50
Board [2d 4d 4h 4s Qc]
Seat 1: Mordnilap (big blind) showed [2s Qh] and won ($65.50) with a full house, Fours full of Queens
Seat 6: HAOYUN88888 (button) (small blind) mucked


PokerStars Hand #169234315028:  Hold'em Limit ($3/$6 USD) - 2017/04/18 17:45:33 ET
Table 'Imatra' 6-max Seat #1 is the button
Seat 1: Mordnilap ($141.93 in chips)
Seat 6: HAOYUN88888 ($57.48 in chips)
Mordnilap: posts small blind $1
HAOYUN88888: posts big blind $3
*** HOLE CARDS ***
Mordnilap: folds
Uncalled bet ($2) returned to HAOYUN88888
HAOYUN88888 collected $2 from pot
HAOYUN88888: doesn't show hand
*** SUMMARY ***
Total pot $2 | Rake $0
Seat 1: Mordnilap (button) (small blind) folded before Flop
Seat 6: HAOYUN88888 (big blind) collected ($2)


PokerStars Hand #169234300343:  Hold'em Limit ($3/$6 USD) - 2017/04/18 17:45:15 ET
Table 'Imatra' 6-max Seat #6 is the button
Seat 1: Mordnilap ($170.92 in chips)
Seat 6: HAOYUN88888 ($28.99 in chips)
HAOYUN88888: posts small blind $1
Mordnilap: posts big blind $3
*** HOLE CARDS ***
HAOYUN88888: raises $3 to $6
Mordnilap: calls $3
*** FLOP *** [2c 3c 6s]
Mordnilap: checks
HAOYUN88888: bets $3
Mordnilap: raises $3 to $6
HAOYUN88888: raises $3 to $9
Mordnilap: raises $3 to $12
Betting is capped
HAOYUN88888: calls $3
*** TURN *** [2c 3c 6s] [7h]
Mordnilap: bets $6
HAOYUN88888: raises $4.99 to $10.99 and is all-in
Mordnilap: calls $4.99
*** RIVER *** [2c 3c 6s 7h] [2h]
*** SHOW DOWN ***
Mordnilap: shows [6h 5c] (two pair, Sixes and Deuces)
HAOYUN88888: shows [Qd Qc] (two pair, Queens and Deuces)
HAOYUN88888 collected $57.48 from pot
*** SUMMARY ***
Total pot $57.98 | Rake $0.50
Board [2c 3c 6s 7h 2h]
Seat 1: Mordnilap (big blind) showed [6h 5c] and lost with two pair, Sixes and Deuces
Seat 6: HAOYUN88888 (button) (small blind) showed [Qd Qc] and won ($57.48) with two pair, Queens and Deuces


PokerStars Hand #169234334492:  Hold'em Limit ($3/$6 USD) - 2017/04/18 17:45:58 ET
Table 'Imatra' 6-max Seat #1 is the button
Seat 1: Mordnilap ($173.43 in chips)
Seat 6: HAOYUN88888 ($25.48 in chips)
Mordnilap: posts small blind $1
HAOYUN88888: posts big blind $3
*** HOLE CARDS ***
Mordnilap: raises $3 to $6
HAOYUN88888: raises $3 to $9
Mordnilap: calls $3
*** FLOP *** [5s 6s 3s]
HAOYUN88888: bets $3
Mordnilap: calls $3
*** TURN *** [5s 6s 3s] [3h]
HAOYUN88888: bets $6
Mordnilap: calls $6
*** RIVER *** [5s 6s 3s 3h] [Kd]
HAOYUN88888: bets $6
Mordnilap: calls $6
*** SHOW DOWN ***
HAOYUN88888: shows [3c 3d] (four of a kind, Threes)
Mordnilap: mucks hand
HAOYUN88888 collected $47.50 from pot
*** SUMMARY ***
Total pot $48 | Rake $0.50
Board [5s 6s 3s 3h Kd]
Seat 1: Mordnilap (button) (small blind) mucked
Seat 6: HAOYUN88888 (big blind) showed [3c 3d] and won ($47.50) with four of a kind, Threes


PokerStars Hand #169234376144:  Hold'em Limit ($3/$6 USD) - 2017/04/18 17:46:51 ET
Table 'Imatra' 6-max Seat #6 is the button
Seat 1: Mordnilap ($169.59 in chips)
Seat 6: HAOYUN88888 ($27.98 in chips)
HAOYUN88888: posts small blind $1
Mordnilap: posts big blind $3
*** HOLE CARDS ***
HAOYUN88888: raises $3 to $6
Mordnilap: raises $3 to $9
HAOYUN88888: calls $3
*** FLOP *** [2c 4c Jh]
Mordnilap: bets $3
HAOYUN88888: calls $3
*** TURN *** [2c 4c Jh] [Td]
Mordnilap: bets $6
HAOYUN88888: raises $6 to $12
Mordnilap: raises $6 to $18
HAOYUN88888: calls $3.98 and is all-in
Uncalled bet ($2.02) returned to Mordnilap
*** RIVER *** [2c 4c Jh Td] [Kd]
*** SHOW DOWN ***
Mordnilap: shows [Qd Qs] (a pair of Queens)
HAOYUN88888: shows [5s Ts] (a pair of Tens)
Mordnilap collected $55.46 from pot
HAOYUN88888 leaves the table
*** SUMMARY ***
Total pot $55.96 | Rake $0.50
Board [2c 4c Jh Td Kd]
Seat 1: Mordnilap (big blind) showed [Qd Qs] and won ($55.46) with a pair of Queens
Seat 6: HAOYUN88888 (button) (small blind) showed [5s Ts] and lost with a pair of Tens


PokerStars Hand #169234362066:  Hold'em Limit ($3/$6 USD) - 2017/04/18 17:46:33 ET
Table 'Imatra' 6-max Seat #1 is the button
Seat 1: Mordnilap ($158.07 in chips)
Seat 6: HAOYUN88888 ($39.98 in chips)
Mordnilap: posts small blind $1
HAOYUN88888: posts big blind $3
*** HOLE CARDS ***
Mordnilap: raises $3 to $6
HAOYUN88888: calls $3
*** FLOP *** [3d Ts 3c]
HAOYUN88888: checks
Mordnilap: bets $3
HAOYUN88888: raises $3 to $6
Mordnilap: calls $3
*** TURN *** [3d Ts 3c] [5c]
HAOYUN88888: checks
Mordnilap: checks
*** RIVER *** [3d Ts 3c 5c] [Ah]
HAOYUN88888: checks
Mordnilap: checks
*** SHOW DOWN ***
HAOYUN88888: shows [Jh 4h] (a pair of Threes)
Mordnilap: shows [7d Ks] (a pair of Threes - Ace+King kicker)
Mordnilap collected $23.52 from pot
*** SUMMARY ***
Total pot $24 | Rake $0.48
Board [3d Ts 3c 5c Ah]
Seat 1: Mordnilap (button) (small blind) showed [7d Ks] and won ($23.52) with a pair of Threes
Seat 6: HAOYUN88888 (big blind) showed [Jh 4h] and lost with a pair of Threes


PokerStars Hand #169234349265:  Hold'em Limit ($3/$6 USD) - 2017/04/18 17:46:17 ET
Table 'Imatra' 6-max Seat #6 is the button
Seat 1: Mordnilap ($149.43 in chips)
Seat 6: HAOYUN88888 ($48.98 in chips)
HAOYUN88888: posts small blind $1
Mordnilap: posts big blind $3
*** HOLE CARDS ***
HAOYUN88888: raises $3 to $6
Mordnilap: calls $3
*** FLOP *** [5d Ah Kd]
Mordnilap: checks
HAOYUN88888: bets $3
Mordnilap: calls $3
*** TURN *** [5d Ah Kd] [2d]
Mordnilap: checks
HAOYUN88888: checks
*** RIVER *** [5d Ah Kd 2d] [6s]
Mordnilap: checks
HAOYUN88888: checks
*** SHOW DOWN ***
Mordnilap: shows [8h 5s] (a pair of Fives)
HAOYUN88888: mucks hand
Mordnilap collected $17.64 from pot
*** SUMMARY ***
Total pot $18 | Rake $0.36
Board [5d Ah Kd 2d 6s]
Seat 1: Mordnilap (big blind) showed [8h 5s] and won ($17.64) with a pair of Fives
Seat 6: HAOYUN88888 (button) (small blind) mucked


