PokerStars Hand #168954161062:  Hold'em Limit ($3/$6 USD) - 2017/04/12 18:15:58 ET
Table 'Imhotep' 6-max Seat #3 is the button
Seat 3: nedo1414 ($105.01 in chips)
Seat 6: ToDaFelt ($125.76 in chips)
nedo1414: posts small blind $1
ToDaFelt: posts big blind $3
*** HOLE CARDS ***
nedo1414: folds
Uncalled bet ($2) returned to ToDaFelt
ToDaFelt collected $2 from pot
ToDaFelt: doesn't show hand
*** SUMMARY ***
Total pot $2 | Rake $0
Seat 3: nedo1414 (button) (small blind) folded before Flop
Seat 6: ToDaFelt (big blind) collected ($2)


PokerStars Hand #168954146502:  Hold'em Limit ($3/$6 USD) - 2017/04/12 18:15:38 ET
Table 'Imhotep' 6-max Seat #6 is the button
Seat 3: nedo1414 ($111.01 in chips)
Seat 6: ToDaFelt ($120 in chips)
ToDaFelt: posts small blind $1
nedo1414: posts big blind $3
*** HOLE CARDS ***
ToDaFelt: raises $3 to $6
nedo1414: calls $3
*** FLOP *** [7c 2s Jh]
nedo1414: checks
ToDaFelt: checks
*** TURN *** [7c 2s Jh] [4d]
nedo1414: checks
ToDaFelt: bets $6
nedo1414: folds
Uncalled bet ($6) returned to ToDaFelt
ToDaFelt collected $11.76 from pot
ToDaFelt: doesn't show hand
*** SUMMARY ***
Total pot $12 | Rake $0.24
Board [7c 2s Jh 4d]
Seat 3: nedo1414 (big blind) folded on the Turn
Seat 6: ToDaFelt (button) (small blind) collected ($11.76)


PokerStars Hand #168954164411:  Hold'em Limit ($3/$6 USD) - 2017/04/12 18:16:02 ET
Table 'Imhotep' 6-max Seat #6 is the button
Seat 3: nedo1414 ($104.01 in chips)
Seat 6: ToDaFelt ($126.76 in chips)
ToDaFelt: posts small blind $1
nedo1414: posts big blind $3
*** HOLE CARDS ***
ToDaFelt: raises $3 to $6
nedo1414: calls $3
*** FLOP *** [6h 8d Kd]
nedo1414: checks
ToDaFelt: bets $3
nedo1414: folds
Uncalled bet ($3) returned to ToDaFelt
Krazy90 joins the table at seat #4
ToDaFelt collected $11.76 from pot
ToDaFelt: doesn't show hand
*** SUMMARY ***
Total pot $12 | Rake $0.24
Board [6h 8d Kd]
Seat 3: nedo1414 (big blind) folded on the Flop
Seat 6: ToDaFelt (button) (small blind) collected ($11.76)


PokerStars Hand #168956216732:  Hold'em Limit ($3/$6 USD) - 2017/04/12 19:06:51 ET
Table 'Imhotep' 6-max Seat #2 is the button
Seat 2: suitedthrash ($14.76 in chips)
Seat 6: ToDaFelt ($100.62 in chips)
suitedthrash: posts small blind $1
RaisemyNut$: is sitting out
ToDaFelt: posts big blind $3
*** HOLE CARDS ***
suitedthrash: calls $2
ToDaFelt: checks
*** FLOP *** [Qs 8h 3h]
ToDaFelt: checks
suitedthrash: bets $3
ToDaFelt: folds
Uncalled bet ($3) returned to suitedthrash
suitedthrash collected $5.88 from pot
suitedthrash: doesn't show hand
*** SUMMARY ***
Total pot $6 | Rake $0.12
Board [Qs 8h 3h]
Seat 2: suitedthrash (button) (small blind) collected ($5.88)
Seat 6: ToDaFelt (big blind) folded on the Flop


PokerStars Hand #168956227563:  Hold'em Limit ($3/$6 USD) - 2017/04/12 19:07:08 ET
Table 'Imhotep' 6-max Seat #6 is the button
Seat 2: suitedthrash ($17.64 in chips)
Seat 6: ToDaFelt ($97.62 in chips)
ToDaFelt: posts small blind $1
suitedthrash: posts big blind $3
*** HOLE CARDS ***
ToDaFelt: raises $3 to $6
suitedthrash: calls $3
*** FLOP *** [5d Jd 6d]
suitedthrash: checks
ToDaFelt: bets $3
suitedthrash: calls $3
*** TURN *** [5d Jd 6d] [Jc]
suitedthrash: bets $6
ToDaFelt: folds
Uncalled bet ($6) returned to suitedthrash
suitedthrash collected $17.64 from pot
suitedthrash: doesn't show hand
*** SUMMARY ***
Total pot $18 | Rake $0.36
Board [5d Jd 6d Jc]
Seat 2: suitedthrash (big blind) collected ($17.64)
Seat 6: ToDaFelt (button) (small blind) folded on the Turn


PokerStars Hand #168956251482:  Hold'em Limit ($3/$6 USD) - 2017/04/12 19:07:46 ET
Table 'Imhotep' 6-max Seat #6 is the button
Seat 2: suitedthrash ($23.28 in chips)
Seat 6: ToDaFelt ($91.50 in chips)
ToDaFelt: posts small blind $1
suitedthrash: posts big blind $3
*** HOLE CARDS ***
ToDaFelt: raises $3 to $6
suitedthrash: calls $3
*** FLOP *** [5h 6c 8h]
Jack_Wu1985 joins the table at seat #1
suitedthrash: checks
ToDaFelt: bets $3
suitedthrash: calls $3
*** TURN *** [5h 6c 8h] [9c]
suitedthrash: checks
ToDaFelt: checks
*** RIVER *** [5h 6c 8h 9c] [Kd]
suitedthrash: checks
ToDaFelt: bets $6
suitedthrash: folds
Uncalled bet ($6) returned to ToDaFelt
ToDaFelt collected $17.64 from pot
ToDaFelt: doesn't show hand
*** SUMMARY ***
Total pot $18 | Rake $0.36
Board [5h 6c 8h 9c Kd]
Seat 2: suitedthrash (big blind) folded on the River
Seat 6: ToDaFelt (button) (small blind) collected ($17.64)


PokerStars Hand #168956239323:  Hold'em Limit ($3/$6 USD) - 2017/04/12 19:07:27 ET
Table 'Imhotep' 6-max Seat #2 is the button
Seat 2: suitedthrash ($26.28 in chips)
Seat 6: ToDaFelt ($88.62 in chips)
suitedthrash: posts small blind $1
ToDaFelt: posts big blind $3
*** HOLE CARDS ***
suitedthrash: calls $2
ToDaFelt said, "play or leave ****nut"
ToDaFelt: checks
*** FLOP *** [Jd 5h 8c]
ToDaFelt: bets $3
suitedthrash: folds
Uncalled bet ($3) returned to ToDaFelt
ToDaFelt collected $5.88 from pot
ToDaFelt: doesn't show hand
*** SUMMARY ***
Total pot $6 | Rake $0.12
Board [Jd 5h 8c]
Seat 2: suitedthrash (button) (small blind) folded on the Flop
Seat 6: ToDaFelt (big blind) collected ($5.88)


PokerStars Hand #168957886229:  Hold'em Limit ($3/$6 USD) - 2017/04/12 19:55:01 ET
Table 'Imhotep' 6-max Seat #3 is the button
Seat 1: xxRGx ($171.61 in chips)
Seat 3: RaisemyNut$ ($184.33 in chips)
RaisemyNut$: posts small blind $1
ImReady..RU?: is sitting out
xxRGx: posts big blind $3
*** HOLE CARDS ***
RaisemyNut$: raises $3 to $6
ImReady..RU? leaves the table
xxRGx: calls $3
*** FLOP *** [6s Qd 8s]
xxRGx: checks
RaisemyNut$: bets $3
xxRGx: folds
Uncalled bet ($3) returned to RaisemyNut$
RaisemyNut$ collected $11.76 from pot
RaisemyNut$: doesn't show hand
*** SUMMARY ***
Total pot $12 | Rake $0.24
Board [6s Qd 8s]
Seat 1: xxRGx (big blind) folded on the Flop
Seat 3: RaisemyNut$ (button) (small blind) collected ($11.76)


PokerStars Hand #168957899544:  Hold'em Limit ($3/$6 USD) - 2017/04/12 19:55:28 ET
Table 'Imhotep' 6-max Seat #1 is the button
Seat 1: xxRGx ($165.61 in chips)
Seat 3: RaisemyNut$ ($190.09 in chips)
xxRGx: posts small blind $1
RaisemyNut$: posts big blind $3
*** HOLE CARDS ***
xxRGx: raises $3 to $6
RaisemyNut$: calls $3
*** FLOP *** [Ah As 7c]
RaisemyNut$: checks
xxRGx: checks
*** TURN *** [Ah As 7c] [2c]
RaisemyNut$: checks
xxRGx: bets $6
RaisemyNut$: folds
Uncalled bet ($6) returned to xxRGx
xxRGx collected $11.76 from pot
xxRGx: doesn't show hand
*** SUMMARY ***
Total pot $12 | Rake $0.24
Board [Ah As 7c 2c]
Seat 1: xxRGx (button) (small blind) collected ($11.76)
Seat 3: RaisemyNut$ (big blind) folded on the Turn


PokerStars Hand #168957932319:  Hold'em Limit ($3/$6 USD) - 2017/04/12 19:56:41 ET
Table 'Imhotep' 6-max Seat #1 is the button
Seat 1: xxRGx ($180.01 in chips)
Seat 3: RaisemyNut$ ($175.09 in chips)
xxRGx: posts small blind $1
RaisemyNut$: posts big blind $3
*** HOLE CARDS ***
xxRGx: folds
Uncalled bet ($2) returned to RaisemyNut$
xxRGx leaves the table
RaisemyNut$ collected $2 from pot
RaisemyNut$: doesn't show hand
*** SUMMARY ***
Total pot $2 | Rake $0
Seat 1: xxRGx (button) (small blind) folded before Flop
Seat 3: RaisemyNut$ (big blind) collected ($2)


PokerStars Hand #168957921312:  Hold'em Limit ($3/$6 USD) - 2017/04/12 19:56:16 ET
Table 'Imhotep' 6-max Seat #3 is the button
Seat 1: xxRGx ($171.37 in chips)
Seat 3: RaisemyNut$ ($184.09 in chips)
RaisemyNut$: posts small blind $1
xxRGx: posts big blind $3
*** HOLE CARDS ***
RaisemyNut$: raises $3 to $6
xxRGx: calls $3
*** FLOP *** [Td Ks Ac]
xxRGx: checks
RaisemyNut$: bets $3
xxRGx: calls $3
*** TURN *** [Td Ks Ac] [Kc]
xxRGx: checks
RaisemyNut$: checks
*** RIVER *** [Td Ks Ac Kc] [As]
xxRGx: checks
RaisemyNut$: checks
*** SHOW DOWN ***
xxRGx: shows [Kh Th] (a full house, Kings full of Aces)
RaisemyNut$: mucks hand
xxRGx collected $17.64 from pot
*** SUMMARY ***
Total pot $18 | Rake $0.36
Board [Td Ks Ac Kc As]
Seat 1: xxRGx (big blind) showed [Kh Th] and won ($17.64) with a full house, Kings full of Aces
Seat 3: RaisemyNut$ (button) (small blind) mucked


