PokerStars Hand #172627608368:  Hold'em Limit ($3/$6 USD) - 2017/07/05 5:01:44 ET
Table 'Imhotep' 6-max Seat #4 is the button
Seat 1: aremom4e ($120 in chips)
Seat 4: MIBondiola ($153.46 in chips)
MIBondiola: posts small blind $1
aremom4e: posts big blind $3
*** HOLE CARDS ***
MIBondiola: folds
Uncalled bet ($2) returned to aremom4e
aremom4e collected $2 from pot
aremom4e: doesn't show hand
*** SUMMARY ***
Total pot $2 | Rake $0
Seat 1: aremom4e (big blind) collected ($2)
Seat 4: MIBondiola (button) (small blind) folded before Flop


PokerStars Hand #172627601425:  Hold'em Limit ($3/$6 USD) - 2017/07/05 5:01:22 ET
Table 'Imhotep' 6-max Seat #5 is the button
Seat 4: MIBondiola ($152.46 in chips)
Seat 5: tedros404 ($155.25 in chips)
tedros404: posts small blind $1
aremom4e was removed from the table for failing to post
krossguard: is sitting out
MIBondiola: posts big blind $3
*** HOLE CARDS ***
krossguard leaves the table
tedros404: folds
Uncalled bet ($2) returned to MIBondiola
tedros404 leaves the table
MIBondiola collected $2 from pot
*** SUMMARY ***
Total pot $2 | Rake $0
Seat 4: MIBondiola (big blind) collected ($2)
Seat 5: tedros404 (button) (small blind) folded before Flop


PokerStars Hand #172627614369:  Hold'em Limit ($3/$6 USD) - 2017/07/05 5:02:05 ET
Table 'Imhotep' 6-max Seat #1 is the button
Seat 1: aremom4e ($121 in chips)
Seat 4: MIBondiola ($152.46 in chips)
aremom4e: posts small blind $1
MIBondiola: posts big blind $3
*** HOLE CARDS ***
aremom4e: raises $3 to $6
MIBondiola: calls $3
*** FLOP *** [Jh Ah As]
MIBondiola: checks
aremom4e: bets $3
MIBondiola: calls $3
*** TURN *** [Jh Ah As] [Kc]
MIBondiola: checks
aremom4e: checks
*** RIVER *** [Jh Ah As Kc] [4h]
Actionni13 joins the table at seat #2
MIBondiola: bets $6
aremom4e: folds
Uncalled bet ($6) returned to MIBondiola
MIBondiola collected $17.64 from pot
*** SUMMARY ***
Total pot $18 | Rake $0.36
Board [Jh Ah As Kc 4h]
Seat 1: aremom4e (button) (small blind) folded on the River
Seat 4: MIBondiola (big blind) collected ($17.64)


PokerStars Hand #172627621922:  Hold'em Limit ($3/$6 USD) - 2017/07/05 5:02:29 ET
Table 'Imhotep' 6-max Seat #4 is the button
Seat 1: aremom4e ($112 in chips)
Seat 4: MIBondiola ($161.10 in chips)
MIBondiola: posts small blind $1
aremom4e: posts big blind $3
*** HOLE CARDS ***
MIBondiola: raises $3 to $6
aremom4e: folds
Uncalled bet ($3) returned to MIBondiola
MIBondiola collected $6 from pot
*** SUMMARY ***
Total pot $6 | Rake $0
Seat 1: aremom4e (big blind) folded before Flop
Seat 4: MIBondiola (button) (small blind) collected ($6)


PokerStars Hand #172628218501:  Hold'em Limit ($3/$6 USD) - 2017/07/05 5:32:31 ET
Table 'Imhotep' 6-max Seat #6 is the button
Seat 5: krossguard ($70.33 in chips)
Seat 6: tedros404 ($159 in chips)
tedros404: posts small blind $1
Actionni13: is sitting out
krossguard: posts big blind $3
*** HOLE CARDS ***
tedros404: raises $3 to $6
krossguard: calls $3
*** FLOP *** [Td Ts Qh]
krossguard: checks
Actionni13 leaves the table
tedros404: bets $3
krossguard: calls $3
*** TURN *** [Td Ts Qh] [9c]
krossguard: checks
tedros404: bets $6
krossguard: calls $6
*** RIVER *** [Td Ts Qh 9c] [Ks]
krossguard: checks
tedros404: checks
*** SHOW DOWN ***
krossguard: shows [As 8d] (a pair of Tens)
tedros404: shows [Qd Ad] (two pair, Queens and Tens)
tedros404 collected $29.50 from pot
*** SUMMARY ***
Total pot $30 | Rake $0.50
Board [Td Ts Qh 9c Ks]
Seat 5: krossguard (big blind) showed [As 8d] and lost with a pair of Tens
Seat 6: tedros404 (button) (small blind) showed [Qd Ad] and won ($29.50) with two pair, Queens and Tens


PokerStars Hand #172628244921:  Hold'em Limit ($3/$6 USD) - 2017/07/05 5:33:49 ET
Table 'Imhotep' 6-max Seat #5 is the button
Seat 5: krossguard ($141.50 in chips)
Seat 6: tedros404 ($151.50 in chips)
krossguard: posts small blind $1
tedros404: posts big blind $3
*** HOLE CARDS ***
krossguard: raises $3 to $6
tedros404: folds
Uncalled bet ($3) returned to krossguard
krossguard collected $6 from pot
krossguard: doesn't show hand
*** SUMMARY ***
Total pot $6 | Rake $0
Seat 5: krossguard (button) (small blind) collected ($6)
Seat 6: tedros404 (big blind) folded before Flop


PokerStars Hand #172628238058:  Hold'em Limit ($3/$6 USD) - 2017/07/05 5:33:29 ET
Table 'Imhotep' 6-max Seat #6 is the button
Seat 5: krossguard ($140.50 in chips)
Seat 6: tedros404 ($152.50 in chips)
tedros404: posts small blind $1
krossguard: posts big blind $3
*** HOLE CARDS ***
tedros404: folds
Uncalled bet ($2) returned to krossguard
krossguard collected $2 from pot
krossguard: doesn't show hand
*** SUMMARY ***
Total pot $2 | Rake $0
Seat 5: krossguard (big blind) collected ($2)
Seat 6: tedros404 (button) (small blind) folded before Flop


PokerStars Hand #172628229083:  Hold'em Limit ($3/$6 USD) - 2017/07/05 5:33:03 ET
Table 'Imhotep' 6-max Seat #5 is the button
Seat 5: krossguard ($120 in chips)
Seat 6: tedros404 ($173.50 in chips)
krossguard: posts small blind $1
tedros404: posts big blind $3
*** HOLE CARDS ***
krossguard: raises $3 to $6
tedros404: calls $3
*** FLOP *** [6d 3d Kh]
tedros404: checks
krossguard: bets $3
tedros404: calls $3
*** TURN *** [6d 3d Kh] [3s]
tedros404: checks
krossguard: bets $6
tedros404: calls $6
*** RIVER *** [6d 3d Kh 3s] [8s]
tedros404: checks
krossguard: bets $6
tedros404: calls $6
*** SHOW DOWN ***
krossguard: shows [Kd 9d] (two pair, Kings and Threes)
tedros404: mucks hand
krossguard collected $41.50 from pot
*** SUMMARY ***
Total pot $42 | Rake $0.50
Board [6d 3d Kh 3s 8s]
Seat 5: krossguard (button) (small blind) showed [Kd 9d] and won ($41.50) with two pair, Kings and Threes
Seat 6: tedros404 (big blind) mucked


PokerStars Hand #172629281979:  Hold'em Limit ($3/$6 USD) - 2017/07/05 6:23:47 ET
Table 'Imhotep' 6-max Seat #4 is the button
Seat 4: aleks_4ym ($91 in chips)
Seat 6: tedros404 ($445.68 in chips)
aleks_4ym: posts small blind $1
tedros404: posts big blind $3
*** HOLE CARDS ***
aleks_4ym: raises $3 to $6
tedros404: folds
Uncalled bet ($3) returned to aleks_4ym
vitamin168 joins the table at seat #1
aleks_4ym collected $6 from pot
aleks_4ym: doesn't show hand
*** SUMMARY ***
Total pot $6 | Rake $0
Seat 4: aleks_4ym (button) (small blind) collected ($6)
Seat 6: tedros404 (big blind) folded before Flop


PokerStars Hand #172629279833:  Hold'em Limit ($3/$6 USD) - 2017/07/05 6:23:41 ET
Table 'Imhotep' 6-max Seat #6 is the button
Seat 4: aleks_4ym ($90 in chips)
Seat 6: tedros404 ($446.68 in chips)
tedros404: posts small blind $1
Agrotait: is sitting out
aleks_4ym: posts big blind $3
*** HOLE CARDS ***
tedros404: folds
Uncalled bet ($2) returned to aleks_4ym
aleks_4ym collected $2 from pot
aleks_4ym: doesn't show hand
*** SUMMARY ***
Total pot $2 | Rake $0
Seat 4: aleks_4ym (big blind) collected ($2)
Seat 6: tedros404 (button) (small blind) folded before Flop


PokerStars Hand #172629410870:  Hold'em Limit ($3/$6 USD) - 2017/07/05 6:29:36 ET
Table 'Imhotep' 6-max Seat #1 is the button
Seat 1: vitamin168 ($30.44 in chips)
Seat 6: tedros404 ($429.60 in chips)
vitamin168: posts small blind $1
tedros404: posts big blind $3
*** HOLE CARDS ***
vitamin168: folds
Uncalled bet ($2) returned to tedros404
tedros404 collected $2 from pot
tedros404: doesn't show hand
*** SUMMARY ***
Total pot $2 | Rake $0
Seat 1: vitamin168 (button) (small blind) folded before Flop
Seat 6: tedros404 (big blind) collected ($2)


PokerStars Hand #172629419108:  Hold'em Limit ($3/$6 USD) - 2017/07/05 6:29:58 ET
Table 'Imhotep' 6-max Seat #6 is the button
Seat 1: vitamin168 ($33.44 in chips)
Seat 6: tedros404 ($426.60 in chips)
tedros404: posts small blind $1
vitamin168: posts big blind $3
*** HOLE CARDS ***
tedros404: raises $3 to $6
vitamin168: folds
Uncalled bet ($3) returned to tedros404
tedros404 collected $6 from pot
tedros404: doesn't show hand
*** SUMMARY ***
Total pot $6 | Rake $0
Seat 1: vitamin168 (big blind) folded before Flop
Seat 6: tedros404 (button) (small blind) collected ($6)


PokerStars Hand #172629415854:  Hold'em Limit ($3/$6 USD) - 2017/07/05 6:29:49 ET
Table 'Imhotep' 6-max Seat #1 is the button
Seat 1: vitamin168 ($30.44 in chips)
Seat 6: tedros404 ($429.60 in chips)
vitamin168: posts small blind $1
tedros404: posts big blind $3
*** HOLE CARDS ***
Lsalimov joins the table at seat #2
vitamin168: raises $3 to $6
tedros404: folds
Uncalled bet ($3) returned to vitamin168
vitamin168 collected $6 from pot
vitamin168: doesn't show hand
*** SUMMARY ***
Total pot $6 | Rake $0
Seat 1: vitamin168 (button) (small blind) collected ($6)
Seat 6: tedros404 (big blind) folded before Flop


PokerStars Hand #172629412788:  Hold'em Limit ($3/$6 USD) - 2017/07/05 6:29:41 ET
Table 'Imhotep' 6-max Seat #6 is the button
Seat 1: vitamin168 ($29.44 in chips)
Seat 6: tedros404 ($430.60 in chips)
tedros404: posts small blind $1
vitamin168: posts big blind $3
*** HOLE CARDS ***
tedros404: folds
Uncalled bet ($2) returned to vitamin168
vitamin168 collected $2 from pot
vitamin168: doesn't show hand
*** SUMMARY ***
Total pot $2 | Rake $0
Seat 1: vitamin168 (big blind) collected ($2)
Seat 6: tedros404 (button) (small blind) folded before Flop


PokerStars Hand #172629408795:  Hold'em Limit ($3/$6 USD) - 2017/07/05 6:29:30 ET
Table 'Imhotep' 6-max Seat #6 is the button
Seat 1: vitamin168 ($29.44 in chips)
Seat 6: tedros404 ($430.60 in chips)
tedros404: posts small blind $1
vitamin168: posts big blind $3
*** HOLE CARDS ***
tedros404: folds
Uncalled bet ($2) returned to vitamin168
vitamin168 collected $2 from pot
vitamin168: doesn't show hand
*** SUMMARY ***
Total pot $2 | Rake $0
Seat 1: vitamin168 (big blind) collected ($2)
Seat 6: tedros404 (button) (small blind) folded before Flop


PokerStars Hand #172629406808:  Hold'em Limit ($3/$6 USD) - 2017/07/05 6:29:25 ET
Table 'Imhotep' 6-max Seat #1 is the button
Seat 1: vitamin168 ($30.44 in chips)
Seat 6: tedros404 ($429.60 in chips)
vitamin168: posts small blind $1
aleks_4ym: is sitting out
tedros404: posts big blind $3
*** HOLE CARDS ***
vitamin168: folds
Uncalled bet ($2) returned to tedros404
aleks_4ym leaves the table
tedros404 collected $2 from pot
tedros404: doesn't show hand
*** SUMMARY ***
Total pot $2 | Rake $0
Seat 1: vitamin168 (button) (small blind) folded before Flop
Seat 6: tedros404 (big blind) collected ($2)


PokerStars Hand #172632487209:  Hold'em Limit ($3/$6 USD) - 2017/07/05 8:35:48 ET
Table 'Imhotep' 6-max Seat #6 is the button
Seat 5: Aragorn ll ($185.51 in chips)
Seat 6: B_loJkl ($151 in chips)
B_loJkl: posts small blind $1
Aragorn ll: posts big blind $3
*** HOLE CARDS ***
B_loJkl: raises $3 to $6
Aragorn ll: calls $3
*** FLOP *** [3s 5s 2c]
Aragorn ll: bets $3
B_loJkl: calls $3
*** TURN *** [3s 5s 2c] [5c]
Aragorn ll: bets $6
B_loJkl: calls $6
*** RIVER *** [3s 5s 2c 5c] [4h]
Aragorn ll: bets $6
B_loJkl: calls $6
*** SHOW DOWN ***
Aragorn ll: shows [6s 2h] (a straight, Deuce to Six)
B_loJkl: mucks hand
Aragorn ll collected $41.50 from pot
*** SUMMARY ***
Total pot $42 | Rake $0.50
Board [3s 5s 2c 5c 4h]
Seat 5: Aragorn ll (big blind) showed [6s 2h] and won ($41.50) with a straight, Deuce to Six
Seat 6: B_loJkl (button) (small blind) mucked


PokerStars Hand #172632484410:  Hold'em Limit ($3/$6 USD) - 2017/07/05 8:35:42 ET
Table 'Imhotep' 6-max Seat #5 is the button
Seat 5: Aragorn ll ($186.51 in chips)
Seat 6: B_loJkl ($150 in chips)
Aragorn ll: posts small blind $1
B_loJkl: posts big blind $3
*** HOLE CARDS ***
Aragorn ll: folds
Uncalled bet ($2) returned to B_loJkl
B_loJkl collected $2 from pot
B_loJkl: doesn't show hand
*** SUMMARY ***
Total pot $2 | Rake $0
Seat 5: Aragorn ll (button) (small blind) folded before Flop
Seat 6: B_loJkl (big blind) collected ($2)


PokerStars Hand #172632502251:  Hold'em Limit ($3/$6 USD) - 2017/07/05 8:36:21 ET
Table 'Imhotep' 6-max Seat #5 is the button
Seat 5: Aragorn ll ($206.01 in chips)
Seat 6: B_loJkl ($130 in chips)
Aragorn ll: posts small blind $1
B_loJkl: posts big blind $3
*** HOLE CARDS ***
Aragorn ll: calls $2
B_loJkl: raises $3 to $6
Aragorn ll: calls $3
*** FLOP *** [6h Th 5h]
B_loJkl: bets $3
Aragorn ll: calls $3
*** TURN *** [6h Th 5h] [Jc]
lawrence1208 leaves the table
B_loJkl: checks
Aragorn ll: checks
*** RIVER *** [6h Th 5h Jc] [Jd]
B_loJkl: checks
Aragorn ll: bets $6
B_loJkl: calls $6
*** SHOW DOWN ***
Aragorn ll: shows [7s 9h] (a pair of Jacks)
B_loJkl: shows [8d Ac] (a pair of Jacks - Ace kicker)
B_loJkl collected $29.50 from pot
*** SUMMARY ***
Total pot $30 | Rake $0.50
Board [6h Th 5h Jc Jd]
Seat 5: Aragorn ll (button) (small blind) showed [7s 9h] and lost with a pair of Jacks
Seat 6: B_loJkl (big blind) showed [8d Ac] and won ($29.50) with a pair of Jacks


PokerStars Hand #172632563931:  Hold'em Limit ($3/$6 USD) - 2017/07/05 8:38:36 ET
Table 'Imhotep' 6-max Seat #5 is the button
Seat 5: Aragorn ll ($133.01 in chips)
Seat 6: B_loJkl ($201.50 in chips)
Aragorn ll: posts small blind $1
B_loJkl: posts big blind $3
*** HOLE CARDS ***
Aragorn ll: folds
Uncalled bet ($2) returned to B_loJkl
B_loJkl collected $2 from pot
B_loJkl: doesn't show hand
*** SUMMARY ***
Total pot $2 | Rake $0
Seat 5: Aragorn ll (button) (small blind) folded before Flop
Seat 6: B_loJkl (big blind) collected ($2)


PokerStars Hand #172632549411:  Hold'em Limit ($3/$6 USD) - 2017/07/05 8:38:04 ET
Table 'Imhotep' 6-max Seat #6 is the button
Seat 5: Aragorn ll ($160.01 in chips)
Seat 6: B_loJkl ($175 in chips)
B_loJkl: posts small blind $1
Aragorn ll: posts big blind $3
*** HOLE CARDS ***
B_loJkl: raises $3 to $6
Aragorn ll: calls $3
*** FLOP *** [Qd 5d 6c]
Aragorn ll: bets $3
B_loJkl: calls $3
*** TURN *** [Qd 5d 6c] [Kc]
Aragorn ll: checks
B_loJkl: bets $6
Aragorn ll: raises $6 to $12
B_loJkl: calls $6
*** RIVER *** [Qd 5d 6c Kc] [7c]
Aragorn ll: bets $6
B_loJkl: calls $6
*** SHOW DOWN ***
Aragorn ll: shows [Js 7s] (a pair of Sevens)
B_loJkl: shows [Qh 6s] (two pair, Queens and Sixes)
B_loJkl collected $53.50 from pot
*** SUMMARY ***
Total pot $54 | Rake $0.50
Board [Qd 5d 6c Kc 7c]
Seat 5: Aragorn ll (big blind) showed [Js 7s] and lost with a pair of Sevens
Seat 6: B_loJkl (button) (small blind) showed [Qh 6s] and won ($53.50) with two pair, Queens and Sixes


PokerStars Hand #172632530618:  Hold'em Limit ($3/$6 USD) - 2017/07/05 8:37:23 ET
Table 'Imhotep' 6-max Seat #6 is the button
Seat 5: Aragorn ll ($191.01 in chips)
Seat 6: B_loJkl ($144.50 in chips)
B_loJkl: posts small blind $1
Aragorn ll: posts big blind $3
*** HOLE CARDS ***
B_loJkl: raises $3 to $6
Aragorn ll: calls $3
*** FLOP *** [Kh 8h 9d]
Aragorn ll: checks
B_loJkl: bets $3
Aragorn ll: raises $3 to $6
B_loJkl: calls $3
*** TURN *** [Kh 8h 9d] [2s]
Aragorn ll: bets $6
B_loJkl: raises $6 to $12
Aragorn ll: calls $6
*** RIVER *** [Kh 8h 9d 2s] [3h]
Aragorn ll: checks
B_loJkl: bets $6
Aragorn ll: calls $6
*** SHOW DOWN ***
B_loJkl: shows [Qh 2h] (a flush, King high)
Aragorn ll: mucks hand
B_loJkl collected $59.50 from pot
*** SUMMARY ***
Total pot $60 | Rake $0.50
Board [Kh 8h 9d 2s 3h]
Seat 5: Aragorn ll (big blind) mucked
Seat 6: B_loJkl (button) (small blind) showed [Qh 2h] and won ($59.50) with a flush, King high


PokerStars Hand #172632566061:  Hold'em Limit ($3/$6 USD) - 2017/07/05 8:38:41 ET
Table 'Imhotep' 6-max Seat #6 is the button
Seat 5: Aragorn ll ($132.01 in chips)
Seat 6: B_loJkl ($202.50 in chips)
B_loJkl: posts small blind $1
Aragorn ll: posts big blind $3
*** HOLE CARDS ***
B_loJkl: raises $3 to $6
Aragorn ll: raises $3 to $9
B_loJkl: calls $3
*** FLOP *** [6c 9c 3d]
Aragorn ll: bets $3
B_loJkl: calls $3
*** TURN *** [6c 9c 3d] [Jc]
Aragorn ll: bets $6
B_loJkl: calls $6
*** RIVER *** [6c 9c 3d Jc] [7h]
Aragorn ll: bets $6
B_loJkl: raises $6 to $12
Aragorn ll: calls $6
*** SHOW DOWN ***
B_loJkl: shows [6s 7d] (two pair, Sevens and Sixes)
Aragorn ll: mucks hand
B_loJkl collected $59.50 from pot
*** SUMMARY ***
Total pot $60 | Rake $0.50
Board [6c 9c 3d Jc 7h]
Seat 5: Aragorn ll (big blind) mucked
Seat 6: B_loJkl (button) (small blind) showed [6s 7d] and won ($59.50) with two pair, Sevens and Sixes


PokerStars Hand #172632584434:  Hold'em Limit ($3/$6 USD) - 2017/07/05 8:39:21 ET
Table 'Imhotep' 6-max Seat #5 is the button
Seat 5: Aragorn ll ($102.01 in chips)
Seat 6: B_loJkl ($232 in chips)
Aragorn ll: posts small blind $1
B_loJkl: posts big blind $3
*** HOLE CARDS ***
Aragorn ll: raises $3 to $6
B_loJkl: folds
Uncalled bet ($3) returned to Aragorn ll
Aragorn ll collected $6 from pot
Aragorn ll: doesn't show hand
*** SUMMARY ***
Total pot $6 | Rake $0
Seat 5: Aragorn ll (button) (small blind) collected ($6)
Seat 6: B_loJkl (big blind) folded before Flop


PokerStars Hand #172632607236:  Hold'em Limit ($3/$6 USD) - 2017/07/05 8:40:11 ET
Table 'Imhotep' 6-max Seat #5 is the button
Seat 5: Aragorn ll ($122.51 in chips)
Seat 6: B_loJkl ($211 in chips)
Aragorn ll: posts small blind $1
B_loJkl: posts big blind $3
*** HOLE CARDS ***
Aragorn ll: raises $3 to $6
B_loJkl: calls $3
*** FLOP *** [2s Tc Kd]
B_loJkl: checks
Aragorn ll: checks
*** TURN *** [2s Tc Kd] [Td]
B_loJkl: checks
Aragorn ll: bets $6
B_loJkl: calls $6
*** RIVER *** [2s Tc Kd Td] [Qh]
anebodil joins the table at seat #2
B_loJkl: checks
Ale4o joins the table at seat #3
Aragorn ll: bets $6
B_loJkl: raises $6 to $12
Aragorn ll: calls $6
*** SHOW DOWN ***
B_loJkl: shows [Js 9d] (a straight, Nine to King)
Aragorn ll: mucks hand
B_loJkl collected $47.50 from pot
*** SUMMARY ***
Total pot $48 | Rake $0.50
Board [2s Tc Kd Td Qh]
Seat 5: Aragorn ll (button) (small blind) mucked
Seat 6: B_loJkl (big blind) showed [Js 9d] and won ($47.50) with a straight, Nine to King


PokerStars Hand #172632588014:  Hold'em Limit ($3/$6 USD) - 2017/07/05 8:39:29 ET
Table 'Imhotep' 6-max Seat #6 is the button
Seat 5: Aragorn ll ($105.01 in chips)
Seat 6: B_loJkl ($229 in chips)
B_loJkl: posts small blind $1
Aragorn ll: posts big blind $3
*** HOLE CARDS ***
B_loJkl: raises $3 to $6
Aragorn ll: raises $3 to $9
B_loJkl: calls $3
*** FLOP *** [Ah 9s 4d]
Aragorn ll: bets $3
B_loJkl: calls $3
*** TURN *** [Ah 9s 4d] [5s]
Aragorn ll: bets $6
B_loJkl: calls $6
*** RIVER *** [Ah 9s 4d 5s] [6h]
Aragorn ll: bets $6
B_loJkl: folds
Uncalled bet ($6) returned to Aragorn ll
Aragorn ll collected $35.50 from pot
Aragorn ll: doesn't show hand
*** SUMMARY ***
Total pot $36 | Rake $0.50
Board [Ah 9s 4d 5s 6h]
Seat 5: Aragorn ll (big blind) collected ($35.50)
Seat 6: B_loJkl (button) (small blind) folded on the River


PokerStars Hand #172633417728:  Hold'em Limit ($3/$6 USD) - 2017/07/05 9:09:50 ET
Table 'Imhotep' 6-max Seat #5 is the button
Seat 1: Ale4o ($186.53 in chips)
Seat 5: Aragorn ll ($157.79 in chips)
Aragorn ll: posts small blind $1
Ale4o: posts big blind $3
*** HOLE CARDS ***
Aragorn ll: folds
Uncalled bet ($2) returned to Ale4o
Ale4o collected $2 from pot
Ale4o: doesn't show hand
*** SUMMARY ***
Total pot $2 | Rake $0
Seat 1: Ale4o (big blind) collected ($2)
Seat 5: Aragorn ll (button) (small blind) folded before Flop


PokerStars Hand #172633427277:  Hold'em Limit ($3/$6 USD) - 2017/07/05 9:10:09 ET
Table 'Imhotep' 6-max Seat #5 is the button
Seat 1: Ale4o ($166.53 in chips)
Seat 5: Aragorn ll ($177.29 in chips)
Aragorn ll: posts small blind $1
Ale4o: posts big blind $3
*** HOLE CARDS ***
Aragorn ll: calls $2
Ale4o: raises $3 to $6
Aragorn ll: calls $3
*** FLOP *** [7d 2s 7c]
Ale4o: bets $3
Aragorn ll: calls $3
*** TURN *** [7d 2s 7c] [8c]
Ale4o: checks
Aragorn ll: checks
*** RIVER *** [7d 2s 7c 8c] [8h]
Ale4o: checks
Aragorn ll: checks
*** SHOW DOWN ***
Ale4o: shows [Js Ac] (two pair, Eights and Sevens)
Aragorn ll: mucks hand
Ale4o collected $17.64 from pot
*** SUMMARY ***
Total pot $18 | Rake $0.36
Board [7d 2s 7c 8c 8h]
Seat 1: Ale4o (big blind) showed [Js Ac] and won ($17.64) with two pair, Eights and Sevens
Seat 5: Aragorn ll (button) (small blind) mucked


PokerStars Hand #172633434219:  Hold'em Limit ($3/$6 USD) - 2017/07/05 9:10:23 ET
Table 'Imhotep' 6-max Seat #1 is the button
Seat 1: Ale4o ($175.17 in chips)
Seat 5: Aragorn ll ($168.29 in chips)
Ale4o: posts small blind $1
Aragorn ll: posts big blind $3
*** HOLE CARDS ***
Ale4o: raises $3 to $6
Aragorn ll: calls $3
*** FLOP *** [Jh 4c Ts]
Aragorn ll: checks
Ale4o: bets $3
Aragorn ll: folds
Uncalled bet ($3) returned to Ale4o
Ale4o collected $11.76 from pot
Ale4o: doesn't show hand
*** SUMMARY ***
Total pot $12 | Rake $0.24
Board [Jh 4c Ts]
Seat 1: Ale4o (button) (small blind) collected ($11.76)
Seat 5: Aragorn ll (big blind) folded on the Flop


PokerStars Hand #172633419984:  Hold'em Limit ($3/$6 USD) - 2017/07/05 9:09:54 ET
Table 'Imhotep' 6-max Seat #1 is the button
Seat 1: Ale4o ($187.53 in chips)
Seat 5: Aragorn ll ($156.79 in chips)
Ale4o: posts small blind $1
Aragorn ll: posts big blind $3
*** HOLE CARDS ***
Ale4o: raises $3 to $6
Aragorn ll: calls $3
*** FLOP *** [Jd 6h 4c]
Pilowski leaves the table
Aragorn ll: bets $3
Ale4o: calls $3
*** TURN *** [Jd 6h 4c] [Th]
Aragorn ll: bets $6
Ale4o: calls $6
*** RIVER *** [Jd 6h 4c Th] [5h]
Aragorn ll: bets $6
Ale4o: calls $6
*** SHOW DOWN ***
Aragorn ll: shows [3d 2d] (a straight, Deuce to Six)
Ale4o: mucks hand
Aragorn ll collected $41.50 from pot
*** SUMMARY ***
Total pot $42 | Rake $0.50
Board [Jd 6h 4c Th 5h]
Seat 1: Ale4o (button) (small blind) mucked
Seat 5: Aragorn ll (big blind) showed [3d 2d] and won ($41.50) with a straight, Deuce to Six


PokerStars Hand #172633462619:  Hold'em Limit ($3/$6 USD) - 2017/07/05 9:11:21 ET
Table 'Imhotep' 6-max Seat #1 is the button
Seat 1: Ale4o ($150.69 in chips)
Seat 5: Aragorn ll ($191.29 in chips)
Ale4o: posts small blind $1
Aragorn ll: posts big blind $3
*** HOLE CARDS ***
Ale4o: raises $3 to $6
Aragorn ll: calls $3
*** FLOP *** [5d 8h 3h]
Aragorn ll: checks
Ale4o: bets $3
Aragorn ll: calls $3
*** TURN *** [5d 8h 3h] [3d]
Aragorn ll: checks
Ale4o: bets $6
Aragorn ll: raises $6 to $12
Ale4o: folds
Uncalled bet ($6) returned to Aragorn ll
Aragorn ll collected $29.50 from pot
Aragorn ll: doesn't show hand
*** SUMMARY ***
Total pot $30 | Rake $0.50
Board [5d 8h 3h 3d]
Seat 1: Ale4o (button) (small blind) folded on the Turn
Seat 5: Aragorn ll (big blind) collected ($29.50)


PokerStars Hand #172633445978:  Hold'em Limit ($3/$6 USD) - 2017/07/05 9:10:47 ET
Table 'Imhotep' 6-max Seat #1 is the button
Seat 1: Ale4o ($159.93 in chips)
Seat 5: Aragorn ll ($182.79 in chips)
Ale4o: posts small blind $1
Aragorn ll: posts big blind $3
*** HOLE CARDS ***
Ale4o: raises $3 to $6
Aragorn ll: calls $3
*** FLOP *** [3h Ah 3c]
Aragorn ll: bets $3
Ale4o: calls $3
*** TURN *** [3h Ah 3c] [2d]
Aragorn ll: checks
Ale4o: bets $6
Aragorn ll: calls $6
*** RIVER *** [3h Ah 3c 2d] [Qc]
Aragorn ll: checks
Ale4o: checks
*** SHOW DOWN ***
Aragorn ll: shows [Td Ks] (a pair of Threes)
Ale4o: mucks hand
Aragorn ll collected $29.50 from pot
*** SUMMARY ***
Total pot $30 | Rake $0.50
Board [3h Ah 3c 2d Qc]
Seat 1: Ale4o (button) (small blind) mucked
Seat 5: Aragorn ll (big blind) showed [Td Ks] and won ($29.50) with a pair of Threes


PokerStars Hand #172633438862:  Hold'em Limit ($3/$6 USD) - 2017/07/05 9:10:33 ET
Table 'Imhotep' 6-max Seat #5 is the button
Seat 1: Ale4o ($180.93 in chips)
Seat 5: Aragorn ll ($162.29 in chips)
Aragorn ll: posts small blind $1
Ale4o: posts big blind $3
*** HOLE CARDS ***
Aragorn ll: raises $3 to $6
Ale4o: calls $3
*** FLOP *** [2c Jd Jh]
Ale4o: checks
Aragorn ll: bets $3
Ale4o: calls $3
*** TURN *** [2c Jd Jh] [4s]
Ale4o: checks
Aragorn ll: bets $6
Ale4o: calls $6
*** RIVER *** [2c Jd Jh 4s] [6h]
Ale4o: checks
Aragorn ll: bets $6
Ale4o: calls $6
*** SHOW DOWN ***
Aragorn ll: shows [Ac 5d] (a pair of Jacks)
Ale4o: mucks hand
Aragorn ll collected $41.50 from pot
*** SUMMARY ***
Total pot $42 | Rake $0.50
Board [2c Jd Jh 4s 6h]
Seat 1: Ale4o (big blind) mucked
Seat 5: Aragorn ll (button) (small blind) showed [Ac 5d] and won ($41.50) with a pair of Jacks


PokerStars Hand #172633455092:  Hold'em Limit ($3/$6 USD) - 2017/07/05 9:11:06 ET
Table 'Imhotep' 6-max Seat #5 is the button
Seat 1: Ale4o ($144.93 in chips)
Seat 5: Aragorn ll ($197.29 in chips)
Aragorn ll: posts small blind $1
Ale4o: posts big blind $3
*** HOLE CARDS ***
Aragorn ll: raises $3 to $6
Ale4o: calls $3
*** FLOP *** [Jc 8h 5c]
Ale4o: checks
Aragorn ll: checks
*** TURN *** [Jc 8h 5c] [8s]
Ale4o: checks
Aragorn ll: checks
*** RIVER *** [Jc 8h 5c 8s] [6h]
Ale4o: checks
Aragorn ll: checks
*** SHOW DOWN ***
Ale4o: shows [Ks Ac] (a pair of Eights)
Aragorn ll: mucks hand
Ale4o collected $11.76 from pot
*** SUMMARY ***
Total pot $12 | Rake $0.24
Board [Jc 8h 5c 8s 6h]
Seat 1: Ale4o (big blind) showed [Ks Ac] and won ($11.76) with a pair of Eights
Seat 5: Aragorn ll (button) (small blind) mucked


PokerStars Hand #172633477829:  Hold'em Limit ($3/$6 USD) - 2017/07/05 9:11:52 ET
Table 'Imhotep' 6-max Seat #1 is the button
Seat 1: Ale4o ($102.69 in chips)
Seat 5: Aragorn ll ($238.29 in chips)
Ale4o: posts small blind $1
Aragorn ll: posts big blind $3
*** HOLE CARDS ***
Ale4o: raises $3 to $6
Aragorn ll: folds
Uncalled bet ($3) returned to Ale4o
Ale4o collected $6 from pot
Ale4o: doesn't show hand
*** SUMMARY ***
Total pot $6 | Rake $0
Seat 1: Ale4o (button) (small blind) collected ($6)
Seat 5: Aragorn ll (big blind) folded before Flop


PokerStars Hand #172633469987:  Hold'em Limit ($3/$6 USD) - 2017/07/05 9:11:36 ET
Table 'Imhotep' 6-max Seat #5 is the button
Seat 1: Ale4o ($135.69 in chips)
Seat 5: Aragorn ll ($205.79 in chips)
Aragorn ll: posts small blind $1
Ale4o: posts big blind $3
*** HOLE CARDS ***
Aragorn ll: raises $3 to $6
Ale4o: calls $3
*** FLOP *** [Qs Ts Qh]
Ale4o: checks
Aragorn ll: bets $3
Ale4o: calls $3
*** TURN *** [Qs Ts Qh] [2d]
Ale4o: checks
Aragorn ll: bets $6
Ale4o: raises $6 to $12
Aragorn ll: raises $6 to $18
Ale4o: calls $6
*** RIVER *** [Qs Ts Qh 2d] [Ad]
Ale4o: checks
Aragorn ll: bets $6
Ale4o: calls $6
*** SHOW DOWN ***
Aragorn ll: shows [Qc 6c] (three of a kind, Queens)
Ale4o: mucks hand
Aragorn ll collected $65.50 from pot
*** SUMMARY ***
Total pot $66 | Rake $0.50
Board [Qs Ts Qh 2d Ad]
Seat 1: Ale4o (big blind) mucked
Seat 5: Aragorn ll (button) (small blind) showed [Qc 6c] and won ($65.50) with three of a kind, Queens


PokerStars Hand #172633486298:  Hold'em Limit ($3/$6 USD) - 2017/07/05 9:12:09 ET
Table 'Imhotep' 6-max Seat #1 is the button
Seat 1: Ale4o ($87.69 in chips)
Seat 5: Aragorn ll ($252.79 in chips)
Ale4o: posts small blind $1
Aragorn ll: posts big blind $3
*** HOLE CARDS ***
Ale4o: raises $3 to $6
Aragorn ll: folds
Uncalled bet ($3) returned to Ale4o
Ale4o collected $6 from pot
Ale4o: doesn't show hand
*** SUMMARY ***
Total pot $6 | Rake $0
Seat 1: Ale4o (button) (small blind) collected ($6)
Seat 5: Aragorn ll (big blind) folded before Flop


PokerStars Hand #172633480279:  Hold'em Limit ($3/$6 USD) - 2017/07/05 9:11:57 ET
Table 'Imhotep' 6-max Seat #5 is the button
Seat 1: Ale4o ($105.69 in chips)
Seat 5: Aragorn ll ($235.29 in chips)
Aragorn ll: posts small blind $1
Ale4o: posts big blind $3
*** HOLE CARDS ***
Aragorn ll: raises $3 to $6
Ale4o: calls $3
*** FLOP *** [4h 8c 5h]
Ale4o: checks
Aragorn ll: checks
*** TURN *** [4h 8c 5h] [2h]
Ale4o: bets $6
Aragorn ll: calls $6
*** RIVER *** [4h 8c 5h 2h] [Jc]
Ale4o: bets $6
Aragorn ll: calls $6
*** SHOW DOWN ***
Ale4o: shows [Ks 3s] (high card King)
Aragorn ll: shows [6h 6s] (a pair of Sixes)
Aragorn ll collected $35.50 from pot
*** SUMMARY ***
Total pot $36 | Rake $0.50
Board [4h 8c 5h 2h Jc]
Seat 1: Ale4o (big blind) showed [Ks 3s] and lost with high card King
Seat 5: Aragorn ll (button) (small blind) showed [6h 6s] and won ($35.50) with a pair of Sixes


PokerStars Hand #172633632850:  Hold'em Limit ($3/$6 USD) - 2017/07/05 9:17:07 ET
Table 'Imhotep' 6-max Seat #5 is the button
Seat 1: Ale4o ($132.10 in chips)
Seat 5: Aragorn ll ($291.46 in chips)
Aragorn ll: posts small blind $1
Ale4o: posts big blind $3
*** HOLE CARDS ***
Aragorn ll: folds
Uncalled bet ($2) returned to Ale4o
Ale4o collected $2 from pot
Ale4o: doesn't show hand
*** SUMMARY ***
Total pot $2 | Rake $0
Seat 1: Ale4o (big blind) collected ($2)
Seat 5: Aragorn ll (button) (small blind) folded before Flop


PokerStars Hand #172633639374:  Hold'em Limit ($3/$6 USD) - 2017/07/05 9:17:20 ET
Table 'Imhotep' 6-max Seat #5 is the button
Seat 1: Ale4o ($124.10 in chips)
Seat 5: Aragorn ll ($299.10 in chips)
Aragorn ll: posts small blind $1
Ale4o: posts big blind $3
*** HOLE CARDS ***
Aragorn ll: raises $3 to $6
Ale4o: calls $3
*** FLOP *** [6s 9d 3s]
Ale4o: checks
Aragorn ll: checks
*** TURN *** [6s 9d 3s] [Js]
Ale4o: checks
Aragorn ll: checks
*** RIVER *** [6s 9d 3s Js] [As]
Ale4o: checks
Aragorn ll: bets $6
Ale4o: calls $6
*** SHOW DOWN ***
Aragorn ll: shows [Ts Qh] (a flush, Ace high)
Ale4o: mucks hand
Aragorn ll collected $23.52 from pot
*** SUMMARY ***
Total pot $24 | Rake $0.48
Board [6s 9d 3s Js As]
Seat 1: Ale4o (big blind) mucked
Seat 5: Aragorn ll (button) (small blind) showed [Ts Qh] and won ($23.52) with a flush, Ace high


PokerStars Hand #172633635085:  Hold'em Limit ($3/$6 USD) - 2017/07/05 9:17:11 ET
Table 'Imhotep' 6-max Seat #1 is the button
Seat 1: Ale4o ($133.10 in chips)
Seat 5: Aragorn ll ($290.46 in chips)
Ale4o: posts small blind $1
Aragorn ll: posts big blind $3
*** HOLE CARDS ***
Ale4o: raises $3 to $6
Aragorn ll: raises $3 to $9
Ale4o: calls $3
*** FLOP *** [7d 4d 6h]
Aragorn ll: bets $3
Ale4o: folds
Uncalled bet ($3) returned to Aragorn ll
Aragorn ll collected $17.64 from pot
Aragorn ll: doesn't show hand
*** SUMMARY ***
Total pot $18 | Rake $0.36
Board [7d 4d 6h]
Seat 1: Ale4o (button) (small blind) folded on the Flop
Seat 5: Aragorn ll (big blind) collected ($17.64)


PokerStars Hand #172633651577:  Hold'em Limit ($3/$6 USD) - 2017/07/05 9:17:45 ET
Table 'Imhotep' 6-max Seat #1 is the button
Seat 1: Ale4o ($116.10 in chips)
Seat 5: Aragorn ll ($306.62 in chips)
Ale4o: posts small blind $1
Aragorn ll: posts big blind $3
*** HOLE CARDS ***
Ale4o: raises $3 to $6
Aragorn ll: calls $3
*** FLOP *** [As 7h Ad]
Aragorn ll: bets $3
Ale4o: calls $3
*** TURN *** [As 7h Ad] [Kc]
Aragorn ll: bets $6
Ale4o: calls $6
*** RIVER *** [As 7h Ad Kc] [9h]
Aragorn ll: bets $6
Ale4o: calls $6
*** SHOW DOWN ***
Aragorn ll: shows [Ks 4s] (two pair, Aces and Kings)
Ale4o: mucks hand
Aragorn ll collected $41.50 from pot
*** SUMMARY ***
Total pot $42 | Rake $0.50
Board [As 7h Ad Kc 9h]
Seat 1: Ale4o (button) (small blind) mucked
Seat 5: Aragorn ll (big blind) showed [Ks 4s] and won ($41.50) with two pair, Aces and Kings


PokerStars Hand #172633649368:  Hold'em Limit ($3/$6 USD) - 2017/07/05 9:17:40 ET
Table 'Imhotep' 6-max Seat #5 is the button
Seat 1: Ale4o ($115.10 in chips)
Seat 5: Aragorn ll ($307.62 in chips)
Aragorn ll: posts small blind $1
Ale4o: posts big blind $3
*** HOLE CARDS ***
Aragorn ll: folds
Uncalled bet ($2) returned to Ale4o
Ale4o collected $2 from pot
Ale4o: doesn't show hand
*** SUMMARY ***
Total pot $2 | Rake $0
Seat 1: Ale4o (big blind) collected ($2)
Seat 5: Aragorn ll (button) (small blind) folded before Flop


PokerStars Hand #172633646004:  Hold'em Limit ($3/$6 USD) - 2017/07/05 9:17:33 ET
Table 'Imhotep' 6-max Seat #1 is the button
Seat 1: Ale4o ($112.10 in chips)
Seat 5: Aragorn ll ($310.62 in chips)
Ale4o: posts small blind $1
Aragorn ll: posts big blind $3
*** HOLE CARDS ***
Ale4o: raises $3 to $6
Aragorn ll: folds
Uncalled bet ($3) returned to Ale4o
Ale4o collected $6 from pot
Ale4o: doesn't show hand
*** SUMMARY ***
Total pot $6 | Rake $0
Seat 1: Ale4o (button) (small blind) collected ($6)
Seat 5: Aragorn ll (big blind) folded before Flop


PokerStars Hand #172633660438:  Hold'em Limit ($3/$6 USD) - 2017/07/05 9:18:03 ET
Table 'Imhotep' 6-max Seat #5 is the button
Seat 1: Ale4o ($95.10 in chips)
Seat 5: Aragorn ll ($327.12 in chips)
Aragorn ll: posts small blind $1
Ale4o: posts big blind $3
*** HOLE CARDS ***
Aragorn ll: calls $2
Ale4o: checks
*** FLOP *** [9d 2c 3s]
Ale4o: checks
Aragorn ll: checks
*** TURN *** [9d 2c 3s] [7d]
Ale4o: bets $6
Aragorn ll: calls $6
*** RIVER *** [9d 2c 3s 7d] [4s]
Ale4o: checks
Aragorn ll: bets $6
Ale4o: folds
Uncalled bet ($6) returned to Aragorn ll
Aragorn ll collected $17.64 from pot
Aragorn ll: doesn't show hand
*** SUMMARY ***
Total pot $18 | Rake $0.36
Board [9d 2c 3s 7d 4s]
Seat 1: Ale4o (big blind) folded on the River
Seat 5: Aragorn ll (button) (small blind) collected ($17.64)


PokerStars Hand #172633669754:  Hold'em Limit ($3/$6 USD) - 2017/07/05 9:18:22 ET
Table 'Imhotep' 6-max Seat #1 is the button
Seat 1: Ale4o ($86.10 in chips)
Seat 6: B_loJkl ($212.82 in chips)
Ale4o: posts small blind $1
B_loJkl: posts big blind $3
*** HOLE CARDS ***
Ale4o: raises $3 to $6
Aragorn ll leaves the table
B_loJkl: calls $3
*** FLOP *** [3c 8s 2h]
B_loJkl: bets $3
Ale4o: calls $3
*** TURN *** [3c 8s 2h] [8c]
B_loJkl: bets $6
Ale4o: folds
Uncalled bet ($6) returned to B_loJkl
B_loJkl collected $17.64 from pot
B_loJkl: doesn't show hand
*** SUMMARY ***
Total pot $18 | Rake $0.36
Board [3c 8s 2h 8c]
Seat 1: Ale4o (button) (small blind) folded on the Turn
Seat 6: B_loJkl (big blind) collected ($17.64)


PokerStars Hand #172634774725:  Hold'em Limit ($3/$6 USD) - 2017/07/05 9:55:14 ET
Table 'Imhotep' 6-max Seat #6 is the button
Seat 1: Opal10 ($182.12 in chips)
Seat 6: Aragorn ll ($77.38 in chips)
Aragorn ll: posts small blind $1
Opal10: posts big blind $3
*** HOLE CARDS ***
Aragorn ll: folds
Uncalled bet ($2) returned to Opal10
Opal10 collected $2 from pot
Opal10: doesn't show hand
*** SUMMARY ***
Total pot $2 | Rake $0
Seat 1: Opal10 (big blind) collected ($2)
Seat 6: Aragorn ll (button) (small blind) folded before Flop


PokerStars Hand #172634770551:  Hold'em Limit ($3/$6 USD) - 2017/07/05 9:55:04 ET
Table 'Imhotep' 6-max Seat #1 is the button
Seat 1: Opal10 ($185.12 in chips)
Seat 6: Aragorn ll ($74.50 in chips)
Opal10: posts small blind $1
Aragorn ll: posts big blind $3
*** HOLE CARDS ***
Opal10: calls $2
Aragorn ll: checks
*** FLOP *** [Ad 9h Ah]
zepsweden joins the table at seat #5
Aragorn ll: bets $3
Opal10: folds
Uncalled bet ($3) returned to Aragorn ll
Aragorn ll collected $5.88 from pot
Aragorn ll: doesn't show hand
*** SUMMARY ***
Total pot $6 | Rake $0.12
Board [Ad 9h Ah]
Seat 1: Opal10 (button) (small blind) folded on the Flop
Seat 6: Aragorn ll (big blind) collected ($5.88)


PokerStars Hand #172634759311:  Hold'em Limit ($3/$6 USD) - 2017/07/05 9:54:42 ET
Table 'Imhotep' 6-max Seat #6 is the button
Seat 1: Opal10 ($200.12 in chips)
Seat 6: Aragorn ll ($60 in chips)
Aragorn ll: posts small blind $1
Opal10: posts big blind $3
*** HOLE CARDS ***
Aragorn ll: raises $3 to $6
Opal10: calls $3
*** FLOP *** [Qd 2s Kd]
Opal10: checks
Aragorn ll: bets $3
Opal10: calls $3
*** TURN *** [Qd 2s Kd] [7h]
Opal10: bets $6
Aragorn ll: calls $6
*** RIVER *** [Qd 2s Kd 7h] [Tc]
Opal10: checks
Aragorn ll: bets $6
Opal10: folds
Uncalled bet ($6) returned to Aragorn ll
Aragorn ll collected $29.50 from pot
Aragorn ll: doesn't show hand
*** SUMMARY ***
Total pot $30 | Rake $0.50
Board [Qd 2s Kd 7h Tc]
Seat 1: Opal10 (big blind) folded on the River
Seat 6: Aragorn ll (button) (small blind) collected ($29.50)


PokerStars Hand #172634805908:  Hold'em Limit ($3/$6 USD) - 2017/07/05 9:56:25 ET
Table 'Imhotep' 6-max Seat #1 is the button
Seat 1: Opal10 ($145.12 in chips)
Seat 6: Aragorn ll ($79.17 in chips)
Opal10: posts small blind $1
Aragorn ll: posts big blind $3
*** HOLE CARDS ***
Opal10: calls $2
Aragorn ll: checks
*** FLOP *** [2h 8s Ac]
Aragorn ll: bets $3
Opal10: folds
Uncalled bet ($3) returned to Aragorn ll
Aragorn ll collected $5.88 from pot
Aragorn ll: doesn't show hand
*** SUMMARY ***
Total pot $6 | Rake $0.12
Board [2h 8s Ac]
Seat 1: Opal10 (button) (small blind) folded on the Flop
Seat 6: Aragorn ll (big blind) collected ($5.88)


PokerStars Hand #172635056477:  Hold'em Limit ($3/$6 USD) - 2017/07/05 10:05:18 ET
Table 'Imhotep' 6-max Seat #1 is the button
Seat 1: Opal10 ($42.06 in chips)
Seat 6: Aragorn ll ($152.13 in chips)
Opal10: posts small blind $1
Aragorn ll: posts big blind $3
*** HOLE CARDS ***
Opal10: folds
Uncalled bet ($2) returned to Aragorn ll
Aragorn ll collected $2 from pot
Aragorn ll: doesn't show hand
*** SUMMARY ***
Total pot $2 | Rake $0
Seat 1: Opal10 (button) (small blind) folded before Flop
Seat 6: Aragorn ll (big blind) collected ($2)


PokerStars Hand #172635058707:  Hold'em Limit ($3/$6 USD) - 2017/07/05 10:05:22 ET
Table 'Imhotep' 6-max Seat #6 is the button
Seat 1: Opal10 ($41.06 in chips)
Seat 6: Aragorn ll ($153.13 in chips)
Aragorn ll: posts small blind $1
Opal10: posts big blind $3
*** HOLE CARDS ***
Aragorn ll: raises $3 to $6
Opal10: calls $3
*** FLOP *** [Qh 7d 9c]
Opal10: bets $3
Aragorn ll: raises $3 to $6
Opal10: calls $3
*** TURN *** [Qh 7d 9c] [7s]
Opal10: bets $6
Aragorn ll: raises $6 to $12
Opal10: calls $6
*** RIVER *** [Qh 7d 9c 7s] [As]
Opal10: checks
Aragorn ll: bets $6
Opal10: folds
Uncalled bet ($6) returned to Aragorn ll
Aragorn ll collected $47.50 from pot
Aragorn ll: doesn't show hand
*** SUMMARY ***
Total pot $48 | Rake $0.50
Board [Qh 7d 9c 7s As]
Seat 1: Opal10 (big blind) folded on the River
Seat 6: Aragorn ll (button) (small blind) collected ($47.50)


