PokerStars Hand #150215140743:  Hold'em Limit ($3/$6 USD) - 2016/03/11 21:41:54 ET
Table 'Immo' 6-max Seat #3 is the button
Seat 2: engine12888 ($414.49 in chips)
Seat 3: Chessnok ($84.38 in chips)
Chessnok: posts small blind $1
JayEm82: is sitting out
engine12888: posts big blind $3
*** HOLE CARDS ***
Chessnok: folds
Uncalled bet ($2) returned to engine12888
engine12888 collected $2 from pot
engine12888: doesn't show hand
*** SUMMARY ***
Total pot $2 | Rake $0
Seat 2: engine12888 (big blind) collected ($2)
Seat 3: Chessnok (button) (small blind) folded before Flop


PokerStars Hand #150215155396:  Hold'em Limit ($3/$6 USD) - 2016/03/11 21:42:27 ET
Table 'Immo' 6-max Seat #3 is the button
Seat 2: engine12888 ($385.49 in chips)
Seat 3: Chessnok ($112.88 in chips)
Chessnok: posts small blind $1
engine12888: posts big blind $3
*** HOLE CARDS ***
Chessnok: raises $3 to $6
engine12888: raises $3 to $9
Chessnok: calls $3
*** FLOP *** [7d As Qh]
engine12888: bets $3
Chessnok: folds
Uncalled bet ($3) returned to engine12888
engine12888 collected $17.64 from pot
engine12888: doesn't show hand
*** SUMMARY ***
Total pot $18 | Rake $0.36
Board [7d As Qh]
Seat 2: engine12888 (big blind) collected ($17.64)
Seat 3: Chessnok (button) (small blind) folded on the Flop


PokerStars Hand #150215143307:  Hold'em Limit ($3/$6 USD) - 2016/03/11 21:42:00 ET
Table 'Immo' 6-max Seat #2 is the button
Seat 2: engine12888 ($415.49 in chips)
Seat 3: Chessnok ($83.38 in chips)
JayEm82 leaves the table
engine12888: posts small blind $1
Chessnok: posts big blind $3
*** HOLE CARDS ***
engine12888: raises $3 to $6
Chessnok: calls $3
*** FLOP *** [Qc 8d 5c]
Chessnok: bets $3
engine12888: raises $3 to $6
Chessnok: calls $3
*** TURN *** [Qc 8d 5c] [Ks]
Chessnok: checks
engine12888: bets $6
Chessnok: raises $6 to $12
engine12888: calls $6
*** RIVER *** [Qc 8d 5c Ks] [7d]
Chessnok: bets $6
engine12888: calls $6
*** SHOW DOWN ***
Chessnok: shows [Kh 7s] (two pair, Kings and Sevens)
engine12888: mucks hand
Chessnok collected $59.50 from pot
*** SUMMARY ***
Total pot $60 | Rake $0.50
Board [Qc 8d 5c Ks 7d]
Seat 2: engine12888 (button) (small blind) mucked
Seat 3: Chessnok (big blind) showed [Kh 7s] and won ($59.50) with two pair, Kings and Sevens


PokerStars Hand #150215160995:  Hold'em Limit ($3/$6 USD) - 2016/03/11 21:42:40 ET
Table 'Immo' 6-max Seat #2 is the button
Seat 2: engine12888 ($394.13 in chips)
Seat 3: Chessnok ($103.88 in chips)
engine12888: posts small blind $1
Chessnok: posts big blind $3
*** HOLE CARDS ***
engine12888: raises $3 to $6
Chessnok: calls $3
*** FLOP *** [6d 6c Kh]
Chessnok: checks
engine12888: bets $3
Chessnok: folds
Uncalled bet ($3) returned to engine12888
engine12888 collected $11.76 from pot
*** SUMMARY ***
Total pot $12 | Rake $0.24
Board [6d 6c Kh]
Seat 2: engine12888 (button) (small blind) collected ($11.76)
Seat 3: Chessnok (big blind) folded on the Flop


PokerStars Hand #150215180123:  Hold'em Limit ($3/$6 USD) - 2016/03/11 21:43:23 ET
Table 'Immo' 6-max Seat #2 is the button
Seat 2: engine12888 ($393.89 in chips)
Seat 3: Chessnok ($103.64 in chips)
engine12888: posts small blind $1
Chessnok: posts big blind $3
*** HOLE CARDS ***
engine12888: raises $3 to $6
Chessnok: folds
Uncalled bet ($3) returned to engine12888
engine12888 collected $6 from pot
engine12888: doesn't show hand
*** SUMMARY ***
Total pot $6 | Rake $0
Seat 2: engine12888 (button) (small blind) collected ($6)
Seat 3: Chessnok (big blind) folded before Flop


PokerStars Hand #150215168448:  Hold'em Limit ($3/$6 USD) - 2016/03/11 21:42:56 ET
Table 'Immo' 6-max Seat #3 is the button
Seat 2: engine12888 ($399.89 in chips)
Seat 3: Chessnok ($97.88 in chips)
Chessnok: posts small blind $1
engine12888: posts big blind $3
*** HOLE CARDS ***
Chessnok: raises $3 to $6
engine12888: calls $3
*** FLOP *** [Kh As Th]
engine12888: checks
Chessnok: bets $3
engine12888: folds
Uncalled bet ($3) returned to Chessnok
Chessnok collected $11.76 from pot
Chessnok: doesn't show hand
*** SUMMARY ***
Total pot $12 | Rake $0.24
Board [Kh As Th]
Seat 2: engine12888 (big blind) folded on the Flop
Seat 3: Chessnok (button) (small blind) collected ($11.76)


PokerStars Hand #150215208012:  Hold'em Limit ($3/$6 USD) - 2016/03/11 21:44:25 ET
Table 'Immo' 6-max Seat #3 is the button
Seat 2: engine12888 ($436.15 in chips)
Seat 3: Chessnok ($60.64 in chips)
Chessnok: posts small blind $1
engine12888: posts big blind $3
*** HOLE CARDS ***
Chessnok: folds
Uncalled bet ($2) returned to engine12888
engine12888 collected $2 from pot
engine12888: doesn't show hand
*** SUMMARY ***
Total pot $2 | Rake $0
Seat 2: engine12888 (big blind) collected ($2)
Seat 3: Chessnok (button) (small blind) folded before Flop


PokerStars Hand #150215205211:  Hold'em Limit ($3/$6 USD) - 2016/03/11 21:44:19 ET
Table 'Immo' 6-max Seat #2 is the button
Seat 2: engine12888 ($433.15 in chips)
Seat 3: Chessnok ($63.64 in chips)
engine12888: posts small blind $1
Chessnok: posts big blind $3
*** HOLE CARDS ***
engine12888: raises $3 to $6
Chessnok: folds
Uncalled bet ($3) returned to engine12888
engine12888 collected $6 from pot
engine12888: doesn't show hand
*** SUMMARY ***
Total pot $6 | Rake $0
Seat 2: engine12888 (button) (small blind) collected ($6)
Seat 3: Chessnok (big blind) folded before Flop


PokerStars Hand #150215202640:  Hold'em Limit ($3/$6 USD) - 2016/03/11 21:44:13 ET
Table 'Immo' 6-max Seat #3 is the button
Seat 2: engine12888 ($432.15 in chips)
Seat 3: Chessnok ($64.64 in chips)
Chessnok: posts small blind $1
engine12888: posts big blind $3
*** HOLE CARDS ***
Chessnok: folds
Uncalled bet ($2) returned to engine12888
engine12888 collected $2 from pot
engine12888: doesn't show hand
*** SUMMARY ***
Total pot $2 | Rake $0
Seat 2: engine12888 (big blind) collected ($2)
Seat 3: Chessnok (button) (small blind) folded before Flop


PokerStars Hand #150215195501:  Hold'em Limit ($3/$6 USD) - 2016/03/11 21:43:57 ET
Table 'Immo' 6-max Seat #2 is the button
Seat 2: engine12888 ($426.39 in chips)
Seat 3: Chessnok ($70.64 in chips)
engine12888: posts small blind $1
Chessnok: posts big blind $3
*** HOLE CARDS ***
engine12888: raises $3 to $6
Chessnok: calls $3
*** FLOP *** [Tc 7c Ts]
Chessnok: checks
engine12888: bets $3
Chessnok: folds
Uncalled bet ($3) returned to engine12888
engine12888 collected $11.76 from pot
engine12888: doesn't show hand
*** SUMMARY ***
Total pot $12 | Rake $0.24
Board [Tc 7c Ts]
Seat 2: engine12888 (button) (small blind) collected ($11.76)
Seat 3: Chessnok (big blind) folded on the Flop


PokerStars Hand #150215212284:  Hold'em Limit ($3/$6 USD) - 2016/03/11 21:44:35 ET
Table 'Immo' 6-max Seat #3 is the button
Seat 2: engine12888 ($436.15 in chips)
Seat 3: Chessnok ($61 in chips)
Chessnok: posts small blind $1
engine12888: posts big blind $3
*** HOLE CARDS ***
Chessnok: folds
Uncalled bet ($2) returned to engine12888
engine12888 collected $2 from pot
engine12888: doesn't show hand
*** SUMMARY ***
Total pot $2 | Rake $0
Seat 2: engine12888 (big blind) collected ($2)
Seat 3: Chessnok (button) (small blind) folded before Flop


PokerStars Hand #150215209692:  Hold'em Limit ($3/$6 USD) - 2016/03/11 21:44:29 ET
Table 'Immo' 6-max Seat #2 is the button
Seat 2: engine12888 ($437.15 in chips)
Seat 3: Chessnok ($60 in chips)
engine12888: posts small blind $1
Chessnok: posts big blind $3
*** HOLE CARDS ***
engine12888: folds
Uncalled bet ($2) returned to Chessnok
Chessnok collected $2 from pot
Chessnok: doesn't show hand
*** SUMMARY ***
Total pot $2 | Rake $0
Seat 2: engine12888 (button) (small blind) folded before Flop
Seat 3: Chessnok (big blind) collected ($2)


PokerStars Hand #150215183989:  Hold'em Limit ($3/$6 USD) - 2016/03/11 21:43:31 ET
Table 'Immo' 6-max Seat #3 is the button
Seat 2: engine12888 ($396.89 in chips)
Seat 3: Chessnok ($100.64 in chips)
Chessnok: posts small blind $1
engine12888: posts big blind $3
*** HOLE CARDS ***
Chessnok: raises $3 to $6
engine12888: raises $3 to $9
Chessnok: calls $3
*** FLOP *** [Qc Ac 8d]
engine12888: bets $3
Chessnok: calls $3
*** TURN *** [Qc Ac 8d] [7h]
engine12888: bets $6
Chessnok: raises $6 to $12
engine12888: calls $6
*** RIVER *** [Qc Ac 8d 7h] [8s]
engine12888: bets $6
Chessnok: calls $6
*** SHOW DOWN ***
engine12888: shows [9h 8c] (three of a kind, Eights)
Chessnok: mucks hand
engine12888 collected $59.50 from pot
*** SUMMARY ***
Total pot $60 | Rake $0.50
Board [Qc Ac 8d 7h 8s]
Seat 2: engine12888 (big blind) showed [9h 8c] and won ($59.50) with three of a kind, Eights
Seat 3: Chessnok (button) (small blind) mucked


PokerStars Hand #150215214373:  Hold'em Limit ($3/$6 USD) - 2016/03/11 21:44:40 ET
Table 'Immo' 6-max Seat #2 is the button
Seat 2: engine12888 ($437.15 in chips)
Seat 3: Chessnok ($60 in chips)
engine12888: posts small blind $1
Chessnok: posts big blind $3
*** HOLE CARDS ***
engine12888: raises $3 to $6
Chessnok: calls $3
*** FLOP *** [Kc Qc 4h]
Chessnok: checks
engine12888: checks
*** TURN *** [Kc Qc 4h] [8s]
Chessnok: bets $6
engine12888: folds
Uncalled bet ($6) returned to Chessnok
Chessnok collected $11.76 from pot
Chessnok: doesn't show hand
*** SUMMARY ***
Total pot $12 | Rake $0.24
Board [Kc Qc 4h 8s]
Seat 2: engine12888 (button) (small blind) folded on the Turn
Seat 3: Chessnok (big blind) collected ($11.76)


PokerStars Hand #150215222192:  Hold'em Limit ($3/$6 USD) - 2016/03/11 21:44:57 ET
Table 'Immo' 6-max Seat #3 is the button
Seat 2: engine12888 ($431.15 in chips)
Seat 3: Chessnok ($65.76 in chips)
Chessnok: posts small blind $1
engine12888: posts big blind $3
*** HOLE CARDS ***
Chessnok: raises $3 to $6
engine12888: raises $3 to $9
Chessnok: calls $3
*** FLOP *** [As 2c Ks]
engine12888: bets $3
Chessnok: calls $3
*** TURN *** [As 2c Ks] [4s]
engine12888: bets $6
Chessnok: raises $6 to $12
engine12888: calls $6
*** RIVER *** [As 2c Ks 4s] [2d]
engine12888: checks
Chessnok: bets $6
engine12888: calls $6
*** SHOW DOWN ***
Chessnok: shows [Ac 4h] (two pair, Aces and Fours)
engine12888: mucks hand
Chessnok collected $59.50 from pot
*** SUMMARY ***
Total pot $60 | Rake $0.50
Board [As 2c Ks 4s 2d]
Seat 2: engine12888 (big blind) mucked
Seat 3: Chessnok (button) (small blind) showed [Ac 4h] and won ($59.50) with two pair, Aces and Fours


PokerStars Hand #150215233462:  Hold'em Limit ($3/$6 USD) - 2016/03/11 21:45:23 ET
Table 'Immo' 6-max Seat #2 is the button
Seat 2: engine12888 ($401.15 in chips)
Seat 3: Chessnok ($95.26 in chips)
engine12888: posts small blind $1
Chessnok: posts big blind $3
*** HOLE CARDS ***
engine12888: calls $2
Chessnok: checks
*** FLOP *** [4d 2c 7s]
Chessnok: checks
engine12888: bets $3
Chessnok: calls $3
*** TURN *** [4d 2c 7s] [3c]
Chessnok: checks
engine12888: bets $6
Chessnok: raises $6 to $12
engine12888: calls $6
*** RIVER *** [4d 2c 7s 3c] [8s]
Chessnok: bets $6
engine12888: calls $6
*** SHOW DOWN ***
Chessnok: shows [2d 3s] (two pair, Threes and Deuces)
engine12888: mucks hand
Chessnok collected $47.50 from pot
*** SUMMARY ***
Total pot $48 | Rake $0.50
Board [4d 2c 7s 3c 8s]
Seat 2: engine12888 (button) (small blind) mucked
Seat 3: Chessnok (big blind) showed [2d 3s] and won ($47.50) with two pair, Threes and Deuces


PokerStars Hand #150215264968:  Hold'em Limit ($3/$6 USD) - 2016/03/11 21:46:34 ET
Table 'Immo' 6-max Seat #3 is the button
Seat 2: engine12888 ($347.15 in chips)
Seat 3: Chessnok ($148.02 in chips)
Chessnok: posts small blind $1
engine12888: posts big blind $3
*** HOLE CARDS ***
Chessnok: raises $3 to $6
engine12888: folds
Uncalled bet ($3) returned to Chessnok
Chessnok collected $6 from pot
Chessnok: doesn't show hand
*** SUMMARY ***
Total pot $6 | Rake $0
Seat 2: engine12888 (big blind) folded before Flop
Seat 3: Chessnok (button) (small blind) collected ($6)


PokerStars Hand #150215255519:  Hold'em Limit ($3/$6 USD) - 2016/03/11 21:46:13 ET
Table 'Immo' 6-max Seat #2 is the button
Seat 2: engine12888 ($353.15 in chips)
Seat 3: Chessnok ($142.26 in chips)
engine12888: posts small blind $1
Chessnok: posts big blind $3
*** HOLE CARDS ***
engine12888: raises $3 to $6
Chessnok: calls $3
*** FLOP *** [Th 2d 3s]
Chessnok: checks
engine12888: checks
*** TURN *** [Th 2d 3s] [Qs]
Chessnok: bets $6
engine12888: folds
Uncalled bet ($6) returned to Chessnok
Chessnok collected $11.76 from pot
Chessnok: doesn't show hand
*** SUMMARY ***
Total pot $12 | Rake $0.24
Board [Th 2d 3s Qs]
Seat 2: engine12888 (button) (small blind) folded on the Turn
Seat 3: Chessnok (big blind) collected ($11.76)


PokerStars Hand #150215245177:  Hold'em Limit ($3/$6 USD) - 2016/03/11 21:45:49 ET
Table 'Immo' 6-max Seat #3 is the button
Seat 2: engine12888 ($377.15 in chips)
Seat 3: Chessnok ($118.76 in chips)
Chessnok: posts small blind $1
engine12888: posts big blind $3
*** HOLE CARDS ***
Chessnok: raises $3 to $6
engine12888: raises $3 to $9
Chessnok: calls $3
*** FLOP *** [7d As 8h]
engine12888: bets $3
Chessnok: calls $3
*** TURN *** [7d As 8h] [Tc]
engine12888: bets $6
Chessnok: raises $6 to $12
engine12888: calls $6
*** RIVER *** [7d As 8h Tc] [Jh]
engine12888: checks
Chessnok: checks
*** SHOW DOWN ***
engine12888: shows [Kh Js] (a pair of Jacks)
Chessnok: shows [4d Ah] (a pair of Aces)
Chessnok collected $47.50 from pot
*** SUMMARY ***
Total pot $48 | Rake $0.50
Board [7d As 8h Tc Jh]
Seat 2: engine12888 (big blind) showed [Kh Js] and lost with a pair of Jacks
Seat 3: Chessnok (button) (small blind) showed [4d Ah] and won ($47.50) with a pair of Aces


PokerStars Hand #150215273308:  Hold'em Limit ($3/$6 USD) - 2016/03/11 21:46:53 ET
Table 'Immo' 6-max Seat #3 is the button
Seat 2: engine12888 ($343.15 in chips)
Seat 3: Chessnok ($152.02 in chips)
Chessnok: posts small blind $1
engine12888: posts big blind $3
*** HOLE CARDS ***
Chessnok: raises $3 to $6
engine12888: raises $3 to $9
Chessnok: calls $3
*** FLOP *** [7h 6s 3c]
engine12888: bets $3
Chessnok: calls $3
*** TURN *** [7h 6s 3c] [6h]
engine12888: bets $6
Chessnok: calls $6
*** RIVER *** [7h 6s 3c 6h] [Tc]
engine12888: bets $6
Chessnok: calls $6
*** SHOW DOWN ***
engine12888: shows [Js 8c] (a pair of Sixes)
Chessnok: shows [4c Ah] (a pair of Sixes - Ace kicker)
Chessnok collected $47.50 from pot
*** SUMMARY ***
Total pot $48 | Rake $0.50
Board [7h 6s 3c 6h Tc]
Seat 2: engine12888 (big blind) showed [Js 8c] and lost with a pair of Sixes
Seat 3: Chessnok (button) (small blind) showed [4c Ah] and won ($47.50) with a pair of Sixes


PokerStars Hand #150215268941:  Hold'em Limit ($3/$6 USD) - 2016/03/11 21:46:43 ET
Table 'Immo' 6-max Seat #2 is the button
Seat 2: engine12888 ($344.15 in chips)
Seat 3: Chessnok ($151.02 in chips)
engine12888: posts small blind $1
Chessnok: posts big blind $3
*** HOLE CARDS ***
engine12888: folds
Uncalled bet ($2) returned to Chessnok
Chessnok collected $2 from pot
Chessnok: doesn't show hand
*** SUMMARY ***
Total pot $2 | Rake $0
Seat 2: engine12888 (button) (small blind) folded before Flop
Seat 3: Chessnok (big blind) collected ($2)


PokerStars Hand #150215286097:  Hold'em Limit ($3/$6 USD) - 2016/03/11 21:47:22 ET
Table 'Immo' 6-max Seat #2 is the button
Seat 2: engine12888 ($319.15 in chips)
Seat 3: Chessnok ($175.52 in chips)
engine12888: posts small blind $1
Chessnok: posts big blind $3
*** HOLE CARDS ***
engine12888: raises $3 to $6
Chessnok: folds
Uncalled bet ($3) returned to engine12888
engine12888 collected $6 from pot
*** SUMMARY ***
Total pot $6 | Rake $0
Seat 2: engine12888 (button) (small blind) collected ($6)
Seat 3: Chessnok (big blind) folded before Flop


PokerStars Hand #150215297030:  Hold'em Limit ($3/$6 USD) - 2016/03/11 21:47:47 ET
Table 'Immo' 6-max Seat #2 is the button
Seat 2: engine12888 ($327.91 in chips)
Seat 3: Chessnok ($166.52 in chips)
engine12888: posts small blind $1
Chessnok: posts big blind $3
*** HOLE CARDS ***
engine12888: raises $3 to $6
Chessnok: folds
Uncalled bet ($3) returned to engine12888
engine12888 collected $6 from pot
engine12888: doesn't show hand
*** SUMMARY ***
Total pot $6 | Rake $0
Seat 2: engine12888 (button) (small blind) collected ($6)
Seat 3: Chessnok (big blind) folded before Flop


PokerStars Hand #150215291026:  Hold'em Limit ($3/$6 USD) - 2016/03/11 21:47:33 ET
Table 'Immo' 6-max Seat #3 is the button
Seat 2: engine12888 ($322.15 in chips)
Seat 3: Chessnok ($172.52 in chips)
Chessnok: posts small blind $1
engine12888: posts big blind $3
*** HOLE CARDS ***
Chessnok: calls $2
engine12888: raises $3 to $6
Chessnok: calls $3
*** FLOP *** [Qc Ac Ts]
engine12888: bets $3
Chessnok: folds
Uncalled bet ($3) returned to engine12888
engine12888 collected $11.76 from pot
engine12888: doesn't show hand
*** SUMMARY ***
Total pot $12 | Rake $0.24
Board [Qc Ac Ts]
Seat 2: engine12888 (big blind) collected ($11.76)
Seat 3: Chessnok (button) (small blind) folded on the Flop


PokerStars Hand #150215313286:  Hold'em Limit ($3/$6 USD) - 2016/03/11 21:48:24 ET
Table 'Immo' 6-max Seat #2 is the button
Seat 2: engine12888 ($357.41 in chips)
Seat 3: Chessnok ($136.52 in chips)
engine12888: posts small blind $1
Chessnok: posts big blind $3
*** HOLE CARDS ***
engine12888: raises $3 to $6
Chessnok: calls $3
*** FLOP *** [3c Kc Ts]
Chessnok: checks
engine12888: bets $3
Chessnok: folds
Uncalled bet ($3) returned to engine12888
engine12888 collected $11.76 from pot
engine12888: doesn't show hand
*** SUMMARY ***
Total pot $12 | Rake $0.24
Board [3c Kc Ts]
Seat 2: engine12888 (button) (small blind) collected ($11.76)
Seat 3: Chessnok (big blind) folded on the Flop


PokerStars Hand #150215300717:  Hold'em Limit ($3/$6 USD) - 2016/03/11 21:47:55 ET
Table 'Immo' 6-max Seat #3 is the button
Seat 2: engine12888 ($330.91 in chips)
Seat 3: Chessnok ($163.52 in chips)
Chessnok: posts small blind $1
engine12888: posts big blind $3
*** HOLE CARDS ***
Chessnok: raises $3 to $6
engine12888: calls $3
*** FLOP *** [5h 2h 8h]
engine12888: checks
Chessnok: bets $3
engine12888: calls $3
*** TURN *** [5h 2h 8h] [9c]
engine12888: checks
Chessnok: bets $6
engine12888: calls $6
*** RIVER *** [5h 2h 8h 9c] [Jc]
engine12888: bets $6
Chessnok: raises $6 to $12
engine12888: calls $6
*** SHOW DOWN ***
Chessnok: shows [3d Qh] (high card Queen)
engine12888: shows [4h Js] (a pair of Jacks)
engine12888 collected $53.50 from pot
*** SUMMARY ***
Total pot $54 | Rake $0.50
Board [5h 2h 8h 9c Jc]
Seat 2: engine12888 (big blind) showed [4h Js] and won ($53.50) with a pair of Jacks
Seat 3: Chessnok (button) (small blind) showed [3d Qh] and lost with high card Queen


PokerStars Hand #150215319853:  Hold'em Limit ($3/$6 USD) - 2016/03/11 21:48:39 ET
Table 'Immo' 6-max Seat #3 is the button
Seat 2: engine12888 ($363.17 in chips)
Seat 3: Chessnok ($130.52 in chips)
Chessnok: posts small blind $1
engine12888: posts big blind $3
*** HOLE CARDS ***
Chessnok: raises $3 to $6
engine12888: calls $3
*** FLOP *** [4c 9s Jd]
engine12888: checks
Chessnok: bets $3
engine12888: raises $3 to $6
Chessnok: calls $3
*** TURN *** [4c 9s Jd] [2d]
engine12888: bets $6
Chessnok: raises $6 to $12
engine12888: calls $6
*** RIVER *** [4c 9s Jd 2d] [Ad]
engine12888: checks
Chessnok: bets $6
engine12888: folds
Uncalled bet ($6) returned to Chessnok
Chessnok collected $47.50 from pot
Chessnok: doesn't show hand
*** SUMMARY ***
Total pot $48 | Rake $0.50
Board [4c 9s Jd 2d Ad]
Seat 2: engine12888 (big blind) folded on the River
Seat 3: Chessnok (button) (small blind) collected ($47.50)


PokerStars Hand #150215349017:  Hold'em Limit ($3/$6 USD) - 2016/03/11 21:49:46 ET
Table 'Immo' 6-max Seat #3 is the button
Seat 2: engine12888 ($312.17 in chips)
Seat 3: Chessnok ($180.52 in chips)
Chessnok: posts small blind $1
engine12888: posts big blind $3
*** HOLE CARDS ***
Chessnok: raises $3 to $6
engine12888: raises $3 to $9
Chessnok: calls $3
*** FLOP *** [2h 2s 4d]
engine12888: bets $3
Chessnok: folds
Uncalled bet ($3) returned to engine12888
engine12888 collected $17.64 from pot
engine12888: doesn't show hand
*** SUMMARY ***
Total pot $18 | Rake $0.36
Board [2h 2s 4d]
Seat 2: engine12888 (big blind) collected ($17.64)
Seat 3: Chessnok (button) (small blind) folded on the Flop


PokerStars Hand #150215334176:  Hold'em Limit ($3/$6 USD) - 2016/03/11 21:49:12 ET
Table 'Immo' 6-max Seat #2 is the button
Seat 2: engine12888 ($339.17 in chips)
Seat 3: Chessnok ($154.02 in chips)
engine12888: posts small blind $1
Chessnok: posts big blind $3
*** HOLE CARDS ***
engine12888: raises $3 to $6
Chessnok: calls $3
*** FLOP *** [Th 8c 7h]
Chessnok: checks
engine12888: bets $3
Chessnok: calls $3
*** TURN *** [Th 8c 7h] [8s]
Chessnok: checks
engine12888: bets $6
Chessnok: raises $6 to $12
engine12888: calls $6
*** RIVER *** [Th 8c 7h 8s] [3c]
Chessnok: bets $6
engine12888: calls $6
*** SHOW DOWN ***
Chessnok: shows [8d 5d] (three of a kind, Eights)
engine12888: mucks hand
Chessnok collected $53.50 from pot
*** SUMMARY ***
Total pot $54 | Rake $0.50
Board [Th 8c 7h 8s 3c]
Seat 2: engine12888 (button) (small blind) mucked
Seat 3: Chessnok (big blind) showed [8d 5d] and won ($53.50) with three of a kind, Eights


PokerStars Hand #150215358505:  Hold'em Limit ($3/$6 USD) - 2016/03/11 21:50:08 ET
Table 'Immo' 6-max Seat #2 is the button
Seat 2: engine12888 ($320.81 in chips)
Seat 3: Chessnok ($171.52 in chips)
engine12888: posts small blind $1
Chessnok: posts big blind $3
*** HOLE CARDS ***
engine12888: raises $3 to $6
Chessnok: raises $3 to $9
engine12888: calls $3
*** FLOP *** [Qs 4s 2s]
Chessnok: bets $3
engine12888: calls $3
*** TURN *** [Qs 4s 2s] [5d]
Chessnok: checks
engine12888: bets $6
Chessnok: calls $6
*** RIVER *** [Qs 4s 2s 5d] [9d]
Chessnok: bets $6
engine12888: calls $6
*** SHOW DOWN ***
Chessnok: shows [7d 8d] (high card Queen)
engine12888: shows [4c Ah] (a pair of Fours)
engine12888 collected $47.50 from pot
*** SUMMARY ***
Total pot $48 | Rake $0.50
Board [Qs 4s 2s 5d 9d]
Seat 2: engine12888 (button) (small blind) showed [4c Ah] and won ($47.50) with a pair of Fours
Seat 3: Chessnok (big blind) showed [7d 8d] and lost with high card Queen


PokerStars Hand #150215387168:  Hold'em Limit ($3/$6 USD) - 2016/03/11 21:51:15 ET
Table 'Immo' 6-max Seat #2 is the button
Seat 2: engine12888 ($326.31 in chips)
Seat 3: Chessnok ($165.02 in chips)
engine12888: posts small blind $1
Chessnok: posts big blind $3
*** HOLE CARDS ***
engine12888: raises $3 to $6
Chessnok: folds
Uncalled bet ($3) returned to engine12888
engine12888 collected $6 from pot
*** SUMMARY ***
Total pot $6 | Rake $0
Seat 2: engine12888 (button) (small blind) collected ($6)
Seat 3: Chessnok (big blind) folded before Flop


PokerStars Hand #150215374914:  Hold'em Limit ($3/$6 USD) - 2016/03/11 21:50:46 ET
Table 'Immo' 6-max Seat #3 is the button
Seat 2: engine12888 ($344.31 in chips)
Seat 3: Chessnok ($147.52 in chips)
Chessnok: posts small blind $1
engine12888: posts big blind $3
*** HOLE CARDS ***
Chessnok: raises $3 to $6
engine12888: raises $3 to $9
Chessnok: calls $3
*** FLOP *** [2s 5d Jc]
engine12888: bets $3
Chessnok: calls $3
*** TURN *** [2s 5d Jc] [Ah]
engine12888: bets $6
Chessnok: raises $6 to $12
engine12888: folds
Uncalled bet ($6) returned to Chessnok
Chessnok collected $35.50 from pot
Chessnok: doesn't show hand
*** SUMMARY ***
Total pot $36 | Rake $0.50
Board [2s 5d Jc Ah]
Seat 2: engine12888 (big blind) folded on the Turn
Seat 3: Chessnok (button) (small blind) collected ($35.50)


PokerStars Hand #150215408601:  Hold'em Limit ($3/$6 USD) - 2016/03/11 21:52:04 ET
Table 'Immo' 6-max Seat #2 is the button
Seat 2: engine12888 ($316.31 in chips)
Seat 3: Chessnok ($174.66 in chips)
engine12888: posts small blind $1
Chessnok: posts big blind $3
*** HOLE CARDS ***
engine12888: raises $3 to $6
Chessnok: raises $3 to $9
engine12888: calls $3
*** FLOP *** [7s 3c 9s]
Chessnok: bets $3
engine12888: raises $3 to $6
Chessnok: calls $3
*** TURN *** [7s 3c 9s] [9d]
Chessnok: checks
engine12888: bets $6
Chessnok: calls $6
*** RIVER *** [7s 3c 9s 9d] [Qc]
Chessnok: checks
engine12888: bets $6
Chessnok: calls $6
*** SHOW DOWN ***
engine12888: shows [Ks 9c] (three of a kind, Nines)
Chessnok: mucks hand
engine12888 collected $53.50 from pot
*** SUMMARY ***
Total pot $54 | Rake $0.50
Board [7s 3c 9s 9d Qc]
Seat 2: engine12888 (button) (small blind) showed [Ks 9c] and won ($53.50) with three of a kind, Nines
Seat 3: Chessnok (big blind) mucked


PokerStars Hand #150215404869:  Hold'em Limit ($3/$6 USD) - 2016/03/11 21:51:56 ET
Table 'Immo' 6-max Seat #3 is the button
Seat 2: engine12888 ($319.31 in chips)
Seat 3: Chessnok ($171.66 in chips)
Chessnok: posts small blind $1
engine12888: posts big blind $3
*** HOLE CARDS ***
Chessnok: raises $3 to $6
engine12888: folds
Uncalled bet ($3) returned to Chessnok
Chessnok collected $6 from pot
Chessnok: doesn't show hand
*** SUMMARY ***
Total pot $6 | Rake $0
Seat 2: engine12888 (big blind) folded before Flop
Seat 3: Chessnok (button) (small blind) collected ($6)


PokerStars Hand #150215402865:  Hold'em Limit ($3/$6 USD) - 2016/03/11 21:51:51 ET
Table 'Immo' 6-max Seat #2 is the button
Seat 2: engine12888 ($320.31 in chips)
Seat 3: Chessnok ($170.66 in chips)
engine12888: posts small blind $1
Chessnok: posts big blind $3
*** HOLE CARDS ***
engine12888: folds
Uncalled bet ($2) returned to Chessnok
Chessnok collected $2 from pot
Chessnok: doesn't show hand
*** SUMMARY ***
Total pot $2 | Rake $0
Seat 2: engine12888 (button) (small blind) folded before Flop
Seat 3: Chessnok (big blind) collected ($2)


PokerStars Hand #150215391544:  Hold'em Limit ($3/$6 USD) - 2016/03/11 21:51:25 ET
Table 'Immo' 6-max Seat #3 is the button
Seat 2: engine12888 ($329.31 in chips)
Seat 3: Chessnok ($162.02 in chips)
Chessnok: posts small blind $1
engine12888: posts big blind $3
*** HOLE CARDS ***
Chessnok: raises $3 to $6
engine12888: calls $3
*** FLOP *** [4d 3s 3d]
engine12888: checks
Chessnok: bets $3
engine12888: calls $3
*** TURN *** [4d 3s 3d] [2d]
engine12888: checks
Chessnok: checks
*** RIVER *** [4d 3s 3d 2d] [Qh]
engine12888: checks
Chessnok: bets $6
engine12888: folds
Uncalled bet ($6) returned to Chessnok
Chessnok collected $17.64 from pot
Chessnok: doesn't show hand
*** SUMMARY ***
Total pot $18 | Rake $0.36
Board [4d 3s 3d 2d Qh]
Seat 2: engine12888 (big blind) folded on the River
Seat 3: Chessnok (button) (small blind) collected ($17.64)


PokerStars Hand #150215420011:  Hold'em Limit ($3/$6 USD) - 2016/03/11 21:52:31 ET
Table 'Immo' 6-max Seat #3 is the button
Seat 2: engine12888 ($342.81 in chips)
Seat 3: Chessnok ($147.66 in chips)
Chessnok: posts small blind $1
engine12888: posts big blind $3
*** HOLE CARDS ***
Chessnok: raises $3 to $6
engine12888: raises $3 to $9
Chessnok: calls $3
*** FLOP *** [As 4s Js]
engine12888: checks
Chessnok: bets $3
engine12888: folds
Uncalled bet ($3) returned to Chessnok
Chessnok collected $17.64 from pot
Chessnok: doesn't show hand
*** SUMMARY ***
Total pot $18 | Rake $0.36
Board [As 4s Js]
Seat 2: engine12888 (big blind) folded on the Flop
Seat 3: Chessnok (button) (small blind) collected ($17.64)


PokerStars Hand #150215428675:  Hold'em Limit ($3/$6 USD) - 2016/03/11 21:52:51 ET
Table 'Immo' 6-max Seat #2 is the button
Seat 2: engine12888 ($333.81 in chips)
Seat 3: Chessnok ($156.30 in chips)
engine12888: posts small blind $1
Chessnok: posts big blind $3
*** HOLE CARDS ***
engine12888: raises $3 to $6
Chessnok: calls $3
*** FLOP *** [Ts Jd Jc]
Chessnok: checks
engine12888: bets $3
Chessnok: calls $3
*** TURN *** [Ts Jd Jc] [6h]
Chessnok: checks
engine12888: bets $6
Chessnok: folds
Uncalled bet ($6) returned to engine12888
engine12888 collected $17.64 from pot
engine12888: doesn't show hand
*** SUMMARY ***
Total pot $18 | Rake $0.36
Board [Ts Jd Jc 6h]
Seat 2: engine12888 (button) (small blind) collected ($17.64)
Seat 3: Chessnok (big blind) folded on the Turn


PokerStars Hand #150215447424:  Hold'em Limit ($3/$6 USD) - 2016/03/11 21:53:35 ET
Table 'Immo' 6-max Seat #3 is the button
Seat 2: engine12888 ($342.45 in chips)
Seat 3: Chessnok ($147.30 in chips)
Chessnok: posts small blind $1
engine12888: posts big blind $3
*** HOLE CARDS ***
Chessnok: folds
Uncalled bet ($2) returned to engine12888
engine12888 collected $2 from pot
*** SUMMARY ***
Total pot $2 | Rake $0
Seat 2: engine12888 (big blind) collected ($2)
Seat 3: Chessnok (button) (small blind) folded before Flop


PokerStars Hand #150215472548:  Hold'em Limit ($3/$6 USD) - 2016/03/11 21:54:34 ET
Table 'Immo' 6-max Seat #2 is the button
Seat 2: engine12888 ($354.97 in chips)
Seat 3: Chessnok ($134.30 in chips)
engine12888: posts small blind $1
Chessnok: posts big blind $3
*** HOLE CARDS ***
engine12888: folds
Uncalled bet ($2) returned to Chessnok
Chessnok collected $2 from pot
Chessnok: doesn't show hand
*** SUMMARY ***
Total pot $2 | Rake $0
Seat 2: engine12888 (button) (small blind) folded before Flop
Seat 3: Chessnok (big blind) collected ($2)


PokerStars Hand #150215449566:  Hold'em Limit ($3/$6 USD) - 2016/03/11 21:53:40 ET
Table 'Immo' 6-max Seat #2 is the button
Seat 2: engine12888 ($343.45 in chips)
Seat 3: Chessnok ($146.30 in chips)
engine12888: posts small blind $1
Chessnok: posts big blind $3
*** HOLE CARDS ***
engine12888: calls $2
Chessnok: checks
*** FLOP *** [6h 9c Ad]
Chessnok: checks
engine12888: checks
*** TURN *** [6h 9c Ad] [9d]
Chessnok: checks
engine12888: bets $6
Chessnok: folds
Uncalled bet ($6) returned to engine12888
engine12888 collected $5.88 from pot
engine12888: doesn't show hand
*** SUMMARY ***
Total pot $6 | Rake $0.12
Board [6h 9c Ad 9d]
Seat 2: engine12888 (button) (small blind) collected ($5.88)
Seat 3: Chessnok (big blind) folded on the Turn


PokerStars Hand #150215461131:  Hold'em Limit ($3/$6 USD) - 2016/03/11 21:54:07 ET
Table 'Immo' 6-max Seat #3 is the button
Seat 2: engine12888 ($346.33 in chips)
Seat 3: Chessnok ($143.30 in chips)
Chessnok: posts small blind $1
engine12888: posts big blind $3
*** HOLE CARDS ***
Chessnok: raises $3 to $6
engine12888: raises $3 to $9
Chessnok: calls $3
*** FLOP *** [3h 7s 9c]
engine12888: bets $3
Chessnok: folds
Uncalled bet ($3) returned to engine12888
engine12888 collected $17.64 from pot
engine12888: doesn't show hand
*** SUMMARY ***
Total pot $18 | Rake $0.36
Board [3h 7s 9c]
Seat 2: engine12888 (big blind) collected ($17.64)
Seat 3: Chessnok (button) (small blind) folded on the Flop


PokerStars Hand #150215475572:  Hold'em Limit ($3/$6 USD) - 2016/03/11 21:54:41 ET
Table 'Immo' 6-max Seat #3 is the button
Seat 2: engine12888 ($353.97 in chips)
Seat 3: Chessnok ($135.30 in chips)
Chessnok: posts small blind $1
engine12888: posts big blind $3
*** HOLE CARDS ***
Chessnok: raises $3 to $6
engine12888: calls $3
*** FLOP *** [3s Js 2s]
engine12888: checks
Chessnok: bets $3
engine12888: folds
Uncalled bet ($3) returned to Chessnok
Chessnok collected $11.76 from pot
Chessnok: doesn't show hand
*** SUMMARY ***
Total pot $12 | Rake $0.24
Board [3s Js 2s]
Seat 2: engine12888 (big blind) folded on the Flop
Seat 3: Chessnok (button) (small blind) collected ($11.76)


PokerStars Hand #150215483036:  Hold'em Limit ($3/$6 USD) - 2016/03/11 21:54:58 ET
Table 'Immo' 6-max Seat #2 is the button
Seat 2: engine12888 ($347.97 in chips)
Seat 3: Chessnok ($141.06 in chips)
engine12888: posts small blind $1
Chessnok: posts big blind $3
*** HOLE CARDS ***
engine12888: raises $3 to $6
Chessnok: calls $3
*** FLOP *** [5d Jh Th]
Chessnok: checks
engine12888: bets $3
Chessnok: calls $3
*** TURN *** [5d Jh Th] [Ts]
Chessnok: bets $6
engine12888: calls $6
*** RIVER *** [5d Jh Th Ts] [Kd]
Chessnok: checks
engine12888: checks
*** SHOW DOWN ***
Chessnok: shows [5c 9c] (two pair, Tens and Fives)
engine12888: mucks hand
Chessnok collected $29.50 from pot
*** SUMMARY ***
Total pot $30 | Rake $0.50
Board [5d Jh Th Ts Kd]
Seat 2: engine12888 (button) (small blind) mucked
Seat 3: Chessnok (big blind) showed [5c 9c] and won ($29.50) with two pair, Tens and Fives


PokerStars Hand #150215519329:  Hold'em Limit ($3/$6 USD) - 2016/03/11 21:56:36 ET
Table 'Immo' 6-max Seat #2 is the button
Seat 2: engine12888 ($348.49 in chips)
Seat 3: Chessnok ($139.56 in chips)
engine12888: posts small blind $1
Chessnok: posts big blind $3
*** HOLE CARDS ***
engine12888: folds
Uncalled bet ($2) returned to Chessnok
Chessnok collected $2 from pot
Chessnok: doesn't show hand
*** SUMMARY ***
Total pot $2 | Rake $0
Seat 2: engine12888 (button) (small blind) folded before Flop
Seat 3: Chessnok (big blind) collected ($2)


PokerStars Hand #150215511664:  Hold'em Limit ($3/$6 USD) - 2016/03/11 21:56:15 ET
Table 'Immo' 6-max Seat #3 is the button
Seat 2: engine12888 ($351.49 in chips)
Seat 3: Chessnok ($136.56 in chips)
Chessnok: posts small blind $1
engine12888: posts big blind $3
*** HOLE CARDS ***
Chessnok: raises $3 to $6
engine12888: folds
Uncalled bet ($3) returned to Chessnok
Chessnok collected $6 from pot
Chessnok: doesn't show hand
*** SUMMARY ***
Total pot $6 | Rake $0
Seat 2: engine12888 (big blind) folded before Flop
Seat 3: Chessnok (button) (small blind) collected ($6)


PokerStars Hand #150215495885:  Hold'em Limit ($3/$6 USD) - 2016/03/11 21:55:31 ET
Table 'Immo' 6-max Seat #3 is the button
Seat 2: engine12888 ($332.97 in chips)
Seat 3: Chessnok ($155.56 in chips)
Chessnok: posts small blind $1
engine12888: posts big blind $3
*** HOLE CARDS ***
Chessnok: raises $3 to $6
engine12888: raises $3 to $9
Chessnok: calls $3
*** FLOP *** [7s Kd Jc]
engine12888: checks
Chessnok: bets $3
engine12888: raises $3 to $6
Chessnok: folds
Uncalled bet ($3) returned to engine12888
engine12888 collected $23.52 from pot
engine12888: doesn't show hand
*** SUMMARY ***
Total pot $24 | Rake $0.48
Board [7s Kd Jc]
Seat 2: engine12888 (big blind) collected ($23.52)
Seat 3: Chessnok (button) (small blind) folded on the Flop


PokerStars Hand #150215503986:  Hold'em Limit ($3/$6 USD) - 2016/03/11 21:55:54 ET
Table 'Immo' 6-max Seat #2 is the button
Seat 2: engine12888 ($344.49 in chips)
Seat 3: Chessnok ($143.56 in chips)
engine12888: posts small blind $1
Chessnok: posts big blind $3
*** HOLE CARDS ***
engine12888: raises $3 to $6
Chessnok: folds
Uncalled bet ($3) returned to engine12888
engine12888 collected $6 from pot
engine12888: doesn't show hand
*** SUMMARY ***
Total pot $6 | Rake $0
Seat 2: engine12888 (button) (small blind) collected ($6)
Seat 3: Chessnok (big blind) folded before Flop


PokerStars Hand #150215509113:  Hold'em Limit ($3/$6 USD) - 2016/03/11 21:56:08 ET
Table 'Immo' 6-max Seat #2 is the button
Seat 2: engine12888 ($348.49 in chips)
Seat 3: Chessnok ($139.56 in chips)
engine12888: posts small blind $1
Chessnok: posts big blind $3
*** HOLE CARDS ***
engine12888: raises $3 to $6
Chessnok: folds
Uncalled bet ($3) returned to engine12888
engine12888 collected $6 from pot
*** SUMMARY ***
Total pot $6 | Rake $0
Seat 2: engine12888 (button) (small blind) collected ($6)
Seat 3: Chessnok (big blind) folded before Flop


PokerStars Hand #150215507411:  Hold'em Limit ($3/$6 USD) - 2016/03/11 21:56:03 ET
Table 'Immo' 6-max Seat #3 is the button
Seat 2: engine12888 ($347.49 in chips)
Seat 3: Chessnok ($140.56 in chips)
Chessnok: posts small blind $1
engine12888: posts big blind $3
*** HOLE CARDS ***
Chessnok: folds
Uncalled bet ($2) returned to engine12888
engine12888 collected $2 from pot
engine12888: doesn't show hand
*** SUMMARY ***
Total pot $2 | Rake $0
Seat 2: engine12888 (big blind) collected ($2)
Seat 3: Chessnok (button) (small blind) folded before Flop


