PokerStars Hand #147358620617:  Hold'em Limit ($3/$6 USD) - 2016/01/20 7:03:19 ET
Table 'Immo II' 2-max Seat #2 is the button
Seat 1: PbIbak ($120 in chips)
Seat 2: ChicagoBull4 ($120 in chips)
ChicagoBull4: posts small blind $1
PbIbak: posts big blind $3
*** HOLE CARDS ***
ChicagoBull4: raises $3 to $6
PbIbak: raises $3 to $9
ChicagoBull4: calls $3
*** FLOP *** [4h Qc 4d]
PbIbak: bets $3
ChicagoBull4: raises $3 to $6
PbIbak: calls $3
*** TURN *** [4h Qc 4d] [2d]
PbIbak: checks
ChicagoBull4: bets $6
PbIbak: folds
Uncalled bet ($6) returned to ChicagoBull4
ChicagoBull4 collected $29.50 from pot
ChicagoBull4: doesn't show hand
*** SUMMARY ***
Total pot $30 | Rake $0.50
Board [4h Qc 4d 2d]
Seat 1: PbIbak (big blind) folded on the Turn
Seat 2: ChicagoBull4 (button) (small blind) collected ($29.50)


PokerStars Hand #147358662573:  Hold'em Limit ($3/$6 USD) - 2016/01/20 7:04:34 ET
Table 'Immo II' 2-max Seat #2 is the button
Seat 1: PbIbak ($134.50 in chips)
Seat 2: ChicagoBull4 ($104.50 in chips)
ChicagoBull4: posts small blind $1
PbIbak: posts big blind $3
*** HOLE CARDS ***
ChicagoBull4: raises $3 to $6
PbIbak: calls $3
*** FLOP *** [Js 8c 6c]
PbIbak: checks
ChicagoBull4: bets $3
PbIbak: raises $3 to $6
ChicagoBull4: calls $3
*** TURN *** [Js 8c 6c] [7c]
PbIbak: bets $6
ChicagoBull4: calls $6
*** RIVER *** [Js 8c 6c 7c] [Ts]
PbIbak: checks
ChicagoBull4: bets $6
PbIbak: calls $6
*** SHOW DOWN ***
ChicagoBull4: shows [Th 6h] (two pair, Tens and Sixes)
PbIbak: mucks hand
ChicagoBull4 collected $47.50 from pot
*** SUMMARY ***
Total pot $48 | Rake $0.50
Board [Js 8c 6c 7c Ts]
Seat 1: PbIbak (big blind) mucked
Seat 2: ChicagoBull4 (button) (small blind) showed [Th 6h] and won ($47.50) with two pair, Tens and Sixes


PokerStars Hand #147358640507:  Hold'em Limit ($3/$6 USD) - 2016/01/20 7:03:54 ET
Table 'Immo II' 2-max Seat #1 is the button
Seat 1: PbIbak ($105 in chips)
Seat 2: ChicagoBull4 ($134.50 in chips)
PbIbak: posts small blind $1
ChicagoBull4: posts big blind $3
*** HOLE CARDS ***
PbIbak: raises $3 to $6
ChicagoBull4: calls $3
*** FLOP *** [Jh 6s 4c]
ChicagoBull4: checks
PbIbak: bets $3
ChicagoBull4: raises $3 to $6
PbIbak: calls $3
*** TURN *** [Jh 6s 4c] [5s]
ChicagoBull4: bets $6
PbIbak: raises $6 to $12
ChicagoBull4: calls $6
*** RIVER *** [Jh 6s 4c 5s] [Qd]
ChicagoBull4: checks
PbIbak: bets $6
ChicagoBull4: calls $6
*** SHOW DOWN ***
PbIbak: shows [8c 7h] (a straight, Four to Eight)
ChicagoBull4: mucks hand
PbIbak collected $59.50 from pot
*** SUMMARY ***
Total pot $60 | Rake $0.50
Board [Jh 6s 4c 5s Qd]
Seat 1: PbIbak (button) (small blind) showed [8c 7h] and won ($59.50) with a straight, Four to Eight
Seat 2: ChicagoBull4 (big blind) mucked


PokerStars Hand #147358675869:  Hold'em Limit ($3/$6 USD) - 2016/01/20 7:04:57 ET
Table 'Immo II' 2-max Seat #1 is the button
Seat 1: PbIbak ($110.50 in chips)
Seat 2: ChicagoBull4 ($128 in chips)
PbIbak: posts small blind $1
ChicagoBull4: posts big blind $3
*** HOLE CARDS ***
PbIbak: raises $3 to $6
ChicagoBull4: calls $3
*** FLOP *** [3s Ah 5d]
ChicagoBull4: bets $3
PbIbak: calls $3
*** TURN *** [3s Ah 5d] [6c]
ChicagoBull4: bets $6
PbIbak: raises $6 to $12
ChicagoBull4: raises $6 to $18
PbIbak: calls $6
*** RIVER *** [3s Ah 5d 6c] [3h]
ChicagoBull4: bets $6
PbIbak: calls $6
*** SHOW DOWN ***
ChicagoBull4: shows [7d 4h] (a straight, Three to Seven)
PbIbak: mucks hand
ChicagoBull4 collected $65.50 from pot
*** SUMMARY ***
Total pot $66 | Rake $0.50
Board [3s Ah 5d 6c 3h]
Seat 1: PbIbak (button) (small blind) mucked
Seat 2: ChicagoBull4 (big blind) showed [7d 4h] and won ($65.50) with a straight, Three to Seven


PokerStars Hand #147358692943:  Hold'em Limit ($3/$6 USD) - 2016/01/20 7:05:26 ET
Table 'Immo II' 2-max Seat #2 is the button
Seat 1: PbIbak ($77.50 in chips)
Seat 2: ChicagoBull4 ($160.50 in chips)
ChicagoBull4: posts small blind $1
PbIbak: posts big blind $3
*** HOLE CARDS ***
ChicagoBull4: folds
Uncalled bet ($2) returned to PbIbak
PbIbak collected $2 from pot
PbIbak: doesn't show hand
*** SUMMARY ***
Total pot $2 | Rake $0
Seat 1: PbIbak (big blind) collected ($2)
Seat 2: ChicagoBull4 (button) (small blind) folded before Flop


PokerStars Hand #147358714756:  Hold'em Limit ($3/$6 USD) - 2016/01/20 7:06:04 ET
Table 'Immo II' 2-max Seat #2 is the button
Seat 1: PbIbak ($108 in chips)
Seat 2: ChicagoBull4 ($129.50 in chips)
ChicagoBull4: posts small blind $1
PbIbak: posts big blind $3
*** HOLE CARDS ***
ChicagoBull4: raises $3 to $6
PbIbak: calls $3
*** FLOP *** [8d 5h 5s]
PbIbak: checks
ChicagoBull4: bets $3
PbIbak: calls $3
*** TURN *** [8d 5h 5s] [2c]
PbIbak: checks
ChicagoBull4: bets $6
PbIbak: calls $6
*** RIVER *** [8d 5h 5s 2c] [3h]
PbIbak: checks
ChicagoBull4: bets $6
PbIbak: calls $6
*** SHOW DOWN ***
ChicagoBull4: shows [As Ac] (two pair, Aces and Fives)
PbIbak: mucks hand
ChicagoBull4 collected $41.50 from pot
*** SUMMARY ***
Total pot $42 | Rake $0.50
Board [8d 5h 5s 2c 3h]
Seat 1: PbIbak (big blind) mucked
Seat 2: ChicagoBull4 (button) (small blind) showed [As Ac] and won ($41.50) with two pair, Aces and Fives


PokerStars Hand #147358728459:  Hold'em Limit ($3/$6 USD) - 2016/01/20 7:06:28 ET
Table 'Immo II' 2-max Seat #1 is the button
Seat 1: PbIbak ($87 in chips)
Seat 2: ChicagoBull4 ($150 in chips)
PbIbak: posts small blind $1
ChicagoBull4: posts big blind $3
*** HOLE CARDS ***
PbIbak: folds
Uncalled bet ($2) returned to ChicagoBull4
ChicagoBull4 collected $2 from pot
ChicagoBull4: doesn't show hand
*** SUMMARY ***
Total pot $2 | Rake $0
Seat 1: PbIbak (button) (small blind) folded before Flop
Seat 2: ChicagoBull4 (big blind) collected ($2)


PokerStars Hand #147358731083:  Hold'em Limit ($3/$6 USD) - 2016/01/20 7:06:33 ET
Table 'Immo II' 2-max Seat #2 is the button
Seat 1: PbIbak ($86 in chips)
Seat 2: ChicagoBull4 ($151 in chips)
ChicagoBull4: posts small blind $1
PbIbak: posts big blind $3
*** HOLE CARDS ***
ChicagoBull4: raises $3 to $6
PbIbak: calls $3
*** FLOP *** [Kc 8s 3s]
PbIbak: checks
ChicagoBull4: bets $3
PbIbak: calls $3
*** TURN *** [Kc 8s 3s] [4h]
PbIbak: checks
ChicagoBull4: bets $6
PbIbak: calls $6
*** RIVER *** [Kc 8s 3s 4h] [8h]
PbIbak: checks
ChicagoBull4: bets $6
PbIbak: calls $6
*** SHOW DOWN ***
ChicagoBull4: shows [8c Jd] (three of a kind, Eights)
PbIbak: mucks hand
ChicagoBull4 collected $41.50 from pot
*** SUMMARY ***
Total pot $42 | Rake $0.50
Board [Kc 8s 3s 4h 8h]
Seat 1: PbIbak (big blind) mucked
Seat 2: ChicagoBull4 (button) (small blind) showed [8c Jd] and won ($41.50) with three of a kind, Eights


PokerStars Hand #147358701645:  Hold'em Limit ($3/$6 USD) - 2016/01/20 7:05:41 ET
Table 'Immo II' 2-max Seat #1 is the button
Seat 1: PbIbak ($78.50 in chips)
Seat 2: ChicagoBull4 ($159.50 in chips)
PbIbak: posts small blind $1
ChicagoBull4: posts big blind $3
*** HOLE CARDS ***
PbIbak: raises $3 to $6
ChicagoBull4: raises $3 to $9
PbIbak: calls $3
*** FLOP *** [9s Jh Jd]
ChicagoBull4: bets $3
PbIbak: calls $3
*** TURN *** [9s Jh Jd] [4h]
ChicagoBull4: bets $6
PbIbak: raises $6 to $12
ChicagoBull4: calls $6
*** RIVER *** [9s Jh Jd 4h] [6d]
ChicagoBull4: checks
PbIbak: bets $6
ChicagoBull4: calls $6
*** SHOW DOWN ***
PbIbak: shows [4c Jc] (a full house, Jacks full of Fours)
ChicagoBull4: mucks hand
PbIbak collected $59.50 from pot
*** SUMMARY ***
Total pot $60 | Rake $0.50
Board [9s Jh Jd 4h 6d]
Seat 1: PbIbak (button) (small blind) showed [4c Jc] and won ($59.50) with a full house, Jacks full of Fours
Seat 2: ChicagoBull4 (big blind) mucked


PokerStars Hand #147358768904:  Hold'em Limit ($3/$6 USD) - 2016/01/20 7:07:39 ET
Table 'Immo II' 2-max Seat #1 is the button
Seat 1: PbIbak ($48 in chips)
Seat 2: ChicagoBull4 ($188 in chips)
PbIbak: posts small blind $1
ChicagoBull4: posts big blind $3
*** HOLE CARDS ***
PbIbak: raises $3 to $6
ChicagoBull4: raises $3 to $9
PbIbak: calls $3
*** FLOP *** [5h Ks 3c]
ChicagoBull4: bets $3
PbIbak: calls $3
*** TURN *** [5h Ks 3c] [3s]
ChicagoBull4: bets $6
PbIbak: folds
Uncalled bet ($6) returned to ChicagoBull4
ChicagoBull4 collected $23.52 from pot
ChicagoBull4: doesn't show hand
*** SUMMARY ***
Total pot $24 | Rake $0.48
Board [5h Ks 3c 3s]
Seat 1: PbIbak (button) (small blind) folded on the Turn
Seat 2: ChicagoBull4 (big blind) collected ($23.52)


PokerStars Hand #147358766064:  Hold'em Limit ($3/$6 USD) - 2016/01/20 7:07:34 ET
Table 'Immo II' 2-max Seat #2 is the button
Seat 1: PbIbak ($47 in chips)
Seat 2: ChicagoBull4 ($189 in chips)
ChicagoBull4: posts small blind $1
PbIbak: posts big blind $3
*** HOLE CARDS ***
ChicagoBull4: folds
Uncalled bet ($2) returned to PbIbak
PbIbak collected $2 from pot
PbIbak: doesn't show hand
*** SUMMARY ***
Total pot $2 | Rake $0
Seat 1: PbIbak (big blind) collected ($2)
Seat 2: ChicagoBull4 (button) (small blind) folded before Flop


PokerStars Hand #147358743572:  Hold'em Limit ($3/$6 USD) - 2016/01/20 7:06:55 ET
Table 'Immo II' 2-max Seat #1 is the button
Seat 1: PbIbak ($65 in chips)
Seat 2: ChicagoBull4 ($171.50 in chips)
PbIbak: posts small blind $1
ChicagoBull4: posts big blind $3
*** HOLE CARDS ***
PbIbak: raises $3 to $6
ChicagoBull4: calls $3
*** FLOP *** [6h Kc 5c]
ChicagoBull4: bets $3
PbIbak: raises $3 to $6
ChicagoBull4: calls $3
*** TURN *** [6h Kc 5c] [Kh]
ChicagoBull4: bets $6
PbIbak: calls $6
*** RIVER *** [6h Kc 5c Kh] [4c]
ChicagoBull4: checks
PbIbak: checks
*** SHOW DOWN ***
ChicagoBull4: shows [Qh 6d] (two pair, Kings and Sixes)
PbIbak: mucks hand
ChicagoBull4 collected $35.50 from pot
*** SUMMARY ***
Total pot $36 | Rake $0.50
Board [6h Kc 5c Kh 4c]
Seat 1: PbIbak (button) (small blind) mucked
Seat 2: ChicagoBull4 (big blind) showed [Qh 6d] and won ($35.50) with two pair, Kings and Sixes


PokerStars Hand #147358797027:  Hold'em Limit ($3/$6 USD) - 2016/01/20 7:08:27 ET
Table 'Immo II' 2-max Seat #1 is the button
Seat 1: PbIbak ($75 in chips)
Seat 2: ChicagoBull4 ($220.02 in chips)
PbIbak: posts small blind $1
ChicagoBull4: posts big blind $3
*** HOLE CARDS ***
PbIbak: raises $3 to $6
ChicagoBull4: calls $3
*** FLOP *** [Th 7d 6d]
ChicagoBull4: checks
PbIbak: bets $3
ChicagoBull4: calls $3
*** TURN *** [Th 7d 6d] [Kc]
ChicagoBull4: checks
PbIbak: bets $6
ChicagoBull4: raises $6 to $12
PbIbak: calls $6
*** RIVER *** [Th 7d 6d Kc] [3s]
ChicagoBull4: bets $6
PbIbak: folds
Uncalled bet ($6) returned to ChicagoBull4
ChicagoBull4 collected $41.50 from pot
ChicagoBull4: doesn't show hand
*** SUMMARY ***
Total pot $42 | Rake $0.50
Board [Th 7d 6d Kc 3s]
Seat 1: PbIbak (button) (small blind) folded on the River
Seat 2: ChicagoBull4 (big blind) collected ($41.50)


PokerStars Hand #147358782188:  Hold'em Limit ($3/$6 USD) - 2016/01/20 7:08:02 ET
Table 'Immo II' 2-max Seat #2 is the button
Seat 1: PbIbak ($36 in chips)
Seat 2: ChicagoBull4 ($199.52 in chips)
ChicagoBull4: posts small blind $1
PbIbak: posts big blind $3
*** HOLE CARDS ***
ChicagoBull4: raises $3 to $6
PbIbak: calls $3
*** FLOP *** [6h Ah Qs]
PbIbak: checks
ChicagoBull4: bets $3
PbIbak: calls $3
*** TURN *** [6h Ah Qs] [9h]
PbIbak: checks
ChicagoBull4: checks
*** RIVER *** [6h Ah Qs 9h] [9c]
PbIbak: bets $6
ChicagoBull4: raises $6 to $12
PbIbak: calls $6
*** SHOW DOWN ***
ChicagoBull4: shows [Kc 9d] (three of a kind, Nines)
PbIbak: mucks hand
ChicagoBull4 collected $41.50 from pot
*** SUMMARY ***
Total pot $42 | Rake $0.50
Board [6h Ah Qs 9h 9c]
Seat 1: PbIbak (big blind) mucked
Seat 2: ChicagoBull4 (button) (small blind) showed [Kc 9d] and won ($41.50) with three of a kind, Nines


PokerStars Hand #147358815341:  Hold'em Limit ($3/$6 USD) - 2016/01/20 7:08:59 ET
Table 'Immo II' 2-max Seat #2 is the button
Seat 1: PbIbak ($54 in chips)
Seat 2: ChicagoBull4 ($240.52 in chips)
ChicagoBull4: posts small blind $1
PbIbak: posts big blind $3
*** HOLE CARDS ***
ChicagoBull4: calls $2
PbIbak: checks
*** FLOP *** [7h 6s Ks]
PbIbak: bets $3
ChicagoBull4: raises $3 to $6
PbIbak: calls $3
*** TURN *** [7h 6s Ks] [8d]
PbIbak: checks
ChicagoBull4: bets $6
PbIbak: calls $6
*** RIVER *** [7h 6s Ks 8d] [6h]
PbIbak: checks
ChicagoBull4: bets $6
PbIbak: calls $6
*** SHOW DOWN ***
ChicagoBull4: shows [6d 9d] (three of a kind, Sixes)
PbIbak: mucks hand
ChicagoBull4 collected $41.50 from pot
*** SUMMARY ***
Total pot $42 | Rake $0.50
Board [7h 6s Ks 8d 6h]
Seat 1: PbIbak (big blind) mucked
Seat 2: ChicagoBull4 (button) (small blind) showed [6d 9d] and won ($41.50) with three of a kind, Sixes


PokerStars Hand #147358834287:  Hold'em Limit ($3/$6 USD) - 2016/01/20 7:09:33 ET
Table 'Immo II' 2-max Seat #1 is the button
Seat 1: PbIbak ($273 in chips)
Seat 2: ChicagoBull4 ($261.02 in chips)
PbIbak: posts small blind $1
ChicagoBull4: posts big blind $3
*** HOLE CARDS ***
PbIbak: raises $3 to $6
ChicagoBull4: calls $3
*** FLOP *** [7s 6h Ts]
ChicagoBull4: bets $3
PbIbak: folds
Uncalled bet ($3) returned to ChicagoBull4
ChicagoBull4 collected $11.76 from pot
ChicagoBull4: doesn't show hand
*** SUMMARY ***
Total pot $12 | Rake $0.24
Board [7s 6h Ts]
Seat 1: PbIbak (button) (small blind) folded on the Flop
Seat 2: ChicagoBull4 (big blind) collected ($11.76)


PokerStars Hand #147358857871:  Hold'em Limit ($3/$6 USD) - 2016/01/20 7:10:13 ET
Table 'Immo II' 2-max Seat #2 is the button
Seat 1: PbIbak ($242 in chips)
Seat 2: ChicagoBull4 ($291.28 in chips)
ChicagoBull4: posts small blind $1
PbIbak: posts big blind $3
*** HOLE CARDS ***
ChicagoBull4: raises $3 to $6
PbIbak: raises $3 to $9
ChicagoBull4: raises $3 to $12
Betting is capped
PbIbak: calls $3
*** FLOP *** [Qs Qh 5c]
PbIbak: checks
ChicagoBull4: bets $3
PbIbak: calls $3
*** TURN *** [Qs Qh 5c] [Ah]
PbIbak: checks
ChicagoBull4: bets $6
PbIbak: raises $6 to $12
ChicagoBull4: calls $6
*** RIVER *** [Qs Qh 5c Ah] [Jh]
PbIbak: bets $6
ChicagoBull4: calls $6
*** SHOW DOWN ***
PbIbak: shows [9d Qd] (three of a kind, Queens)
ChicagoBull4: mucks hand
PbIbak collected $65.50 from pot
*** SUMMARY ***
Total pot $66 | Rake $0.50
Board [Qs Qh 5c Ah Jh]
Seat 1: PbIbak (big blind) showed [9d Qd] and won ($65.50) with three of a kind, Queens
Seat 2: ChicagoBull4 (button) (small blind) mucked


PokerStars Hand #147358840257:  Hold'em Limit ($3/$6 USD) - 2016/01/20 7:09:43 ET
Table 'Immo II' 2-max Seat #2 is the button
Seat 1: PbIbak ($267 in chips)
Seat 2: ChicagoBull4 ($266.78 in chips)
ChicagoBull4: posts small blind $1
PbIbak: posts big blind $3
*** HOLE CARDS ***
ChicagoBull4: raises $3 to $6
PbIbak: raises $3 to $9
ChicagoBull4: calls $3
*** FLOP *** [3c 4h 7d]
PbIbak: bets $3
ChicagoBull4: calls $3
*** TURN *** [3c 4h 7d] [As]
PbIbak: checks
ChicagoBull4: bets $6
PbIbak: calls $6
*** RIVER *** [3c 4h 7d As] [Jd]
PbIbak: checks
ChicagoBull4: bets $6
PbIbak: calls $6
*** SHOW DOWN ***
ChicagoBull4: shows [Js Kh] (a pair of Jacks)
PbIbak: mucks hand
ChicagoBull4 collected $47.50 from pot
*** SUMMARY ***
Total pot $48 | Rake $0.50
Board [3c 4h 7d As Jd]
Seat 1: PbIbak (big blind) mucked
Seat 2: ChicagoBull4 (button) (small blind) showed [Js Kh] and won ($47.50) with a pair of Jacks


PokerStars Hand #147358855238:  Hold'em Limit ($3/$6 USD) - 2016/01/20 7:10:09 ET
Table 'Immo II' 2-max Seat #1 is the button
Seat 1: PbIbak ($243 in chips)
Seat 2: ChicagoBull4 ($290.28 in chips)
PbIbak: posts small blind $1
ChicagoBull4: posts big blind $3
*** HOLE CARDS ***
PbIbak: folds
Uncalled bet ($2) returned to ChicagoBull4
ChicagoBull4 collected $2 from pot
ChicagoBull4: doesn't show hand
*** SUMMARY ***
Total pot $2 | Rake $0
Seat 1: PbIbak (button) (small blind) folded before Flop
Seat 2: ChicagoBull4 (big blind) collected ($2)


PokerStars Hand #147358872886:  Hold'em Limit ($3/$6 USD) - 2016/01/20 7:10:40 ET
Table 'Immo II' 2-max Seat #1 is the button
Seat 1: PbIbak ($274.50 in chips)
Seat 2: ChicagoBull4 ($258.28 in chips)
PbIbak: posts small blind $1
ChicagoBull4: posts big blind $3
*** HOLE CARDS ***
PbIbak: raises $3 to $6
ChicagoBull4: folds
Uncalled bet ($3) returned to PbIbak
ChicagoBull4 leaves the table
PbIbak collected $6 from pot
PbIbak: doesn't show hand
*** SUMMARY ***
Total pot $6 | Rake $0
Seat 1: PbIbak (button) (small blind) collected ($6)
Seat 2: ChicagoBull4 (big blind) folded before Flop


