PokerStars Hand #152208498413:  Hold'em Limit ($3/$6 USD) - 2016/04/20 17:29:28 ET
Table 'Immo II' 6-max Seat #1 is the button
Seat 1: pejoba ($182.27 in chips)
Seat 5: Pelurile ($97.54 in chips)
pejoba: posts small blind $1
Zubasa07: is sitting out
Pelurile: posts big blind $3
*** HOLE CARDS ***
Zubasa07 leaves the table
pejoba: calls $2
ajmaster333 leaves the table
Pelurile: checks
*** FLOP *** [4h 4s 3d]
Pelurile: checks
pejoba: checks
*** TURN *** [4h 4s 3d] [Ks]
Pelurile: checks
pejoba: bets $6
Pelurile: folds
Uncalled bet ($6) returned to pejoba
pejoba collected $5.88 from pot
pejoba: doesn't show hand
*** SUMMARY ***
Total pot $6 | Rake $0.12
Board [4h 4s 3d Ks]
Seat 1: pejoba (button) (small blind) collected ($5.88)
Seat 5: Pelurile (big blind) folded on the Turn


PokerStars Hand #152208540867:  Hold'em Limit ($3/$6 USD) - 2016/04/20 17:30:18 ET
Table 'Immo II' 6-max Seat #5 is the button
Seat 1: pejoba ($185.15 in chips)
Seat 5: Pelurile ($94.54 in chips)
Pelurile: posts small blind $1
pejoba: posts big blind $3
*** HOLE CARDS ***
Pelurile: raises $3 to $6
pejoba: folds
Uncalled bet ($3) returned to Pelurile
Pelurile collected $6 from pot
Pelurile: doesn't show hand
*** SUMMARY ***
Total pot $6 | Rake $0
Seat 1: pejoba (big blind) folded before Flop
Seat 5: Pelurile (button) (small blind) collected ($6)


PokerStars Hand #152209120001:  Hold'em Limit ($3/$6 USD) - 2016/04/20 17:41:41 ET
Table 'Immo II' 6-max Seat #2 is the button
Seat 2: Zubasa07 ($479.76 in chips)
Seat 3: Mizt3r X ($89.50 in chips)
Zubasa07: posts small blind $1
Mizt3r X: posts big blind $3
*** HOLE CARDS ***
Zubasa07: raises $3 to $6
Mizt3r X: raises $3 to $9
Zubasa07: calls $3
*** FLOP *** [6s Jd 5h]
Mizt3r X: bets $3
Zubasa07: calls $3
*** TURN *** [6s Jd 5h] [2d]
Mizt3r X: bets $6
Zubasa07: calls $6
*** RIVER *** [6s Jd 5h 2d] [3d]
Mizt3r X: bets $6
Zubasa07: raises $6 to $12
Mizt3r X: calls $6
*** SHOW DOWN ***
Zubasa07: shows [4s Qh] (a straight, Deuce to Six)
Mizt3r X: mucks hand
Zubasa07 collected $59.50 from pot
*** SUMMARY ***
Total pot $60 | Rake $0.50
Board [6s Jd 5h 2d 3d]
Seat 2: Zubasa07 (button) (small blind) showed [4s Qh] and won ($59.50) with a straight, Deuce to Six
Seat 3: Mizt3r X (big blind) mucked


PokerStars Hand #152209157218:  Hold'em Limit ($3/$6 USD) - 2016/04/20 17:42:28 ET
Table 'Immo II' 6-max Seat #3 is the button
Seat 2: Zubasa07 ($509.26 in chips)
Seat 3: Mizt3r X ($59.50 in chips)
Mizt3r X: posts small blind $1
Zubasa07: posts big blind $3
*** HOLE CARDS ***
Mizt3r X: raises $3 to $6
Zubasa07: calls $3
*** FLOP *** [9h 3d Ks]
Zubasa07: checks
Mizt3r X: checks
*** TURN *** [9h 3d Ks] [Jd]
Zubasa07: bets $6
Mizt3r X: calls $6
*** RIVER *** [9h 3d Ks Jd] [Td]
Zubasa07: bets $6
Mizt3r X: calls $6
*** SHOW DOWN ***
Zubasa07: shows [9s Qc] (a straight, Nine to King)
Mizt3r X: mucks hand
Zubasa07 collected $35.50 from pot
*** SUMMARY ***
Total pot $36 | Rake $0.50
Board [9h 3d Ks Jd Td]
Seat 2: Zubasa07 (big blind) showed [9s Qc] and won ($35.50) with a straight, Nine to King
Seat 3: Mizt3r X (button) (small blind) mucked


PokerStars Hand #152209208723:  Hold'em Limit ($3/$6 USD) - 2016/04/20 17:43:33 ET
Table 'Immo II' 6-max Seat #3 is the button
Seat 2: Zubasa07 ($517.76 in chips)
Seat 3: Mizt3r X ($50.14 in chips)
Mizt3r X: posts small blind $1
Zubasa07: posts big blind $3
*** HOLE CARDS ***
Mizt3r X: raises $3 to $6
Zubasa07: calls $3
*** FLOP *** [5s 6h 7s]
Zubasa07: checks
Mizt3r X: bets $3
Zubasa07: raises $3 to $6
Mizt3r X: raises $3 to $9
Zubasa07: calls $3
*** TURN *** [5s 6h 7s] [4h]
Zubasa07: checks
Mizt3r X: bets $6
Zubasa07: folds
Uncalled bet ($6) returned to Mizt3r X
Mizt3r X collected $29.50 from pot
*** SUMMARY ***
Total pot $30 | Rake $0.50
Board [5s 6h 7s 4h]
Seat 2: Zubasa07 (big blind) folded on the Turn
Seat 3: Mizt3r X (button) (small blind) collected ($29.50)


PokerStars Hand #152209193389:  Hold'em Limit ($3/$6 USD) - 2016/04/20 17:43:13 ET
Table 'Immo II' 6-max Seat #2 is the button
Seat 2: Zubasa07 ($526.76 in chips)
Seat 3: Mizt3r X ($41.50 in chips)
Zubasa07: posts small blind $1
Mizt3r X: posts big blind $3
*** HOLE CARDS ***
Zubasa07: raises $3 to $6
Mizt3r X: raises $3 to $9
Zubasa07: calls $3
*** FLOP *** [Kc 3s 9h]
Mizt3r X: bets $3
Zubasa07: folds
Uncalled bet ($3) returned to Mizt3r X
Mizt3r X collected $17.64 from pot
*** SUMMARY ***
Total pot $18 | Rake $0.36
Board [Kc 3s 9h]
Seat 2: Zubasa07 (button) (small blind) folded on the Flop
Seat 3: Mizt3r X (big blind) collected ($17.64)


PokerStars Hand #152209282844:  Hold'em Limit ($3/$6 USD) - 2016/04/20 17:45:07 ET
Table 'Immo II' 6-max Seat #2 is the button
Seat 2: Zubasa07 ($498.76 in chips)
Seat 3: Mizt3r X ($68.28 in chips)
Zubasa07: posts small blind $1
Mizt3r X: posts big blind $3
*** HOLE CARDS ***
Zubasa07: raises $3 to $6
Mizt3r X: folds
Uncalled bet ($3) returned to Zubasa07
Zubasa07 collected $6 from pot
Zubasa07: doesn't show hand
*** SUMMARY ***
Total pot $6 | Rake $0
Seat 2: Zubasa07 (button) (small blind) collected ($6)
Seat 3: Mizt3r X (big blind) folded before Flop


PokerStars Hand #152209279589:  Hold'em Limit ($3/$6 USD) - 2016/04/20 17:45:03 ET
Table 'Immo II' 6-max Seat #3 is the button
Seat 2: Zubasa07 ($497.76 in chips)
Seat 3: Mizt3r X ($69.28 in chips)
Mizt3r X: posts small blind $1
Zubasa07: posts big blind $3
*** HOLE CARDS ***
Mizt3r X: folds
Uncalled bet ($2) returned to Zubasa07
Zubasa07 collected $2 from pot
Zubasa07: doesn't show hand
*** SUMMARY ***
Total pot $2 | Rake $0
Seat 2: Zubasa07 (big blind) collected ($2)
Seat 3: Mizt3r X (button) (small blind) folded before Flop


PokerStars Hand #152209272109:  Hold'em Limit ($3/$6 USD) - 2016/04/20 17:44:53 ET
Table 'Immo II' 6-max Seat #2 is the button
Seat 2: Zubasa07 ($494.76 in chips)
Seat 3: Mizt3r X ($72.28 in chips)
Zubasa07: posts small blind $1
Mizt3r X: posts big blind $3
*** HOLE CARDS ***
Zubasa07: raises $3 to $6
Mizt3r X: folds
Uncalled bet ($3) returned to Zubasa07
Zubasa07 collected $6 from pot
Zubasa07: doesn't show hand
*** SUMMARY ***
Total pot $6 | Rake $0
Seat 2: Zubasa07 (button) (small blind) collected ($6)
Seat 3: Mizt3r X (big blind) folded before Flop


PokerStars Hand #152209268532:  Hold'em Limit ($3/$6 USD) - 2016/04/20 17:44:49 ET
Table 'Immo II' 6-max Seat #3 is the button
Seat 2: Zubasa07 ($493.76 in chips)
Seat 3: Mizt3r X ($73.28 in chips)
Mizt3r X: posts small blind $1
Zubasa07: posts big blind $3
*** HOLE CARDS ***
Mizt3r X: folds
Uncalled bet ($2) returned to Zubasa07
Zubasa07 collected $2 from pot
Zubasa07: doesn't show hand
*** SUMMARY ***
Total pot $2 | Rake $0
Seat 2: Zubasa07 (big blind) collected ($2)
Seat 3: Mizt3r X (button) (small blind) folded before Flop


PokerStars Hand #152209243342:  Hold'em Limit ($3/$6 USD) - 2016/04/20 17:44:17 ET
Table 'Immo II' 6-max Seat #2 is the button
Seat 2: Zubasa07 ($502.76 in chips)
Seat 3: Mizt3r X ($64.64 in chips)
Zubasa07: posts small blind $1
Mizt3r X: posts big blind $3
*** HOLE CARDS ***
Zubasa07: raises $3 to $6
Mizt3r X: calls $3
*** FLOP *** [Kh 7c Ks]
Mizt3r X: checks
Zubasa07: bets $3
Mizt3r X: calls $3
*** TURN *** [Kh 7c Ks] [Td]
Mizt3r X: checks
Zubasa07: checks
*** RIVER *** [Kh 7c Ks Td] [6s]
Mizt3r X: checks
Zubasa07: checks
*** SHOW DOWN ***
Mizt3r X: shows [As 4d] (a pair of Kings)
Zubasa07: mucks hand
Mizt3r X collected $17.64 from pot
*** SUMMARY ***
Total pot $18 | Rake $0.36
Board [Kh 7c Ks Td 6s]
Seat 2: Zubasa07 (button) (small blind) mucked
Seat 3: Mizt3r X (big blind) showed [As 4d] and won ($17.64) with a pair of Kings


PokerStars Hand #152209312814:  Hold'em Limit ($3/$6 USD) - 2016/04/20 17:45:45 ET
Table 'Immo II' 6-max Seat #3 is the button
Seat 2: Zubasa07 ($513.40 in chips)
Seat 3: Mizt3r X ($53.28 in chips)
Mizt3r X: posts small blind $1
Zubasa07: posts big blind $3
*** HOLE CARDS ***
Mizt3r X: raises $3 to $6
Zubasa07: raises $3 to $9
Mizt3r X: raises $3 to $12
Betting is capped
Zubasa07: calls $3
*** FLOP *** [7h 7c 2h]
Zubasa07: checks
Mizt3r X: bets $3
Zubasa07: raises $3 to $6
Mizt3r X: calls $3
*** TURN *** [7h 7c 2h] [3d]
Zubasa07: bets $6
Mizt3r X: calls $6
*** RIVER *** [7h 7c 2h 3d] [Jh]
Zubasa07: bets $6
Mizt3r X: calls $6
*** SHOW DOWN ***
Zubasa07: shows [Qh Qs] (two pair, Queens and Sevens)
Mizt3r X: mucks hand
Zubasa07 collected $59.50 from pot
*** SUMMARY ***
Total pot $60 | Rake $0.50
Board [7h 7c 2h 3d Jh]
Seat 2: Zubasa07 (big blind) showed [Qh Qs] and won ($59.50) with two pair, Queens and Sevens
Seat 3: Mizt3r X (button) (small blind) mucked


PokerStars Hand #152209307034:  Hold'em Limit ($3/$6 USD) - 2016/04/20 17:45:38 ET
Table 'Immo II' 6-max Seat #2 is the button
Seat 2: Zubasa07 ($510.40 in chips)
Seat 3: Mizt3r X ($56.28 in chips)
Zubasa07: posts small blind $1
Mizt3r X: posts big blind $3
*** HOLE CARDS ***
Zubasa07: raises $3 to $6
Mizt3r X: folds
Uncalled bet ($3) returned to Zubasa07
Zubasa07 collected $6 from pot
Zubasa07: doesn't show hand
*** SUMMARY ***
Total pot $6 | Rake $0
Seat 2: Zubasa07 (button) (small blind) collected ($6)
Seat 3: Mizt3r X (big blind) folded before Flop


PokerStars Hand #152209289151:  Hold'em Limit ($3/$6 USD) - 2016/04/20 17:45:15 ET
Table 'Immo II' 6-max Seat #3 is the button
Seat 2: Zubasa07 ($501.76 in chips)
Seat 3: Mizt3r X ($65.28 in chips)
Mizt3r X: posts small blind $1
Zubasa07: posts big blind $3
*** HOLE CARDS ***
Mizt3r X: raises $3 to $6
Zubasa07: raises $3 to $9
Mizt3r X: calls $3
*** FLOP *** [As 9d 2s]
Zubasa07: bets $3
Mizt3r X: folds
Uncalled bet ($3) returned to Zubasa07
Zubasa07 collected $17.64 from pot
Zubasa07: doesn't show hand
*** SUMMARY ***
Total pot $18 | Rake $0.36
Board [As 9d 2s]
Seat 2: Zubasa07 (big blind) collected ($17.64)
Seat 3: Mizt3r X (button) (small blind) folded on the Flop


PokerStars Hand #152209424694:  Hold'em Limit ($3/$6 USD) - 2016/04/20 17:48:08 ET
Table 'Immo II' 6-max Seat #2 is the button
Seat 2: Zubasa07 ($521.15 in chips)
Seat 3: Mizt3r X ($43.72 in chips)
Zubasa07: posts small blind $1
Mizt3r X: posts big blind $3
*** HOLE CARDS ***
Zubasa07: raises $3 to $6
Mizt3r X: raises $3 to $9
Zubasa07: calls $3
*** FLOP *** [8d 2c 3c]
Mizt3r X: bets $3
Zubasa07: calls $3
*** TURN *** [8d 2c 3c] [7c]
Mizt3r X: bets $6
Zubasa07: folds
Uncalled bet ($6) returned to Mizt3r X
Mizt3r X collected $23.52 from pot
*** SUMMARY ***
Total pot $24 | Rake $0.48
Board [8d 2c 3c 7c]
Seat 2: Zubasa07 (button) (small blind) folded on the Turn
Seat 3: Mizt3r X (big blind) collected ($23.52)


PokerStars Hand #152209398312:  Hold'em Limit ($3/$6 USD) - 2016/04/20 17:47:34 ET
Table 'Immo II' 6-max Seat #3 is the button
Seat 2: Zubasa07 ($543.26 in chips)
Seat 3: Mizt3r X ($22.11 in chips)
Mizt3r X: posts small blind $1
Zubasa07: posts big blind $3
*** HOLE CARDS ***
Mizt3r X: raises $3 to $6
Zubasa07: calls $3
*** FLOP *** [Ks 9s Kh]
Zubasa07: checks
Mizt3r X: bets $3
Zubasa07: raises $3 to $6
Mizt3r X: calls $3
*** TURN *** [Ks 9s Kh] [3c]
Zubasa07: bets $6
Mizt3r X: raises $4.11 to $10.11 and is all-in
Zubasa07: calls $4.11
*** RIVER *** [Ks 9s Kh 3c] [7c]
*** SHOW DOWN ***
Zubasa07: shows [6s 9h] (two pair, Kings and Nines)
Mizt3r X: shows [Qc Kd] (three of a kind, Kings)
Mizt3r X collected $43.72 from pot
*** SUMMARY ***
Total pot $44.22 | Rake $0.50
Board [Ks 9s Kh 3c 7c]
Seat 2: Zubasa07 (big blind) showed [6s 9h] and lost with two pair, Kings and Nines
Seat 3: Mizt3r X (button) (small blind) showed [Qc Kd] and won ($43.72) with three of a kind, Kings


PokerStars Hand #152209475337:  Hold'em Limit ($3/$6 USD) - 2016/04/20 17:49:13 ET
Table 'Immo II' 6-max Seat #2 is the button
Seat 2: Zubasa07 ($491.15 in chips)
Seat 3: Mizt3r X ($72.74 in chips)
Zubasa07: posts small blind $1
Mizt3r X: posts big blind $3
*** HOLE CARDS ***
Zubasa07: raises $3 to $6
Mizt3r X: folds
Uncalled bet ($3) returned to Zubasa07
Zubasa07 collected $6 from pot
Zubasa07: doesn't show hand
*** SUMMARY ***
Total pot $6 | Rake $0
Seat 2: Zubasa07 (button) (small blind) collected ($6)
Seat 3: Mizt3r X (big blind) folded before Flop


PokerStars Hand #152209441503:  Hold'em Limit ($3/$6 USD) - 2016/04/20 17:48:30 ET
Table 'Immo II' 6-max Seat #3 is the button
Seat 2: Zubasa07 ($509.15 in chips)
Seat 3: Mizt3r X ($55.24 in chips)
Mizt3r X: posts small blind $1
Zubasa07: posts big blind $3
*** HOLE CARDS ***
Mizt3r X: raises $3 to $6
Zubasa07: calls $3
*** FLOP *** [3s 7d Qc]
Zubasa07: checks
Mizt3r X: bets $3
Zubasa07: raises $3 to $6
Mizt3r X: calls $3
*** TURN *** [3s 7d Qc] [8c]
Zubasa07: checks
Mizt3r X: checks
*** RIVER *** [3s 7d Qc 8c] [8h]
Zubasa07: bets $6
Mizt3r X: calls $6
*** SHOW DOWN ***
Zubasa07: shows [9d 3d] (two pair, Eights and Threes)
Mizt3r X: shows [7s Ks] (two pair, Eights and Sevens)
Mizt3r X collected $35.50 from pot
*** SUMMARY ***
Total pot $36 | Rake $0.50
Board [3s 7d Qc 8c 8h]
Seat 2: Zubasa07 (big blind) showed [9d 3d] and lost with two pair, Eights and Threes
Seat 3: Mizt3r X (button) (small blind) showed [7s Ks] and won ($35.50) with two pair, Eights and Sevens


PokerStars Hand #152209343301:  Hold'em Limit ($3/$6 USD) - 2016/04/20 17:46:24 ET
Table 'Immo II' 6-max Seat #2 is the button
Seat 2: Zubasa07 ($542.90 in chips)
Seat 3: Mizt3r X ($23.28 in chips)
Zubasa07: posts small blind $1
Mizt3r X: posts big blind $3
*** HOLE CARDS ***
Zubasa07: raises $3 to $6
Mizt3r X: folds
Uncalled bet ($3) returned to Zubasa07
Zubasa07 collected $6 from pot
Zubasa07: doesn't show hand
*** SUMMARY ***
Total pot $6 | Rake $0
Seat 2: Zubasa07 (button) (small blind) collected ($6)
Seat 3: Mizt3r X (big blind) folded before Flop


PokerStars Hand #152209505804:  Hold'em Limit ($3/$6 USD) - 2016/04/20 17:49:53 ET
Table 'Immo II' 6-max Seat #2 is the button
Seat 2: Zubasa07 ($506.79 in chips)
Seat 3: Mizt3r X ($56.74 in chips)
Zubasa07: posts small blind $1
Mizt3r X: posts big blind $3
*** HOLE CARDS ***
Zubasa07: raises $3 to $6
Mizt3r X: folds
Uncalled bet ($3) returned to Zubasa07
Zubasa07 collected $6 from pot
Zubasa07: doesn't show hand
*** SUMMARY ***
Total pot $6 | Rake $0
Seat 2: Zubasa07 (button) (small blind) collected ($6)
Seat 3: Mizt3r X (big blind) folded before Flop


PokerStars Hand #152209502488:  Hold'em Limit ($3/$6 USD) - 2016/04/20 17:49:49 ET
Table 'Immo II' 6-max Seat #3 is the button
Seat 2: Zubasa07 ($505.79 in chips)
Seat 3: Mizt3r X ($57.74 in chips)
Mizt3r X: posts small blind $1
Zubasa07: posts big blind $3
*** HOLE CARDS ***
Mizt3r X: folds
Uncalled bet ($2) returned to Zubasa07
Zubasa07 collected $2 from pot
Zubasa07: doesn't show hand
*** SUMMARY ***
Total pot $2 | Rake $0
Seat 2: Zubasa07 (big blind) collected ($2)
Seat 3: Mizt3r X (button) (small blind) folded before Flop


PokerStars Hand #152209495342:  Hold'em Limit ($3/$6 USD) - 2016/04/20 17:49:39 ET
Table 'Immo II' 6-max Seat #2 is the button
Seat 2: Zubasa07 ($502.79 in chips)
Seat 3: Mizt3r X ($60.74 in chips)
Zubasa07: posts small blind $1
Mizt3r X: posts big blind $3
*** HOLE CARDS ***
Zubasa07: raises $3 to $6
Mizt3r X: folds
Uncalled bet ($3) returned to Zubasa07
Zubasa07 collected $6 from pot
Zubasa07: doesn't show hand
*** SUMMARY ***
Total pot $6 | Rake $0
Seat 2: Zubasa07 (button) (small blind) collected ($6)
Seat 3: Mizt3r X (big blind) folded before Flop


PokerStars Hand #152209482426:  Hold'em Limit ($3/$6 USD) - 2016/04/20 17:49:23 ET
Table 'Immo II' 6-max Seat #3 is the button
Seat 2: Zubasa07 ($494.15 in chips)
Seat 3: Mizt3r X ($69.74 in chips)
Mizt3r X: posts small blind $1
Zubasa07: posts big blind $3
*** HOLE CARDS ***
Mizt3r X: raises $3 to $6
Zubasa07: raises $3 to $9
Mizt3r X: calls $3
*** FLOP *** [7c Qc 9h]
Zubasa07: bets $3
Mizt3r X: folds
Uncalled bet ($3) returned to Zubasa07
Zubasa07 collected $17.64 from pot
Zubasa07: doesn't show hand
*** SUMMARY ***
Total pot $18 | Rake $0.36
Board [7c Qc 9h]
Seat 2: Zubasa07 (big blind) collected ($17.64)
Seat 3: Mizt3r X (button) (small blind) folded on the Flop


PokerStars Hand #152209513520:  Hold'em Limit ($3/$6 USD) - 2016/04/20 17:50:03 ET
Table 'Immo II' 6-max Seat #3 is the button
Seat 2: Zubasa07 ($509.79 in chips)
Seat 3: Mizt3r X ($53.74 in chips)
Mizt3r X: posts small blind $1
Zubasa07: posts big blind $3
*** HOLE CARDS ***
Mizt3r X: raises $3 to $6
Zubasa07: calls $3
*** FLOP *** [Ad Ah 4s]
Zubasa07: checks
Mizt3r X: checks
*** TURN *** [Ad Ah 4s] [4d]
Zubasa07: checks
Mizt3r X: checks
*** RIVER *** [Ad Ah 4s 4d] [2s]
Zubasa07: checks
Mizt3r X: checks
*** SHOW DOWN ***
Zubasa07: shows [5h Qs] (two pair, Aces and Fours)
Mizt3r X: mucks hand
Zubasa07 collected $11.76 from pot
*** SUMMARY ***
Total pot $12 | Rake $0.24
Board [Ad Ah 4s 4d 2s]
Seat 2: Zubasa07 (big blind) showed [5h Qs] and won ($11.76) with two pair, Aces and Fours
Seat 3: Mizt3r X (button) (small blind) mucked


PokerStars Hand #152209594013:  Hold'em Limit ($3/$6 USD) - 2016/04/20 17:51:49 ET
Table 'Immo II' 6-max Seat #2 is the button
Seat 2: Zubasa07 ($486.55 in chips)
Seat 3: Mizt3r X ($76.24 in chips)
Zubasa07: posts small blind $1
Mizt3r X: posts big blind $3
*** HOLE CARDS ***
Zubasa07: raises $3 to $6
Mizt3r X: folds
Uncalled bet ($3) returned to Zubasa07
Zubasa07 collected $6 from pot
Zubasa07: doesn't show hand
*** SUMMARY ***
Total pot $6 | Rake $0
Seat 2: Zubasa07 (button) (small blind) collected ($6)
Seat 3: Mizt3r X (big blind) folded before Flop


PokerStars Hand #152209588872:  Hold'em Limit ($3/$6 USD) - 2016/04/20 17:51:42 ET
Table 'Immo II' 6-max Seat #3 is the button
Seat 2: Zubasa07 ($485.55 in chips)
Seat 3: Mizt3r X ($77.24 in chips)
Mizt3r X: posts small blind $1
Zubasa07: posts big blind $3
*** HOLE CARDS ***
Mizt3r X: folds
Uncalled bet ($2) returned to Zubasa07
Zubasa07 collected $2 from pot
Zubasa07: doesn't show hand
*** SUMMARY ***
Total pot $2 | Rake $0
Seat 2: Zubasa07 (big blind) collected ($2)
Seat 3: Mizt3r X (button) (small blind) folded before Flop


PokerStars Hand #152209541511:  Hold'em Limit ($3/$6 USD) - 2016/04/20 17:50:40 ET
Table 'Immo II' 6-max Seat #2 is the button
Seat 2: Zubasa07 ($515.55 in chips)
Seat 3: Mizt3r X ($47.74 in chips)
Zubasa07: posts small blind $1
Mizt3r X: posts big blind $3
*** HOLE CARDS ***
Zubasa07: raises $3 to $6
Mizt3r X: raises $3 to $9
Zubasa07: calls $3
*** FLOP *** [5c As 3h]
Mizt3r X: bets $3
Zubasa07: calls $3
*** TURN *** [5c As 3h] [8s]
Mizt3r X: bets $6
Zubasa07: calls $6
*** RIVER *** [5c As 3h 8s] [2s]
Mizt3r X: bets $6
Zubasa07: raises $6 to $12
Mizt3r X: calls $6
*** SHOW DOWN ***
Zubasa07: shows [2d Ad] (two pair, Aces and Deuces)
Mizt3r X: shows [8d Ac] (two pair, Aces and Eights)
Mizt3r X collected $59.50 from pot
*** SUMMARY ***
Total pot $60 | Rake $0.50
Board [5c As 3h 8s 2s]
Seat 2: Zubasa07 (button) (small blind) showed [2d Ad] and lost with two pair, Aces and Deuces
Seat 3: Mizt3r X (big blind) showed [8d Ac] and won ($59.50) with two pair, Aces and Eights


PokerStars Hand #152209599002:  Hold'em Limit ($3/$6 USD) - 2016/04/20 17:51:56 ET
Table 'Immo II' 6-max Seat #3 is the button
Seat 2: Zubasa07 ($489.55 in chips)
Seat 3: Mizt3r X ($73.24 in chips)
Mizt3r X: posts small blind $1
Zubasa07: posts big blind $3
*** HOLE CARDS ***
Mizt3r X: raises $3 to $6
Zubasa07: raises $3 to $9
Mizt3r X: calls $3
*** FLOP *** [4d 2h 6h]
Zubasa07: bets $3
Mizt3r X: calls $3
*** TURN *** [4d 2h 6h] [7h]
Zubasa07: bets $6
Mizt3r X: calls $6
*** RIVER *** [4d 2h 6h 7h] [9h]
Zubasa07: checks
Mizt3r X: checks
*** SHOW DOWN ***
Zubasa07: shows [Th 5h] (a flush, Ten high)
Mizt3r X: mucks hand
Zubasa07 collected $35.50 from pot
*** SUMMARY ***
Total pot $36 | Rake $0.50
Board [4d 2h 6h 7h 9h]
Seat 2: Zubasa07 (big blind) showed [Th 5h] and won ($35.50) with a flush, Ten high
Seat 3: Mizt3r X (button) (small blind) mucked


PokerStars Hand #152209620731:  Hold'em Limit ($3/$6 USD) - 2016/04/20 17:52:24 ET
Table 'Immo II' 6-max Seat #2 is the button
Seat 2: Zubasa07 ($507.05 in chips)
Seat 3: Mizt3r X ($55.24 in chips)
Zubasa07: posts small blind $1
Mizt3r X: posts big blind $3
*** HOLE CARDS ***
Zubasa07: raises $3 to $6
Mizt3r X: calls $3
*** FLOP *** [Qh As Qc]
Mizt3r X: checks
Zubasa07: bets $3
Mizt3r X: calls $3
*** TURN *** [Qh As Qc] [2h]
Mizt3r X: checks
Zubasa07: bets $6
Mizt3r X: raises $6 to $12
Zubasa07: calls $6
*** RIVER *** [Qh As Qc 2h] [Kc]
Mizt3r X: bets $6
Zubasa07: calls $6
*** SHOW DOWN ***
Mizt3r X: shows [Qd 9s] (three of a kind, Queens)
Zubasa07: shows [8s Qs] (three of a kind, Queens)
Mizt3r X collected $26.75 from pot
Zubasa07 collected $26.75 from pot
*** SUMMARY ***
Total pot $54 | Rake $0.50
Board [Qh As Qc 2h Kc]
Seat 2: Zubasa07 (button) (small blind) showed [8s Qs] and won ($26.75) with three of a kind, Queens
Seat 3: Mizt3r X (big blind) showed [Qd 9s] and won ($26.75) with three of a kind, Queens


PokerStars Hand #152209648436:  Hold'em Limit ($3/$6 USD) - 2016/04/20 17:53:01 ET
Table 'Immo II' 6-max Seat #3 is the button
Seat 2: Zubasa07 ($506.80 in chips)
Seat 3: Mizt3r X ($54.99 in chips)
Mizt3r X: posts small blind $1
Zubasa07: posts big blind $3
*** HOLE CARDS ***
Mizt3r X: raises $3 to $6
Zubasa07: calls $3
*** FLOP *** [5h 6d Kc]
Zubasa07: checks
Mizt3r X: bets $3
Zubasa07: raises $3 to $6
Mizt3r X: folds
Uncalled bet ($3) returned to Zubasa07
Zubasa07 collected $17.64 from pot
Zubasa07: doesn't show hand
*** SUMMARY ***
Total pot $18 | Rake $0.36
Board [5h 6d Kc]
Seat 2: Zubasa07 (big blind) collected ($17.64)
Seat 3: Mizt3r X (button) (small blind) folded on the Flop


PokerStars Hand #152209668418:  Hold'em Limit ($3/$6 USD) - 2016/04/20 17:53:27 ET
Table 'Immo II' 6-max Seat #2 is the button
Seat 2: Zubasa07 ($515.44 in chips)
Seat 3: Mizt3r X ($45.99 in chips)
Zubasa07: posts small blind $1
Mizt3r X: posts big blind $3
*** HOLE CARDS ***
Zubasa07: raises $3 to $6
Mizt3r X: raises $3 to $9
Zubasa07: calls $3
*** FLOP *** [Jh 7d 3h]
Mizt3r X: bets $3
Zubasa07: calls $3
*** TURN *** [Jh 7d 3h] [7c]
Mizt3r X: bets $6
Zubasa07: calls $6
*** RIVER *** [Jh 7d 3h 7c] [Ah]
Mizt3r X: bets $6
Zubasa07: calls $6
*** SHOW DOWN ***
Mizt3r X: shows [9s 9d] (two pair, Nines and Sevens)
Zubasa07: mucks hand
Mizt3r X collected $47.50 from pot
*** SUMMARY ***
Total pot $48 | Rake $0.50
Board [Jh 7d 3h 7c Ah]
Seat 2: Zubasa07 (button) (small blind) mucked
Seat 3: Mizt3r X (big blind) showed [9s 9d] and won ($47.50) with two pair, Nines and Sevens


PokerStars Hand #152209692167:  Hold'em Limit ($3/$6 USD) - 2016/04/20 17:53:59 ET
Table 'Immo II' 6-max Seat #3 is the button
Seat 2: Zubasa07 ($491.44 in chips)
Seat 3: Mizt3r X ($69.49 in chips)
Mizt3r X: posts small blind $1
Zubasa07: posts big blind $3
*** HOLE CARDS ***
Mizt3r X: folds
Uncalled bet ($2) returned to Zubasa07
Zubasa07 collected $2 from pot
Zubasa07: doesn't show hand
*** SUMMARY ***
Total pot $2 | Rake $0
Seat 2: Zubasa07 (big blind) collected ($2)
Seat 3: Mizt3r X (button) (small blind) folded before Flop


PokerStars Hand #152209697957:  Hold'em Limit ($3/$6 USD) - 2016/04/20 17:54:07 ET
Table 'Immo II' 6-max Seat #2 is the button
Seat 2: Zubasa07 ($492.44 in chips)
Seat 3: Mizt3r X ($68.49 in chips)
Zubasa07: posts small blind $1
Mizt3r X: posts big blind $3
*** HOLE CARDS ***
Zubasa07: raises $3 to $6
Mizt3r X: raises $3 to $9
Zubasa07: calls $3
*** FLOP *** [7c 3h 8c]
Mizt3r X: bets $3
Zubasa07: calls $3
*** TURN *** [7c 3h 8c] [2h]
Mizt3r X: bets $6
Zubasa07: calls $6
*** RIVER *** [7c 3h 8c 2h] [Tc]
Mizt3r X: bets $6
Zubasa07: folds
Uncalled bet ($6) returned to Mizt3r X
Mizt3r X collected $35.50 from pot
*** SUMMARY ***
Total pot $36 | Rake $0.50
Board [7c 3h 8c 2h Tc]
Seat 2: Zubasa07 (button) (small blind) folded on the River
Seat 3: Mizt3r X (big blind) collected ($35.50)


PokerStars Hand #152209740420:  Hold'em Limit ($3/$6 USD) - 2016/04/20 17:55:03 ET
Table 'Immo II' 6-max Seat #3 is the button
Seat 2: Zubasa07 ($474.44 in chips)
Seat 3: Mizt3r X ($85.99 in chips)
Mizt3r X: posts small blind $1
Zubasa07: posts big blind $3
*** HOLE CARDS ***
Mizt3r X: raises $3 to $6
Zubasa07: raises $3 to $9
Mizt3r X: calls $3
*** FLOP *** [Qh 3c 8s]
Zubasa07: bets $3
Mizt3r X: folds
Uncalled bet ($3) returned to Zubasa07
Zubasa07 collected $17.64 from pot
Zubasa07: doesn't show hand
*** SUMMARY ***
Total pot $18 | Rake $0.36
Board [Qh 3c 8s]
Seat 2: Zubasa07 (big blind) collected ($17.64)
Seat 3: Mizt3r X (button) (small blind) folded on the Flop


PokerStars Hand #152209778305:  Hold'em Limit ($3/$6 USD) - 2016/04/20 17:55:51 ET
Table 'Immo II' 6-max Seat #3 is the button
Seat 2: Zubasa07 ($474.08 in chips)
Seat 3: Mizt3r X ($85.63 in chips)
Mizt3r X: posts small blind $1
Zubasa07: posts big blind $3
*** HOLE CARDS ***
Mizt3r X: folds
Uncalled bet ($2) returned to Zubasa07
Zubasa07 collected $2 from pot
Zubasa07: doesn't show hand
*** SUMMARY ***
Total pot $2 | Rake $0
Seat 2: Zubasa07 (big blind) collected ($2)
Seat 3: Mizt3r X (button) (small blind) folded before Flop


PokerStars Hand #152209761419:  Hold'em Limit ($3/$6 USD) - 2016/04/20 17:55:23 ET
Table 'Immo II' 6-max Seat #2 is the button
Seat 2: Zubasa07 ($483.08 in chips)
Seat 3: Mizt3r X ($76.99 in chips)
Zubasa07: posts small blind $1
Mizt3r X: posts big blind $3
*** HOLE CARDS ***
Zubasa07: raises $3 to $6
Mizt3r X: calls $3
*** FLOP *** [3d 8c 4d]
Mizt3r X: checks
Zubasa07: bets $3
Mizt3r X: raises $3 to $6
Zubasa07: folds
Uncalled bet ($3) returned to Mizt3r X
Mizt3r X collected $17.64 from pot
*** SUMMARY ***
Total pot $18 | Rake $0.36
Board [3d 8c 4d]
Seat 2: Zubasa07 (button) (small blind) folded on the Flop
Seat 3: Mizt3r X (big blind) collected ($17.64)


PokerStars Hand #152209781121:  Hold'em Limit ($3/$6 USD) - 2016/04/20 17:55:56 ET
Table 'Immo II' 6-max Seat #2 is the button
Seat 2: Zubasa07 ($475.08 in chips)
Seat 3: Mizt3r X ($84.63 in chips)
Zubasa07: posts small blind $1
Mizt3r X: posts big blind $3
*** HOLE CARDS ***
Zubasa07: raises $3 to $6
Mizt3r X: raises $3 to $9
Zubasa07: calls $3
*** FLOP *** [Qd 3d Ah]
Mizt3r X: bets $3
Zubasa07: calls $3
*** TURN *** [Qd 3d Ah] [Kh]
Mizt3r X: bets $6
Zubasa07: calls $6
*** RIVER *** [Qd 3d Ah Kh] [Qs]
Mizt3r X: checks
Zubasa07: checks
*** SHOW DOWN ***
Mizt3r X: shows [9h 8d] (a pair of Queens)
Zubasa07: shows [Jd 2s] (a pair of Queens - Ace+King+Jack kicker)
Zubasa07 collected $35.50 from pot
*** SUMMARY ***
Total pot $36 | Rake $0.50
Board [Qd 3d Ah Kh Qs]
Seat 2: Zubasa07 (button) (small blind) showed [Jd 2s] and won ($35.50) with a pair of Queens
Seat 3: Mizt3r X (big blind) showed [9h 8d] and lost with a pair of Queens


PokerStars Hand #152209823924:  Hold'em Limit ($3/$6 USD) - 2016/04/20 17:57:05 ET
Table 'Immo II' 6-max Seat #3 is the button
Seat 2: Zubasa07 ($492.58 in chips)
Seat 3: Mizt3r X ($66.63 in chips)
Mizt3r X: posts small blind $1
Zubasa07: posts big blind $3
*** HOLE CARDS ***
Mizt3r X: raises $3 to $6
Zubasa07: folds
Uncalled bet ($3) returned to Mizt3r X
Mizt3r X collected $6 from pot
*** SUMMARY ***
Total pot $6 | Rake $0
Seat 2: Zubasa07 (big blind) folded before Flop
Seat 3: Mizt3r X (button) (small blind) collected ($6)


PokerStars Hand #152209833590:  Hold'em Limit ($3/$6 USD) - 2016/04/20 17:57:21 ET
Table 'Immo II' 6-max Seat #2 is the button
Seat 2: Zubasa07 ($489.58 in chips)
Seat 3: Mizt3r X ($69.63 in chips)
Zubasa07: posts small blind $1
Mizt3r X: posts big blind $3
*** HOLE CARDS ***
Zubasa07: raises $3 to $6
Mizt3r X: folds
Uncalled bet ($3) returned to Zubasa07
Zubasa07 collected $6 from pot
Zubasa07: doesn't show hand
*** SUMMARY ***
Total pot $6 | Rake $0
Seat 2: Zubasa07 (button) (small blind) collected ($6)
Seat 3: Mizt3r X (big blind) folded before Flop


PokerStars Hand #152209869860:  Hold'em Limit ($3/$6 USD) - 2016/04/20 17:58:19 ET
Table 'Immo II' 6-max Seat #3 is the button
Seat 2: Zubasa07 ($476.58 in chips)
Seat 3: Mizt3r X ($82.13 in chips)
Mizt3r X: posts small blind $1
Zubasa07: posts big blind $3
*** HOLE CARDS ***
Mizt3r X: folds
Uncalled bet ($2) returned to Zubasa07
Zubasa07 collected $2 from pot
Zubasa07: doesn't show hand
*** SUMMARY ***
Total pot $2 | Rake $0
Seat 2: Zubasa07 (big blind) collected ($2)
Seat 3: Mizt3r X (button) (small blind) folded before Flop


PokerStars Hand #152209837727:  Hold'em Limit ($3/$6 USD) - 2016/04/20 17:57:27 ET
Table 'Immo II' 6-max Seat #3 is the button
Seat 2: Zubasa07 ($492.58 in chips)
Seat 3: Mizt3r X ($66.63 in chips)
Mizt3r X: posts small blind $1
Zubasa07: posts big blind $3
*** HOLE CARDS ***
Mizt3r X: raises $3 to $6
Zubasa07: raises $3 to $9
Mizt3r X: raises $3 to $12
Betting is capped
Zubasa07: calls $3
*** FLOP *** [2c 3c 8s]
Zubasa07: checks
Mizt3r X: bets $3
Zubasa07: calls $3
*** TURN *** [2c 3c 8s] [8d]
Zubasa07: checks
Mizt3r X: bets $6
Zubasa07: folds
Uncalled bet ($6) returned to Mizt3r X
Mizt3r X collected $29.50 from pot
*** SUMMARY ***
Total pot $30 | Rake $0.50
Board [2c 3c 8s 8d]
Seat 2: Zubasa07 (big blind) folded on the Turn
Seat 3: Mizt3r X (button) (small blind) collected ($29.50)


PokerStars Hand #152209864612:  Hold'em Limit ($3/$6 USD) - 2016/04/20 17:58:11 ET
Table 'Immo II' 6-max Seat #2 is the button
Seat 2: Zubasa07 ($477.58 in chips)
Seat 3: Mizt3r X ($81.13 in chips)
Zubasa07: posts small blind $1
Mizt3r X: posts big blind $3
*** HOLE CARDS ***
Zubasa07: folds
Uncalled bet ($2) returned to Mizt3r X
Mizt3r X collected $2 from pot
*** SUMMARY ***
Total pot $2 | Rake $0
Seat 2: Zubasa07 (button) (small blind) folded before Flop
Seat 3: Mizt3r X (big blind) collected ($2)


PokerStars Hand #152209872826:  Hold'em Limit ($3/$6 USD) - 2016/04/20 17:58:24 ET
Table 'Immo II' 6-max Seat #2 is the button
Seat 2: Zubasa07 ($477.58 in chips)
Seat 3: Mizt3r X ($81.13 in chips)
Zubasa07: posts small blind $1
Mizt3r X: posts big blind $3
*** HOLE CARDS ***
Zubasa07: raises $3 to $6
Mizt3r X: raises $3 to $9
Zubasa07: calls $3
*** FLOP *** [4d 5d 2s]
Mizt3r X: checks
Zubasa07: bets $3
Mizt3r X: calls $3
*** TURN *** [4d 5d 2s] [Js]
Mizt3r X: checks
Zubasa07: checks
*** RIVER *** [4d 5d 2s Js] [2c]
Mizt3r X: bets $6
Zubasa07: calls $6
*** SHOW DOWN ***
Mizt3r X: shows [7c Ac] (a pair of Deuces)
Zubasa07: shows [4c Qs] (two pair, Fours and Deuces)
Zubasa07 collected $35.50 from pot
*** SUMMARY ***
Total pot $36 | Rake $0.50
Board [4d 5d 2s Js 2c]
Seat 2: Zubasa07 (button) (small blind) showed [4c Qs] and won ($35.50) with two pair, Fours and Deuces
Seat 3: Mizt3r X (big blind) showed [7c Ac] and lost with a pair of Deuces


PokerStars Hand #152209905011:  Hold'em Limit ($3/$6 USD) - 2016/04/20 17:59:16 ET
Table 'Immo II' 6-max Seat #3 is the button
Seat 2: Zubasa07 ($495.08 in chips)
Seat 3: Mizt3r X ($63.13 in chips)
Mizt3r X: posts small blind $1
Zubasa07: posts big blind $3
*** HOLE CARDS ***
Mizt3r X: raises $3 to $6
Zubasa07: raises $3 to $9
Mizt3r X: calls $3
*** FLOP *** [2d 9d 4d]
Zubasa07: bets $3
Mizt3r X: calls $3
*** TURN *** [2d 9d 4d] [Tc]
Zubasa07: bets $6
Mizt3r X: raises $6 to $12
Zubasa07: folds
Uncalled bet ($6) returned to Mizt3r X
Mizt3r X collected $35.50 from pot
*** SUMMARY ***
Total pot $36 | Rake $0.50
Board [2d 9d 4d Tc]
Seat 2: Zubasa07 (big blind) folded on the Turn
Seat 3: Mizt3r X (button) (small blind) collected ($35.50)


PokerStars Hand #152209938953:  Hold'em Limit ($3/$6 USD) - 2016/04/20 18:00:10 ET
Table 'Immo II' 6-max Seat #2 is the button
Seat 2: Zubasa07 ($477.08 in chips)
Seat 3: Mizt3r X ($80.63 in chips)
Zubasa07: posts small blind $1
Mizt3r X: posts big blind $3
*** HOLE CARDS ***
Zubasa07: raises $3 to $6
Mizt3r X: folds
Uncalled bet ($3) returned to Zubasa07
Zubasa07 collected $6 from pot
Zubasa07: doesn't show hand
*** SUMMARY ***
Total pot $6 | Rake $0
Seat 2: Zubasa07 (button) (small blind) collected ($6)
Seat 3: Mizt3r X (big blind) folded before Flop


PokerStars Hand #152209946309:  Hold'em Limit ($3/$6 USD) - 2016/04/20 18:00:21 ET
Table 'Immo II' 6-max Seat #3 is the button
Seat 2: Zubasa07 ($480.08 in chips)
Seat 3: Mizt3r X ($77.63 in chips)
Mizt3r X: posts small blind $1
Zubasa07: posts big blind $3
*** HOLE CARDS ***
Mizt3r X: folds
Uncalled bet ($2) returned to Zubasa07
Zubasa07 collected $2 from pot
Zubasa07: doesn't show hand
*** SUMMARY ***
Total pot $2 | Rake $0
Seat 2: Zubasa07 (big blind) collected ($2)
Seat 3: Mizt3r X (button) (small blind) folded before Flop


PokerStars Hand #152209949099:  Hold'em Limit ($3/$6 USD) - 2016/04/20 18:00:26 ET
Table 'Immo II' 6-max Seat #2 is the button
Seat 2: Zubasa07 ($481.08 in chips)
Seat 3: Mizt3r X ($76.63 in chips)
Zubasa07: posts small blind $1
Mizt3r X: posts big blind $3
*** HOLE CARDS ***
Zubasa07: raises $3 to $6
Mizt3r X: folds
Uncalled bet ($3) returned to Zubasa07
Zubasa07 collected $6 from pot
Zubasa07: doesn't show hand
*** SUMMARY ***
Total pot $6 | Rake $0
Seat 2: Zubasa07 (button) (small blind) collected ($6)
Seat 3: Mizt3r X (big blind) folded before Flop


PokerStars Hand #152209957652:  Hold'em Limit ($3/$6 USD) - 2016/04/20 18:00:39 ET
Table 'Immo II' 6-max Seat #3 is the button
Seat 2: Zubasa07 ($484.08 in chips)
Seat 3: Mizt3r X ($73.63 in chips)
Mizt3r X: posts small blind $1
Zubasa07: posts big blind $3
*** HOLE CARDS ***
Mizt3r X: folds
Uncalled bet ($2) returned to Zubasa07
Zubasa07 collected $2 from pot
Zubasa07: doesn't show hand
*** SUMMARY ***
Total pot $2 | Rake $0
Seat 2: Zubasa07 (big blind) collected ($2)
Seat 3: Mizt3r X (button) (small blind) folded before Flop


PokerStars Hand #152209961006:  Hold'em Limit ($3/$6 USD) - 2016/04/20 18:00:44 ET
Table 'Immo II' 6-max Seat #2 is the button
Seat 2: Zubasa07 ($485.08 in chips)
Seat 3: Mizt3r X ($72.63 in chips)
Zubasa07: posts small blind $1
Mizt3r X: posts big blind $3
*** HOLE CARDS ***
Zubasa07: raises $3 to $6
Mizt3r X: raises $3 to $9
Zubasa07: calls $3
*** FLOP *** [6s 7h 7s]
Mizt3r X: bets $3
Zubasa07: calls $3
*** TURN *** [6s 7h 7s] [6h]
Mizt3r X: bets $6
Balu100000 joins the table at seat #6
Zubasa07: raises $6 to $12
Mizt3r X: calls $6
*** RIVER *** [6s 7h 7s 6h] [4d]
Mizt3r X: checks
Zubasa07: checks
*** SHOW DOWN ***
Mizt3r X: shows [9h 9c] (two pair, Nines and Sevens)
Zubasa07: mucks hand
Mizt3r X collected $47.50 from pot
*** SUMMARY ***
Total pot $48 | Rake $0.50
Board [6s 7h 7s 6h 4d]
Seat 2: Zubasa07 (button) (small blind) mucked
Seat 3: Mizt3r X (big blind) showed [9h 9c] and won ($47.50) with two pair, Nines and Sevens


PokerStars Hand #152210197027:  Hold'em Limit ($3/$6 USD) - 2016/04/20 18:06:04 ET
Table 'Immo II' 6-max Seat #3 is the button
Seat 2: Zubasa07 ($486.08 in chips)
Seat 3: Mizt3r X ($101.30 in chips)
Mizt3r X: posts small blind $1
Zubasa07: posts big blind $3
*** HOLE CARDS ***
Mizt3r X: raises $3 to $6
Zubasa07: calls $3
*** FLOP *** [2s 6d 3d]
Zubasa07: checks
Mizt3r X: bets $3
Zubasa07: folds
Uncalled bet ($3) returned to Mizt3r X
Mizt3r X collected $11.76 from pot
*** SUMMARY ***
Total pot $12 | Rake $0.24
Board [2s 6d 3d]
Seat 2: Zubasa07 (big blind) folded on the Flop
Seat 3: Mizt3r X (button) (small blind) collected ($11.76)


PokerStars Hand #152210217545:  Hold'em Limit ($3/$6 USD) - 2016/04/20 18:06:31 ET
Table 'Immo II' 6-max Seat #2 is the button
Seat 2: Zubasa07 ($480.08 in chips)
Seat 3: Mizt3r X ($107.06 in chips)
Zubasa07: posts small blind $1
Mizt3r X: posts big blind $3
*** HOLE CARDS ***
Zubasa07: raises $3 to $6
Mizt3r X: calls $3
*** FLOP *** [4d 2c 2h]
Mizt3r X: checks
Zubasa07: bets $3
Mizt3r X: calls $3
*** TURN *** [4d 2c 2h] [As]
Mizt3r X: checks
Zubasa07: bets $6
Mizt3r X: raises $6 to $12
Zubasa07: folds
Uncalled bet ($6) returned to Mizt3r X
Mizt3r X collected $29.50 from pot
*** SUMMARY ***
Total pot $30 | Rake $0.50
Board [4d 2c 2h As]
Seat 2: Zubasa07 (button) (small blind) folded on the Turn
Seat 3: Mizt3r X (big blind) collected ($29.50)


PokerStars Hand #152210187711:  Hold'em Limit ($3/$6 USD) - 2016/04/20 18:05:52 ET
Table 'Immo II' 6-max Seat #2 is the button
Seat 2: Zubasa07 ($483.08 in chips)
Seat 3: Mizt3r X ($104.30 in chips)
Zubasa07: posts small blind $1
Mizt3r X: posts big blind $3
*** HOLE CARDS ***
Zubasa07: raises $3 to $6
Mizt3r X: folds
Uncalled bet ($3) returned to Zubasa07
Zubasa07 collected $6 from pot
Zubasa07: doesn't show hand
*** SUMMARY ***
Total pot $6 | Rake $0
Seat 2: Zubasa07 (button) (small blind) collected ($6)
Seat 3: Mizt3r X (big blind) folded before Flop


PokerStars Hand #152210283063:  Hold'em Limit ($3/$6 USD) - 2016/04/20 18:07:57 ET
Table 'Immo II' 6-max Seat #2 is the button
Seat 2: Zubasa07 ($479.58 in chips)
Seat 3: Mizt3r X ($106.56 in chips)
Zubasa07: posts small blind $1
Mizt3r X: posts big blind $3
*** HOLE CARDS ***
Zubasa07: raises $3 to $6
Mizt3r X: folds
Uncalled bet ($3) returned to Zubasa07
Zubasa07 collected $6 from pot
Zubasa07: doesn't show hand
*** SUMMARY ***
Total pot $6 | Rake $0
Seat 2: Zubasa07 (button) (small blind) collected ($6)
Seat 3: Mizt3r X (big blind) folded before Flop


PokerStars Hand #152210241415:  Hold'em Limit ($3/$6 USD) - 2016/04/20 18:07:02 ET
Table 'Immo II' 6-max Seat #3 is the button
Seat 2: Zubasa07 ($465.08 in chips)
Seat 3: Mizt3r X ($121.56 in chips)
Mizt3r X: posts small blind $1
Zubasa07: posts big blind $3
*** HOLE CARDS ***
Mizt3r X: raises $3 to $6
Zubasa07: calls $3
*** FLOP *** [7s 8h 6s]
Zubasa07: checks
Mizt3r X: bets $3
Zubasa07: calls $3
*** TURN *** [7s 8h 6s] [Qs]
Zubasa07: checks
Mizt3r X: bets $6
Zubasa07: calls $6
*** RIVER *** [7s 8h 6s Qs] [3s]
Zubasa07: bets $6
Mizt3r X: folds
Uncalled bet ($6) returned to Zubasa07
Zubasa07 collected $29.50 from pot
Zubasa07: doesn't show hand
*** SUMMARY ***
Total pot $30 | Rake $0.50
Board [7s 8h 6s Qs 3s]
Seat 2: Zubasa07 (big blind) collected ($29.50)
Seat 3: Mizt3r X (button) (small blind) folded on the River


PokerStars Hand #152210348056:  Hold'em Limit ($3/$6 USD) - 2016/04/20 18:09:22 ET
Table 'Immo II' 6-max Seat #6 is the button
Seat 2: Zubasa07 ($495.68 in chips)
Seat 6: Balu100000 ($55.74 in chips)
Balu100000: posts small blind $1
Zubasa07: posts big blind $3
*** HOLE CARDS ***
Balu100000: folds
Uncalled bet ($2) returned to Zubasa07
Zubasa07 collected $2 from pot
Zubasa07: doesn't show hand
*** SUMMARY ***
Total pot $2 | Rake $0
Seat 2: Zubasa07 (big blind) collected ($2)
Seat 6: Balu100000 (button) (small blind) folded before Flop


PokerStars Hand #152210339710:  Hold'em Limit ($3/$6 USD) - 2016/04/20 18:09:11 ET
Table 'Immo II' 6-max Seat #2 is the button
Seat 2: Zubasa07 ($496.68 in chips)
Seat 6: Balu100000 ($54.74 in chips)
Zubasa07: posts small blind $1
Balu100000: posts big blind $3
*** HOLE CARDS ***
Zaza232 joins the table at seat #4
Zubasa07: folds
Uncalled bet ($2) returned to Balu100000
Balu100000 collected $2 from pot
Balu100000: doesn't show hand
*** SUMMARY ***
Total pot $2 | Rake $0
Seat 2: Zubasa07 (button) (small blind) folded before Flop
Seat 6: Balu100000 (big blind) collected ($2)


PokerStars Hand #152210389856:  Hold'em Limit ($3/$6 USD) - 2016/04/20 18:10:17 ET
Table 'Immo II' 6-max Seat #6 is the button
Seat 2: Zubasa07 ($522.06 in chips)
Seat 6: Balu100000 ($55.74 in chips)
Balu100000: posts small blind $1
Zubasa07: posts big blind $3
*** HOLE CARDS ***
Balu100000: raises $3 to $6
Zubasa07: calls $3
*** FLOP *** [Jd Js 3c]
Zubasa07: checks
Balu100000: bets $3
Zubasa07: folds
Uncalled bet ($3) returned to Balu100000
Balu100000 collected $11.76 from pot
Balu100000: doesn't show hand
*** SUMMARY ***
Total pot $12 | Rake $0.24
Board [Jd Js 3c]
Seat 2: Zubasa07 (big blind) folded on the Flop
Seat 6: Balu100000 (button) (small blind) collected ($11.76)


PokerStars Hand #152210409991:  Hold'em Limit ($3/$6 USD) - 2016/04/20 18:10:44 ET
Table 'Immo II' 6-max Seat #2 is the button
Seat 2: Zubasa07 ($516.06 in chips)
Seat 6: Balu100000 ($61.50 in chips)
Zubasa07: posts small blind $1
Balu100000: posts big blind $3
*** HOLE CARDS ***
Zubasa07: raises $3 to $6
Balu100000: calls $3
*** FLOP *** [9d 3c 2s]
Balu100000: checks
Zubasa07: bets $3
Balu100000: calls $3
*** TURN *** [9d 3c 2s] [8h]
Balu100000: checks
Zubasa07: bets $6
Balu100000: calls $6
*** RIVER *** [9d 3c 2s 8h] [6s]
Balu100000: checks
Zubasa07: bets $6
Balu100000: calls $6
*** SHOW DOWN ***
Zubasa07: shows [9s 9h] (three of a kind, Nines)
Balu100000: mucks hand
Zubasa07 collected $41.50 from pot
*** SUMMARY ***
Total pot $42 | Rake $0.50
Board [9d 3c 2s 8h 6s]
Seat 2: Zubasa07 (button) (small blind) showed [9s 9h] and won ($41.50) with three of a kind, Nines
Seat 6: Balu100000 (big blind) mucked


PokerStars Hand #152210460450:  Hold'em Limit ($3/$6 USD) - 2016/04/20 18:11:50 ET
Table 'Immo II' 6-max Seat #6 is the button
Seat 2: Zubasa07 ($536.56 in chips)
Seat 6: Balu100000 ($40.50 in chips)
Balu100000: posts small blind $1
Zubasa07: posts big blind $3
*** HOLE CARDS ***
Balu100000: folds
Uncalled bet ($2) returned to Zubasa07
Zubasa07 collected $2 from pot
Zubasa07: doesn't show hand
*** SUMMARY ***
Total pot $2 | Rake $0
Seat 2: Zubasa07 (big blind) collected ($2)
Seat 6: Balu100000 (button) (small blind) folded before Flop


PokerStars Hand #152210456147:  Hold'em Limit ($3/$6 USD) - 2016/04/20 18:11:44 ET
Table 'Immo II' 6-max Seat #2 is the button
Seat 2: Zubasa07 ($537.56 in chips)
Seat 6: Balu100000 ($39.50 in chips)
Zubasa07: posts small blind $1
Balu100000: posts big blind $3
*** HOLE CARDS ***
Zubasa07: folds
Uncalled bet ($2) returned to Balu100000
Balu100000 collected $2 from pot
Balu100000: doesn't show hand
*** SUMMARY ***
Total pot $2 | Rake $0
Seat 2: Zubasa07 (button) (small blind) folded before Flop
Seat 6: Balu100000 (big blind) collected ($2)


PokerStars Hand #152210452289:  Hold'em Limit ($3/$6 USD) - 2016/04/20 18:11:39 ET
Table 'Immo II' 6-max Seat #6 is the button
Seat 2: Zubasa07 ($536.56 in chips)
Seat 6: Balu100000 ($40.50 in chips)
Balu100000: posts small blind $1
Zubasa07: posts big blind $3
*** HOLE CARDS ***
Balu100000: folds
Uncalled bet ($2) returned to Zubasa07
Zubasa07 collected $2 from pot
Zubasa07: doesn't show hand
*** SUMMARY ***
Total pot $2 | Rake $0
Seat 2: Zubasa07 (big blind) collected ($2)
Seat 6: Balu100000 (button) (small blind) folded before Flop


PokerStars Hand #152210464179:  Hold'em Limit ($3/$6 USD) - 2016/04/20 18:11:55 ET
Table 'Immo II' 6-max Seat #2 is the button
Seat 2: Zubasa07 ($537.56 in chips)
Seat 6: Balu100000 ($39.50 in chips)
Zubasa07: posts small blind $1
Balu100000: posts big blind $3
*** HOLE CARDS ***
Zubasa07: raises $3 to $6
Balu100000: raises $3 to $9
Zubasa07: calls $3
*** FLOP *** [6h 6c 2h]
Balu100000: checks
Zubasa07: bets $3
Balu100000: raises $3 to $6
Zubasa07: calls $3
*** TURN *** [6h 6c 2h] [2c]
Balu100000: bets $6
Zubasa07: calls $6
*** RIVER *** [6h 6c 2h 2c] [7h]
Balu100000: bets $6
Zubasa07: raises $6 to $12
Balu100000: calls $6
*** SHOW DOWN ***
Zubasa07: shows [2d Kh] (a full house, Deuces full of Sixes)
Balu100000: mucks hand
Zubasa07 collected $65.50 from pot
*** SUMMARY ***
Total pot $66 | Rake $0.50
Board [6h 6c 2h 2c 7h]
Seat 2: Zubasa07 (button) (small blind) showed [2d Kh] and won ($65.50) with a full house, Deuces full of Sixes
Seat 6: Balu100000 (big blind) mucked


PokerStars Hand #152210520540:  Hold'em Limit ($3/$6 USD) - 2016/04/20 18:13:11 ET
Table 'Immo II' 6-max Seat #6 is the button
Seat 2: Zubasa07 ($570.06 in chips)
Seat 6: Balu100000 ($6.50 in chips)
Balu100000: posts small blind $1
Zubasa07: posts big blind $3
*** HOLE CARDS ***
Balu100000: calls $2
Zubasa07: raises $3 to $6
Balu100000: raises $0.50 to $6.50 and is all-in
Zubasa07: calls $0.50
*** FLOP *** [Ac 6c Jc]
*** TURN *** [Ac 6c Jc] [3c]
*** RIVER *** [Ac 6c Jc 3c] [Ah]
*** SHOW DOWN ***
Zubasa07: shows [6s 8s] (two pair, Aces and Sixes)
Balu100000: shows [Tc 8d] (a flush, Ace high)
Balu100000 collected $12.74 from pot
*** SUMMARY ***
Total pot $13 | Rake $0.26
Board [Ac 6c Jc 3c Ah]
Seat 2: Zubasa07 (big blind) showed [6s 8s] and lost with two pair, Aces and Sixes
Seat 6: Balu100000 (button) (small blind) showed [Tc 8d] and won ($12.74) with a flush, Ace high


PokerStars Hand #152210546663:  Hold'em Limit ($3/$6 USD) - 2016/04/20 18:13:46 ET
Table 'Immo II' 6-max Seat #2 is the button
Seat 2: Zubasa07 ($563.56 in chips)
Seat 6: Balu100000 ($12.74 in chips)
Zubasa07: posts small blind $1
Balu100000: posts big blind $3
*** HOLE CARDS ***
Zubasa07: raises $3 to $6
Balu100000: raises $3 to $9
Zubasa07: raises $3 to $12
Betting is capped
Balu100000: calls $3
*** FLOP *** [Th 8c 6s]
Balu100000: bets $0.74 and is all-in
Zubasa07: calls $0.74
*** TURN *** [Th 8c 6s] [4c]
*** RIVER *** [Th 8c 6s 4c] [Tc]
*** SHOW DOWN ***
Balu100000: shows [5h As] (a pair of Tens)
Zubasa07: shows [Jc Ad] (a pair of Tens - Ace+Jack kicker)
Zubasa07 collected $24.98 from pot
*** SUMMARY ***
Total pot $25.48 | Rake $0.50
Board [Th 8c 6s 4c Tc]
Seat 2: Zubasa07 (button) (small blind) showed [Jc Ad] and won ($24.98) with a pair of Tens
Seat 6: Balu100000 (big blind) showed [5h As] and lost with a pair of Tens


