PokerStars Hand #157966336132:  Hold'em Limit ($3/$6 USD) - 2016/08/31 5:09:06 ET
Table 'Immo' 6-max Seat #1 is the button
Seat 1: jestanie ($331.68 in chips)
Seat 6: AAinthehole ($176.20 in chips)
jestanie: posts small blind $1
VolkovDmitri: is sitting out
AAinthehole: posts big blind $3
*** HOLE CARDS ***
jestanie: folds
Uncalled bet ($2) returned to AAinthehole
AAinthehole collected $2 from pot
AAinthehole: doesn't show hand
*** SUMMARY ***
Total pot $2 | Rake $0
Seat 1: jestanie (button) (small blind) folded before Flop
Seat 6: AAinthehole (big blind) collected ($2)


PokerStars Hand #157966340757:  Hold'em Limit ($3/$6 USD) - 2016/08/31 5:09:19 ET
Table 'Immo' 6-max Seat #6 is the button
Seat 1: jestanie ($330.68 in chips)
Seat 6: AAinthehole ($177.20 in chips)
AAinthehole: posts small blind $1
jestanie: posts big blind $3
*** HOLE CARDS ***
AAinthehole: folds
Uncalled bet ($2) returned to jestanie
VolkovDmitri leaves the table
jestanie collected $2 from pot
jestanie: doesn't show hand
*** SUMMARY ***
Total pot $2 | Rake $0
Seat 1: jestanie (big blind) collected ($2)
Seat 6: AAinthehole (button) (small blind) folded before Flop


PokerStars Hand #157966342972:  Hold'em Limit ($3/$6 USD) - 2016/08/31 5:09:26 ET
Table 'Immo' 6-max Seat #1 is the button
Seat 1: jestanie ($331.68 in chips)
Seat 6: AAinthehole ($176.20 in chips)
jestanie: posts small blind $1
AAinthehole: posts big blind $3
*** HOLE CARDS ***
jestanie: raises $3 to $6
AAinthehole: calls $3
*** FLOP *** [8s Ks Jh]
AAinthehole: checks
jestanie: bets $3
AAinthehole: folds
Uncalled bet ($3) returned to jestanie
jestanie collected $11.76 from pot
jestanie: doesn't show hand
*** SUMMARY ***
Total pot $12 | Rake $0.24
Board [8s Ks Jh]
Seat 1: jestanie (button) (small blind) collected ($11.76)
Seat 6: AAinthehole (big blind) folded on the Flop


