PokerStars Hand #153833847854:  Hold'em Limit ($3/$6 USD) - 2016/05/25 15:33:31 ET
Table 'Impala II' 6-max Seat #2 is the button
Seat 2: BIZE Terence ($190.74 in chips)
Seat 5: jackRizzar ($202.64 in chips)
BIZE Terence: posts small blind $1
Chessnok: is sitting out
jackRizzar: posts big blind $3
*** HOLE CARDS ***
BIZE Terence: raises $3 to $6
Doom_LordII joins the table at seat #1
jackRizzar: calls $3
*** FLOP *** [9s 6s Ks]
jackRizzar: checks
BIZE Terence: bets $3
jackRizzar: raises $3 to $6
BIZE Terence: folds
Uncalled bet ($3) returned to jackRizzar
jackRizzar collected $17.64 from pot
*** SUMMARY ***
Total pot $18 | Rake $0.36
Board [9s 6s Ks]
Seat 2: BIZE Terence (button) (small blind) folded on the Flop
Seat 5: jackRizzar (big blind) collected ($17.64)


PokerStars Hand #153835644722:  Hold'em Limit ($3/$6 USD) - 2016/05/25 16:07:37 ET
Table 'Impala II' 6-max Seat #6 is the button
Seat 4: Chessnok ($74.07 in chips)
Seat 6: mr.dockuda ($12.40 in chips)
mr.dockuda: posts small blind $1
Doom_LordII: is sitting out
Chessnok: posts big blind $3
*** HOLE CARDS ***
mr.dockuda: raises $3 to $6
Doom_LordII leaves the table
Chessnok: raises $3 to $9
mr.dockuda: raises $3 to $12
Betting is capped
Chessnok: calls $3
*** FLOP *** [Kh 6c 9h]
Chessnok: bets $3
mr.dockuda: calls $0.40 and is all-in
Uncalled bet ($2.60) returned to Chessnok
*** TURN *** [Kh 6c 9h] [4d]
*** RIVER *** [Kh 6c 9h 4d] [9c]
*** SHOW DOWN ***
Chessnok: shows [Ac Jd] (a pair of Nines)
mr.dockuda: shows [Kc Th] (two pair, Kings and Nines)
mr.dockuda collected $24.30 from pot
*** SUMMARY ***
Total pot $24.80 | Rake $0.50
Board [Kh 6c 9h 4d 9c]
Seat 4: Chessnok (big blind) showed [Ac Jd] and lost with a pair of Nines
Seat 6: mr.dockuda (button) (small blind) showed [Kc Th] and won ($24.30) with two pair, Kings and Nines


PokerStars Hand #153835743217:  Hold'em Limit ($3/$6 USD) - 2016/05/25 16:09:24 ET
Table 'Impala II' 6-max Seat #4 is the button
Seat 4: Chessnok ($75.19 in chips)
Seat 6: mr.dockuda ($10.30 in chips)
Chessnok: posts small blind $1
mr.dockuda: posts big blind $3
*** HOLE CARDS ***
Chessnok: raises $3 to $6
mr.dockuda: calls $3
*** FLOP *** [Ah Ad 2d]
mr.dockuda: bets $3
Chessnok: folds
Uncalled bet ($3) returned to mr.dockuda
mr.dockuda collected $11.76 from pot
mr.dockuda: doesn't show hand
*** SUMMARY ***
Total pot $12 | Rake $0.24
Board [Ah Ad 2d]
Seat 4: Chessnok (button) (small blind) folded on the Flop
Seat 6: mr.dockuda (big blind) collected ($11.76)


PokerStars Hand #153835738687:  Hold'em Limit ($3/$6 USD) - 2016/05/25 16:09:19 ET
Table 'Impala II' 6-max Seat #6 is the button
Seat 4: Chessnok ($74.19 in chips)
Seat 6: mr.dockuda ($11.30 in chips)
mr.dockuda: posts small blind $1
Chessnok: posts big blind $3
*** HOLE CARDS ***
mr.dockuda: folds
Uncalled bet ($2) returned to Chessnok
Chessnok collected $2 from pot
Chessnok: doesn't show hand
*** SUMMARY ***
Total pot $2 | Rake $0
Seat 4: Chessnok (big blind) collected ($2)
Seat 6: mr.dockuda (button) (small blind) folded before Flop


PokerStars Hand #153835715769:  Hold'em Limit ($3/$6 USD) - 2016/05/25 16:08:54 ET
Table 'Impala II' 6-max Seat #4 is the button
Seat 4: Chessnok ($68.43 in chips)
Seat 6: mr.dockuda ($17.30 in chips)
Chessnok: posts small blind $1
mr.dockuda: posts big blind $3
*** HOLE CARDS ***
Chessnok: raises $3 to $6
mr.dockuda: calls $3
*** FLOP *** [Kc 5h 3c]
mr.dockuda: checks
Chessnok: bets $3
mr.dockuda: folds
Uncalled bet ($3) returned to Chessnok
Chessnok collected $11.76 from pot
Chessnok: doesn't show hand
*** SUMMARY ***
Total pot $12 | Rake $0.24
Board [Kc 5h 3c]
Seat 4: Chessnok (button) (small blind) collected ($11.76)
Seat 6: mr.dockuda (big blind) folded on the Flop


PokerStars Hand #153835711501:  Hold'em Limit ($3/$6 USD) - 2016/05/25 16:08:49 ET
Table 'Impala II' 6-max Seat #6 is the button
Seat 4: Chessnok ($67.43 in chips)
Seat 6: mr.dockuda ($18.30 in chips)
mr.dockuda: posts small blind $1
Chessnok: posts big blind $3
*** HOLE CARDS ***
mr.dockuda: folds
Uncalled bet ($2) returned to Chessnok
Chessnok collected $2 from pot
Chessnok: doesn't show hand
*** SUMMARY ***
Total pot $2 | Rake $0
Seat 4: Chessnok (big blind) collected ($2)
Seat 6: mr.dockuda (button) (small blind) folded before Flop


PokerStars Hand #153835685837:  Hold'em Limit ($3/$6 USD) - 2016/05/25 16:08:21 ET
Table 'Impala II' 6-max Seat #4 is the button
Seat 4: Chessnok ($61.67 in chips)
Seat 6: mr.dockuda ($24.30 in chips)
Chessnok: posts small blind $1
mr.dockuda: posts big blind $3
*** HOLE CARDS ***
Chessnok: raises $3 to $6
mr.dockuda: calls $3
*** FLOP *** [4h As Qc]
mr.dockuda: checks
Chessnok: bets $3
mr.dockuda: folds
Uncalled bet ($3) returned to Chessnok
Chessnok collected $11.76 from pot
Chessnok: doesn't show hand
*** SUMMARY ***
Total pot $12 | Rake $0.24
Board [4h As Qc]
Seat 4: Chessnok (button) (small blind) collected ($11.76)
Seat 6: mr.dockuda (big blind) folded on the Flop


PokerStars Hand #153835753475:  Hold'em Limit ($3/$6 USD) - 2016/05/25 16:09:35 ET
Table 'Impala II' 6-max Seat #6 is the button
Seat 4: Chessnok ($69.19 in chips)
Seat 6: mr.dockuda ($16.06 in chips)
mr.dockuda: posts small blind $1
Chessnok: posts big blind $3
*** HOLE CARDS ***
mr.dockuda: calls $2
Chessnok: raises $3 to $6
mr.dockuda: calls $3
*** FLOP *** [Jc Td 6h]
Chessnok: bets $3
mr.dockuda: folds
Uncalled bet ($3) returned to Chessnok
Chessnok collected $11.76 from pot
Chessnok: doesn't show hand
*** SUMMARY ***
Total pot $12 | Rake $0.24
Board [Jc Td 6h]
Seat 4: Chessnok (big blind) collected ($11.76)
Seat 6: mr.dockuda (button) (small blind) folded on the Flop


PokerStars Hand #153835768965:  Hold'em Limit ($3/$6 USD) - 2016/05/25 16:09:52 ET
Table 'Impala II' 6-max Seat #4 is the button
Seat 4: Chessnok ($74.95 in chips)
Seat 6: mr.dockuda ($10.06 in chips)
Chessnok: posts small blind $1
mr.dockuda: posts big blind $3
*** HOLE CARDS ***
Chessnok: raises $3 to $6
mr.dockuda: calls $3
*** FLOP *** [5c 2d 2h]
mr.dockuda: bets $3
Chessnok: raises $3 to $6
mr.dockuda: calls $1.06 and is all-in
Uncalled bet ($1.94) returned to Chessnok
*** TURN *** [5c 2d 2h] [Qc]
*** RIVER *** [5c 2d 2h Qc] [4c]
*** SHOW DOWN ***
mr.dockuda: shows [6d Ks] (a pair of Deuces)
Chessnok: shows [Js 5s] (two pair, Fives and Deuces)
Chessnok collected $19.72 from pot
*** SUMMARY ***
Total pot $20.12 | Rake $0.40
Board [5c 2d 2h Qc 4c]
Seat 4: Chessnok (button) (small blind) showed [Js 5s] and won ($19.72) with two pair, Fives and Deuces
Seat 6: mr.dockuda (big blind) showed [6d Ks] and lost with a pair of Deuces


