PokerStars Hand #164972127026:  Hold'em Limit ($3/$6 USD) - 2017/01/22 2:33:57 ET
Table 'Impala III' 10-max Seat #9 is the button
Seat 1: mumfbones ($72 in chips)
Seat 9: VolkovDmitri ($131.52 in chips)
VolkovDmitri: posts small blind $1
mumfbones: posts big blind $3
*** HOLE CARDS ***
VolkovDmitri: raises $3 to $6
mumfbones: calls $3
*** FLOP *** [6h 6s 5c]
mumfbones: checks
VolkovDmitri: bets $3
mumfbones: calls $3
*** TURN *** [6h 6s 5c] [4h]
mumfbones: checks
VolkovDmitri: checks
*** RIVER *** [6h 6s 5c 4h] [Jh]
mumfbones: checks
VolkovDmitri: checks
*** SHOW DOWN ***
mumfbones: shows [4d 8d] (two pair, Sixes and Fours)
VolkovDmitri: mucks hand
mumfbones collected $17.64 from pot
*** SUMMARY ***
Total pot $18 | Rake $0.36
Board [6h 6s 5c 4h Jh]
Seat 1: mumfbones (big blind) showed [4d 8d] and won ($17.64) with two pair, Sixes and Fours
Seat 9: VolkovDmitri (button) (small blind) mucked


PokerStars Hand #164972139658:  Hold'em Limit ($3/$6 USD) - 2017/01/22 2:34:40 ET
Table 'Impala III' 10-max Seat #9 is the button
Seat 1: mumfbones ($92.16 in chips)
Seat 9: VolkovDmitri ($120 in chips)
VolkovDmitri: posts small blind $1
mumfbones: posts big blind $3
*** HOLE CARDS ***
VolkovDmitri: raises $3 to $6
mumfbones: calls $3
*** FLOP *** [3c 6h Kh]
mumfbones: checks
VolkovDmitri: bets $3
mumfbones: calls $3
*** TURN *** [3c 6h Kh] [Kc]
mumfbones: checks
VolkovDmitri: bets $6
mumfbones: calls $6
*** RIVER *** [3c 6h Kh Kc] [9h]
mumfbones: checks
VolkovDmitri: bets $6
mumfbones: calls $6
*** SHOW DOWN ***
VolkovDmitri: shows [3h Qh] (a flush, King high)
mumfbones: mucks hand
VolkovDmitri collected $41.50 from pot
*** SUMMARY ***
Total pot $42 | Rake $0.50
Board [3c 6h Kh Kc 9h]
Seat 1: mumfbones (big blind) mucked
Seat 9: VolkovDmitri (button) (small blind) showed [3h Qh] and won ($41.50) with a flush, King high


PokerStars Hand #164972133507:  Hold'em Limit ($3/$6 USD) - 2017/01/22 2:34:19 ET
Table 'Impala III' 10-max Seat #1 is the button
Seat 1: mumfbones ($80.64 in chips)
Seat 9: VolkovDmitri ($122.52 in chips)
mumfbones: posts small blind $1
VolkovDmitri: posts big blind $3
*** HOLE CARDS ***
mumfbones: raises $3 to $6
VolkovDmitri: calls $3
*** FLOP *** [Ah 5h Qc]
VolkovDmitri: checks
mumfbones: checks
*** TURN *** [Ah 5h Qc] [Js]
VolkovDmitri: bets $6
mumfbones: calls $6
*** RIVER *** [Ah 5h Qc Js] [4c]
VolkovDmitri: checks
mumfbones: checks
*** SHOW DOWN ***
VolkovDmitri: shows [5c 9c] (a pair of Fives)
mumfbones: shows [Qs Ts] (a pair of Queens)
mumfbones collected $23.52 from pot
*** SUMMARY ***
Total pot $24 | Rake $0.48
Board [Ah 5h Qc Js 4c]
Seat 1: mumfbones (button) (small blind) showed [Qs Ts] and won ($23.52) with a pair of Queens
Seat 9: VolkovDmitri (big blind) showed [5c 9c] and lost with a pair of Fives


PokerStars Hand #164972147752:  Hold'em Limit ($3/$6 USD) - 2017/01/22 2:35:07 ET
Table 'Impala III' 10-max Seat #1 is the button
Seat 1: mumfbones ($71.16 in chips)
Seat 9: VolkovDmitri ($140.50 in chips)
mumfbones: posts small blind $1
VolkovDmitri: posts big blind $3
*** HOLE CARDS ***
mumfbones: raises $3 to $6
VolkovDmitri: calls $3
*** FLOP *** [8d Qd 3c]
VolkovDmitri: bets $3
mumfbones: folds
Uncalled bet ($3) returned to VolkovDmitri
VolkovDmitri collected $11.76 from pot
VolkovDmitri: doesn't show hand
*** SUMMARY ***
Total pot $12 | Rake $0.24
Board [8d Qd 3c]
Seat 1: mumfbones (button) (small blind) folded on the Flop
Seat 9: VolkovDmitri (big blind) collected ($11.76)


PokerStars Hand #164972152847:  Hold'em Limit ($3/$6 USD) - 2017/01/22 2:35:24 ET
Table 'Impala III' 10-max Seat #9 is the button
Seat 1: mumfbones ($65.16 in chips)
Seat 9: VolkovDmitri ($146.26 in chips)
VolkovDmitri: posts small blind $1
mumfbones: posts big blind $3
*** HOLE CARDS ***
VolkovDmitri: raises $3 to $6
mumfbones: calls $3
*** FLOP *** [3s 4d As]
mumfbones: checks
VolkovDmitri: bets $3
mumfbones: calls $3
*** TURN *** [3s 4d As] [Jc]
mumfbones: checks
VolkovDmitri: checks
*** RIVER *** [3s 4d As Jc] [2d]
mumfbones: checks
VolkovDmitri: checks
*** SHOW DOWN ***
mumfbones: shows [Th Ah] (a pair of Aces)
VolkovDmitri: mucks hand
mumfbones collected $17.64 from pot
*** SUMMARY ***
Total pot $18 | Rake $0.36
Board [3s 4d As Jc 2d]
Seat 1: mumfbones (big blind) showed [Th Ah] and won ($17.64) with a pair of Aces
Seat 9: VolkovDmitri (button) (small blind) mucked


PokerStars Hand #164972169284:  Hold'em Limit ($3/$6 USD) - 2017/01/22 2:36:20 ET
Table 'Impala III' 10-max Seat #9 is the button
Seat 1: mumfbones ($81.45 in chips)
Seat 9: VolkovDmitri ($148.78 in chips)
VolkovDmitri: posts small blind $1
mumfbones: posts big blind $3
*** HOLE CARDS ***
VolkovDmitri: folds
Uncalled bet ($2) returned to mumfbones
mumfbones collected $2 from pot
*** SUMMARY ***
Total pot $2 | Rake $0
Seat 1: mumfbones (big blind) collected ($2)
Seat 9: VolkovDmitri (button) (small blind) folded before Flop


PokerStars Hand #164972161636:  Hold'em Limit ($3/$6 USD) - 2017/01/22 2:35:54 ET
Table 'Impala III' 10-max Seat #1 is the button
Seat 1: mumfbones ($93.45 in chips)
Seat 9: VolkovDmitri ($137.26 in chips)
mumfbones: posts small blind $1
VolkovDmitri: posts big blind $3
*** HOLE CARDS ***
mumfbones: raises $3 to $6
VolkovDmitri: calls $3
*** FLOP *** [9c 7c Th]
VolkovDmitri: bets $3
mumfbones: raises $3 to $6
VolkovDmitri: calls $3
*** TURN *** [9c 7c Th] [Ks]
VolkovDmitri: checks
mumfbones: checks
*** RIVER *** [9c 7c Th Ks] [2h]
VolkovDmitri: bets $6
mumfbones: folds
Uncalled bet ($6) returned to VolkovDmitri
VolkovDmitri collected $23.52 from pot
VolkovDmitri: doesn't show hand
*** SUMMARY ***
Total pot $24 | Rake $0.48
Board [9c 7c Th Ks 2h]
Seat 1: mumfbones (button) (small blind) folded on the River
Seat 9: VolkovDmitri (big blind) collected ($23.52)


PokerStars Hand #164972170858:  Hold'em Limit ($3/$6 USD) - 2017/01/22 2:36:25 ET
Table 'Impala III' 10-max Seat #1 is the button
Seat 1: mumfbones ($82.45 in chips)
Seat 9: VolkovDmitri ($147.78 in chips)
mumfbones: posts small blind $1
VolkovDmitri: posts big blind $3
*** HOLE CARDS ***
mumfbones: raises $3 to $6
VolkovDmitri: raises $3 to $9
mumfbones: calls $3
*** FLOP *** [Td 7c 6h]
VolkovDmitri: checks
mumfbones: checks
*** TURN *** [Td 7c 6h] [7s]
VolkovDmitri: checks
mumfbones: bets $6
VolkovDmitri: calls $6
*** RIVER *** [Td 7c 6h 7s] [Ah]
VolkovDmitri: checks
mumfbones: bets $6
VolkovDmitri: calls $6
*** SHOW DOWN ***
mumfbones: shows [7h 5s] (three of a kind, Sevens)
VolkovDmitri: mucks hand
mumfbones collected $41.50 from pot
*** SUMMARY ***
Total pot $42 | Rake $0.50
Board [Td 7c 6h 7s Ah]
Seat 1: mumfbones (button) (small blind) showed [7h 5s] and won ($41.50) with three of a kind, Sevens
Seat 9: VolkovDmitri (big blind) mucked


PokerStars Hand #164972193081:  Hold'em Limit ($3/$6 USD) - 2017/01/22 2:37:40 ET
Table 'Impala III' 10-max Seat #1 is the button
Seat 1: mumfbones ($81.95 in chips)
Seat 9: VolkovDmitri ($147.28 in chips)
mumfbones: posts small blind $1
VolkovDmitri: posts big blind $3
*** HOLE CARDS ***
mumfbones: raises $3 to $6
VolkovDmitri: raises $3 to $9
mumfbones: calls $3
*** FLOP *** [2s 5s 7s]
VolkovDmitri: bets $3
mumfbones: calls $3
*** TURN *** [2s 5s 7s] [Qc]
VolkovDmitri: checks
mumfbones: checks
*** RIVER *** [2s 5s 7s Qc] [Td]
VolkovDmitri: checks
mumfbones: checks
*** SHOW DOWN ***
VolkovDmitri: shows [Jh Kd] (high card King)
mumfbones: shows [4h Ac] (high card Ace)
mumfbones collected $23.52 from pot
*** SUMMARY ***
Total pot $24 | Rake $0.48
Board [2s 5s 7s Qc Td]
Seat 1: mumfbones (button) (small blind) showed [4h Ac] and won ($23.52) with high card Ace
Seat 9: VolkovDmitri (big blind) showed [Jh Kd] and lost with high card King


PokerStars Hand #164972182899:  Hold'em Limit ($3/$6 USD) - 2017/01/22 2:37:06 ET
Table 'Impala III' 10-max Seat #9 is the button
Seat 1: mumfbones ($102.95 in chips)
Seat 9: VolkovDmitri ($126.78 in chips)
VolkovDmitri: posts small blind $1
mumfbones: posts big blind $3
*** HOLE CARDS ***
VolkovDmitri: raises $3 to $6
mumfbones: calls $3
*** FLOP *** [8s 9h Tc]
mumfbones: checks
VolkovDmitri: bets $3
mumfbones: calls $3
*** TURN *** [8s 9h Tc] [6h]
mumfbones: checks
VolkovDmitri: bets $6
mumfbones: calls $6
*** RIVER *** [8s 9h Tc 6h] [Kc]
mumfbones: checks
VolkovDmitri: bets $6
mumfbones: calls $6
*** SHOW DOWN ***
VolkovDmitri: shows [Js Qc] (a straight, Nine to King)
mumfbones: mucks hand
VolkovDmitri collected $41.50 from pot
*** SUMMARY ***
Total pot $42 | Rake $0.50
Board [8s 9h Tc 6h Kc]
Seat 1: mumfbones (big blind) mucked
Seat 9: VolkovDmitri (button) (small blind) showed [Js Qc] and won ($41.50) with a straight, Nine to King


PokerStars Hand #164972220920:  Hold'em Limit ($3/$6 USD) - 2017/01/22 2:39:12 ET
Table 'Impala III' 10-max Seat #9 is the button
Seat 1: mumfbones ($98.23 in chips)
Seat 9: VolkovDmitri ($130.28 in chips)
VolkovDmitri: posts small blind $1
mumfbones: posts big blind $3
*** HOLE CARDS ***
VolkovDmitri: folds
Uncalled bet ($2) returned to mumfbones
mumfbones collected $2 from pot
*** SUMMARY ***
Total pot $2 | Rake $0
Seat 1: mumfbones (big blind) collected ($2)
Seat 9: VolkovDmitri (button) (small blind) folded before Flop


PokerStars Hand #164972208497:  Hold'em Limit ($3/$6 USD) - 2017/01/22 2:38:31 ET
Table 'Impala III' 10-max Seat #9 is the button
Seat 1: mumfbones ($93.47 in chips)
Seat 9: VolkovDmitri ($135.28 in chips)
VolkovDmitri: posts small blind $1
mumfbones: posts big blind $3
*** HOLE CARDS ***
VolkovDmitri: raises $3 to $6
mumfbones: calls $3
*** FLOP *** [5d 9h 6s]
mumfbones: checks
VolkovDmitri: checks
*** TURN *** [5d 9h 6s] [9s]
mumfbones: bets $6
VolkovDmitri: folds
Uncalled bet ($6) returned to mumfbones
mumfbones collected $11.76 from pot
*** SUMMARY ***
Total pot $12 | Rake $0.24
Board [5d 9h 6s 9s]
Seat 1: mumfbones (big blind) collected ($11.76)
Seat 9: VolkovDmitri (button) (small blind) folded on the Turn


PokerStars Hand #164972219276:  Hold'em Limit ($3/$6 USD) - 2017/01/22 2:39:06 ET
Table 'Impala III' 10-max Seat #1 is the button
Seat 1: mumfbones ($99.23 in chips)
Seat 9: VolkovDmitri ($129.28 in chips)
mumfbones: posts small blind $1
VolkovDmitri: posts big blind $3
*** HOLE CARDS ***
mumfbones: folds
Uncalled bet ($2) returned to VolkovDmitri
VolkovDmitri collected $2 from pot
VolkovDmitri: doesn't show hand
*** SUMMARY ***
Total pot $2 | Rake $0
Seat 1: mumfbones (button) (small blind) folded before Flop
Seat 9: VolkovDmitri (big blind) collected ($2)


PokerStars Hand #164972242207:  Hold'em Limit ($3/$6 USD) - 2017/01/22 2:40:22 ET
Table 'Impala III' 10-max Seat #1 is the button
Seat 1: mumfbones ($108.87 in chips)
Seat 9: VolkovDmitri ($120 in chips)
mumfbones: posts small blind $1
VolkovDmitri: posts big blind $3
*** HOLE CARDS ***
mumfbones: folds
Uncalled bet ($2) returned to VolkovDmitri
VolkovDmitri collected $2 from pot
VolkovDmitri: doesn't show hand
*** SUMMARY ***
Total pot $2 | Rake $0
Seat 1: mumfbones (button) (small blind) folded before Flop
Seat 9: VolkovDmitri (big blind) collected ($2)


PokerStars Hand #164972223797:  Hold'em Limit ($3/$6 USD) - 2017/01/22 2:39:21 ET
Table 'Impala III' 10-max Seat #1 is the button
Seat 1: mumfbones ($99.23 in chips)
Seat 9: VolkovDmitri ($129.28 in chips)
mumfbones: posts small blind $1
VolkovDmitri: posts big blind $3
*** HOLE CARDS ***
mumfbones: raises $3 to $6
VolkovDmitri: calls $3
*** FLOP *** [Qc 6s Jc]
VolkovDmitri: checks
mumfbones: bets $3
VolkovDmitri: calls $3
*** TURN *** [Qc 6s Jc] [Ac]
VolkovDmitri: checks
mumfbones: checks
*** RIVER *** [Qc 6s Jc Ac] [2h]
VolkovDmitri: checks
mumfbones: checks
*** SHOW DOWN ***
VolkovDmitri: shows [Kh 2c] (a pair of Deuces)
mumfbones: shows [9c Qs] (a pair of Queens)
mumfbones collected $17.64 from pot
*** SUMMARY ***
Total pot $18 | Rake $0.36
Board [Qc 6s Jc Ac 2h]
Seat 1: mumfbones (button) (small blind) showed [9c Qs] and won ($17.64) with a pair of Queens
Seat 9: VolkovDmitri (big blind) showed [Kh 2c] and lost with a pair of Deuces


PokerStars Hand #164972237090:  Hold'em Limit ($3/$6 USD) - 2017/01/22 2:40:05 ET
Table 'Impala III' 10-max Seat #9 is the button
Seat 1: mumfbones ($107.87 in chips)
Seat 9: VolkovDmitri ($120.28 in chips)
VolkovDmitri: posts small blind $1
mumfbones: posts big blind $3
*** HOLE CARDS ***
VolkovDmitri: folds
Uncalled bet ($2) returned to mumfbones
mumfbones collected $2 from pot
*** SUMMARY ***
Total pot $2 | Rake $0
Seat 1: mumfbones (big blind) collected ($2)
Seat 9: VolkovDmitri (button) (small blind) folded before Flop


PokerStars Hand #164972253779:  Hold'em Limit ($3/$6 USD) - 2017/01/22 2:41:00 ET
Table 'Impala III' 10-max Seat #1 is the button
Seat 1: mumfbones ($97.87 in chips)
Seat 9: VolkovDmitri ($130.76 in chips)
mumfbones: posts small blind $1
VolkovDmitri: posts big blind $3
*** HOLE CARDS ***
mumfbones: raises $3 to $6
pejsson372 joins the table at seat #5
VolkovDmitri: calls $3
*** FLOP *** [Qs Qh Ah]
VolkovDmitri: checks
mumfbones: bets $3
VolkovDmitri: folds
Uncalled bet ($3) returned to mumfbones
mumfbones collected $11.76 from pot
*** SUMMARY ***
Total pot $12 | Rake $0.24
Board [Qs Qh Ah]
Seat 1: mumfbones (button) (small blind) collected ($11.76)
Seat 9: VolkovDmitri (big blind) folded on the Flop


PokerStars Hand #164972246790:  Hold'em Limit ($3/$6 USD) - 2017/01/22 2:40:38 ET
Table 'Impala III' 10-max Seat #1 is the button
Seat 1: mumfbones ($104.87 in chips)
Seat 9: VolkovDmitri ($124 in chips)
mumfbones: posts small blind $1
VolkovDmitri: posts big blind $3
*** HOLE CARDS ***
mumfbones: folds
Uncalled bet ($2) returned to VolkovDmitri
VolkovDmitri collected $2 from pot
VolkovDmitri: doesn't show hand
*** SUMMARY ***
Total pot $2 | Rake $0
Seat 1: mumfbones (button) (small blind) folded before Flop
Seat 9: VolkovDmitri (big blind) collected ($2)


PokerStars Hand #164972243954:  Hold'em Limit ($3/$6 USD) - 2017/01/22 2:40:28 ET
Table 'Impala III' 10-max Seat #9 is the button
Seat 1: mumfbones ($107.87 in chips)
Seat 9: VolkovDmitri ($121 in chips)
VolkovDmitri: posts small blind $1
mumfbones: posts big blind $3
*** HOLE CARDS ***
VolkovDmitri: raises $3 to $6
mumfbones: folds
Uncalled bet ($3) returned to VolkovDmitri
VolkovDmitri collected $6 from pot
VolkovDmitri: doesn't show hand
*** SUMMARY ***
Total pot $6 | Rake $0
Seat 1: mumfbones (big blind) folded before Flop
Seat 9: VolkovDmitri (button) (small blind) collected ($6)


PokerStars Hand #164972260779:  Hold'em Limit ($3/$6 USD) - 2017/01/22 2:41:23 ET
Table 'Impala III' 10-max Seat #9 is the button
Seat 1: mumfbones ($103.63 in chips)
Seat 9: VolkovDmitri ($124.76 in chips)
VolkovDmitri: posts small blind $1
mumfbones: posts big blind $3
*** HOLE CARDS ***
VolkovDmitri: raises $3 to $6
mumfbones: folds
Uncalled bet ($3) returned to VolkovDmitri
VolkovDmitri collected $6 from pot
VolkovDmitri: doesn't show hand
*** SUMMARY ***
Total pot $6 | Rake $0
Seat 1: mumfbones (big blind) folded before Flop
Seat 9: VolkovDmitri (button) (small blind) collected ($6)


PokerStars Hand #164972248398:  Hold'em Limit ($3/$6 USD) - 2017/01/22 2:40:43 ET
Table 'Impala III' 10-max Seat #9 is the button
Seat 1: mumfbones ($103.87 in chips)
Seat 9: VolkovDmitri ($125 in chips)
VolkovDmitri: posts small blind $1
mumfbones: posts big blind $3
*** HOLE CARDS ***
VolkovDmitri: raises $3 to $6
mumfbones: calls $3
*** FLOP *** [Qc 3h Js]
mumfbones: checks
VolkovDmitri: bets $3
mumfbones: folds
Uncalled bet ($3) returned to VolkovDmitri
VolkovDmitri collected $11.76 from pot
VolkovDmitri: doesn't show hand
*** SUMMARY ***
Total pot $12 | Rake $0.24
Board [Qc 3h Js]
Seat 1: mumfbones (big blind) folded on the Flop
Seat 9: VolkovDmitri (button) (small blind) collected ($11.76)


PokerStars Hand #164972328614:  Hold'em Limit ($3/$6 USD) - 2017/01/22 2:45:05 ET
Table 'Impala III' 10-max Seat #9 is the button
Seat 1: mumfbones ($130.74 in chips)
Seat 9: VolkovDmitri ($125.64 in chips)
VolkovDmitri: posts small blind $1
mumfbones: posts big blind $3
*** HOLE CARDS ***
VolkovDmitri: raises $3 to $6
mumfbones: folds
Uncalled bet ($3) returned to VolkovDmitri
VolkovDmitri collected $6 from pot
VolkovDmitri: doesn't show hand
*** SUMMARY ***
Total pot $6 | Rake $0
Seat 1: mumfbones (big blind) folded before Flop
Seat 9: VolkovDmitri (button) (small blind) collected ($6)


PokerStars Hand #164972326015:  Hold'em Limit ($3/$6 USD) - 2017/01/22 2:44:57 ET
Table 'Impala III' 10-max Seat #1 is the button
Seat 1: mumfbones ($127.74 in chips)
Seat 9: VolkovDmitri ($128.64 in chips)
mumfbones: posts small blind $1
VolkovDmitri: posts big blind $3
*** HOLE CARDS ***
mumfbones: raises $3 to $6
pejsson372 leaves the table
VolkovDmitri: folds
Uncalled bet ($3) returned to mumfbones
mumfbones collected $6 from pot
*** SUMMARY ***
Total pot $6 | Rake $0
Seat 1: mumfbones (button) (small blind) collected ($6)
Seat 9: VolkovDmitri (big blind) folded before Flop


PokerStars Hand #164972331583:  Hold'em Limit ($3/$6 USD) - 2017/01/22 2:45:15 ET
Table 'Impala III' 10-max Seat #1 is the button
Seat 1: mumfbones ($127.74 in chips)
Seat 9: VolkovDmitri ($128.64 in chips)
mumfbones: posts small blind $1
VolkovDmitri: posts big blind $3
*** HOLE CARDS ***
mumfbones: raises $3 to $6
VolkovDmitri: folds
Uncalled bet ($3) returned to mumfbones
mumfbones collected $6 from pot
*** SUMMARY ***
Total pot $6 | Rake $0
Seat 1: mumfbones (button) (small blind) collected ($6)
Seat 9: VolkovDmitri (big blind) folded before Flop


PokerStars Hand #164972342319:  Hold'em Limit ($3/$6 USD) - 2017/01/22 2:45:49 ET
Table 'Impala III' 10-max Seat #1 is the button
Seat 1: mumfbones ($124.74 in chips)
Seat 9: VolkovDmitri ($131.40 in chips)
mumfbones: posts small blind $1
VolkovDmitri: posts big blind $3
*** HOLE CARDS ***
mumfbones: folds
Uncalled bet ($2) returned to VolkovDmitri
VolkovDmitri collected $2 from pot
VolkovDmitri: doesn't show hand
*** SUMMARY ***
Total pot $2 | Rake $0
Seat 1: mumfbones (button) (small blind) folded before Flop
Seat 9: VolkovDmitri (big blind) collected ($2)


PokerStars Hand #164972335945:  Hold'em Limit ($3/$6 USD) - 2017/01/22 2:45:29 ET
Table 'Impala III' 10-max Seat #9 is the button
Seat 1: mumfbones ($130.74 in chips)
Seat 9: VolkovDmitri ($125.64 in chips)
VolkovDmitri: posts small blind $1
mumfbones: posts big blind $3
*** HOLE CARDS ***
VolkovDmitri: raises $3 to $6
mumfbones: calls $3
*** FLOP *** [Ts Kc 5s]
mumfbones: checks
VolkovDmitri: bets $3
mumfbones: folds
Uncalled bet ($3) returned to VolkovDmitri
VolkovDmitri collected $11.76 from pot
VolkovDmitri: doesn't show hand
*** SUMMARY ***
Total pot $12 | Rake $0.24
Board [Ts Kc 5s]
Seat 1: mumfbones (big blind) folded on the Flop
Seat 9: VolkovDmitri (button) (small blind) collected ($11.76)


PokerStars Hand #164972345757:  Hold'em Limit ($3/$6 USD) - 2017/01/22 2:46:00 ET
Table 'Impala III' 10-max Seat #1 is the button
Seat 1: mumfbones ($124.74 in chips)
Seat 9: VolkovDmitri ($131.40 in chips)
mumfbones: posts small blind $1
VolkovDmitri: posts big blind $3
*** HOLE CARDS ***
mumfbones: raises $3 to $6
VolkovDmitri: calls $3
*** FLOP *** [6s 3d 8s]
VolkovDmitri: checks
mumfbones: checks
*** TURN *** [6s 3d 8s] [6h]
VolkovDmitri: bets $6
mumfbones: calls $6
*** RIVER *** [6s 3d 8s 6h] [8c]
VolkovDmitri: checks
mumfbones: checks
*** SHOW DOWN ***
VolkovDmitri: shows [5h 2h] (two pair, Eights and Sixes)
mumfbones: shows [Ks 7h] (two pair, Eights and Sixes - King kicker)
mumfbones collected $23.52 from pot
*** SUMMARY ***
Total pot $24 | Rake $0.48
Board [6s 3d 8s 6h 8c]
Seat 1: mumfbones (button) (small blind) showed [Ks 7h] and won ($23.52) with two pair, Eights and Sixes
Seat 9: VolkovDmitri (big blind) showed [5h 2h] and lost with two pair, Eights and Sixes


PokerStars Hand #164972344099:  Hold'em Limit ($3/$6 USD) - 2017/01/22 2:45:55 ET
Table 'Impala III' 10-max Seat #9 is the button
Seat 1: mumfbones ($123.74 in chips)
Seat 9: VolkovDmitri ($132.40 in chips)
VolkovDmitri: posts small blind $1
mumfbones: posts big blind $3
*** HOLE CARDS ***
VolkovDmitri: folds
Uncalled bet ($2) returned to mumfbones
mumfbones collected $2 from pot
*** SUMMARY ***
Total pot $2 | Rake $0
Seat 1: mumfbones (big blind) collected ($2)
Seat 9: VolkovDmitri (button) (small blind) folded before Flop


PokerStars Hand #164972353454:  Hold'em Limit ($3/$6 USD) - 2017/01/22 2:46:25 ET
Table 'Impala III' 10-max Seat #9 is the button
Seat 1: mumfbones ($136.26 in chips)
Seat 9: VolkovDmitri ($120 in chips)
VolkovDmitri: posts small blind $1
mumfbones: posts big blind $3
*** HOLE CARDS ***
VolkovDmitri: folds
Uncalled bet ($2) returned to mumfbones
mumfbones collected $2 from pot
*** SUMMARY ***
Total pot $2 | Rake $0
Seat 1: mumfbones (big blind) collected ($2)
Seat 9: VolkovDmitri (button) (small blind) folded before Flop


PokerStars Hand #164972355441:  Hold'em Limit ($3/$6 USD) - 2017/01/22 2:46:31 ET
Table 'Impala III' 10-max Seat #1 is the button
Seat 1: mumfbones ($137.26 in chips)
Seat 9: VolkovDmitri ($120 in chips)
mumfbones: posts small blind $1
VolkovDmitri: posts big blind $3
*** HOLE CARDS ***
mumfbones: raises $3 to $6
VolkovDmitri: raises $3 to $9
mumfbones: calls $3
*** FLOP *** [Kh Qh 8c]
ionellu joins the table at seat #10
VolkovDmitri: bets $3
mumfbones: calls $3
*** TURN *** [Kh Qh 8c] [9d]
VolkovDmitri: checks
mumfbones: checks
*** RIVER *** [Kh Qh 8c 9d] [9s]
VolkovDmitri: bets $6
mumfbones: folds
Uncalled bet ($6) returned to VolkovDmitri
VolkovDmitri collected $23.52 from pot
VolkovDmitri: doesn't show hand
*** SUMMARY ***
Total pot $24 | Rake $0.48
Board [Kh Qh 8c 9d 9s]
Seat 1: mumfbones (button) (small blind) folded on the River
Seat 9: VolkovDmitri (big blind) collected ($23.52)


PokerStars Hand #164972440433:  Hold'em Limit ($3/$6 USD) - 2017/01/22 2:50:55 ET
Table 'Impala III' 10-max Seat #9 is the button
Seat 9: VolkovDmitri ($120 in chips)
Seat 10: ionellu ($104.50 in chips)
VolkovDmitri: posts small blind $1
ionellu: posts big blind $3
*** HOLE CARDS ***
VolkovDmitri: raises $3 to $6
ionellu: calls $3
*** FLOP *** [Ah 3s 8d]
ionellu: checks
VolkovDmitri: bets $3
ionellu: folds
Uncalled bet ($3) returned to VolkovDmitri
VolkovDmitri collected $11.76 from pot
VolkovDmitri: doesn't show hand
*** SUMMARY ***
Total pot $12 | Rake $0.24
Board [Ah 3s 8d]
Seat 9: VolkovDmitri (button) (small blind) collected ($11.76)
Seat 10: ionellu (big blind) folded on the Flop


PokerStars Hand #164972446350:  Hold'em Limit ($3/$6 USD) - 2017/01/22 2:51:14 ET
Table 'Impala III' 10-max Seat #10 is the button
Seat 9: VolkovDmitri ($125.76 in chips)
Seat 10: ionellu ($98.50 in chips)
ionellu: posts small blind $1
VolkovDmitri: posts big blind $3
*** HOLE CARDS ***
ionellu: folds
Uncalled bet ($2) returned to VolkovDmitri
VolkovDmitri collected $2 from pot
*** SUMMARY ***
Total pot $2 | Rake $0
Seat 9: VolkovDmitri (big blind) collected ($2)
Seat 10: ionellu (button) (small blind) folded before Flop


PokerStars Hand #164972431404:  Hold'em Limit ($3/$6 USD) - 2017/01/22 2:50:26 ET
Table 'Impala III' 10-max Seat #10 is the button
Seat 9: VolkovDmitri ($124.80 in chips)
Seat 10: ionellu ($87 in chips)
ionellu: posts small blind $1
mumfbones: is sitting out
VolkovDmitri: posts big blind $3
*** HOLE CARDS ***
ionellu: raises $3 to $6
mumfbones leaves the table
VolkovDmitri: calls $3
*** FLOP *** [5d Tc 3d]
VolkovDmitri: checks
ionellu: bets $3
VolkovDmitri: raises $3 to $6
ionellu: calls $3
*** TURN *** [5d Tc 3d] [5h]
VolkovDmitri: bets $6
ionellu: raises $6 to $12
VolkovDmitri: folds
Uncalled bet ($6) returned to ionellu
ionellu collected $35.50 from pot
*** SUMMARY ***
Total pot $36 | Rake $0.50
Board [5d Tc 3d 5h]
Seat 9: VolkovDmitri (big blind) folded on the Turn
Seat 10: ionellu (button) (small blind) collected ($35.50)


PokerStars Hand #164972454150:  Hold'em Limit ($3/$6 USD) - 2017/01/22 2:51:39 ET
Table 'Impala III' 10-max Seat #10 is the button
Seat 9: VolkovDmitri ($120 in chips)
Seat 10: ionellu ($106.14 in chips)
ionellu: posts small blind $1
VolkovDmitri: posts big blind $3
*** HOLE CARDS ***
ionellu: calls $2
VolkovDmitri: raises $3 to $6
ionellu: calls $3
*** FLOP *** [2s 6h 8d]
VolkovDmitri: bets $3
ionellu: calls $3
*** TURN *** [2s 6h 8d] [2c]
VolkovDmitri: bets $6
ionellu: raises $6 to $12
VolkovDmitri: calls $6
*** RIVER *** [2s 6h 8d 2c] [4s]
VolkovDmitri: checks
ionellu: bets $6
VolkovDmitri: calls $6
*** SHOW DOWN ***
ionellu: shows [8h Kh] (two pair, Eights and Deuces)
VolkovDmitri: mucks hand
ionellu collected $53.50 from pot
*** SUMMARY ***
Total pot $54 | Rake $0.50
Board [2s 6h 8d 2c 4s]
Seat 9: VolkovDmitri (big blind) mucked
Seat 10: ionellu (button) (small blind) showed [8h Kh] and won ($53.50) with two pair, Eights and Deuces


PokerStars Hand #164972447944:  Hold'em Limit ($3/$6 USD) - 2017/01/22 2:51:19 ET
Table 'Impala III' 10-max Seat #9 is the button
Seat 9: VolkovDmitri ($126.76 in chips)
Seat 10: ionellu ($97.50 in chips)
VolkovDmitri: posts small blind $1
ionellu: posts big blind $3
*** HOLE CARDS ***
VolkovDmitri: raises $3 to $6
ionellu: raises $3 to $9
VolkovDmitri: calls $3
*** FLOP *** [5d Tc Ks]
ionellu: bets $3
VolkovDmitri: folds
Uncalled bet ($3) returned to ionellu
ionellu collected $17.64 from pot
*** SUMMARY ***
Total pot $18 | Rake $0.36
Board [5d Tc Ks]
Seat 9: VolkovDmitri (button) (small blind) folded on the Flop
Seat 10: ionellu (big blind) collected ($17.64)


