PokerStars Hand #172764153739:  Hold'em Limit ($3/$6 USD) - 2017/07/08 11:36:19 ET
Table 'Imperatrix' 6-max Seat #6 is the button
Seat 5: GoliafUa ($120 in chips)
Seat 6: HCOOG5 ($116.36 in chips)
HCOOG5: posts small blind $1
GoliafUa: posts big blind $3
*** HOLE CARDS ***
HCOOG5: folds
Uncalled bet ($2) returned to GoliafUa
GoliafUa collected $2 from pot
GoliafUa: doesn't show hand
*** SUMMARY ***
Total pot $2 | Rake $0
Seat 5: GoliafUa (big blind) collected ($2)
Seat 6: HCOOG5 (button) (small blind) folded before Flop


PokerStars Hand #172764159142:  Hold'em Limit ($3/$6 USD) - 2017/07/08 11:36:27 ET
Table 'Imperatrix' 6-max Seat #5 is the button
Seat 5: GoliafUa ($121 in chips)
Seat 6: HCOOG5 ($115.36 in chips)
GoliafUa: posts small blind $1
HCOOG5: posts big blind $3
*** HOLE CARDS ***
GoliafUa: raises $3 to $6
HCOOG5: calls $3
*** FLOP *** [3d As 2h]
HCOOG5: checks
GoliafUa: bets $3
HCOOG5: raises $3 to $6
GoliafUa: calls $3
*** TURN *** [3d As 2h] [Ac]
DismasX joins the table at seat #1
HCOOG5: bets $6
GoliafUa: calls $6
*** RIVER *** [3d As 2h Ac] [9c]
HCOOG5: bets $6
GoliafUa: calls $6
*** SHOW DOWN ***
HCOOG5: shows [6d 2d] (two pair, Aces and Deuces)
GoliafUa: mucks hand
HCOOG5 collected $47.50 from pot
*** SUMMARY ***
Total pot $48 | Rake $0.50
Board [3d As 2h Ac 9c]
Seat 5: GoliafUa (button) (small blind) mucked
Seat 6: HCOOG5 (big blind) showed [6d 2d] and won ($47.50) with two pair, Aces and Deuces


PokerStars Hand #172764246635:  Hold'em Limit ($3/$6 USD) - 2017/07/08 11:38:48 ET
Table 'Imperatrix' 6-max Seat #1 is the button
Seat 1: DismasX ($72 in chips)
Seat 2: Anchig ($120 in chips)
DismasX: posts small blind $1
Anchig: posts big blind $3
*** HOLE CARDS ***
DismasX: raises $3 to $6
Anchig: calls $3
*** FLOP *** [Kc Ts 7d]
Anchig: checks
DismasX: bets $3
Anchig: calls $3
*** TURN *** [Kc Ts 7d] [4c]
Anchig: checks
DismasX: checks
*** RIVER *** [Kc Ts 7d 4c] [7c]
Anchig: bets $6
DismasX: calls $6
*** SHOW DOWN ***
Anchig: shows [4s Ac] (two pair, Sevens and Fours)
DismasX: mucks hand
Anchig collected $29.50 from pot
*** SUMMARY ***
Total pot $30 | Rake $0.50
Board [Kc Ts 7d 4c 7c]
Seat 1: DismasX (button) (small blind) mucked
Seat 2: Anchig (big blind) showed [4s Ac] and won ($29.50) with two pair, Sevens and Fours


PokerStars Hand #172764289360:  Hold'em Limit ($3/$6 USD) - 2017/07/08 11:39:56 ET
Table 'Imperatrix' 6-max Seat #2 is the button
Seat 2: Anchig ($111.50 in chips)
Seat 3: NewRocker ($142.50 in chips)
Anchig: posts small blind $1
NewRocker: posts big blind $3
*** HOLE CARDS ***
Anchig: raises $3 to $6
NewRocker: calls $3
*** FLOP *** [3h 9s Qd]
NewRocker: checks
Anchig: bets $3
NewRocker: calls $3
*** TURN *** [3h 9s Qd] [2h]
NewRocker: checks
Anchig: checks
*** RIVER *** [3h 9s Qd 2h] [6c]
NewRocker: checks
Anchig: checks
*** SHOW DOWN ***
NewRocker: shows [Kh 5d] (high card King)
Anchig: mucks hand
NewRocker collected $17.64 from pot
*** SUMMARY ***
Total pot $18 | Rake $0.36
Board [3h 9s Qd 2h 6c]
Seat 2: Anchig (button) (small blind) mucked
Seat 3: NewRocker (big blind) showed [Kh 5d] and won ($17.64) with high card King


PokerStars Hand #172764286053:  Hold'em Limit ($3/$6 USD) - 2017/07/08 11:39:51 ET
Table 'Imperatrix' 6-max Seat #3 is the button
Seat 2: Anchig ($110.50 in chips)
Seat 3: NewRocker ($143.50 in chips)
NewRocker: posts small blind $1
Anchig: posts big blind $3
*** HOLE CARDS ***
NewRocker: folds
Uncalled bet ($2) returned to Anchig
Anchig collected $2 from pot
Anchig: doesn't show hand
*** SUMMARY ***
Total pot $2 | Rake $0
Seat 2: Anchig (big blind) collected ($2)
Seat 3: NewRocker (button) (small blind) folded before Flop


PokerStars Hand #172764275034:  Hold'em Limit ($3/$6 USD) - 2017/07/08 11:39:33 ET
Table 'Imperatrix' 6-max Seat #2 is the button
Seat 2: Anchig ($134.50 in chips)
Seat 3: NewRocker ($120 in chips)
Anchig: posts small blind $1
NewRocker: posts big blind $3
*** HOLE CARDS ***
Anchig: raises $3 to $6
NewRocker: calls $3
*** FLOP *** [3d 9d Jh]
NewRocker: checks
Anchig: bets $3
NewRocker: raises $3 to $6
Anchig: calls $3
*** TURN *** [3d 9d Jh] [Qs]
NewRocker: bets $6
Anchig: calls $6
*** RIVER *** [3d 9d Jh Qs] [Qd]
NewRocker: bets $6
Anchig: calls $6
*** SHOW DOWN ***
NewRocker: shows [Qh 8d] (three of a kind, Queens)
Anchig: mucks hand
NewRocker collected $47.50 from pot
*** SUMMARY ***
Total pot $48 | Rake $0.50
Board [3d 9d Jh Qs Qd]
Seat 2: Anchig (button) (small blind) mucked
Seat 3: NewRocker (big blind) showed [Qh 8d] and won ($47.50) with three of a kind, Queens


PokerStars Hand #172764303637:  Hold'em Limit ($3/$6 USD) - 2017/07/08 11:40:18 ET
Table 'Imperatrix' 6-max Seat #2 is the button
Seat 2: Anchig ($103.50 in chips)
Seat 3: NewRocker ($150.14 in chips)
Anchig: posts small blind $1
NewRocker: posts big blind $3
*** HOLE CARDS ***
Anchig: raises $3 to $6
NewRocker: calls $3
*** FLOP *** [8h Qc Ac]
NewRocker: checks
Anchig: bets $3
NewRocker: folds
Uncalled bet ($3) returned to Anchig
Anchig collected $11.76 from pot
Anchig: doesn't show hand
*** SUMMARY ***
Total pot $12 | Rake $0.24
Board [8h Qc Ac]
Seat 2: Anchig (button) (small blind) collected ($11.76)
Seat 3: NewRocker (big blind) folded on the Flop


PokerStars Hand #172764298540:  Hold'em Limit ($3/$6 USD) - 2017/07/08 11:40:11 ET
Table 'Imperatrix' 6-max Seat #3 is the button
Seat 2: Anchig ($102.50 in chips)
Seat 3: NewRocker ($151.14 in chips)
NewRocker: posts small blind $1
Anchig: posts big blind $3
*** HOLE CARDS ***
NewRocker: folds
Uncalled bet ($2) returned to Anchig
Anchig collected $2 from pot
Anchig: doesn't show hand
*** SUMMARY ***
Total pot $2 | Rake $0
Seat 2: Anchig (big blind) collected ($2)
Seat 3: NewRocker (button) (small blind) folded before Flop


PokerStars Hand #172764335713:  Hold'em Limit ($3/$6 USD) - 2017/07/08 11:41:10 ET
Table 'Imperatrix' 6-max Seat #2 is the button
Seat 2: Anchig ($103.90 in chips)
Seat 3: NewRocker ($148.64 in chips)
Anchig: posts small blind $1
NewRocker: posts big blind $3
*** HOLE CARDS ***
Anchig: folds
Uncalled bet ($2) returned to NewRocker
NewRocker collected $2 from pot
NewRocker: doesn't show hand
*** SUMMARY ***
Total pot $2 | Rake $0
Seat 2: Anchig (button) (small blind) folded before Flop
Seat 3: NewRocker (big blind) collected ($2)


PokerStars Hand #172764320645:  Hold'em Limit ($3/$6 USD) - 2017/07/08 11:40:46 ET
Table 'Imperatrix' 6-max Seat #3 is the button
Seat 2: Anchig ($95.26 in chips)
Seat 3: NewRocker ($157.64 in chips)
NewRocker: posts small blind $1
Anchig: posts big blind $3
*** HOLE CARDS ***
NewRocker: calls $2
Anchig: raises $3 to $6
NewRocker: calls $3
*** FLOP *** [2s 4c 3d]
Anchig: bets $3
NewRocker: calls $3
*** TURN *** [2s 4c 3d] [2c]
Anchig: checks
NewRocker: checks
*** RIVER *** [2s 4c 3d 2c] [Td]
Anchig: checks
NewRocker: checks
*** SHOW DOWN ***
Anchig: shows [Kc 9s] (a pair of Deuces)
NewRocker: mucks hand
Anchig collected $17.64 from pot
*** SUMMARY ***
Total pot $18 | Rake $0.36
Board [2s 4c 3d 2c Td]
Seat 2: Anchig (big blind) showed [Kc 9s] and won ($17.64) with a pair of Deuces
Seat 3: NewRocker (button) (small blind) mucked


PokerStars Hand #172764309529:  Hold'em Limit ($3/$6 USD) - 2017/07/08 11:40:28 ET
Table 'Imperatrix' 6-max Seat #3 is the button
Seat 2: Anchig ($109.26 in chips)
Seat 3: NewRocker ($144.14 in chips)
NewRocker: posts small blind $1
Anchig: posts big blind $3
*** HOLE CARDS ***
NewRocker: folds
Uncalled bet ($2) returned to Anchig
Anchig collected $2 from pot
Anchig: doesn't show hand
*** SUMMARY ***
Total pot $2 | Rake $0
Seat 2: Anchig (big blind) collected ($2)
Seat 3: NewRocker (button) (small blind) folded before Flop


PokerStars Hand #172764312466:  Hold'em Limit ($3/$6 USD) - 2017/07/08 11:40:33 ET
Table 'Imperatrix' 6-max Seat #2 is the button
Seat 2: Anchig ($110.26 in chips)
Seat 3: NewRocker ($143.14 in chips)
Anchig: posts small blind $1
NewRocker: posts big blind $3
*** HOLE CARDS ***
Anchig: raises $3 to $6
NewRocker: calls $3
*** FLOP *** [2c Jc 2s]
NewRocker: checks
Anchig: bets $3
NewRocker: calls $3
*** TURN *** [2c Jc 2s] [7d]
NewRocker: checks
Anchig: bets $6
NewRocker: calls $6
*** RIVER *** [2c Jc 2s 7d] [As]
NewRocker: checks
Anchig: checks
*** SHOW DOWN ***
NewRocker: shows [Js 9d] (two pair, Jacks and Deuces)
Anchig: mucks hand
NewRocker collected $29.50 from pot
*** SUMMARY ***
Total pot $30 | Rake $0.50
Board [2c Jc 2s 7d As]
Seat 2: Anchig (button) (small blind) mucked
Seat 3: NewRocker (big blind) showed [Js 9d] and won ($29.50) with two pair, Jacks and Deuces


PokerStars Hand #172764361528:  Hold'em Limit ($3/$6 USD) - 2017/07/08 11:41:51 ET
Table 'Imperatrix' 6-max Seat #3 is the button
Seat 2: Anchig ($93.66 in chips)
Seat 3: NewRocker ($158.14 in chips)
NewRocker: posts small blind $1
Anchig: posts big blind $3
*** HOLE CARDS ***
NewRocker: calls $2
Anchig: checks
*** FLOP *** [Ac 9s Qc]
Anchig: bets $3
GoliafUa leaves the table
NewRocker: raises $3 to $6
Anchig: folds
Uncalled bet ($3) returned to NewRocker
NewRocker collected $11.76 from pot
NewRocker: doesn't show hand
*** SUMMARY ***
Total pot $12 | Rake $0.24
Board [Ac 9s Qc]
Seat 2: Anchig (big blind) folded on the Flop
Seat 3: NewRocker (button) (small blind) collected ($11.76)


PokerStars Hand #172764338536:  Hold'em Limit ($3/$6 USD) - 2017/07/08 11:41:14 ET
Table 'Imperatrix' 6-max Seat #3 is the button
Seat 2: Anchig ($102.90 in chips)
Seat 3: NewRocker ($149.64 in chips)
NewRocker: posts small blind $1
Anchig: posts big blind $3
*** HOLE CARDS ***
NewRocker: calls $2
Anchig: raises $3 to $6
NewRocker: calls $3
*** FLOP *** [Qs 5c Qh]
Anchig: bets $3
NewRocker: calls $3
*** TURN *** [Qs 5c Qh] [Jc]
Anchig: bets $6
NewRocker: raises $6 to $12
Anchig: folds
Uncalled bet ($6) returned to NewRocker
NewRocker collected $29.50 from pot
NewRocker: doesn't show hand
*** SUMMARY ***
Total pot $30 | Rake $0.50
Board [Qs 5c Qh Jc]
Seat 2: Anchig (big blind) folded on the Turn
Seat 3: NewRocker (button) (small blind) collected ($29.50)


PokerStars Hand #172764350274:  Hold'em Limit ($3/$6 USD) - 2017/07/08 11:41:33 ET
Table 'Imperatrix' 6-max Seat #2 is the button
Seat 2: Anchig ($87.90 in chips)
Seat 3: NewRocker ($164.14 in chips)
Anchig: posts small blind $1
NewRocker: posts big blind $3
*** HOLE CARDS ***
Anchig: raises $3 to $6
NewRocker: calls $3
*** FLOP *** [4c Ac Kc]
NewRocker: checks
Anchig: bets $3
NewRocker: folds
Uncalled bet ($3) returned to Anchig
Anchig collected $11.76 from pot
Anchig: doesn't show hand
*** SUMMARY ***
Total pot $12 | Rake $0.24
Board [4c Ac Kc]
Seat 2: Anchig (button) (small blind) collected ($11.76)
Seat 3: NewRocker (big blind) folded on the Flop


PokerStars Hand #172764373588:  Hold'em Limit ($3/$6 USD) - 2017/07/08 11:42:10 ET
Table 'Imperatrix' 6-max Seat #2 is the button
Seat 2: Anchig ($87.66 in chips)
Seat 3: NewRocker ($163.90 in chips)
Anchig: posts small blind $1
NewRocker: posts big blind $3
*** HOLE CARDS ***
Anchig: raises $3 to $6
NewRocker: calls $3
*** FLOP *** [Jh Kh 7h]
NewRocker: checks
Anchig: bets $3
NewRocker: calls $3
*** TURN *** [Jh Kh 7h] [Js]
NewRocker: checks
Anchig: bets $6
NewRocker: calls $6
*** RIVER *** [Jh Kh 7h Js] [8s]
NewRocker: checks
Anchig: bets $6
NewRocker: raises $6 to $12
Anchig: calls $6
*** SHOW DOWN ***
NewRocker: shows [8h 8d] (a full house, Eights full of Jacks)
Anchig: mucks hand
NewRocker collected $53.50 from pot
*** SUMMARY ***
Total pot $54 | Rake $0.50
Board [Jh Kh 7h Js 8s]
Seat 2: Anchig (button) (small blind) mucked
Seat 3: NewRocker (big blind) showed [8h 8d] and won ($53.50) with a full house, Eights full of Jacks


