PokerStars Hand #152130712629:  Hold'em Limit ($3/$6 USD) - 2016/04/19 3:21:45 ET
Table 'Imperatrix II' 6-max Seat #4 is the button
Seat 3: 19woody58 ($106.91 in chips)
Seat 4: assitoni ($123.76 in chips)
assitoni: posts small blind $1
19woody58: posts big blind $3
*** HOLE CARDS ***
assitoni: raises $3 to $6
19woody58: calls $3
*** FLOP *** [3c 7s 8d]
19woody58: checks
VolkovDmitri joins the table at seat #5
assitoni: bets $3
19woody58: calls $3
*** TURN *** [3c 7s 8d] [9s]
19woody58: checks
assitoni: bets $6
19woody58: folds
Uncalled bet ($6) returned to assitoni
assitoni collected $17.64 from pot
*** SUMMARY ***
Total pot $18 | Rake $0.36
Board [3c 7s 8d 9s]
Seat 3: 19woody58 (big blind) folded on the Turn
Seat 4: assitoni (button) (small blind) collected ($17.64)


PokerStars Hand #152130724942:  Hold'em Limit ($3/$6 USD) - 2016/04/19 3:22:28 ET
Table 'Imperatrix II' 6-max Seat #3 is the button
Seat 3: 19woody58 ($97.91 in chips)
Seat 4: assitoni ($132.40 in chips)
19woody58: posts small blind $1
assitoni: posts big blind $3
*** HOLE CARDS ***
19woody58: folds
Uncalled bet ($2) returned to assitoni
assitoni collected $2 from pot
*** SUMMARY ***
Total pot $2 | Rake $0
Seat 3: 19woody58 (button) (small blind) folded before Flop
Seat 4: assitoni (big blind) collected ($2)


PokerStars Hand #152131074725:  Hold'em Limit ($3/$6 USD) - 2016/04/19 3:41:55 ET
Table 'Imperatrix II' 6-max Seat #1 is the button
Seat 1: pepponni ($75.46 in chips)
Seat 5: finances35 ($33.10 in chips)
pepponni: posts small blind $1
finances35: posts big blind $3
*** HOLE CARDS ***
pepponni: raises $3 to $6
finances35: calls $3
*** FLOP *** [3h Ac 5d]
finances35: checks
pepponni: bets $3
finances35: calls $3
*** TURN *** [3h Ac 5d] [Ts]
finances35: checks
pepponni: checks
*** RIVER *** [3h Ac 5d Ts] [Ah]
finances35: bets $6
pepponni: folds
Uncalled bet ($6) returned to finances35
finances35 collected $17.64 from pot
*** SUMMARY ***
Total pot $18 | Rake $0.36
Board [3h Ac 5d Ts Ah]
Seat 1: pepponni (button) (small blind) folded on the River
Seat 5: finances35 (big blind) collected ($17.64)


PokerStars Hand #152131080254:  Hold'em Limit ($3/$6 USD) - 2016/04/19 3:42:12 ET
Table 'Imperatrix II' 6-max Seat #5 is the button
Seat 1: pepponni ($66.46 in chips)
Seat 5: finances35 ($41.74 in chips)
finances35: posts small blind $1
pepponni: posts big blind $3
*** HOLE CARDS ***
finances35: raises $3 to $6
pepponni: calls $3
*** FLOP *** [Qc 5c Kd]
pepponni: checks
finances35: bets $3
pepponni: calls $3
*** TURN *** [Qc 5c Kd] [5s]
pepponni: checks
finances35: bets $6
pepponni: calls $6
*** RIVER *** [Qc 5c Kd 5s] [6s]
pepponni: checks
finances35: checks
*** SHOW DOWN ***
pepponni: shows [6h Qd] (two pair, Queens and Sixes)
finances35: mucks hand
NKTN is disconnected
pepponni collected $29.50 from pot
*** SUMMARY ***
Total pot $30 | Rake $0.50
Board [Qc 5c Kd 5s 6s]
Seat 1: pepponni (big blind) showed [6h Qd] and won ($29.50) with two pair, Queens and Sixes
Seat 5: finances35 (button) (small blind) mucked


