PokerStars Hand #148390457307:  Hold'em Limit ($3/$6 USD) - 2016/02/07 10:02:20 ET
Table 'Imperatrix' 6-max Seat #2 is the button
Seat 2: laapin ($20.48 in chips)
Seat 5: BelSv ($157.58 in chips)
laapin: posts small blind $1
BelSv: posts big blind $3
*** HOLE CARDS ***
laapin: folds
Uncalled bet ($2) returned to BelSv
BelSv collected $2 from pot
BelSv: doesn't show hand
*** SUMMARY ***
Total pot $2 | Rake $0
Seat 2: laapin (button) (small blind) folded before Flop
Seat 5: BelSv (big blind) collected ($2)


PokerStars Hand #148390495276:  Hold'em Limit ($3/$6 USD) - 2016/02/07 10:03:04 ET
Table 'Imperatrix' 6-max Seat #2 is the button
Seat 2: laapin ($31 in chips)
Seat 5: BelSv ($146.58 in chips)
laapin: posts small blind $1
BelSv: posts big blind $3
*** HOLE CARDS ***
laapin: folds
Uncalled bet ($2) returned to BelSv
BelSv collected $2 from pot
BelSv: doesn't show hand
*** SUMMARY ***
Total pot $2 | Rake $0
Seat 2: laapin (button) (small blind) folded before Flop
Seat 5: BelSv (big blind) collected ($2)


PokerStars Hand #148390462046:  Hold'em Limit ($3/$6 USD) - 2016/02/07 10:02:25 ET
Table 'Imperatrix' 6-max Seat #5 is the button
Seat 2: laapin ($19.48 in chips)
Seat 5: BelSv ($158.58 in chips)
BelSv: posts small blind $1
laapin: posts big blind $3
*** HOLE CARDS ***
BelSv: raises $3 to $6
laapin: raises $3 to $9
BelSv: calls $3
*** FLOP *** [7h 5h 3s]
laapin: bets $3
BelSv: calls $3
*** TURN *** [7h 5h 3s] [Tc]
laapin: bets $6
BelSv: folds
Uncalled bet ($6) returned to laapin
laapin collected $23.52 from pot
laapin: doesn't show hand
*** SUMMARY ***
Total pot $24 | Rake $0.48
Board [7h 5h 3s Tc]
Seat 2: laapin (big blind) collected ($23.52)
Seat 5: BelSv (button) (small blind) folded on the Turn


