PokerStars Hand #151911330667:  Hold'em Limit ($3/$6 USD) - 2016/04/14 14:00:16 ET
Table 'Inanda II' 6-max Seat #4 is the button
Seat 3: hasorer ($20.76 in chips)
Seat 4: Kongdori ($293.52 in chips)
Kongdori: posts small blind $1
hasorer: posts big blind $3
*** HOLE CARDS ***
Kongdori: raises $3 to $6
hasorer: raises $3 to $9
Kongdori: calls $3
*** FLOP *** [Tc Ad 4s]
hasorer: bets $3
Kongdori: calls $3
*** TURN *** [Tc Ad 4s] [Ks]
hasorer: bets $6
Kongdori: folds
Uncalled bet ($6) returned to hasorer
hasorer collected $23.52 from pot
hasorer: doesn't show hand
*** SUMMARY ***
Total pot $24 | Rake $0.48
Board [Tc Ad 4s Ks]
Seat 3: hasorer (big blind) collected ($23.52)
Seat 4: Kongdori (button) (small blind) folded on the Turn


PokerStars Hand #151911322269:  Hold'em Limit ($3/$6 USD) - 2016/04/14 14:00:04 ET
Table 'Inanda II' 6-max Seat #3 is the button
Seat 3: hasorer ($26.76 in chips)
Seat 4: Kongdori ($287.76 in chips)
hasorer: posts small blind $1
Kongdori: posts big blind $3
*** HOLE CARDS ***
hasorer: raises $3 to $6
Kongdori: calls $3
*** FLOP *** [Qc Ks 2h]
Kongdori: checks
hasorer: checks
*** TURN *** [Qc Ks 2h] [Jc]
Kongdori: bets $6
hasorer: folds
Uncalled bet ($6) returned to Kongdori
Kongdori collected $11.76 from pot
*** SUMMARY ***
Total pot $12 | Rake $0.24
Board [Qc Ks 2h Jc]
Seat 3: hasorer (button) (small blind) folded on the Turn
Seat 4: Kongdori (big blind) collected ($11.76)


PokerStars Hand #151911311862:  Hold'em Limit ($3/$6 USD) - 2016/04/14 13:59:51 ET
Table 'Inanda II' 6-max Seat #4 is the button
Seat 3: hasorer ($50.76 in chips)
Seat 4: Kongdori ($264.26 in chips)
Kongdori: posts small blind $1
hasorer: posts big blind $3
*** HOLE CARDS ***
Kongdori: raises $3 to $6
hasorer: raises $3 to $9
Kongdori: calls $3
*** FLOP *** [Tc Jc 5c]
hasorer: bets $3
Kongdori: calls $3
*** TURN *** [Tc Jc 5c] [6d]
hasorer: bets $6
Kongdori: calls $6
*** RIVER *** [Tc Jc 5c 6d] [Qc]
hasorer: bets $6
Kongdori: calls $6
*** SHOW DOWN ***
hasorer: shows [8s Js] (a pair of Jacks)
Kongdori: shows [3c Jd] (a flush, Queen high)
Kongdori collected $47.50 from pot
*** SUMMARY ***
Total pot $48 | Rake $0.50
Board [Tc Jc 5c 6d Qc]
Seat 3: hasorer (big blind) showed [8s Js] and lost with a pair of Jacks
Seat 4: Kongdori (button) (small blind) showed [3c Jd] and won ($47.50) with a flush, Queen high


PokerStars Hand #151911297419:  Hold'em Limit ($3/$6 USD) - 2016/04/14 13:59:29 ET
Table 'Inanda II' 6-max Seat #3 is the button
Seat 3: hasorer ($68.76 in chips)
Seat 4: Kongdori ($246.76 in chips)
hasorer: posts small blind $1
Kongdori: posts big blind $3
*** HOLE CARDS ***
hasorer: raises $3 to $6
Kongdori: calls $3
*** FLOP *** [9d Ac 4s]
Kongdori: checks
hasorer: checks
*** TURN *** [9d Ac 4s] [Qd]
Kongdori: checks
hasorer: checks
*** RIVER *** [9d Ac 4s Qd] [4d]
Kongdori: bets $6
hasorer: raises $6 to $12
Kongdori: raises $6 to $18
hasorer: folds
Uncalled bet ($6) returned to Kongdori
Kongdori collected $35.50 from pot
*** SUMMARY ***
Total pot $36 | Rake $0.50
Board [9d Ac 4s Qd 4d]
Seat 3: hasorer (button) (small blind) folded on the River
Seat 4: Kongdori (big blind) collected ($35.50)


PokerStars Hand #151911370899:  Hold'em Limit ($3/$6 USD) - 2016/04/14 14:01:05 ET
Table 'Inanda II' 6-max Seat #3 is the button
Seat 3: hasorer ($127.28 in chips)
Seat 4: Kongdori ($245.52 in chips)
hasorer: posts small blind $1
Kongdori: posts big blind $3
*** HOLE CARDS ***
hasorer: raises $3 to $6
Kongdori: calls $3
*** FLOP *** [5h 2d 2h]
Kongdori: checks
hasorer: bets $3
Kongdori: raises $3 to $6
hasorer: calls $3
*** TURN *** [5h 2d 2h] [Td]
Kongdori: bets $6
hasorer: calls $6
*** RIVER *** [5h 2d 2h Td] [7h]
Kongdori: bets $6
hasorer: calls $6
*** SHOW DOWN ***
Kongdori: shows [Kd 2c] (three of a kind, Deuces)
hasorer: mucks hand
Kongdori collected $47.50 from pot
*** SUMMARY ***
Total pot $48 | Rake $0.50
Board [5h 2d 2h Td 7h]
Seat 3: hasorer (button) (small blind) mucked
Seat 4: Kongdori (big blind) showed [Kd 2c] and won ($47.50) with three of a kind, Deuces


PokerStars Hand #151911353611:  Hold'em Limit ($3/$6 USD) - 2016/04/14 14:00:45 ET
Table 'Inanda II' 6-max Seat #4 is the button
Seat 3: hasorer ($106.78 in chips)
Seat 4: Kongdori ($266.52 in chips)
Kongdori: posts small blind $1
hasorer: posts big blind $3
*** HOLE CARDS ***
Kongdori: raises $3 to $6
hasorer: calls $3
*** FLOP *** [8s 2c 7d]
hasorer: bets $3
Kongdori: calls $3
*** TURN *** [8s 2c 7d] [5h]
hasorer: bets $6
Kongdori: calls $6
*** RIVER *** [8s 2c 7d 5h] [4h]
hasorer: bets $6
Kongdori: calls $6
*** SHOW DOWN ***
hasorer: shows [8c 6d] (a straight, Four to Eight)
Kongdori: mucks hand
hasorer collected $41.50 from pot
*** SUMMARY ***
Total pot $42 | Rake $0.50
Board [8s 2c 7d 5h 4h]
Seat 3: hasorer (big blind) showed [8c 6d] and won ($41.50) with a straight, Four to Eight
Seat 4: Kongdori (button) (small blind) mucked


PokerStars Hand #151911339606:  Hold'em Limit ($3/$6 USD) - 2016/04/14 14:00:28 ET
Table 'Inanda II' 6-max Seat #3 is the button
Seat 3: hasorer ($92.28 in chips)
Seat 4: Kongdori ($281.52 in chips)
hasorer: posts small blind $1
Kongdori: posts big blind $3
*** HOLE CARDS ***
hasorer: raises $3 to $6
Kongdori: calls $3
*** FLOP *** [Jd Td Kh]
Kongdori: checks
hasorer: bets $3
Kongdori: calls $3
*** TURN *** [Jd Td Kh] [7c]
Kongdori: checks
hasorer: bets $6
Kongdori: calls $6
*** RIVER *** [Jd Td Kh 7c] [Ts]
Kongdori: checks
hasorer: checks
*** SHOW DOWN ***
Kongdori: shows [2d 5d] (a pair of Tens)
hasorer: shows [Ac 3h] (a pair of Tens - Ace kicker)
hasorer collected $29.50 from pot
*** SUMMARY ***
Total pot $30 | Rake $0.50
Board [Jd Td Kh 7c Ts]
Seat 3: hasorer (button) (small blind) showed [Ac 3h] and won ($29.50) with a pair of Tens
Seat 4: Kongdori (big blind) showed [2d 5d] and lost with a pair of Tens


PokerStars Hand #151911429532:  Hold'em Limit ($3/$6 USD) - 2016/04/14 14:02:10 ET
Table 'Inanda II' 6-max Seat #3 is the button
Seat 3: hasorer ($99.78 in chips)
Seat 4: Kongdori ($271.52 in chips)
hasorer: posts small blind $1
Kongdori: posts big blind $3
*** HOLE CARDS ***
hasorer: raises $3 to $6
Kongdori: raises $3 to $9
hasorer: calls $3
*** FLOP *** [9h Qh 6d]
Kongdori: bets $3
hasorer: calls $3
*** TURN *** [9h Qh 6d] [9c]
Kongdori: bets $6
hasorer: raises $6 to $12
Kongdori: calls $6
*** RIVER *** [9h Qh 6d 9c] [4d]
Kongdori: checks
hasorer: bets $6
Kongdori: calls $6
*** SHOW DOWN ***
hasorer: shows [5h 6c] (two pair, Nines and Sixes)
Kongdori: shows [Qc As] (two pair, Queens and Nines)
Kongdori collected $59.50 from pot
*** SUMMARY ***
Total pot $60 | Rake $0.50
Board [9h Qh 6d 9c 4d]
Seat 3: hasorer (button) (small blind) showed [5h 6c] and lost with two pair, Nines and Sixes
Seat 4: Kongdori (big blind) showed [Qc As] and won ($59.50) with two pair, Queens and Nines


PokerStars Hand #151911413045:  Hold'em Limit ($3/$6 USD) - 2016/04/14 14:01:52 ET
Table 'Inanda II' 6-max Seat #4 is the button
Seat 3: hasorer ($76.28 in chips)
Seat 4: Kongdori ($295.52 in chips)
Kongdori: posts small blind $1
hasorer: posts big blind $3
*** HOLE CARDS ***
Kongdori: raises $3 to $6
hasorer: raises $3 to $9
Kongdori: calls $3
*** FLOP *** [4h Ks 7s]
hasorer: bets $3
Kongdori: calls $3
*** TURN *** [4h Ks 7s] [Kh]
hasorer: bets $6
Kongdori: calls $6
*** RIVER *** [4h Ks 7s Kh] [8d]
hasorer: bets $6
Kongdori: calls $6
*** SHOW DOWN ***
hasorer: shows [Ad 5s] (a pair of Kings)
Kongdori: mucks hand
hasorer collected $47.50 from pot
*** SUMMARY ***
Total pot $48 | Rake $0.50
Board [4h Ks 7s Kh 8d]
Seat 3: hasorer (big blind) showed [Ad 5s] and won ($47.50) with a pair of Kings
Seat 4: Kongdori (button) (small blind) mucked


PokerStars Hand #151911407561:  Hold'em Limit ($3/$6 USD) - 2016/04/14 14:01:46 ET
Table 'Inanda II' 6-max Seat #3 is the button
Seat 3: hasorer ($73.28 in chips)
Seat 4: Kongdori ($298.52 in chips)
hasorer: posts small blind $1
Kongdori: posts big blind $3
*** HOLE CARDS ***
hasorer: raises $3 to $6
Kongdori: folds
Uncalled bet ($3) returned to hasorer
hasorer collected $6 from pot
hasorer: doesn't show hand
*** SUMMARY ***
Total pot $6 | Rake $0
Seat 3: hasorer (button) (small blind) collected ($6)
Seat 4: Kongdori (big blind) folded before Flop


PokerStars Hand #151911386262:  Hold'em Limit ($3/$6 USD) - 2016/04/14 14:01:23 ET
Table 'Inanda II' 6-max Seat #4 is the button
Seat 3: hasorer ($103.28 in chips)
Seat 4: Kongdori ($269.02 in chips)
Kongdori: posts small blind $1
hasorer: posts big blind $3
*** HOLE CARDS ***
Kongdori: raises $3 to $6
hasorer: calls $3
*** FLOP *** [7s Jc 7d]
hasorer: checks
Kongdori: bets $3
hasorer: raises $3 to $6
Kongdori: raises $3 to $9
hasorer: raises $3 to $12
Betting is capped
Kongdori: calls $3
*** TURN *** [7s Jc 7d] [Ac]
hasorer: checks
Kongdori: bets $6
hasorer: calls $6
*** RIVER *** [7s Jc 7d Ac] [8s]
hasorer: checks
Kongdori: bets $6
hasorer: calls $6
*** SHOW DOWN ***
Kongdori: shows [7h Kd] (three of a kind, Sevens)
hasorer: mucks hand
Kongdori collected $59.50 from pot
*** SUMMARY ***
Total pot $60 | Rake $0.50
Board [7s Jc 7d Ac 8s]
Seat 3: hasorer (big blind) mucked
Seat 4: Kongdori (button) (small blind) showed [7h Kd] and won ($59.50) with three of a kind, Sevens


PokerStars Hand #151911486029:  Hold'em Limit ($3/$6 USD) - 2016/04/14 14:03:12 ET
Table 'Inanda II' 6-max Seat #3 is the button
Seat 3: hasorer ($73.28 in chips)
Seat 4: Kongdori ($296.52 in chips)
hasorer: posts small blind $1
Kongdori: posts big blind $3
*** HOLE CARDS ***
hasorer: raises $3 to $6
Kongdori: calls $3
*** FLOP *** [Kd 9h Ts]
Kongdori: checks
hasorer: bets $3
Kongdori: calls $3
*** TURN *** [Kd 9h Ts] [Tc]
Kongdori: checks
hasorer: bets $6
Kongdori: calls $6
*** RIVER *** [Kd 9h Ts Tc] [Kh]
Kongdori: checks
hasorer: bets $6
Kongdori: calls $6
*** SHOW DOWN ***
hasorer: shows [Qc Ks] (a full house, Kings full of Tens)
Kongdori: mucks hand
hasorer collected $41.50 from pot
*** SUMMARY ***
Total pot $42 | Rake $0.50
Board [Kd 9h Ts Tc Kh]
Seat 3: hasorer (button) (small blind) showed [Qc Ks] and won ($41.50) with a full house, Kings full of Tens
Seat 4: Kongdori (big blind) mucked


PokerStars Hand #151911481617:  Hold'em Limit ($3/$6 USD) - 2016/04/14 14:03:07 ET
Table 'Inanda II' 6-max Seat #4 is the button
Seat 3: hasorer ($72.28 in chips)
Seat 4: Kongdori ($297.52 in chips)
Kongdori: posts small blind $1
hasorer: posts big blind $3
*** HOLE CARDS ***
Kongdori: folds
Uncalled bet ($2) returned to hasorer
hasorer collected $2 from pot
hasorer: doesn't show hand
*** SUMMARY ***
Total pot $2 | Rake $0
Seat 3: hasorer (big blind) collected ($2)
Seat 4: Kongdori (button) (small blind) folded before Flop


PokerStars Hand #151911460776:  Hold'em Limit ($3/$6 USD) - 2016/04/14 14:02:45 ET
Table 'Inanda II' 6-max Seat #3 is the button
Seat 3: hasorer ($93.28 in chips)
Seat 4: Kongdori ($277.02 in chips)
hasorer: posts small blind $1
Kongdori: posts big blind $3
*** HOLE CARDS ***
hasorer: raises $3 to $6
Kongdori: calls $3
*** FLOP *** [9d Jc Th]
Kongdori: checks
hasorer: bets $3
Kongdori: calls $3
*** TURN *** [9d Jc Th] [4s]
Kongdori: checks
hasorer: bets $6
Kongdori: calls $6
*** RIVER *** [9d Jc Th 4s] [2h]
Kongdori: checks
hasorer: bets $6
Kongdori: calls $6
*** SHOW DOWN ***
hasorer: shows [5d 6s] (high card Jack)
Kongdori: shows [3s Td] (a pair of Tens)
Kongdori collected $41.50 from pot
*** SUMMARY ***
Total pot $42 | Rake $0.50
Board [9d Jc Th 4s 2h]
Seat 3: hasorer (button) (small blind) showed [5d 6s] and lost with high card Jack
Seat 4: Kongdori (big blind) showed [3s Td] and won ($41.50) with a pair of Tens


PokerStars Hand #151911444492:  Hold'em Limit ($3/$6 USD) - 2016/04/14 14:02:27 ET
Table 'Inanda II' 6-max Seat #4 is the button
Seat 3: hasorer ($69.78 in chips)
Seat 4: Kongdori ($301.02 in chips)
Kongdori: posts small blind $1
hasorer: posts big blind $3
*** HOLE CARDS ***
Kongdori: raises $3 to $6
hasorer: raises $3 to $9
Kongdori: calls $3
*** FLOP *** [Jh Qh 9d]
hasorer: bets $3
Kongdori: calls $3
*** TURN *** [Jh Qh 9d] [8h]
hasorer: bets $6
Kongdori: calls $6
*** RIVER *** [Jh Qh 9d 8h] [Ks]
hasorer: bets $6
Kongdori: calls $6
*** SHOW DOWN ***
hasorer: shows [Tc 7d] (a straight, Nine to King)
Kongdori: mucks hand
hasorer collected $47.50 from pot
*** SUMMARY ***
Total pot $48 | Rake $0.50
Board [Jh Qh 9d 8h Ks]
Seat 3: hasorer (big blind) showed [Tc 7d] and won ($47.50) with a straight, Nine to King
Seat 4: Kongdori (button) (small blind) mucked


PokerStars Hand #151911556586:  Hold'em Limit ($3/$6 USD) - 2016/04/14 14:04:29 ET
Table 'Inanda II' 6-max Seat #3 is the button
Seat 3: hasorer ($42.78 in chips)
Seat 4: Kongdori ($325.28 in chips)
hasorer: posts small blind $1
Kongdori: posts big blind $3
*** HOLE CARDS ***
hasorer: folds
Uncalled bet ($2) returned to Kongdori
Kongdori collected $2 from pot
*** SUMMARY ***
Total pot $2 | Rake $0
Seat 3: hasorer (button) (small blind) folded before Flop
Seat 4: Kongdori (big blind) collected ($2)


PokerStars Hand #151911532175:  Hold'em Limit ($3/$6 USD) - 2016/04/14 14:04:02 ET
Table 'Inanda II' 6-max Seat #4 is the button
Seat 3: hasorer ($66.78 in chips)
Seat 4: Kongdori ($301.78 in chips)
Kongdori: posts small blind $1
hasorer: posts big blind $3
*** HOLE CARDS ***
Kongdori: raises $3 to $6
hasorer is connected
hasorer: raises $3 to $9
Kongdori: calls $3
*** FLOP *** [Ah 6h Qh]
hasorer: bets $3
Kongdori: calls $3
*** TURN *** [Ah 6h Qh] [Qc]
hasorer: bets $6
Kongdori: calls $6
*** RIVER *** [Ah 6h Qh Qc] [9c]
hasorer: bets $6
Kongdori: calls $6
*** SHOW DOWN ***
hasorer: shows [8h 6d] (two pair, Queens and Sixes)
Kongdori: shows [As 5s] (two pair, Aces and Queens)
Kongdori collected $47.50 from pot
*** SUMMARY ***
Total pot $48 | Rake $0.50
Board [Ah 6h Qh Qc 9c]
Seat 3: hasorer (big blind) showed [8h 6d] and lost with two pair, Queens and Sixes
Seat 4: Kongdori (button) (small blind) showed [As 5s] and won ($47.50) with two pair, Aces and Queens


PokerStars Hand #151911521129:  Hold'em Limit ($3/$6 USD) - 2016/04/14 14:03:50 ET
Table 'Inanda II' 6-max Seat #3 is the button
Seat 3: hasorer ($72.78 in chips)
Seat 4: Kongdori ($296.02 in chips)
hasorer: posts small blind $1
Kongdori: posts big blind $3
*** HOLE CARDS ***
hasorer: calls $2
Kongdori: raises $3 to $6
hasorer: calls $3
*** FLOP *** [As Ad 9d]
Kongdori: bets $3
hasorer: folds
Uncalled bet ($3) returned to Kongdori
Kongdori collected $11.76 from pot
*** SUMMARY ***
Total pot $12 | Rake $0.24
Board [As Ad 9d]
Seat 3: hasorer (button) (small blind) folded on the Flop
Seat 4: Kongdori (big blind) collected ($11.76)


PokerStars Hand #151911500122:  Hold'em Limit ($3/$6 USD) - 2016/04/14 14:03:27 ET
Table 'Inanda II' 6-max Seat #4 is the button
Seat 3: hasorer ($93.78 in chips)
Seat 4: Kongdori ($275.52 in chips)
Kongdori: posts small blind $1
hasorer: posts big blind $3
*** HOLE CARDS ***
Kongdori: raises $3 to $6
hasorer: raises $3 to $9
Kongdori: calls $3
*** FLOP *** [4h Td 5c]
hasorer: checks
Kongdori: checks
*** TURN *** [4h Td 5c] [7d]
hasorer: bets $6
Kongdori: calls $6
*** RIVER *** [4h Td 5c 7d] [3h]
hasorer: bets $6
Kongdori: calls $6
*** SHOW DOWN ***
hasorer: shows [Kc 2c] (high card King)
Kongdori: shows [4c 9h] (a pair of Fours)
Kongdori collected $41.50 from pot
*** SUMMARY ***
Total pot $42 | Rake $0.50
Board [4h Td 5c 7d 3h]
Seat 3: hasorer (big blind) showed [Kc 2c] and lost with high card King
Seat 4: Kongdori (button) (small blind) showed [4c 9h] and won ($41.50) with a pair of Fours


PokerStars Hand #151911608267:  Hold'em Limit ($3/$6 USD) - 2016/04/14 14:05:24 ET
Table 'Inanda II' 6-max Seat #3 is the button
Seat 3: hasorer ($52.92 in chips)
Seat 4: Kongdori ($313.78 in chips)
hasorer: posts small blind $1
Kongdori: posts big blind $3
*** HOLE CARDS ***
hasorer: folds
Uncalled bet ($2) returned to Kongdori
Kongdori collected $2 from pot
*** SUMMARY ***
Total pot $2 | Rake $0
Seat 3: hasorer (button) (small blind) folded before Flop
Seat 4: Kongdori (big blind) collected ($2)


PokerStars Hand #151911588146:  Hold'em Limit ($3/$6 USD) - 2016/04/14 14:05:03 ET
Table 'Inanda II' 6-max Seat #4 is the button
Seat 3: hasorer ($67.92 in chips)
Seat 4: Kongdori ($299.28 in chips)
Kongdori: posts small blind $1
hasorer: posts big blind $3
*** HOLE CARDS ***
Kongdori: raises $3 to $6
hasorer: calls $3
*** FLOP *** [7h Jd 2h]
hasorer: checks
Kongdori: bets $3
bugsbubble joins the table at seat #5
hasorer: calls $3
*** TURN *** [7h Jd 2h] [9s]
hasorer: checks
Kongdori: checks
*** RIVER *** [7h Jd 2h 9s] [Ts]
hasorer: checks
Kongdori: bets $6
hasorer: calls $6
*** SHOW DOWN ***
Kongdori: shows [Tc 7c] (two pair, Tens and Sevens)
hasorer: mucks hand
Kongdori collected $29.50 from pot
*** SUMMARY ***
Total pot $30 | Rake $0.50
Board [7h Jd 2h 9s Ts]
Seat 3: hasorer (big blind) mucked
Seat 4: Kongdori (button) (small blind) showed [Tc 7c] and won ($29.50) with two pair, Tens and Sevens


PokerStars Hand #151911571283:  Hold'em Limit ($3/$6 USD) - 2016/04/14 14:04:44 ET
Table 'Inanda II' 6-max Seat #3 is the button
Seat 3: hasorer ($50.42 in chips)
Seat 4: Kongdori ($317.28 in chips)
hasorer: posts small blind $1
Kongdori: posts big blind $3
*** HOLE CARDS ***
hasorer: raises $3 to $6
Kongdori: calls $3
*** FLOP *** [5h Ah 4c]
Kongdori: checks
hasorer: checks
*** TURN *** [5h Ah 4c] [6c]
Kongdori: bets $6
hasorer: calls $6
*** RIVER *** [5h Ah 4c 6c] [Kc]
Kongdori: bets $6
hasorer: raises $6 to $12
Kongdori: folds
Uncalled bet ($6) returned to hasorer
hasorer collected $35.50 from pot
hasorer: doesn't show hand
*** SUMMARY ***
Total pot $36 | Rake $0.50
Board [5h Ah 4c 6c Kc]
Seat 3: hasorer (button) (small blind) collected ($35.50)
Seat 4: Kongdori (big blind) folded on the River


PokerStars Hand #151911561296:  Hold'em Limit ($3/$6 USD) - 2016/04/14 14:04:34 ET
Table 'Inanda II' 6-max Seat #4 is the button
Seat 3: hasorer ($41.78 in chips)
Seat 4: Kongdori ($326.28 in chips)
Kongdori: posts small blind $1
hasorer: posts big blind $3
*** HOLE CARDS ***
Kongdori: raises $3 to $6
hasorer: calls $3
*** FLOP *** [7d 9c Qd]
hasorer: checks
Kongdori: bets $3
hasorer: raises $3 to $6
Kongdori: folds
Uncalled bet ($3) returned to hasorer
hasorer collected $17.64 from pot
hasorer: doesn't show hand
*** SUMMARY ***
Total pot $18 | Rake $0.36
Board [7d 9c Qd]
Seat 3: hasorer (big blind) collected ($17.64)
Seat 4: Kongdori (button) (small blind) folded on the Flop


PokerStars Hand #151912903332:  Hold'em Limit ($3/$6 USD) - 2016/04/14 14:28:58 ET
Table 'Inanda II' 6-max Seat #3 is the button
Seat 3: Chessnok ($107.02 in chips)
Seat 4: Kongdori ($429.60 in chips)
Chessnok: posts small blind $1
Kongdori: posts big blind $3
*** HOLE CARDS ***
Chessnok: raises $3 to $6
Kongdori: raises $3 to $9
Chessnok: calls $3
*** FLOP *** [5d 5c Kc]
Kongdori: bets $3
Chessnok: calls $3
*** TURN *** [5d 5c Kc] [2c]
Kongdori: checks
parnishka11 leaves the table
Chessnok: bets $6
Kongdori: calls $6
*** RIVER *** [5d 5c Kc 2c] [9s]
Kongdori: checks
mazael joins the table at seat #6
Chessnok: bets $6
Kongdori: calls $6
*** SHOW DOWN ***
Chessnok: shows [As Kd] (two pair, Kings and Fives)
Kongdori: mucks hand
Chessnok collected $47.50 from pot
*** SUMMARY ***
Total pot $48 | Rake $0.50
Board [5d 5c Kc 2c 9s]
Seat 3: Chessnok (button) (small blind) showed [As Kd] and won ($47.50) with two pair, Kings and Fives
Seat 4: Kongdori (big blind) mucked


PokerStars Hand #151912970640:  Hold'em Limit ($3/$6 USD) - 2016/04/14 14:30:12 ET
Table 'Inanda II' 6-max Seat #4 is the button
Seat 4: Kongdori ($388.60 in chips)
Seat 6: mazael ($110 in chips)
Kongdori: posts small blind $1
mazael: posts big blind $3
*** HOLE CARDS ***
Kongdori: raises $3 to $6
mazael: calls $3
*** FLOP *** [4c 2h 3d]
mazael: bets $3
Kongdori: raises $3 to $6
mazael: raises $3 to $9
Kongdori: raises $3 to $12
Betting is capped
mazael: calls $3
*** TURN *** [4c 2h 3d] [Kd]
mazael: bets $6
Kongdori: raises $6 to $12
mazael: calls $6
*** RIVER *** [4c 2h 3d Kd] [Qs]
mazael: checks
Kongdori: bets $6
mazael: calls $6
*** SHOW DOWN ***
Kongdori: shows [5h 6s] (a straight, Deuce to Six)
mazael: mucks hand
Kongdori collected $71.50 from pot
*** SUMMARY ***
Total pot $72 | Rake $0.50
Board [4c 2h 3d Kd Qs]
Seat 4: Kongdori (button) (small blind) showed [5h 6s] and won ($71.50) with a straight, Deuce to Six
Seat 6: mazael (big blind) mucked


PokerStars Hand #151912966231:  Hold'em Limit ($3/$6 USD) - 2016/04/14 14:30:08 ET
Table 'Inanda II' 6-max Seat #6 is the button
Seat 4: Kongdori ($387.60 in chips)
Seat 6: mazael ($111 in chips)
mazael: posts small blind $1
Chessnok: is sitting out
Kongdori: posts big blind $3
*** HOLE CARDS ***
mazael: folds
Uncalled bet ($2) returned to Kongdori
Kongdori collected $2 from pot
*** SUMMARY ***
Total pot $2 | Rake $0
Seat 4: Kongdori (big blind) collected ($2)
Seat 6: mazael (button) (small blind) folded before Flop


PokerStars Hand #151913031150:  Hold'em Limit ($3/$6 USD) - 2016/04/14 14:31:20 ET
Table 'Inanda II' 6-max Seat #6 is the button
Seat 4: Kongdori ($425.86 in chips)
Seat 6: mazael ($71.76 in chips)
mazael: posts small blind $1
Kongdori: posts big blind $3
*** HOLE CARDS ***
mazael: calls $2
Kongdori: raises $3 to $6
mazael: calls $3
*** FLOP *** [9c 5d 6h]
Kongdori: bets $3
mazael: raises $3 to $6
Kongdori: raises $3 to $9
mazael: raises $3 to $12
Betting is capped
Kongdori: calls $3
*** TURN *** [9c 5d 6h] [4d]
Kongdori: checks
mazael: bets $6
Kongdori: calls $6
*** RIVER *** [9c 5d 6h 4d] [2h]
Kongdori: checks
mazael: bets $6
Kongdori: raises $6 to $12
mazael: calls $6
*** SHOW DOWN ***
Kongdori: shows [9d 3d] (a straight, Deuce to Six)
mazael: mucks hand
Kongdori collected $71.50 from pot
*** SUMMARY ***
Total pot $72 | Rake $0.50
Board [9c 5d 6h 4d 2h]
Seat 4: Kongdori (big blind) showed [9d 3d] and won ($71.50) with a straight, Deuce to Six
Seat 6: mazael (button) (small blind) mucked


PokerStars Hand #151913025303:  Hold'em Limit ($3/$6 USD) - 2016/04/14 14:31:14 ET
Table 'Inanda II' 6-max Seat #4 is the button
Seat 4: Kongdori ($422.86 in chips)
Seat 6: mazael ($74.76 in chips)
Kongdori: posts small blind $1
mazael: posts big blind $3
*** HOLE CARDS ***
Kongdori: raises $3 to $6
mazael: folds
Uncalled bet ($3) returned to Kongdori
Kongdori collected $6 from pot
*** SUMMARY ***
Total pot $6 | Rake $0
Seat 4: Kongdori (button) (small blind) collected ($6)
Seat 6: mazael (big blind) folded before Flop


PokerStars Hand #151913014705:  Hold'em Limit ($3/$6 USD) - 2016/04/14 14:31:02 ET
Table 'Inanda II' 6-max Seat #6 is the button
Seat 4: Kongdori ($417.10 in chips)
Seat 6: mazael ($80.76 in chips)
mazael: posts small blind $1
Kongdori: posts big blind $3
*** HOLE CARDS ***
mazael: raises $3 to $6
Kongdori: calls $3
*** FLOP *** [2d 4d 5d]
Kongdori: checks
mazael: checks
*** TURN *** [2d 4d 5d] [9s]
Kongdori: bets $6
mazael: folds
Uncalled bet ($6) returned to Kongdori
Kongdori collected $11.76 from pot
*** SUMMARY ***
Total pot $12 | Rake $0.24
Board [2d 4d 5d 9s]
Seat 4: Kongdori (big blind) collected ($11.76)
Seat 6: mazael (button) (small blind) folded on the Turn


PokerStars Hand #151913009512:  Hold'em Limit ($3/$6 USD) - 2016/04/14 14:30:56 ET
Table 'Inanda II' 6-max Seat #4 is the button
Seat 4: Kongdori ($418.10 in chips)
Seat 6: mazael ($79.76 in chips)
Kongdori: posts small blind $1
mazael: posts big blind $3
*** HOLE CARDS ***
Kongdori: folds
Uncalled bet ($2) returned to mazael
mazael collected $2 from pot
mazael: doesn't show hand
*** SUMMARY ***
Total pot $2 | Rake $0
Seat 4: Kongdori (button) (small blind) folded before Flop
Seat 6: mazael (big blind) collected ($2)


PokerStars Hand #151912993842:  Hold'em Limit ($3/$6 USD) - 2016/04/14 14:30:39 ET
Table 'Inanda II' 6-max Seat #6 is the button
Seat 4: Kongdori ($424.10 in chips)
Seat 6: mazael ($74 in chips)
mazael: posts small blind $1
Kongdori: posts big blind $3
*** HOLE CARDS ***
mazael: raises $3 to $6
Kongdori: calls $3
*** FLOP *** [Kc 3h 7c]
Kongdori: checks
mazael: checks
*** TURN *** [Kc 3h 7c] [9h]
Kongdori: checks
mazael: bets $6
Kongdori: folds
Uncalled bet ($6) returned to mazael
mazael collected $11.76 from pot
mazael: doesn't show hand
*** SUMMARY ***
Total pot $12 | Rake $0.24
Board [Kc 3h 7c 9h]
Seat 4: Kongdori (big blind) folded on the Turn
Seat 6: mazael (button) (small blind) collected ($11.76)


PokerStars Hand #151913099390:  Hold'em Limit ($3/$6 USD) - 2016/04/14 14:32:36 ET
Table 'Inanda II' 6-max Seat #4 is the button
Seat 4: Kongdori ($485.50 in chips)
Seat 6: mazael ($10.40 in chips)
Kongdori: posts small blind $1
mazael: posts big blind $3
*** HOLE CARDS ***
Kongdori: raises $3 to $6
mazael: folds
Uncalled bet ($3) returned to Kongdori
Kongdori collected $6 from pot
*** SUMMARY ***
Total pot $6 | Rake $0
Seat 4: Kongdori (button) (small blind) collected ($6)
Seat 6: mazael (big blind) folded before Flop


PokerStars Hand #151913095008:  Hold'em Limit ($3/$6 USD) - 2016/04/14 14:32:31 ET
Table 'Inanda II' 6-max Seat #6 is the button
Seat 4: Kongdori ($484.50 in chips)
Seat 6: mazael ($11.40 in chips)
mazael: posts small blind $1
Kongdori: posts big blind $3
*** HOLE CARDS ***
mazael: folds
Uncalled bet ($2) returned to Kongdori
Kongdori collected $2 from pot
*** SUMMARY ***
Total pot $2 | Rake $0
Seat 4: Kongdori (big blind) collected ($2)
Seat 6: mazael (button) (small blind) folded before Flop


PokerStars Hand #151913081863:  Hold'em Limit ($3/$6 USD) - 2016/04/14 14:32:17 ET
Table 'Inanda II' 6-max Seat #4 is the button
Seat 4: Kongdori ($461 in chips)
Seat 6: mazael ($35.40 in chips)
Kongdori: posts small blind $1
mazael: posts big blind $3
*** HOLE CARDS ***
Kongdori: raises $3 to $6
mazael: raises $3 to $9
Kongdori: calls $3
*** FLOP *** [Td 6d Qh]
mazael: bets $3
Kongdori: calls $3
*** TURN *** [Td 6d Qh] [7d]
mazael: bets $6
Kongdori: calls $6
*** RIVER *** [Td 6d Qh 7d] [7s]
mazael: bets $6
Kongdori: calls $6
*** SHOW DOWN ***
mazael: shows [5c 5d] (two pair, Sevens and Fives)
Kongdori: shows [Ad 6c] (two pair, Sevens and Sixes)
Kongdori collected $47.50 from pot
*** SUMMARY ***
Total pot $48 | Rake $0.50
Board [Td 6d Qh 7d 7s]
Seat 4: Kongdori (button) (small blind) showed [Ad 6c] and won ($47.50) with two pair, Sevens and Sixes
Seat 6: mazael (big blind) showed [5c 5d] and lost with two pair, Sevens and Fives


PokerStars Hand #151913071122:  Hold'em Limit ($3/$6 USD) - 2016/04/14 14:32:04 ET
Table 'Inanda II' 6-max Seat #6 is the button
Seat 4: Kongdori ($470 in chips)
Seat 6: mazael ($26.76 in chips)
mazael: posts small blind $1
Kongdori: posts big blind $3
*** HOLE CARDS ***
mazael: raises $3 to $6
Kongdori: calls $3
*** FLOP *** [9h 8h 2s]
Kongdori: checks
mazael: bets $3
Kongdori: calls $3
*** TURN *** [9h 8h 2s] [Jh]
Kongdori: checks
mazael: bets $6
Kongdori: folds
Uncalled bet ($6) returned to mazael
mazael collected $17.64 from pot
mazael: doesn't show hand
*** SUMMARY ***
Total pot $18 | Rake $0.36
Board [9h 8h 2s Jh]
Seat 4: Kongdori (big blind) folded on the Turn
Seat 6: mazael (button) (small blind) collected ($17.64)


PokerStars Hand #151913050330:  Hold'em Limit ($3/$6 USD) - 2016/04/14 14:31:42 ET
Table 'Inanda II' 6-max Seat #4 is the button
Seat 4: Kongdori ($461.36 in chips)
Seat 6: mazael ($35.76 in chips)
Kongdori: posts small blind $1
mazael: posts big blind $3
*** HOLE CARDS ***
Kongdori: raises $3 to $6
mazael: raises $3 to $9
Kongdori: calls $3
*** FLOP *** [As 7d 2s]
mazael: checks
Kongdori: checks
*** TURN *** [As 7d 2s] [Kc]
mazael: checks
Kongdori: bets $6
mazael: folds
Uncalled bet ($6) returned to Kongdori
Kongdori collected $17.64 from pot
*** SUMMARY ***
Total pot $18 | Rake $0.36
Board [As 7d 2s Kc]
Seat 4: Kongdori (button) (small blind) collected ($17.64)
Seat 6: mazael (big blind) folded on the Turn


