PokerStars Hand #164131745158:  Hold'em Limit ($3/$6 USD) - 2017/01/06 11:31:24 ET
Table 'Inanda II' 6-max Seat #5 is the button
Seat 3: u9iiiK ($86 in chips)
Seat 5: Great_Kang ($121 in chips)
Great_Kang: posts small blind $1
u9iiiK: posts big blind $3
*** HOLE CARDS ***
Great_Kang: raises $3 to $6
u9iiiK: calls $3
*** FLOP *** [Qh 9c Jd]
u9iiiK: checks
Great_Kang: bets $3
u9iiiK: calls $3
*** TURN *** [Qh 9c Jd] [3d]
u9iiiK: checks
TbIP-TbIP 88 joins the table at seat #4
Great_Kang: bets $6
u9iiiK: folds
Uncalled bet ($6) returned to Great_Kang
Great_Kang collected $17.64 from pot
Great_Kang: doesn't show hand
*** SUMMARY ***
Total pot $18 | Rake $0.36
Board [Qh 9c Jd 3d]
Seat 3: u9iiiK (big blind) folded on the Turn
Seat 5: Great_Kang (button) (small blind) collected ($17.64)


PokerStars Hand #164134401341:  Hold'em Limit ($3/$6 USD) - 2017/01/06 12:25:27 ET
Table 'Inanda II' 6-max Seat #4 is the button
Seat 3: u9iiiK ($245.75 in chips)
Seat 4: TbIP-TbIP 88 ($100.24 in chips)
TbIP-TbIP 88: posts small blind $1
Krazy90: is sitting out
u9iiiK: posts big blind $3
*** HOLE CARDS ***
TbIP-TbIP 88: raises $3 to $6
u9iiiK: calls $3
*** FLOP *** [3d As Td]
u9iiiK: checks
TbIP-TbIP 88: bets $3
u9iiiK: folds
Uncalled bet ($3) returned to TbIP-TbIP 88
TbIP-TbIP 88 collected $11.76 from pot
TbIP-TbIP 88: doesn't show hand
*** SUMMARY ***
Total pot $12 | Rake $0.24
Board [3d As Td]
Seat 3: u9iiiK (big blind) folded on the Flop
Seat 4: TbIP-TbIP 88 (button) (small blind) collected ($11.76)


PokerStars Hand #164134411749:  Hold'em Limit ($3/$6 USD) - 2017/01/06 12:25:39 ET
Table 'Inanda II' 6-max Seat #3 is the button
Seat 3: u9iiiK ($239.75 in chips)
Seat 4: TbIP-TbIP 88 ($106 in chips)
u9iiiK: posts small blind $1
TbIP-TbIP 88: posts big blind $3
*** HOLE CARDS ***
u9iiiK: raises $3 to $6
TbIP-TbIP 88: calls $3
*** FLOP *** [Qs Ah Qd]
TbIP-TbIP 88: checks
u9iiiK: checks
*** TURN *** [Qs Ah Qd] [8s]
TbIP-TbIP 88: bets $6
u9iiiK: raises $6 to $12
TbIP-TbIP 88: calls $6
*** RIVER *** [Qs Ah Qd 8s] [9c]
TbIP-TbIP 88: checks
u9iiiK: checks
*** SHOW DOWN ***
TbIP-TbIP 88: shows [Td 8d] (two pair, Queens and Eights)
u9iiiK: shows [9d Th] (two pair, Queens and Nines)
u9iiiK collected $35.50 from pot
*** SUMMARY ***
Total pot $36 | Rake $0.50
Board [Qs Ah Qd 8s 9c]
Seat 3: u9iiiK (button) (small blind) showed [9d Th] and won ($35.50) with two pair, Queens and Nines
Seat 4: TbIP-TbIP 88 (big blind) showed [Td 8d] and lost with two pair, Queens and Eights


PokerStars Hand #164134437410:  Hold'em Limit ($3/$6 USD) - 2017/01/06 12:26:09 ET
Table 'Inanda II' 6-max Seat #4 is the button
Seat 3: u9iiiK ($257.25 in chips)
Seat 4: TbIP-TbIP 88 ($88 in chips)
TbIP-TbIP 88: posts small blind $1
u9iiiK: posts big blind $3
*** HOLE CARDS ***
TbIP-TbIP 88: raises $3 to $6
u9iiiK: calls $3
*** FLOP *** [2d 7s 9s]
u9iiiK: checks
TbIP-TbIP 88: bets $3
u9iiiK: calls $3
*** TURN *** [2d 7s 9s] [Jd]
u9iiiK: checks
TbIP-TbIP 88: checks
*** RIVER *** [2d 7s 9s Jd] [3s]
u9iiiK: checks
TbIP-TbIP 88: checks
*** SHOW DOWN ***
u9iiiK: shows [8h 6d] (high card Jack)
TbIP-TbIP 88: shows [5c 2c] (a pair of Deuces)
TbIP-TbIP 88 collected $17.64 from pot
*** SUMMARY ***
Total pot $18 | Rake $0.36
Board [2d 7s 9s Jd 3s]
Seat 3: u9iiiK (big blind) showed [8h 6d] and lost with high card Jack
Seat 4: TbIP-TbIP 88 (button) (small blind) showed [5c 2c] and won ($17.64) with a pair of Deuces


PokerStars Hand #164134457262:  Hold'em Limit ($3/$6 USD) - 2017/01/06 12:26:32 ET
Table 'Inanda II' 6-max Seat #3 is the button
Seat 3: u9iiiK ($248.25 in chips)
Seat 4: TbIP-TbIP 88 ($96.64 in chips)
u9iiiK: posts small blind $1
TbIP-TbIP 88: posts big blind $3
*** HOLE CARDS ***
u9iiiK: raises $3 to $6
TbIP-TbIP 88: calls $3
*** FLOP *** [6s 6c 8s]
TbIP-TbIP 88: checks
u9iiiK: bets $3
TbIP-TbIP 88: calls $3
*** TURN *** [6s 6c 8s] [3s]
TbIP-TbIP 88: checks
u9iiiK: checks
*** RIVER *** [6s 6c 8s 3s] [3c]
TbIP-TbIP 88: checks
u9iiiK: checks
*** SHOW DOWN ***
TbIP-TbIP 88: shows [Jd 9c] (two pair, Sixes and Threes)
u9iiiK: shows [Ah 4d] (two pair, Sixes and Threes - Ace kicker)
u9iiiK collected $17.64 from pot
*** SUMMARY ***
Total pot $18 | Rake $0.36
Board [6s 6c 8s 3s 3c]
Seat 3: u9iiiK (button) (small blind) showed [Ah 4d] and won ($17.64) with two pair, Sixes and Threes
Seat 4: TbIP-TbIP 88 (big blind) showed [Jd 9c] and lost with two pair, Sixes and Threes


PokerStars Hand #164134479678:  Hold'em Limit ($3/$6 USD) - 2017/01/06 12:26:59 ET
Table 'Inanda II' 6-max Seat #4 is the button
Seat 3: u9iiiK ($256.89 in chips)
Seat 4: TbIP-TbIP 88 ($87.64 in chips)
TbIP-TbIP 88: posts small blind $1
u9iiiK: posts big blind $3
*** HOLE CARDS ***
TbIP-TbIP 88: raises $3 to $6
u9iiiK: raises $3 to $9
TbIP-TbIP 88: calls $3
*** FLOP *** [9d Jd Qc]
u9iiiK: bets $3
TbIP-TbIP 88: calls $3
*** TURN *** [9d Jd Qc] [7h]
u9iiiK: checks
TbIP-TbIP 88: bets $6
u9iiiK: raises $6 to $12
TbIP-TbIP 88: folds
Uncalled bet ($6) returned to u9iiiK
u9iiiK collected $35.50 from pot
u9iiiK: doesn't show hand
*** SUMMARY ***
Total pot $36 | Rake $0.50
Board [9d Jd Qc 7h]
Seat 3: u9iiiK (big blind) collected ($35.50)
Seat 4: TbIP-TbIP 88 (button) (small blind) folded on the Turn


PokerStars Hand #164134523588:  Hold'em Limit ($3/$6 USD) - 2017/01/06 12:27:50 ET
Table 'Inanda II' 6-max Seat #3 is the button
Seat 3: u9iiiK ($274.39 in chips)
Seat 4: TbIP-TbIP 88 ($72 in chips)
u9iiiK: posts small blind $1
TbIP-TbIP 88: posts big blind $3
*** HOLE CARDS ***
u9iiiK: raises $3 to $6
TbIP-TbIP 88: folds
Uncalled bet ($3) returned to u9iiiK
u9iiiK collected $6 from pot
u9iiiK: doesn't show hand
*** SUMMARY ***
Total pot $6 | Rake $0
Seat 3: u9iiiK (button) (small blind) collected ($6)
Seat 4: TbIP-TbIP 88 (big blind) folded before Flop


PokerStars Hand #164134543598:  Hold'em Limit ($3/$6 USD) - 2017/01/06 12:28:14 ET
Table 'Inanda II' 6-max Seat #4 is the button
Seat 3: u9iiiK ($277.39 in chips)
Seat 4: TbIP-TbIP 88 ($72 in chips)
TbIP-TbIP 88: posts small blind $1
u9iiiK: posts big blind $3
*** HOLE CARDS ***
TbIP-TbIP 88: raises $3 to $6
u9iiiK: calls $3
*** FLOP *** [Qc Kc 8s]
u9iiiK: checks
TbIP-TbIP 88: bets $3
u9iiiK: calls $3
*** TURN *** [Qc Kc 8s] [2h]
u9iiiK: checks
TbIP-TbIP 88: checks
*** RIVER *** [Qc Kc 8s 2h] [Tc]
u9iiiK: checks
TbIP-TbIP 88: bets $6
u9iiiK: calls $6
*** SHOW DOWN ***
TbIP-TbIP 88: shows [Jd 5d] (high card King)
u9iiiK: shows [5h 8h] (a pair of Eights)
u9iiiK collected $29.50 from pot
*** SUMMARY ***
Total pot $30 | Rake $0.50
Board [Qc Kc 8s 2h Tc]
Seat 3: u9iiiK (big blind) showed [5h 8h] and won ($29.50) with a pair of Eights
Seat 4: TbIP-TbIP 88 (button) (small blind) showed [Jd 5d] and lost with high card King


PokerStars Hand #164135312183:  Hold'em Limit ($3/$6 USD) - 2017/01/06 12:43:12 ET
Table 'Inanda II' 6-max Seat #3 is the button
Seat 3: u9iiiK ($346.80 in chips)
Seat 4: TbIP-TbIP 88 ($78.76 in chips)
u9iiiK: posts small blind $1
TbIP-TbIP 88: posts big blind $3
*** HOLE CARDS ***
u9iiiK: raises $3 to $6
TbIP-TbIP 88: calls $3
*** FLOP *** [8c 5d Ts]
TbIP-TbIP 88: checks
u9iiiK: bets $3
TbIP-TbIP 88: folds
Uncalled bet ($3) returned to u9iiiK
u9iiiK collected $11.76 from pot
u9iiiK: doesn't show hand
*** SUMMARY ***
Total pot $12 | Rake $0.24
Board [8c 5d Ts]
Seat 3: u9iiiK (button) (small blind) collected ($11.76)
Seat 4: TbIP-TbIP 88 (big blind) folded on the Flop


PokerStars Hand #164135298780:  Hold'em Limit ($3/$6 USD) - 2017/01/06 12:42:57 ET
Table 'Inanda II' 6-max Seat #4 is the button
Seat 3: u9iiiK ($352.80 in chips)
Seat 4: TbIP-TbIP 88 ($73 in chips)
TbIP-TbIP 88: posts small blind $1
Krazy90: is sitting out
u9iiiK: posts big blind $3
*** HOLE CARDS ***
TbIP-TbIP 88: raises $3 to $6
u9iiiK: calls $3
*** FLOP *** [7s 5c Ac]
u9iiiK: checks
TbIP-TbIP 88: bets $3
u9iiiK: folds
Uncalled bet ($3) returned to TbIP-TbIP 88
TbIP-TbIP 88 collected $11.76 from pot
TbIP-TbIP 88: doesn't show hand
*** SUMMARY ***
Total pot $12 | Rake $0.24
Board [7s 5c Ac]
Seat 3: u9iiiK (big blind) folded on the Flop
Seat 4: TbIP-TbIP 88 (button) (small blind) collected ($11.76)


PokerStars Hand #164135366044:  Hold'em Limit ($3/$6 USD) - 2017/01/06 12:44:15 ET
Table 'Inanda II' 6-max Seat #4 is the button
Seat 3: u9iiiK ($367.06 in chips)
Seat 4: TbIP-TbIP 88 ($80.64 in chips)
TbIP-TbIP 88: posts small blind $1
u9iiiK: posts big blind $3
*** HOLE CARDS ***
TbIP-TbIP 88: raises $3 to $6
u9iiiK: folds
Uncalled bet ($3) returned to TbIP-TbIP 88
TbIP-TbIP 88 collected $6 from pot
TbIP-TbIP 88: doesn't show hand
*** SUMMARY ***
Total pot $6 | Rake $0
Seat 3: u9iiiK (big blind) folded before Flop
Seat 4: TbIP-TbIP 88 (button) (small blind) collected ($6)


PokerStars Hand #164135349694:  Hold'em Limit ($3/$6 USD) - 2017/01/06 12:43:56 ET
Table 'Inanda II' 6-max Seat #3 is the button
Seat 3: u9iiiK ($376.06 in chips)
Seat 4: TbIP-TbIP 88 ($72 in chips)
u9iiiK: posts small blind $1
TbIP-TbIP 88: posts big blind $3
*** HOLE CARDS ***
u9iiiK: raises $3 to $6
TbIP-TbIP 88: calls $3
*** FLOP *** [Ks 3h 4s]
TbIP-TbIP 88: checks
u9iiiK: bets $3
TbIP-TbIP 88: calls $3
*** TURN *** [Ks 3h 4s] [4c]
TbIP-TbIP 88: checks
u9iiiK: checks
*** RIVER *** [Ks 3h 4s 4c] [Ah]
TbIP-TbIP 88: bets $6
u9iiiK: folds
Uncalled bet ($6) returned to TbIP-TbIP 88
TbIP-TbIP 88 collected $17.64 from pot
TbIP-TbIP 88: doesn't show hand
*** SUMMARY ***
Total pot $18 | Rake $0.36
Board [Ks 3h 4s 4c Ah]
Seat 3: u9iiiK (button) (small blind) folded on the River
Seat 4: TbIP-TbIP 88 (big blind) collected ($17.64)


PokerStars Hand #164135330211:  Hold'em Limit ($3/$6 USD) - 2017/01/06 12:43:33 ET
Table 'Inanda II' 6-max Seat #4 is the button
Seat 3: u9iiiK ($352.56 in chips)
Seat 4: TbIP-TbIP 88 ($72.76 in chips)
TbIP-TbIP 88: posts small blind $1
u9iiiK: posts big blind $3
*** HOLE CARDS ***
TbIP-TbIP 88: raises $3 to $6
u9iiiK: raises $3 to $9
TbIP-TbIP 88: calls $3
*** FLOP *** [Js 8c Ts]
u9iiiK: bets $3
TbIP-TbIP 88: calls $3
*** TURN *** [Js 8c Ts] [8d]
u9iiiK: bets $6
TbIP-TbIP 88: calls $6
*** RIVER *** [Js 8c Ts 8d] [Kh]
u9iiiK: bets $6
TbIP-TbIP 88: calls $6
*** SHOW DOWN ***
u9iiiK: shows [Qc Ad] (a straight, Ten to Ace)
TbIP-TbIP 88: mucks hand
u9iiiK collected $47.50 from pot
*** SUMMARY ***
Total pot $48 | Rake $0.50
Board [Js 8c Ts 8d Kh]
Seat 3: u9iiiK (big blind) showed [Qc Ad] and won ($47.50) with a straight, Ten to Ace
Seat 4: TbIP-TbIP 88 (button) (small blind) mucked


PokerStars Hand #164135413317:  Hold'em Limit ($3/$6 USD) - 2017/01/06 12:45:09 ET
Table 'Inanda II' 6-max Seat #3 is the button
Seat 3: u9iiiK ($326.06 in chips)
Seat 4: TbIP-TbIP 88 ($121.14 in chips)
u9iiiK: posts small blind $1
TbIP-TbIP 88: posts big blind $3
*** HOLE CARDS ***
u9iiiK: raises $3 to $6
TbIP-TbIP 88: raises $3 to $9
u9iiiK: calls $3
*** FLOP *** [8s 2h Td]
TbIP-TbIP 88: bets $3
u9iiiK: calls $3
*** TURN *** [8s 2h Td] [Ah]
TbIP-TbIP 88: bets $6
u9iiiK: folds
Uncalled bet ($6) returned to TbIP-TbIP 88
TbIP-TbIP 88 collected $23.52 from pot
TbIP-TbIP 88: doesn't show hand
*** SUMMARY ***
Total pot $24 | Rake $0.48
Board [8s 2h Td Ah]
Seat 3: u9iiiK (button) (small blind) folded on the Turn
Seat 4: TbIP-TbIP 88 (big blind) collected ($23.52)


PokerStars Hand #164135406347:  Hold'em Limit ($3/$6 USD) - 2017/01/06 12:45:01 ET
Table 'Inanda II' 6-max Seat #4 is the button
Seat 3: u9iiiK ($325.06 in chips)
Seat 4: TbIP-TbIP 88 ($122.14 in chips)
TbIP-TbIP 88: posts small blind $1
u9iiiK: posts big blind $3
*** HOLE CARDS ***
TbIP-TbIP 88: folds
Uncalled bet ($2) returned to u9iiiK
u9iiiK collected $2 from pot
u9iiiK: doesn't show hand
*** SUMMARY ***
Total pot $2 | Rake $0
Seat 3: u9iiiK (big blind) collected ($2)
Seat 4: TbIP-TbIP 88 (button) (small blind) folded before Flop


PokerStars Hand #164135371420:  Hold'em Limit ($3/$6 USD) - 2017/01/06 12:44:21 ET
Table 'Inanda II' 6-max Seat #3 is the button
Seat 3: u9iiiK ($364.06 in chips)
Seat 4: TbIP-TbIP 88 ($83.64 in chips)
u9iiiK: posts small blind $1
TbIP-TbIP 88: posts big blind $3
*** HOLE CARDS ***
u9iiiK: raises $3 to $6
TbIP-TbIP 88: raises $3 to $9
u9iiiK: raises $3 to $12
Betting is capped
TbIP-TbIP 88: calls $3
*** FLOP *** [Td As 5c]
TbIP-TbIP 88: checks
u9iiiK: bets $3
TbIP-TbIP 88: calls $3
*** TURN *** [Td As 5c] [3h]
TbIP-TbIP 88: checks
u9iiiK: bets $6
TbIP-TbIP 88: raises $6 to $12
u9iiiK: calls $6
*** RIVER *** [Td As 5c 3h] [Jd]
TbIP-TbIP 88: bets $6
u9iiiK: raises $6 to $12
TbIP-TbIP 88: calls $6
*** SHOW DOWN ***
u9iiiK: shows [Ah Js] (two pair, Aces and Jacks)
TbIP-TbIP 88: shows [3c 3d] (three of a kind, Threes)
TbIP-TbIP 88 collected $77.50 from pot
*** SUMMARY ***
Total pot $78 | Rake $0.50
Board [Td As 5c 3h Jd]
Seat 3: u9iiiK (button) (small blind) showed [Ah Js] and lost with two pair, Aces and Jacks
Seat 4: TbIP-TbIP 88 (big blind) showed [3c 3d] and won ($77.50) with three of a kind, Threes


PokerStars Hand #164135444571:  Hold'em Limit ($3/$6 USD) - 2017/01/06 12:45:45 ET
Table 'Inanda II' 6-max Seat #3 is the button
Seat 3: u9iiiK ($311.06 in chips)
Seat 4: TbIP-TbIP 88 ($135.66 in chips)
u9iiiK: posts small blind $1
TbIP-TbIP 88: posts big blind $3
*** HOLE CARDS ***
u9iiiK: folds
Uncalled bet ($2) returned to TbIP-TbIP 88
u9iiiK leaves the table
TbIP-TbIP 88 collected $2 from pot
TbIP-TbIP 88: doesn't show hand
*** SUMMARY ***
Total pot $2 | Rake $0
Seat 3: u9iiiK (button) (small blind) folded before Flop
Seat 4: TbIP-TbIP 88 (big blind) collected ($2)


PokerStars Hand #164135429337:  Hold'em Limit ($3/$6 USD) - 2017/01/06 12:45:28 ET
Table 'Inanda II' 6-max Seat #4 is the button
Seat 3: u9iiiK ($314.06 in chips)
Seat 4: TbIP-TbIP 88 ($132.66 in chips)
TbIP-TbIP 88: posts small blind $1
u9iiiK: posts big blind $3
*** HOLE CARDS ***
TbIP-TbIP 88: raises $3 to $6
u9iiiK: folds
Uncalled bet ($3) returned to TbIP-TbIP 88
TbIP-TbIP 88 collected $6 from pot
TbIP-TbIP 88: doesn't show hand
*** SUMMARY ***
Total pot $6 | Rake $0
Seat 3: u9iiiK (big blind) folded before Flop
Seat 4: TbIP-TbIP 88 (button) (small blind) collected ($6)


PokerStars Hand #164141813614:  Hold'em Limit ($3/$6 USD) - 2017/01/06 14:42:29 ET
Table 'Inanda II' 6-max Seat #6 is the button
Seat 5: Grieserix ($115.97 in chips)
Seat 6: markusfriebe ($107.17 in chips)
markusfriebe: posts small blind $1
Grieserix: posts big blind $3
*** HOLE CARDS ***
markusfriebe: folds
Uncalled bet ($2) returned to Grieserix
Grieserix collected $2 from pot
Grieserix: doesn't show hand
*** SUMMARY ***
Total pot $2 | Rake $0
Seat 5: Grieserix (big blind) collected ($2)
Seat 6: markusfriebe (button) (small blind) folded before Flop


PokerStars Hand #164141809152:  Hold'em Limit ($3/$6 USD) - 2017/01/06 14:42:25 ET
Table 'Inanda II' 6-max Seat #5 is the button
Seat 5: Grieserix ($116.97 in chips)
Seat 6: markusfriebe ($106.17 in chips)
Grieserix: posts small blind $1
markusfriebe: posts big blind $3
*** HOLE CARDS ***
Grieserix: folds
Uncalled bet ($2) returned to markusfriebe
markusfriebe collected $2 from pot
markusfriebe: doesn't show hand
*** SUMMARY ***
Total pot $2 | Rake $0
Seat 5: Grieserix (button) (small blind) folded before Flop
Seat 6: markusfriebe (big blind) collected ($2)


PokerStars Hand #164141790537:  Hold'em Limit ($3/$6 USD) - 2017/01/06 14:42:05 ET
Table 'Inanda II' 6-max Seat #6 is the button
Seat 5: Grieserix ($143.97 in chips)
Seat 6: markusfriebe ($79.67 in chips)
markusfriebe: posts small blind $1
Nyalya: is sitting out
zizonmusang: is sitting out
Grieserix: posts big blind $3
*** HOLE CARDS ***
markusfriebe: raises $3 to $6
Grieserix: calls $3
*** FLOP *** [Jc Kc 3d]
Grieserix: checks
markusfriebe: bets $3
Nyalya leaves the table
Grieserix: calls $3
*** TURN *** [Jc Kc 3d] [9s]
Grieserix: checks
markusfriebe: bets $6
Grieserix: calls $6
*** RIVER *** [Jc Kc 3d 9s] [Th]
zizonmusang leaves the table
Grieserix: bets $6
markusfriebe: raises $6 to $12
Grieserix: calls $6
*** SHOW DOWN ***
markusfriebe: shows [Kh Qh] (a straight, Nine to King)
Grieserix: mucks hand
markusfriebe collected $53.50 from pot
*** SUMMARY ***
Total pot $54 | Rake $0.50
Board [Jc Kc 3d 9s Th]
Seat 5: Grieserix (big blind) mucked
Seat 6: markusfriebe (button) (small blind) showed [Kh Qh] and won ($53.50) with a straight, Nine to King


PokerStars Hand #164141949188:  Hold'em Limit ($3/$6 USD) - 2017/01/06 14:44:52 ET
Table 'Inanda II' 6-max Seat #5 is the button
Seat 3: u9iiiK ($103 in chips)
Seat 5: Grieserix ($116.97 in chips)
Grieserix: posts small blind $1
u9iiiK: posts big blind $3
*** HOLE CARDS ***
u9iiiK said, "?"
Grieserix has timed out
Grieserix: folds
Uncalled bet ($2) returned to u9iiiK
u9iiiK collected $2 from pot
u9iiiK: doesn't show hand
*** SUMMARY ***
Total pot $2 | Rake $0
Seat 3: u9iiiK (big blind) collected ($2)
Seat 5: Grieserix (button) (small blind) folded before Flop


