PokerStars Hand #163624397185:  Hold'em Limit ($3/$6 USD) - 2016/12/27 16:07:22 ET
Table 'Inanda' 6-max Seat #3 is the button
Seat 2: Myeong-ho ($94 in chips)
Seat 3: GRAILKO ($205 in chips)
GRAILKO: posts small blind $1
Myeong-ho: posts big blind $3
*** HOLE CARDS ***
GRAILKO: raises $3 to $6
Myeong-ho: folds
Uncalled bet ($3) returned to GRAILKO
GRAILKO collected $6 from pot
GRAILKO: doesn't show hand
*** SUMMARY ***
Total pot $6 | Rake $0
Seat 2: Myeong-ho (big blind) folded before Flop
Seat 3: GRAILKO (button) (small blind) collected ($6)


PokerStars Hand #163624392006:  Hold'em Limit ($3/$6 USD) - 2016/12/27 16:07:17 ET
Table 'Inanda' 6-max Seat #2 is the button
Seat 2: Myeong-ho ($95 in chips)
Seat 3: GRAILKO ($204 in chips)
Myeong-ho: posts small blind $1
GRAILKO: posts big blind $3
*** HOLE CARDS ***
Myeong-ho: folds
Uncalled bet ($2) returned to GRAILKO
GRAILKO collected $2 from pot
GRAILKO: doesn't show hand
*** SUMMARY ***
Total pot $2 | Rake $0
Seat 2: Myeong-ho (button) (small blind) folded before Flop
Seat 3: GRAILKO (big blind) collected ($2)


PokerStars Hand #163624380279:  Hold'em Limit ($3/$6 USD) - 2016/12/27 16:07:06 ET
Table 'Inanda' 6-max Seat #3 is the button
Seat 2: Myeong-ho ($98 in chips)
Seat 3: GRAILKO ($201 in chips)
GRAILKO: posts small blind $1
Velbor107: is sitting out
Myeong-ho: posts big blind $3
*** HOLE CARDS ***
GRAILKO: raises $3 to $6
Velbor107 leaves the table
Myeong-ho: folds
Uncalled bet ($3) returned to GRAILKO
GRAILKO collected $6 from pot
GRAILKO: doesn't show hand
*** SUMMARY ***
Total pot $6 | Rake $0
Seat 2: Myeong-ho (big blind) folded before Flop
Seat 3: GRAILKO (button) (small blind) collected ($6)


PokerStars Hand #163624364370:  Hold'em Limit ($3/$6 USD) - 2016/12/27 16:06:51 ET
Table 'Inanda' 6-max Seat #5 is the button
Seat 2: Myeong-ho ($98 in chips)
Seat 5: Velbor107 ($273 in chips)
Velbor107: posts small blind $1
GRAILKO joins the table at seat #3
ToDaFelt: is sitting out
Myeong-ho: posts big blind $3
*** HOLE CARDS ***
Velbor107: folds
Uncalled bet ($2) returned to Myeong-ho
ToDaFelt leaves the table
Myeong-ho collected $2 from pot
Myeong-ho: doesn't show hand
*** SUMMARY ***
Total pot $2 | Rake $0
Seat 2: Myeong-ho (big blind) collected ($2)
Seat 5: Velbor107 (button) (small blind) folded before Flop


PokerStars Hand #163624406531:  Hold'em Limit ($3/$6 USD) - 2016/12/27 16:07:31 ET
Table 'Inanda' 6-max Seat #2 is the button
Seat 2: Myeong-ho ($91 in chips)
Seat 3: GRAILKO ($208 in chips)
Myeong-ho: posts small blind $1
GRAILKO: posts big blind $3
*** HOLE CARDS ***
Myeong-ho: raises $3 to $6
GRAILKO: raises $3 to $9
Myeong-ho: calls $3
*** FLOP *** [6h 3h 8d]
GRAILKO: bets $3
Myeong-ho: raises $3 to $6
GRAILKO: raises $3 to $9
Myeong-ho: calls $3
*** TURN *** [6h 3h 8d] [5d]
GRAILKO: bets $6
Myeong-ho: folds
Uncalled bet ($6) returned to GRAILKO
GRAILKO collected $35.50 from pot
GRAILKO: doesn't show hand
*** SUMMARY ***
Total pot $36 | Rake $0.50
Board [6h 3h 8d 5d]
Seat 2: Myeong-ho (button) (small blind) folded on the Turn
Seat 3: GRAILKO (big blind) collected ($35.50)


PokerStars Hand #163624434835:  Hold'em Limit ($3/$6 USD) - 2016/12/27 16:07:58 ET
Table 'Inanda' 6-max Seat #3 is the button
Seat 2: Myeong-ho ($73 in chips)
Seat 3: GRAILKO ($225.50 in chips)
GRAILKO: posts small blind $1
Myeong-ho: posts big blind $3
*** HOLE CARDS ***
GRAILKO: raises $3 to $6
Myeong-ho: raises $3 to $9
GRAILKO: calls $3
*** FLOP *** [Jc 9d 5c]
Myeong-ho: bets $3
GRAILKO: calls $3
*** TURN *** [Jc 9d 5c] [Kh]
Myeong-ho: bets $6
GRAILKO: calls $6
*** RIVER *** [Jc 9d 5c Kh] [Qd]
Myeong-ho: bets $6
GRAILKO: calls $6
*** SHOW DOWN ***
Myeong-ho: shows [Th Kc] (a straight, Nine to King)
GRAILKO: mucks hand
Myeong-ho collected $47.50 from pot
*** SUMMARY ***
Total pot $48 | Rake $0.50
Board [Jc 9d 5c Kh Qd]
Seat 2: Myeong-ho (big blind) showed [Th Kc] and won ($47.50) with a straight, Nine to King
Seat 3: GRAILKO (button) (small blind) mucked


PokerStars Hand #163624468847:  Hold'em Limit ($3/$6 USD) - 2016/12/27 16:08:30 ET
Table 'Inanda' 6-max Seat #2 is the button
Seat 2: Myeong-ho ($96.50 in chips)
Seat 3: GRAILKO ($201.50 in chips)
Myeong-ho: posts small blind $1
GRAILKO: posts big blind $3
*** HOLE CARDS ***
Myeong-ho: raises $3 to $6
GRAILKO: calls $3
*** FLOP *** [Qd Js 9s]
GRAILKO: checks
Myeong-ho: bets $3
GRAILKO: folds
Uncalled bet ($3) returned to Myeong-ho
Myeong-ho collected $11.76 from pot
Myeong-ho: doesn't show hand
*** SUMMARY ***
Total pot $12 | Rake $0.24
Board [Qd Js 9s]
Seat 2: Myeong-ho (button) (small blind) collected ($11.76)
Seat 3: GRAILKO (big blind) folded on the Flop


PokerStars Hand #163624484127:  Hold'em Limit ($3/$6 USD) - 2016/12/27 16:08:45 ET
Table 'Inanda' 6-max Seat #3 is the button
Seat 2: Myeong-ho ($102.26 in chips)
Seat 3: GRAILKO ($195.50 in chips)
GRAILKO: posts small blind $1
Myeong-ho: posts big blind $3
*** HOLE CARDS ***
GRAILKO: raises $3 to $6
Myeong-ho: calls $3
*** FLOP *** [Tc 6d Qc]
Myeong-ho: checks
GRAILKO: checks
*** TURN *** [Tc 6d Qc] [2d]
Myeong-ho: bets $6
GRAILKO: calls $6
*** RIVER *** [Tc 6d Qc 2d] [4d]
Myeong-ho: bets $6
GRAILKO: calls $6
*** SHOW DOWN ***
Myeong-ho: shows [3d 7d] (a flush, Seven high)
GRAILKO: mucks hand
Myeong-ho collected $35.50 from pot
*** SUMMARY ***
Total pot $36 | Rake $0.50
Board [Tc 6d Qc 2d 4d]
Seat 2: Myeong-ho (big blind) showed [3d 7d] and won ($35.50) with a flush, Seven high
Seat 3: GRAILKO (button) (small blind) mucked


