PokerStars Hand #176384830760:  Hold'em Limit ($3/$6 USD) - 2017/10/02 3:29:28 ET
Table 'Indiana' 6-max Seat #4 is the button
Seat 1: sismos404 ($121.64 in chips)
Seat 4: Agrotait ($63.76 in chips)
Agrotait: posts small blind $1
sismos404: posts big blind $3
*** HOLE CARDS ***
Agrotait: raises $3 to $6
sismos404: folds
Uncalled bet ($3) returned to Agrotait
Agrotait collected $6 from pot
Agrotait: doesn't show hand
*** SUMMARY ***
Total pot $6 | Rake $0
Seat 1: sismos404 (big blind) folded before Flop
Seat 4: Agrotait (button) (small blind) collected ($6)


PokerStars Hand #176384829454:  Hold'em Limit ($3/$6 USD) - 2017/10/02 3:29:23 ET
Table 'Indiana' 6-max Seat #1 is the button
Seat 1: sismos404 ($122.64 in chips)
Seat 4: Agrotait ($62.76 in chips)
sismos404: posts small blind $1
Agrotait: posts big blind $3
*** HOLE CARDS ***
sismos404: folds
Uncalled bet ($2) returned to Agrotait
Agrotait collected $2 from pot
Agrotait: doesn't show hand
*** SUMMARY ***
Total pot $2 | Rake $0
Seat 1: sismos404 (button) (small blind) folded before Flop
Seat 4: Agrotait (big blind) collected ($2)


PokerStars Hand #176384822357:  Hold'em Limit ($3/$6 USD) - 2017/10/02 3:28:53 ET
Table 'Indiana' 6-max Seat #4 is the button
Seat 1: sismos404 ($128.64 in chips)
Seat 4: Agrotait ($57 in chips)
Agrotait: posts small blind $1
sismos404: posts big blind $3
*** HOLE CARDS ***
Agrotait: raises $3 to $6
sismos404: calls $3
*** FLOP *** [6c 9s 3h]
sismos404: checks
Agrotait: bets $3
sismos404: folds
Uncalled bet ($3) returned to Agrotait
Agrotait collected $11.76 from pot
Agrotait: doesn't show hand
*** SUMMARY ***
Total pot $12 | Rake $0.24
Board [6c 9s 3h]
Seat 1: sismos404 (big blind) folded on the Flop
Seat 4: Agrotait (button) (small blind) collected ($11.76)


PokerStars Hand #176384832622:  Hold'em Limit ($3/$6 USD) - 2017/10/02 3:29:36 ET
Table 'Indiana' 6-max Seat #1 is the button
Seat 1: sismos404 ($118.64 in chips)
Seat 4: Agrotait ($66.76 in chips)
sismos404: posts small blind $1
Agrotait: posts big blind $3
*** HOLE CARDS ***
sismos404: raises $3 to $6
Agrotait: calls $3
*** FLOP *** [3d Ad Qh]
Agrotait: checks
sismos404: bets $3
Agrotait: raises $3 to $6
sismos404: folds
Uncalled bet ($3) returned to Agrotait
Agrotait collected $17.64 from pot
Agrotait: doesn't show hand
*** SUMMARY ***
Total pot $18 | Rake $0.36
Board [3d Ad Qh]
Seat 1: sismos404 (button) (small blind) folded on the Flop
Seat 4: Agrotait (big blind) collected ($17.64)


PokerStars Hand #176384841891:  Hold'em Limit ($3/$6 USD) - 2017/10/02 3:30:13 ET
Table 'Indiana' 6-max Seat #1 is the button
Seat 1: sismos404 ($127.14 in chips)
Seat 4: Agrotait ($57.40 in chips)
sismos404: posts small blind $1
Agrotait: posts big blind $3
*** HOLE CARDS ***
sismos404: folds
Uncalled bet ($2) returned to Agrotait
Agrotait collected $2 from pot
Agrotait: doesn't show hand
*** SUMMARY ***
Total pot $2 | Rake $0
Seat 1: sismos404 (button) (small blind) folded before Flop
Seat 4: Agrotait (big blind) collected ($2)


PokerStars Hand #176384836537:  Hold'em Limit ($3/$6 USD) - 2017/10/02 3:29:52 ET
Table 'Indiana' 6-max Seat #4 is the button
Seat 1: sismos404 ($109.64 in chips)
Seat 4: Agrotait ($75.40 in chips)
Agrotait: posts small blind $1
sismos404: posts big blind $3
*** HOLE CARDS ***
Agrotait: raises $3 to $6
sismos404: raises $3 to $9
Agrotait: calls $3
*** FLOP *** [2d 5c Qd]
sismos404: bets $3
Agrotait: calls $3
*** TURN *** [2d 5c Qd] [Ac]
sismos404: bets $6
Agrotait: calls $6
*** RIVER *** [2d 5c Qd Ac] [7s]
sismos404: checks
Agrotait: checks
*** SHOW DOWN ***
sismos404: shows [5d 4c] (a pair of Fives)
Agrotait: mucks hand
sismos404 collected $35.50 from pot
*** SUMMARY ***
Total pot $36 | Rake $0.50
Board [2d 5c Qd Ac 7s]
Seat 1: sismos404 (big blind) showed [5d 4c] and won ($35.50) with a pair of Fives
Seat 4: Agrotait (button) (small blind) mucked


PokerStars Hand #176384843095:  Hold'em Limit ($3/$6 USD) - 2017/10/02 3:30:19 ET
Table 'Indiana' 6-max Seat #4 is the button
Seat 1: sismos404 ($126.14 in chips)
Seat 4: Agrotait ($58.40 in chips)
Agrotait: posts small blind $1
sismos404: posts big blind $3
*** HOLE CARDS ***
Agrotait: raises $3 to $6
sismos404: raises $3 to $9
Agrotait: calls $3
*** FLOP *** [3h 7c Qc]
sismos404: bets $3
Agrotait: calls $3
*** TURN *** [3h 7c Qc] [Ac]
sismos404: bets $6
Agrotait: calls $6
*** RIVER *** [3h 7c Qc Ac] [5d]
sismos404: checks
Agrotait: bets $6
sismos404: calls $6
*** SHOW DOWN ***
Agrotait: shows [As 2h] (a pair of Aces)
sismos404: mucks hand
Agrotait collected $47.50 from pot
*** SUMMARY ***
Total pot $48 | Rake $0.50
Board [3h 7c Qc Ac 5d]
Seat 1: sismos404 (big blind) mucked
Seat 4: Agrotait (button) (small blind) showed [As 2h] and won ($47.50) with a pair of Aces


PokerStars Hand #176384849694:  Hold'em Limit ($3/$6 USD) - 2017/10/02 3:30:46 ET
Table 'Indiana' 6-max Seat #1 is the button
Seat 1: sismos404 ($102.14 in chips)
Seat 4: Agrotait ($81.90 in chips)
sismos404: posts small blind $1
Agrotait: posts big blind $3
*** HOLE CARDS ***
sismos404: raises $3 to $6
Agrotait: calls $3
*** FLOP *** [9d 6s 4h]
Agrotait: checks
sismos404: bets $3
Agrotait: raises $3 to $6
sismos404: calls $3
*** TURN *** [9d 6s 4h] [3h]
Agrotait: bets $6
sismos404: calls $6
*** RIVER *** [9d 6s 4h 3h] [Kh]
Agrotait: checks
sismos404: checks
*** SHOW DOWN ***
Agrotait: shows [6h Jc] (a pair of Sixes)
sismos404: mucks hand
Agrotait collected $35.50 from pot
*** SUMMARY ***
Total pot $36 | Rake $0.50
Board [9d 6s 4h 3h Kh]
Seat 1: sismos404 (button) (small blind) mucked
Seat 4: Agrotait (big blind) showed [6h Jc] and won ($35.50) with a pair of Sixes


PokerStars Hand #176384860292:  Hold'em Limit ($3/$6 USD) - 2017/10/02 3:31:29 ET
Table 'Indiana' 6-max Seat #4 is the button
Seat 1: sismos404 ($84.14 in chips)
Seat 4: Agrotait ($99.40 in chips)
Agrotait: posts small blind $1
sismos404: posts big blind $3
*** HOLE CARDS ***
Agrotait: raises $3 to $6
sismos404: raises $3 to $9
Agrotait: calls $3
*** FLOP *** [Qc 8c Ts]
sismos404: bets $3
Agrotait: folds
Uncalled bet ($3) returned to sismos404
sismos404 collected $17.64 from pot
*** SUMMARY ***
Total pot $18 | Rake $0.36
Board [Qc 8c Ts]
Seat 1: sismos404 (big blind) collected ($17.64)
Seat 4: Agrotait (button) (small blind) folded on the Flop


PokerStars Hand #176384864150:  Hold'em Limit ($3/$6 USD) - 2017/10/02 3:31:45 ET
Table 'Indiana' 6-max Seat #1 is the button
Seat 1: sismos404 ($92.78 in chips)
Seat 4: Agrotait ($90.40 in chips)
sismos404: posts small blind $1
Agrotait: posts big blind $3
*** HOLE CARDS ***
sismos404: raises $3 to $6
Agrotait: calls $3
*** FLOP *** [Qh 7c 9c]
Agrotait: checks
sismos404: bets $3
Agrotait: folds
Uncalled bet ($3) returned to sismos404
sismos404 collected $11.76 from pot
*** SUMMARY ***
Total pot $12 | Rake $0.24
Board [Qh 7c 9c]
Seat 1: sismos404 (button) (small blind) collected ($11.76)
Seat 4: Agrotait (big blind) folded on the Flop


PokerStars Hand #176384881215:  Hold'em Limit ($3/$6 USD) - 2017/10/02 3:32:55 ET
Table 'Indiana' 6-max Seat #4 is the button
Seat 1: sismos404 ($112.94 in chips)
Seat 4: Agrotait ($69.40 in chips)
Agrotait: posts small blind $1
sismos404: posts big blind $3
*** HOLE CARDS ***
Agrotait: folds
Uncalled bet ($2) returned to sismos404
sismos404 collected $2 from pot
*** SUMMARY ***
Total pot $2 | Rake $0
Seat 1: sismos404 (big blind) collected ($2)
Seat 4: Agrotait (button) (small blind) folded before Flop


PokerStars Hand #176384878537:  Hold'em Limit ($3/$6 USD) - 2017/10/02 3:32:44 ET
Table 'Indiana' 6-max Seat #1 is the button
Seat 1: sismos404 ($107.18 in chips)
Seat 4: Agrotait ($75.40 in chips)
sismos404: posts small blind $1
Agrotait: posts big blind $3
*** HOLE CARDS ***
sismos404: raises $3 to $6
Agrotait: calls $3
*** FLOP *** [6s Td 5d]
Agrotait: checks
sismos404: bets $3
Agrotait: folds
Uncalled bet ($3) returned to sismos404
sismos404 collected $11.76 from pot
*** SUMMARY ***
Total pot $12 | Rake $0.24
Board [6s Td 5d]
Seat 1: sismos404 (button) (small blind) collected ($11.76)
Seat 4: Agrotait (big blind) folded on the Flop


PokerStars Hand #176384884143:  Hold'em Limit ($3/$6 USD) - 2017/10/02 3:33:07 ET
Table 'Indiana' 6-max Seat #1 is the button
Seat 1: sismos404 ($113.94 in chips)
Seat 4: Agrotait ($68.40 in chips)
sismos404: posts small blind $1
Agrotait: posts big blind $3
*** HOLE CARDS ***
sismos404: raises $3 to $6
Agrotait: raises $3 to $9
sismos404: raises $3 to $12
Betting is capped
Agrotait: calls $3
*** FLOP *** [6h 8h Ac]
Agrotait: checks
sismos404: bets $3
Agrotait: calls $3
*** TURN *** [6h 8h Ac] [Td]
Agrotait: checks
sismos404: bets $6
Agrotait: calls $6
*** RIVER *** [6h 8h Ac Td] [7d]
Agrotait: bets $6
sismos404: raises $6 to $12
Agrotait: raises $6 to $18
sismos404: calls $6
*** SHOW DOWN ***
Agrotait: shows [As 9d] (a straight, Six to Ten)
sismos404: shows [9s 3s] (a straight, Six to Ten)
Agrotait collected $38.75 from pot
sismos404 collected $38.75 from pot
*** SUMMARY ***
Total pot $78 | Rake $0.50
Board [6h 8h Ac Td 7d]
Seat 1: sismos404 (button) (small blind) showed [9s 3s] and won ($38.75) with a straight, Six to Ten
Seat 4: Agrotait (big blind) showed [As 9d] and won ($38.75) with a straight, Six to Ten


PokerStars Hand #176384875083:  Hold'em Limit ($3/$6 USD) - 2017/10/02 3:32:30 ET
Table 'Indiana' 6-max Seat #4 is the button
Seat 1: sismos404 ($98.54 in chips)
Seat 4: Agrotait ($84.40 in chips)
Agrotait: posts small blind $1
sismos404: posts big blind $3
*** HOLE CARDS ***
Agrotait: raises $3 to $6
sismos404: raises $3 to $9
Agrotait: calls $3
*** FLOP *** [Ac 3d Qh]
sismos404: bets $3
Agrotait: folds
Uncalled bet ($3) returned to sismos404
sismos404 collected $17.64 from pot
*** SUMMARY ***
Total pot $18 | Rake $0.36
Board [Ac 3d Qh]
Seat 1: sismos404 (big blind) collected ($17.64)
Seat 4: Agrotait (button) (small blind) folded on the Flop


PokerStars Hand #176384900822:  Hold'em Limit ($3/$6 USD) - 2017/10/02 3:34:16 ET
Table 'Indiana' 6-max Seat #4 is the button
Seat 1: sismos404 ($113.45 in chips)
Seat 4: Agrotait ($67.91 in chips)
Agrotait: posts small blind $1
sismos404: posts big blind $3
*** HOLE CARDS ***
Agrotait: folds
Uncalled bet ($2) returned to sismos404
sismos404 collected $2 from pot
*** SUMMARY ***
Total pot $2 | Rake $0
Seat 1: sismos404 (big blind) collected ($2)
Seat 4: Agrotait (button) (small blind) folded before Flop


PokerStars Hand #176384894518:  Hold'em Limit ($3/$6 USD) - 2017/10/02 3:33:50 ET
Table 'Indiana' 6-max Seat #1 is the button
Seat 1: sismos404 ($107.69 in chips)
Seat 4: Agrotait ($73.91 in chips)
sismos404: posts small blind $1
Agrotait: posts big blind $3
*** HOLE CARDS ***
sismos404: raises $3 to $6
Agrotait: calls $3
*** FLOP *** [5d 4c 4s]
Agrotait: checks
sismos404: bets $3
Agrotait: folds
Uncalled bet ($3) returned to sismos404
sismos404 collected $11.76 from pot
*** SUMMARY ***
Total pot $12 | Rake $0.24
Board [5d 4c 4s]
Seat 1: sismos404 (button) (small blind) collected ($11.76)
Seat 4: Agrotait (big blind) folded on the Flop


PokerStars Hand #176384902136:  Hold'em Limit ($3/$6 USD) - 2017/10/02 3:34:22 ET
Table 'Indiana' 6-max Seat #1 is the button
Seat 1: sismos404 ($114.45 in chips)
Seat 4: Agrotait ($66.91 in chips)
sismos404: posts small blind $1
Agrotait: posts big blind $3
*** HOLE CARDS ***
sismos404: raises $3 to $6
Agrotait: folds
Uncalled bet ($3) returned to sismos404
sismos404 collected $6 from pot
*** SUMMARY ***
Total pot $6 | Rake $0
Seat 1: sismos404 (button) (small blind) collected ($6)
Seat 4: Agrotait (big blind) folded before Flop


PokerStars Hand #176384891312:  Hold'em Limit ($3/$6 USD) - 2017/10/02 3:33:37 ET
Table 'Indiana' 6-max Seat #4 is the button
Seat 1: sismos404 ($113.69 in chips)
Seat 4: Agrotait ($68.15 in chips)
Agrotait: posts small blind $1
sismos404: posts big blind $3
*** HOLE CARDS ***
Agrotait: raises $3 to $6
sismos404: calls $3
*** FLOP *** [8d Ad 6h]
sismos404: checks
Agrotait: bets $3
sismos404: folds
Uncalled bet ($3) returned to Agrotait
Agrotait collected $11.76 from pot
Agrotait: doesn't show hand
*** SUMMARY ***
Total pot $12 | Rake $0.24
Board [8d Ad 6h]
Seat 1: sismos404 (big blind) folded on the Flop
Seat 4: Agrotait (button) (small blind) collected ($11.76)


PokerStars Hand #176384911912:  Hold'em Limit ($3/$6 USD) - 2017/10/02 3:35:02 ET
Table 'Indiana' 6-max Seat #1 is the button
Seat 1: sismos404 ($93.45 in chips)
Seat 4: Agrotait ($87.41 in chips)
sismos404: posts small blind $1
Agrotait: posts big blind $3
*** HOLE CARDS ***
sismos404: raises $3 to $6
Agrotait: raises $3 to $9
sismos404: calls $3
*** FLOP *** [7s Td 4c]
Agrotait: bets $3
sismos404: calls $3
*** TURN *** [7s Td 4c] [4h]
Agrotait: checks
sismos404: checks
*** RIVER *** [7s Td 4c 4h] [8c]
Agrotait: checks
sismos404: bets $6
Agrotait: calls $6
*** SHOW DOWN ***
sismos404: shows [9d 3h] (a pair of Fours)
Agrotait: shows [5d 5c] (two pair, Fives and Fours)
Agrotait collected $35.50 from pot
*** SUMMARY ***
Total pot $36 | Rake $0.50
Board [7s Td 4c 4h 8c]
Seat 1: sismos404 (button) (small blind) showed [9d 3h] and lost with a pair of Fours
Seat 4: Agrotait (big blind) showed [5d 5c] and won ($35.50) with two pair, Fives and Fours


PokerStars Hand #176384905260:  Hold'em Limit ($3/$6 USD) - 2017/10/02 3:34:35 ET
Table 'Indiana' 6-max Seat #4 is the button
Seat 1: sismos404 ($117.45 in chips)
Seat 4: Agrotait ($63.91 in chips)
Agrotait: posts small blind $1
sismos404: posts big blind $3
*** HOLE CARDS ***
Agrotait: raises $3 to $6
sismos404: raises $3 to $9
Agrotait: calls $3
*** FLOP *** [5s Jh 2h]
sismos404: bets $3
Agrotait: calls $3
*** TURN *** [5s Jh 2h] [4c]
sismos404: bets $6
Agrotait: calls $6
*** RIVER *** [5s Jh 2h 4c] [7d]
sismos404: checks
Agrotait: bets $6
sismos404: calls $6
*** SHOW DOWN ***
Agrotait: shows [6h 8d] (a straight, Four to Eight)
sismos404: mucks hand
Agrotait collected $47.50 from pot
*** SUMMARY ***
Total pot $48 | Rake $0.50
Board [5s Jh 2h 4c 7d]
Seat 1: sismos404 (big blind) mucked
Seat 4: Agrotait (button) (small blind) showed [6h 8d] and won ($47.50) with a straight, Four to Eight


PokerStars Hand #176384920029:  Hold'em Limit ($3/$6 USD) - 2017/10/02 3:35:36 ET
Table 'Indiana' 6-max Seat #4 is the button
Seat 1: sismos404 ($75.45 in chips)
Seat 4: Agrotait ($104.91 in chips)
Agrotait: posts small blind $1
sismos404: posts big blind $3
*** HOLE CARDS ***
Agrotait: calls $2
sismos404: checks
*** FLOP *** [Tc 6s Th]
sismos404: checks
Agrotait: bets $3
sismos404: folds
Uncalled bet ($3) returned to Agrotait
Agrotait collected $5.88 from pot
Agrotait: doesn't show hand
*** SUMMARY ***
Total pot $6 | Rake $0.12
Board [Tc 6s Th]
Seat 1: sismos404 (big blind) folded on the Flop
Seat 4: Agrotait (button) (small blind) collected ($5.88)


PokerStars Hand #176384929760:  Hold'em Limit ($3/$6 USD) - 2017/10/02 3:36:17 ET
Table 'Indiana' 6-max Seat #4 is the button
Seat 1: sismos404 ($95.95 in chips)
Seat 4: Agrotait ($83.79 in chips)
Agrotait: posts small blind $1
sismos404: posts big blind $3
*** HOLE CARDS ***
Agrotait: raises $3 to $6
sismos404: folds
Uncalled bet ($3) returned to Agrotait
Agrotait collected $6 from pot
Agrotait: doesn't show hand
*** SUMMARY ***
Total pot $6 | Rake $0
Seat 1: sismos404 (big blind) folded before Flop
Seat 4: Agrotait (button) (small blind) collected ($6)


PokerStars Hand #176384923338:  Hold'em Limit ($3/$6 USD) - 2017/10/02 3:35:50 ET
Table 'Indiana' 6-max Seat #1 is the button
Seat 1: sismos404 ($72.45 in chips)
Seat 4: Agrotait ($107.79 in chips)
sismos404: posts small blind $1
Agrotait: posts big blind $3
*** HOLE CARDS ***
sismos404: raises $3 to $6
Agrotait: calls $3
*** FLOP *** [5h 9d Tc]
Agrotait: checks
sismos404: bets $3
Agrotait: raises $3 to $6
sismos404: calls $3
*** TURN *** [5h 9d Tc] [5s]
Agrotait: checks
sismos404: checks
*** RIVER *** [5h 9d Tc 5s] [8d]
Agrotait: bets $6
sismos404: raises $6 to $12
Agrotait: calls $6
*** SHOW DOWN ***
sismos404: shows [6h 7s] (a straight, Six to Ten)
Agrotait: mucks hand
sismos404 collected $47.50 from pot
*** SUMMARY ***
Total pot $48 | Rake $0.50
Board [5h 9d Tc 5s 8d]
Seat 1: sismos404 (button) (small blind) showed [6h 7s] and won ($47.50) with a straight, Six to Ten
Seat 4: Agrotait (big blind) mucked


PokerStars Hand #176384931128:  Hold'em Limit ($3/$6 USD) - 2017/10/02 3:36:22 ET
Table 'Indiana' 6-max Seat #1 is the button
Seat 1: sismos404 ($92.95 in chips)
Seat 4: Agrotait ($86.79 in chips)
sismos404: posts small blind $1
Agrotait: posts big blind $3
*** HOLE CARDS ***
sismos404: raises $3 to $6
Agrotait: calls $3
*** FLOP *** [Ah Th 2h]
Agrotait: checks
sismos404: bets $3
Agrotait: folds
Uncalled bet ($3) returned to sismos404
sismos404 collected $11.76 from pot
*** SUMMARY ***
Total pot $12 | Rake $0.24
Board [Ah Th 2h]
Seat 1: sismos404 (button) (small blind) collected ($11.76)
Seat 4: Agrotait (big blind) folded on the Flop


PokerStars Hand #176384935243:  Hold'em Limit ($3/$6 USD) - 2017/10/02 3:36:39 ET
Table 'Indiana' 6-max Seat #4 is the button
Seat 1: sismos404 ($98.71 in chips)
Seat 4: Agrotait ($80.79 in chips)
Agrotait: posts small blind $1
sismos404: posts big blind $3
*** HOLE CARDS ***
Agrotait: raises $3 to $6
sismos404: calls $3
*** FLOP *** [3h 5s Kd]
sismos404: checks
Agrotait: bets $3
sismos404: calls $3
*** TURN *** [3h 5s Kd] [Jh]
sismos404: checks
Agrotait: bets $6
sismos404: raises $6 to $12
Agrotait: calls $6
*** RIVER *** [3h 5s Kd Jh] [Tc]
sismos404: bets $6
Agrotait: calls $6
*** SHOW DOWN ***
sismos404: shows [5d Ks] (two pair, Kings and Fives)
Agrotait: mucks hand
sismos404 collected $53.50 from pot
*** SUMMARY ***
Total pot $54 | Rake $0.50
Board [3h 5s Kd Jh Tc]
Seat 1: sismos404 (big blind) showed [5d Ks] and won ($53.50) with two pair, Kings and Fives
Seat 4: Agrotait (button) (small blind) mucked


PokerStars Hand #176384941145:  Hold'em Limit ($3/$6 USD) - 2017/10/02 3:37:03 ET
Table 'Indiana' 6-max Seat #1 is the button
Seat 1: sismos404 ($125.21 in chips)
Seat 4: Agrotait ($53.79 in chips)
sismos404: posts small blind $1
Agrotait: posts big blind $3
*** HOLE CARDS ***
sismos404: raises $3 to $6
Agrotait: calls $3
*** FLOP *** [Td 7s Jh]
Agrotait: checks
sismos404: bets $3
Agrotait: calls $3
*** TURN *** [Td 7s Jh] [5d]
Agrotait: checks
sismos404: bets $6
Agrotait: calls $6
*** RIVER *** [Td 7s Jh 5d] [6d]
Agrotait: checks
sismos404: bets $6
Agrotait: calls $6
*** SHOW DOWN ***
sismos404: shows [2c Qc] (high card Queen)
Agrotait: shows [3d 7h] (a pair of Sevens)
Agrotait collected $41.50 from pot
*** SUMMARY ***
Total pot $42 | Rake $0.50
Board [Td 7s Jh 5d 6d]
Seat 1: sismos404 (button) (small blind) showed [2c Qc] and lost with high card Queen
Seat 4: Agrotait (big blind) showed [3d 7h] and won ($41.50) with a pair of Sevens


PokerStars Hand #176384961244:  Hold'em Limit ($3/$6 USD) - 2017/10/02 3:38:27 ET
Table 'Indiana' 6-max Seat #4 is the button
Seat 1: sismos404 ($125.71 in chips)
Seat 4: Agrotait ($52.29 in chips)
Agrotait: posts small blind $1
sismos404: posts big blind $3
*** HOLE CARDS ***
Agrotait: raises $3 to $6
sismos404: calls $3
*** FLOP *** [Th Ts 8d]
sismos404: checks
Agrotait: bets $3
sismos404: calls $3
*** TURN *** [Th Ts 8d] [4d]
sismos404: checks
Agrotait: checks
*** RIVER *** [Th Ts 8d 4d] [7d]
sismos404: bets $6
Agrotait: folds
Uncalled bet ($6) returned to sismos404
sismos404 collected $17.64 from pot
*** SUMMARY ***
Total pot $18 | Rake $0.36
Board [Th Ts 8d 4d 7d]
Seat 1: sismos404 (big blind) collected ($17.64)
Seat 4: Agrotait (button) (small blind) folded on the River


PokerStars Hand #176384952404:  Hold'em Limit ($3/$6 USD) - 2017/10/02 3:37:50 ET
Table 'Indiana' 6-max Seat #4 is the button
Seat 1: sismos404 ($104.21 in chips)
Seat 4: Agrotait ($74.29 in chips)
Agrotait: posts small blind $1
sismos404: posts big blind $3
*** HOLE CARDS ***
Agrotait: folds
Uncalled bet ($2) returned to sismos404
sismos404 collected $2 from pot
*** SUMMARY ***
Total pot $2 | Rake $0
Seat 1: sismos404 (big blind) collected ($2)
Seat 4: Agrotait (button) (small blind) folded before Flop


PokerStars Hand #176384951276:  Hold'em Limit ($3/$6 USD) - 2017/10/02 3:37:45 ET
Table 'Indiana' 6-max Seat #1 is the button
Seat 1: sismos404 ($105.21 in chips)
Seat 4: Agrotait ($73.29 in chips)
sismos404: posts small blind $1
Agrotait: posts big blind $3
*** HOLE CARDS ***
sismos404: folds
Uncalled bet ($2) returned to Agrotait
Agrotait collected $2 from pot
Agrotait: doesn't show hand
*** SUMMARY ***
Total pot $2 | Rake $0
Seat 1: sismos404 (button) (small blind) folded before Flop
Seat 4: Agrotait (big blind) collected ($2)


PokerStars Hand #176384947895:  Hold'em Limit ($3/$6 USD) - 2017/10/02 3:37:32 ET
Table 'Indiana' 6-max Seat #4 is the button
Seat 1: sismos404 ($104.21 in chips)
Seat 4: Agrotait ($74.29 in chips)
Agrotait: posts small blind $1
sismos404: posts big blind $3
*** HOLE CARDS ***
Agrotait: folds
Uncalled bet ($2) returned to sismos404
sismos404 collected $2 from pot
*** SUMMARY ***
Total pot $2 | Rake $0
Seat 1: sismos404 (big blind) collected ($2)
Seat 4: Agrotait (button) (small blind) folded before Flop


PokerStars Hand #176384953929:  Hold'em Limit ($3/$6 USD) - 2017/10/02 3:37:57 ET
Table 'Indiana' 6-max Seat #1 is the button
Seat 1: sismos404 ($105.21 in chips)
Seat 4: Agrotait ($73.29 in chips)
sismos404: posts small blind $1
Agrotait: posts big blind $3
*** HOLE CARDS ***
sismos404: raises $3 to $6
Agrotait: raises $3 to $9
sismos404: calls $3
*** FLOP *** [4c 7s Td]
Agrotait: bets $3
sismos404: raises $3 to $6
Agrotait: calls $3
*** TURN *** [4c 7s Td] [4s]
Agrotait: checks
sismos404: bets $6
Agrotait: calls $6
*** RIVER *** [4c 7s Td 4s] [5d]
Agrotait: checks
sismos404: bets $6
Agrotait: folds
Uncalled bet ($6) returned to sismos404
sismos404 collected $41.50 from pot
*** SUMMARY ***
Total pot $42 | Rake $0.50
Board [4c 7s Td 4s 5d]
Seat 1: sismos404 (button) (small blind) collected ($41.50)
Seat 4: Agrotait (big blind) folded on the River


PokerStars Hand #176384964709:  Hold'em Limit ($3/$6 USD) - 2017/10/02 3:38:42 ET
Table 'Indiana' 6-max Seat #1 is the button
Seat 1: sismos404 ($134.35 in chips)
Seat 4: Agrotait ($43.29 in chips)
sismos404: posts small blind $1
Agrotait: posts big blind $3
*** HOLE CARDS ***
sismos404: raises $3 to $6
Agrotait: calls $3
*** FLOP *** [6h As 8h]
Agrotait: checks
sismos404: checks
*** TURN *** [6h As 8h] [9s]
Agrotait: checks
sismos404: bets $6
Agrotait: calls $6
*** RIVER *** [6h As 8h 9s] [Jd]
Agrotait: checks
sismos404: bets $6
Agrotait: calls $6
*** SHOW DOWN ***
sismos404: shows [8d 6s] (two pair, Eights and Sixes)
Agrotait: mucks hand
sismos404 collected $35.50 from pot
*** SUMMARY ***
Total pot $36 | Rake $0.50
Board [6h As 8h 9s Jd]
Seat 1: sismos404 (button) (small blind) showed [8d 6s] and won ($35.50) with two pair, Eights and Sixes
Seat 4: Agrotait (big blind) mucked


PokerStars Hand #176384994692:  Hold'em Limit ($3/$6 USD) - 2017/10/02 3:40:46 ET
Table 'Indiana' 6-max Seat #4 is the button
Seat 1: sismos404 ($79.85 in chips)
Seat 4: Agrotait ($137 in chips)
Agrotait: posts small blind $1
sismos404: posts big blind $3
*** HOLE CARDS ***
pokertriss joins the table at seat #3
Agrotait: raises $3 to $6
sismos404: raises $3 to $9
Agrotait: calls $3
*** FLOP *** [6d 4d Kd]
sismos404: bets $3
Agrotait: folds
Uncalled bet ($3) returned to sismos404
sismos404 collected $17.64 from pot
*** SUMMARY ***
Total pot $18 | Rake $0.36
Board [6d 4d Kd]
Seat 1: sismos404 (big blind) collected ($17.64)
Seat 4: Agrotait (button) (small blind) folded on the Flop


PokerStars Hand #176385118743:  Hold'em Limit ($3/$6 USD) - 2017/10/02 3:48:40 ET
Table 'Indiana' 6-max Seat #2 is the button
Seat 2: karambakilla ($64.61 in chips)
Seat 3: pokertriss ($174.37 in chips)
karambakilla: posts small blind $1
pokertriss: posts big blind $3
*** HOLE CARDS ***
karambakilla: folds
Uncalled bet ($2) returned to pokertriss
pokertriss collected $2 from pot
pokertriss: doesn't show hand
*** SUMMARY ***
Total pot $2 | Rake $0
Seat 2: karambakilla (button) (small blind) folded before Flop
Seat 3: pokertriss (big blind) collected ($2)


PokerStars Hand #176385117364:  Hold'em Limit ($3/$6 USD) - 2017/10/02 3:48:35 ET
Table 'Indiana' 6-max Seat #3 is the button
Seat 2: karambakilla ($67.61 in chips)
Seat 3: pokertriss ($171.37 in chips)
pokertriss: posts small blind $1
karambakilla: posts big blind $3
*** HOLE CARDS ***
pokertriss: raises $3 to $6
karambakilla: folds
Uncalled bet ($3) returned to pokertriss
pokertriss collected $6 from pot
pokertriss: doesn't show hand
*** SUMMARY ***
Total pot $6 | Rake $0
Seat 2: karambakilla (big blind) folded before Flop
Seat 3: pokertriss (button) (small blind) collected ($6)


PokerStars Hand #176385119978:  Hold'em Limit ($3/$6 USD) - 2017/10/02 3:48:45 ET
Table 'Indiana' 6-max Seat #3 is the button
Seat 2: karambakilla ($63.61 in chips)
Seat 3: pokertriss ($175.37 in chips)
pokertriss: posts small blind $1
karambakilla: posts big blind $3
*** HOLE CARDS ***
pokertriss: folds
Uncalled bet ($2) returned to karambakilla
karambakilla collected $2 from pot
karambakilla: doesn't show hand
*** SUMMARY ***
Total pot $2 | Rake $0
Seat 2: karambakilla (big blind) collected ($2)
Seat 3: pokertriss (button) (small blind) folded before Flop


