PokerStars Hand #147217102729:  Hold'em Limit ($3/$6 USD) - 2016/01/17 16:00:03 ET
Table 'Industria' 2-max Seat #2 is the button
Seat 1: RaisemyNut$ ($83.76 in chips)
Seat 2: ChicagoBull4 ($96.57 in chips)
ChicagoBull4: posts small blind $1
RaisemyNut$: posts big blind $3
*** HOLE CARDS ***
ChicagoBull4: folds
Uncalled bet ($2) returned to RaisemyNut$
RaisemyNut$ collected $2 from pot
RaisemyNut$: doesn't show hand
*** SUMMARY ***
Total pot $2 | Rake $0
Seat 1: RaisemyNut$ (big blind) collected ($2)
Seat 2: ChicagoBull4 (button) (small blind) folded before Flop


PokerStars Hand #147217089275:  Hold'em Limit ($3/$6 USD) - 2016/01/17 15:59:48 ET
Table 'Industria' 2-max Seat #1 is the button
Seat 1: RaisemyNut$ ($92.76 in chips)
Seat 2: ChicagoBull4 ($87.93 in chips)
RaisemyNut$: posts small blind $1
ChicagoBull4: posts big blind $3
*** HOLE CARDS ***
RaisemyNut$: raises $3 to $6
ChicagoBull4: raises $3 to $9
RaisemyNut$: calls $3
*** FLOP *** [9h 9s Ad]
ChicagoBull4: bets $3
RaisemyNut$: folds
Uncalled bet ($3) returned to ChicagoBull4
ChicagoBull4 collected $17.64 from pot
*** SUMMARY ***
Total pot $18 | Rake $0.36
Board [9h 9s Ad]
Seat 1: RaisemyNut$ (button) (small blind) folded on the Flop
Seat 2: ChicagoBull4 (big blind) collected ($17.64)


PokerStars Hand #147217069068:  Hold'em Limit ($3/$6 USD) - 2016/01/17 15:59:24 ET
Table 'Industria' 2-max Seat #2 is the button
Seat 1: RaisemyNut$ ($122.76 in chips)
Seat 2: ChicagoBull4 ($58.43 in chips)
ChicagoBull4: posts small blind $1
RaisemyNut$: posts big blind $3
*** HOLE CARDS ***
ChicagoBull4: raises $3 to $6
RaisemyNut$: calls $3
*** FLOP *** [Ts 2h 3h]
RaisemyNut$: checks
ChicagoBull4: bets $3
RaisemyNut$: raises $3 to $6
ChicagoBull4: calls $3
*** TURN *** [Ts 2h 3h] [Jc]
RaisemyNut$: bets $6
ChicagoBull4: raises $6 to $12
RaisemyNut$: calls $6
*** RIVER *** [Ts 2h 3h Jc] [2d]
RaisemyNut$: checks
ChicagoBull4: bets $6
RaisemyNut$: calls $6
*** SHOW DOWN ***
ChicagoBull4: shows [Tc Jd] (two pair, Jacks and Tens)
RaisemyNut$: mucks hand
ChicagoBull4 collected $59.50 from pot
*** SUMMARY ***
Total pot $60 | Rake $0.50
Board [Ts 2h 3h Jc 2d]
Seat 1: RaisemyNut$ (big blind) mucked
Seat 2: ChicagoBull4 (button) (small blind) showed [Tc Jd] and won ($59.50) with two pair, Jacks and Tens


PokerStars Hand #147217125732:  Hold'em Limit ($3/$6 USD) - 2016/01/17 16:00:27 ET
Table 'Industria' 2-max Seat #1 is the button
Seat 1: RaisemyNut$ ($92.40 in chips)
Seat 2: ChicagoBull4 ($87.57 in chips)
RaisemyNut$: posts small blind $1
ChicagoBull4: posts big blind $3
*** HOLE CARDS ***
RaisemyNut$: raises $3 to $6
ChicagoBull4: calls $3
*** FLOP *** [Ks 7s Kc]
ChicagoBull4: checks
RaisemyNut$: bets $3
ChicagoBull4: calls $3
*** TURN *** [Ks 7s Kc] [8d]
ChicagoBull4: checks
RaisemyNut$: bets $6
ChicagoBull4: raises $6 to $12
RaisemyNut$: calls $6
*** RIVER *** [Ks 7s Kc 8d] [6d]
ChicagoBull4: bets $6
RaisemyNut$: folds
Uncalled bet ($6) returned to ChicagoBull4
ChicagoBull4 collected $41.50 from pot
*** SUMMARY ***
Total pot $42 | Rake $0.50
Board [Ks 7s Kc 8d 6d]
Seat 1: RaisemyNut$ (button) (small blind) folded on the River
Seat 2: ChicagoBull4 (big blind) collected ($41.50)


PokerStars Hand #147217112813:  Hold'em Limit ($3/$6 USD) - 2016/01/17 16:00:14 ET
Table 'Industria' 2-max Seat #2 is the button
Seat 1: RaisemyNut$ ($83.76 in chips)
Seat 2: ChicagoBull4 ($96.57 in chips)
ChicagoBull4: posts small blind $1
RaisemyNut$: posts big blind $3
*** HOLE CARDS ***
ChicagoBull4: raises $3 to $6
RaisemyNut$: calls $3
*** FLOP *** [Kd 4s 5s]
RaisemyNut$: checks
ChicagoBull4: bets $3
RaisemyNut$: raises $3 to $6
ChicagoBull4: folds
Uncalled bet ($3) returned to RaisemyNut$
RaisemyNut$ collected $17.64 from pot
RaisemyNut$: doesn't show hand
*** SUMMARY ***
Total pot $18 | Rake $0.36
Board [Kd 4s 5s]
Seat 1: RaisemyNut$ (big blind) collected ($17.64)
Seat 2: ChicagoBull4 (button) (small blind) folded on the Flop


PokerStars Hand #147217107401:  Hold'em Limit ($3/$6 USD) - 2016/01/17 16:00:08 ET
Table 'Industria' 2-max Seat #1 is the button
Seat 1: RaisemyNut$ ($84.76 in chips)
Seat 2: ChicagoBull4 ($95.57 in chips)
RaisemyNut$: posts small blind $1
ChicagoBull4: posts big blind $3
*** HOLE CARDS ***
RaisemyNut$: folds
Uncalled bet ($2) returned to ChicagoBull4
ChicagoBull4 collected $2 from pot
*** SUMMARY ***
Total pot $2 | Rake $0
Seat 1: RaisemyNut$ (button) (small blind) folded before Flop
Seat 2: ChicagoBull4 (big blind) collected ($2)


PokerStars Hand #147217200190:  Hold'em Limit ($3/$6 USD) - 2016/01/17 16:01:44 ET
Table 'Industria' 2-max Seat #1 is the button
Seat 1: RaisemyNut$ ($75.90 in chips)
Seat 2: ChicagoBull4 ($102.57 in chips)
RaisemyNut$: posts small blind $1
ChicagoBull4: posts big blind $3
*** HOLE CARDS ***
RaisemyNut$: raises $3 to $6
ChicagoBull4: calls $3
*** FLOP *** [6h Jh 2d]
ChicagoBull4: checks
RaisemyNut$: bets $3
ChicagoBull4: raises $3 to $6
RaisemyNut$: calls $3
*** TURN *** [6h Jh 2d] [Jd]
ChicagoBull4: bets $6
RaisemyNut$: calls $6
*** RIVER *** [6h Jh 2d Jd] [5h]
ChicagoBull4: checks
RaisemyNut$: checks
*** SHOW DOWN ***
ChicagoBull4: shows [4c 4d] (two pair, Jacks and Fours)
RaisemyNut$: mucks hand
ChicagoBull4 collected $35.50 from pot
*** SUMMARY ***
Total pot $36 | Rake $0.50
Board [6h Jh 2d Jd 5h]
Seat 1: RaisemyNut$ (button) (small blind) mucked
Seat 2: ChicagoBull4 (big blind) showed [4c 4d] and won ($35.50) with two pair, Jacks and Fours


PokerStars Hand #147217176634:  Hold'em Limit ($3/$6 USD) - 2016/01/17 16:01:21 ET
Table 'Industria' 2-max Seat #2 is the button
Seat 1: RaisemyNut$ ($96.90 in chips)
Seat 2: ChicagoBull4 ($82.07 in chips)
ChicagoBull4: posts small blind $1
RaisemyNut$: posts big blind $3
*** HOLE CARDS ***
ChicagoBull4: raises $3 to $6
RaisemyNut$: calls $3
*** FLOP *** [4d 6d 9h]
RaisemyNut$: checks
ChicagoBull4: bets $3
RaisemyNut$: calls $3
*** TURN *** [4d 6d 9h] [6c]
RaisemyNut$: checks
ChicagoBull4: bets $6
RaisemyNut$: calls $6
*** RIVER *** [4d 6d 9h 6c] [5h]
RaisemyNut$: checks
ChicagoBull4: bets $6
RaisemyNut$: calls $6
*** SHOW DOWN ***
ChicagoBull4: shows [6s 5d] (a full house, Sixes full of Fives)
RaisemyNut$: mucks hand
ChicagoBull4 collected $41.50 from pot
*** SUMMARY ***
Total pot $42 | Rake $0.50
Board [4d 6d 9h 6c 5h]
Seat 1: RaisemyNut$ (big blind) mucked
Seat 2: ChicagoBull4 (button) (small blind) showed [6s 5d] and won ($41.50) with a full house, Sixes full of Fives


PokerStars Hand #147217172510:  Hold'em Limit ($3/$6 USD) - 2016/01/17 16:01:17 ET
Table 'Industria' 2-max Seat #1 is the button
Seat 1: RaisemyNut$ ($97.90 in chips)
Seat 2: ChicagoBull4 ($81.07 in chips)
RaisemyNut$: posts small blind $1
ChicagoBull4: posts big blind $3
*** HOLE CARDS ***
RaisemyNut$: folds
Uncalled bet ($2) returned to ChicagoBull4
ChicagoBull4 collected $2 from pot
*** SUMMARY ***
Total pot $2 | Rake $0
Seat 1: RaisemyNut$ (button) (small blind) folded before Flop
Seat 2: ChicagoBull4 (big blind) collected ($2)


PokerStars Hand #147217149336:  Hold'em Limit ($3/$6 USD) - 2016/01/17 16:00:53 ET
Table 'Industria' 2-max Seat #2 is the button
Seat 1: RaisemyNut$ ($71.40 in chips)
Seat 2: ChicagoBull4 ($108.07 in chips)
ChicagoBull4: posts small blind $1
RaisemyNut$: posts big blind $3
*** HOLE CARDS ***
ChicagoBull4: raises $3 to $6
RaisemyNut$: calls $3
*** FLOP *** [Th Qd 6s]
RaisemyNut$: checks
ChicagoBull4: bets $3
RaisemyNut$: calls $3
*** TURN *** [Th Qd 6s] [Qh]
RaisemyNut$: checks
ChicagoBull4: bets $6
RaisemyNut$: raises $6 to $12
ChicagoBull4: calls $6
*** RIVER *** [Th Qd 6s Qh] [6h]
RaisemyNut$: bets $6
ChicagoBull4: calls $6
*** SHOW DOWN ***
RaisemyNut$: shows [Jh 4h] (a flush, Queen high)
ChicagoBull4: mucks hand
RaisemyNut$ collected $53.50 from pot
*** SUMMARY ***
Total pot $54 | Rake $0.50
Board [Th Qd 6s Qh 6h]
Seat 1: RaisemyNut$ (big blind) showed [Jh 4h] and won ($53.50) with a flush, Queen high
Seat 2: ChicagoBull4 (button) (small blind) mucked


PokerStars Hand #147217229779:  Hold'em Limit ($3/$6 USD) - 2016/01/17 16:02:11 ET
Table 'Industria' 2-max Seat #2 is the button
Seat 1: RaisemyNut$ ($60 in chips)
Seat 2: ChicagoBull4 ($120.07 in chips)
ChicagoBull4: posts small blind $1
RaisemyNut$: posts big blind $3
*** HOLE CARDS ***
ChicagoBull4: folds
Uncalled bet ($2) returned to RaisemyNut$
ChicagoBull4 leaves the table
RaisemyNut$ collected $2 from pot
RaisemyNut$: doesn't show hand
*** SUMMARY ***
Total pot $2 | Rake $0
Seat 1: RaisemyNut$ (big blind) collected ($2)
Seat 2: ChicagoBull4 (button) (small blind) folded before Flop


