PokerStars Hand #172668956033:  Hold'em Limit ($3/$6 USD) - 2017/07/06 5:37:05 ET
Table 'Indus II' 6-max Seat #1 is the button
Seat 1: B_loJkl ($120 in chips)
Seat 6: cojo777 ($46 in chips)
VolkovDmitri: is sitting out
VolkovDmitri leaves the table
B_loJkl: posts small blind $1
cojo777: posts big blind $3
*** HOLE CARDS ***
Whatze Phuck joins the table at seat #2
B_loJkl: folds
Uncalled bet ($2) returned to cojo777
cojo777 collected $2 from pot
cojo777: doesn't show hand
*** SUMMARY ***
Total pot $2 | Rake $0
Seat 1: B_loJkl (button) (small blind) folded before Flop
Seat 6: cojo777 (big blind) collected ($2)


PokerStars Hand #172668962414:  Hold'em Limit ($3/$6 USD) - 2017/07/06 5:37:24 ET
Table 'Indus II' 6-max Seat #6 is the button
Seat 1: B_loJkl ($119 in chips)
Seat 6: cojo777 ($47 in chips)
cojo777: posts small blind $1
B_loJkl: posts big blind $3
*** HOLE CARDS ***
cojo777: raises $3 to $6
B_loJkl: calls $3
*** FLOP *** [7c Qc 3c]
B_loJkl: checks
cojo777: bets $3
B_loJkl: calls $3
*** TURN *** [7c Qc 3c] [7s]
B_loJkl: checks
cojo777: bets $6
B_loJkl: calls $6
*** RIVER *** [7c Qc 3c 7s] [Tc]
B_loJkl: checks
cojo777: checks
*** SHOW DOWN ***
B_loJkl: shows [4s 3s] (two pair, Sevens and Threes)
cojo777: mucks hand
B_loJkl collected $29.50 from pot
*** SUMMARY ***
Total pot $30 | Rake $0.50
Board [7c Qc 3c 7s Tc]
Seat 1: B_loJkl (big blind) showed [4s 3s] and won ($29.50) with two pair, Sevens and Threes
Seat 6: cojo777 (button) (small blind) mucked


