PokerStars Hand #147488626498:  Hold'em Limit ($3/$6 USD) - 2016/01/22 13:16:34 ET
Table 'Industria II' 10-max Seat #8 is the button
Seat 8: perten ($137.92 in chips)
Seat 10: SmellyToes4u ($71.64 in chips)
perten: posts small blind $1
SmellyToes4u: posts big blind $3
*** HOLE CARDS ***
perten: calls $2
SmellyToes4u: checks
*** FLOP *** [3h 7s 5h]
SmellyToes4u: bets $3
perten: raises $3 to $6
SmellyToes4u: calls $3
*** TURN *** [3h 7s 5h] [Qh]
SmellyToes4u: checks
perten: bets $6
SmellyToes4u: raises $6 to $12
perten: folds
Uncalled bet ($6) returned to SmellyToes4u
SmellyToes4u collected $29.50 from pot
SmellyToes4u: doesn't show hand
*** SUMMARY ***
Total pot $30 | Rake $0.50
Board [3h 7s 5h Qh]
Seat 8: perten (button) (small blind) folded on the Turn
Seat 10: SmellyToes4u (big blind) collected ($29.50)


PokerStars Hand #147488619368:  Hold'em Limit ($3/$6 USD) - 2016/01/22 13:16:27 ET
Table 'Industria II' 10-max Seat #10 is the button
Seat 8: perten ($136.92 in chips)
Seat 10: SmellyToes4u ($72.64 in chips)
SmellyToes4u: posts small blind $1
perten: posts big blind $3
*** HOLE CARDS ***
SmellyToes4u: folds
Uncalled bet ($2) returned to perten
perten collected $2 from pot
perten: doesn't show hand
*** SUMMARY ***
Total pot $2 | Rake $0
Seat 8: perten (big blind) collected ($2)
Seat 10: SmellyToes4u (button) (small blind) folded before Flop


PokerStars Hand #147488600851:  Hold'em Limit ($3/$6 USD) - 2016/01/22 13:16:09 ET
Table 'Industria II' 10-max Seat #8 is the button
Seat 8: perten ($145.92 in chips)
Seat 10: SmellyToes4u ($64 in chips)
perten: posts small blind $1
SmellyToes4u: posts big blind $3
*** HOLE CARDS ***
perten: raises $3 to $6
SmellyToes4u: calls $3
*** FLOP *** [7s Td Ac]
SmellyToes4u: checks
perten: bets $3
SmellyToes4u: calls $3
*** TURN *** [7s Td Ac] [As]
SmellyToes4u: checks
perten: checks
*** RIVER *** [7s Td Ac As] [2h]
SmellyToes4u: bets $6
perten: folds
Uncalled bet ($6) returned to SmellyToes4u
SmellyToes4u collected $17.64 from pot
SmellyToes4u: doesn't show hand
*** SUMMARY ***
Total pot $18 | Rake $0.36
Board [7s Td Ac As 2h]
Seat 8: perten (button) (small blind) folded on the River
Seat 10: SmellyToes4u (big blind) collected ($17.64)


PokerStars Hand #147488585066:  Hold'em Limit ($3/$6 USD) - 2016/01/22 13:15:53 ET
Table 'Industria II' 10-max Seat #10 is the button
Seat 8: perten ($125.42 in chips)
Seat 10: SmellyToes4u ($85 in chips)
SmellyToes4u: posts small blind $1
perten: posts big blind $3
*** HOLE CARDS ***
SmellyToes4u: raises $3 to $6
perten: calls $3
*** FLOP *** [Td 5d 3c]
perten: bets $3
SmellyToes4u: calls $3
*** TURN *** [Td 5d 3c] [5c]
perten: bets $6
SmellyToes4u: calls $6
*** RIVER *** [Td 5d 3c 5c] [7s]
perten: bets $6
SmellyToes4u: calls $6
*** SHOW DOWN ***
perten: shows [4s 6d] (a straight, Three to Seven)
SmellyToes4u: mucks hand
perten collected $41.50 from pot
*** SUMMARY ***
Total pot $42 | Rake $0.50
Board [Td 5d 3c 5c 7s]
Seat 8: perten (big blind) showed [4s 6d] and won ($41.50) with a straight, Three to Seven
Seat 10: SmellyToes4u (button) (small blind) mucked


PokerStars Hand #147488670202:  Hold'em Limit ($3/$6 USD) - 2016/01/22 13:17:18 ET
Table 'Industria II' 10-max Seat #8 is the button
Seat 8: perten ($123.68 in chips)
Seat 10: SmellyToes4u ($84.90 in chips)
perten: posts small blind $1
SmellyToes4u: posts big blind $3
*** HOLE CARDS ***
perten: raises $3 to $6
SmellyToes4u: calls $3
*** FLOP *** [Jd Jh 8s]
SmellyToes4u: checks
perten: bets $3
SmellyToes4u: folds
Uncalled bet ($3) returned to perten
perten collected $11.76 from pot
perten: doesn't show hand
*** SUMMARY ***
Total pot $12 | Rake $0.24
Board [Jd Jh 8s]
Seat 8: perten (button) (small blind) collected ($11.76)
Seat 10: SmellyToes4u (big blind) folded on the Flop


PokerStars Hand #147488658224:  Hold'em Limit ($3/$6 USD) - 2016/01/22 13:17:06 ET
Table 'Industria II' 10-max Seat #10 is the button
Seat 8: perten ($129.68 in chips)
Seat 10: SmellyToes4u ($79.14 in chips)
SmellyToes4u: posts small blind $1
perten: posts big blind $3
*** HOLE CARDS ***
SmellyToes4u: raises $3 to $6
perten: calls $3
*** FLOP *** [Ac 5s 3c]
perten: checks
SmellyToes4u: bets $3
perten: folds
Uncalled bet ($3) returned to SmellyToes4u
SmellyToes4u collected $11.76 from pot
SmellyToes4u: doesn't show hand
*** SUMMARY ***
Total pot $12 | Rake $0.24
Board [Ac 5s 3c]
Seat 8: perten (big blind) folded on the Flop
Seat 10: SmellyToes4u (button) (small blind) collected ($11.76)


PokerStars Hand #147488650255:  Hold'em Limit ($3/$6 USD) - 2016/01/22 13:16:58 ET
Table 'Industria II' 10-max Seat #8 is the button
Seat 8: perten ($123.92 in chips)
Seat 10: SmellyToes4u ($85.14 in chips)
perten: posts small blind $1
SmellyToes4u: posts big blind $3
*** HOLE CARDS ***
perten: raises $3 to $6
SmellyToes4u: calls $3
*** FLOP *** [9h 6c Kh]
SmellyToes4u: checks
perten: bets $3
SmellyToes4u: folds
Uncalled bet ($3) returned to perten
perten collected $11.76 from pot
perten: doesn't show hand
*** SUMMARY ***
Total pot $12 | Rake $0.24
Board [9h 6c Kh]
Seat 8: perten (button) (small blind) collected ($11.76)
Seat 10: SmellyToes4u (big blind) folded on the Flop


PokerStars Hand #147488642326:  Hold'em Limit ($3/$6 USD) - 2016/01/22 13:16:50 ET
Table 'Industria II' 10-max Seat #10 is the button
Seat 8: perten ($122.92 in chips)
Seat 10: SmellyToes4u ($86.14 in chips)
SmellyToes4u: posts small blind $1
perten: posts big blind $3
*** HOLE CARDS ***
SmellyToes4u: folds
Uncalled bet ($2) returned to perten
perten collected $2 from pot
perten: doesn't show hand
*** SUMMARY ***
Total pot $2 | Rake $0
Seat 8: perten (big blind) collected ($2)
Seat 10: SmellyToes4u (button) (small blind) folded before Flop


PokerStars Hand #147491622656:  Hold'em Limit ($3/$6 USD) - 2016/01/22 14:08:33 ET
Table 'Industria II' 10-max Seat #10 is the button
Seat 5: capucine1011 ($26.50 in chips)
Seat 10: SmellyToes4u ($81.40 in chips)
SmellyToes4u: posts small blind $1
capucine1011: posts big blind $3
*** HOLE CARDS ***
SmellyToes4u: raises $3 to $6
capucine1011: raises $3 to $9
SmellyToes4u: calls $3
*** FLOP *** [6s 5s 3d]
capucine1011: checks
SmellyToes4u: checks
*** TURN *** [6s 5s 3d] [2s]
capucine1011: bets $6
SmellyToes4u: folds
Uncalled bet ($6) returned to capucine1011
capucine1011 collected $17.64 from pot
capucine1011: doesn't show hand
*** SUMMARY ***
Total pot $18 | Rake $0.36
Board [6s 5s 3d 2s]
Seat 5: capucine1011 (big blind) collected ($17.64)
Seat 10: SmellyToes4u (button) (small blind) folded on the Turn


PokerStars Hand #147491602475:  Hold'em Limit ($3/$6 USD) - 2016/01/22 14:08:13 ET
Table 'Industria II' 10-max Seat #5 is the button
Seat 5: capucine1011 ($50.50 in chips)
Seat 10: SmellyToes4u ($57.90 in chips)
capucine1011: posts small blind $1
SmellyToes4u: posts big blind $3
*** HOLE CARDS ***
capucine1011: calls $2
SmellyToes4u: checks
*** FLOP *** [As 8h 4d]
SmellyToes4u: checks
capucine1011: bets $3
SmellyToes4u: raises $3 to $6
capucine1011: raises $3 to $9
SmellyToes4u: calls $3
*** TURN *** [As 8h 4d] [Tc]
SmellyToes4u: checks
capucine1011: bets $6
SmellyToes4u: calls $6
*** RIVER *** [As 8h 4d Tc] [Ah]
SmellyToes4u: checks
capucine1011: bets $6
SmellyToes4u: calls $6
*** SHOW DOWN ***
capucine1011: shows [7h 3h] (a pair of Aces)
SmellyToes4u: shows [8s 3s] (two pair, Aces and Eights)
SmellyToes4u collected $47.50 from pot
*** SUMMARY ***
Total pot $48 | Rake $0.50
Board [As 8h 4d Tc Ah]
Seat 5: capucine1011 (button) (small blind) showed [7h 3h] and lost with a pair of Aces
Seat 10: SmellyToes4u (big blind) showed [8s 3s] and won ($47.50) with two pair, Aces and Eights


PokerStars Hand #147491687633:  Hold'em Limit ($3/$6 USD) - 2016/01/22 14:09:39 ET
Table 'Industria II' 10-max Seat #5 is the button
Seat 5: capucine1011 ($45.90 in chips)
Seat 10: SmellyToes4u ($61.40 in chips)
capucine1011: posts small blind $1
SmellyToes4u: posts big blind $3
*** HOLE CARDS ***
capucine1011: raises $3 to $6
SmellyToes4u: calls $3
*** FLOP *** [Th 8d 8s]
SmellyToes4u: checks
capucine1011: bets $3
SmellyToes4u: calls $3
*** TURN *** [Th 8d 8s] [Jc]
SmellyToes4u: checks
capucine1011: checks
*** RIVER *** [Th 8d 8s Jc] [Kc]
SmellyToes4u: checks
capucine1011: bets $6
SmellyToes4u: calls $6
*** SHOW DOWN ***
capucine1011: shows [Tc Kh] (two pair, Kings and Tens)
SmellyToes4u: mucks hand
capucine1011 collected $29.50 from pot
*** SUMMARY ***
Total pot $30 | Rake $0.50
Board [Th 8d 8s Jc Kc]
Seat 5: capucine1011 (button) (small blind) showed [Tc Kh] and won ($29.50) with two pair, Kings and Tens
Seat 10: SmellyToes4u (big blind) mucked


PokerStars Hand #147491682024:  Hold'em Limit ($3/$6 USD) - 2016/01/22 14:09:34 ET
Table 'Industria II' 10-max Seat #10 is the button
Seat 5: capucine1011 ($44.90 in chips)
Seat 10: SmellyToes4u ($62.40 in chips)
SmellyToes4u: posts small blind $1
capucine1011: posts big blind $3
*** HOLE CARDS ***
SmellyToes4u: folds
Uncalled bet ($2) returned to capucine1011
capucine1011 collected $2 from pot
capucine1011: doesn't show hand
*** SUMMARY ***
Total pot $2 | Rake $0
Seat 5: capucine1011 (big blind) collected ($2)
Seat 10: SmellyToes4u (button) (small blind) folded before Flop


PokerStars Hand #147491674390:  Hold'em Limit ($3/$6 USD) - 2016/01/22 14:09:26 ET
Table 'Industria II' 10-max Seat #5 is the button
Seat 5: capucine1011 ($41.90 in chips)
Seat 10: SmellyToes4u ($65.40 in chips)
capucine1011: posts small blind $1
SmellyToes4u: posts big blind $3
*** HOLE CARDS ***
capucine1011: raises $3 to $6
SmellyToes4u: folds
Uncalled bet ($3) returned to capucine1011
capucine1011 collected $6 from pot
capucine1011: doesn't show hand
*** SUMMARY ***
Total pot $6 | Rake $0
Seat 5: capucine1011 (button) (small blind) collected ($6)
Seat 10: SmellyToes4u (big blind) folded before Flop


PokerStars Hand #147491668884:  Hold'em Limit ($3/$6 USD) - 2016/01/22 14:09:20 ET
Table 'Industria II' 10-max Seat #10 is the button
Seat 5: capucine1011 ($40.90 in chips)
Seat 10: SmellyToes4u ($66.40 in chips)
SmellyToes4u: posts small blind $1
capucine1011: posts big blind $3
*** HOLE CARDS ***
SmellyToes4u: folds
Uncalled bet ($2) returned to capucine1011
capucine1011 collected $2 from pot
capucine1011: doesn't show hand
*** SUMMARY ***
Total pot $2 | Rake $0
Seat 5: capucine1011 (big blind) collected ($2)
Seat 10: SmellyToes4u (button) (small blind) folded before Flop


PokerStars Hand #147491641177:  Hold'em Limit ($3/$6 USD) - 2016/01/22 14:08:52 ET
Table 'Industria II' 10-max Seat #5 is the button
Seat 5: capucine1011 ($35.14 in chips)
Seat 10: SmellyToes4u ($72.40 in chips)
capucine1011: posts small blind $1
SmellyToes4u: posts big blind $3
*** HOLE CARDS ***
capucine1011: calls $2
SmellyToes4u: checks
*** FLOP *** [Jh Ks 6d]
SmellyToes4u: bets $3
capucine1011: calls $3
*** TURN *** [Jh Ks 6d] [5d]
SmellyToes4u: checks
capucine1011: checks
*** RIVER *** [Jh Ks 6d 5d] [Ts]
SmellyToes4u: checks
capucine1011: checks
*** SHOW DOWN ***
SmellyToes4u: shows [2c 3s] (high card King)
capucine1011: shows [Tc Qh] (a pair of Tens)
capucine1011 collected $11.76 from pot
*** SUMMARY ***
Total pot $12 | Rake $0.24
Board [Jh Ks 6d 5d Ts]
Seat 5: capucine1011 (button) (small blind) showed [Tc Qh] and won ($11.76) with a pair of Tens
Seat 10: SmellyToes4u (big blind) showed [2c 3s] and lost with high card King


PokerStars Hand #147491730871:  Hold'em Limit ($3/$6 USD) - 2016/01/22 14:10:24 ET
Table 'Industria II' 10-max Seat #10 is the button
Seat 5: capucine1011 ($53.40 in chips)
Seat 10: SmellyToes4u ($53.16 in chips)
SmellyToes4u: posts small blind $1
capucine1011: posts big blind $3
*** HOLE CARDS ***
SmellyToes4u: raises $3 to $6
capucine1011: calls $3
*** FLOP *** [4s 5h 3s]
capucine1011: checks
SmellyToes4u: bets $3
capucine1011: raises $3 to $6
SmellyToes4u: raises $3 to $9
capucine1011: calls $3
*** TURN *** [4s 5h 3s] [Kd]
capucine1011: checks
SmellyToes4u: bets $6
capucine1011: calls $6
*** RIVER *** [4s 5h 3s Kd] [6h]
capucine1011: checks
SmellyToes4u: bets $6
capucine1011: calls $6
*** SHOW DOWN ***
SmellyToes4u: shows [7d 6s] (a straight, Three to Seven)
capucine1011: mucks hand
SmellyToes4u collected $53.50 from pot
*** SUMMARY ***
Total pot $54 | Rake $0.50
Board [4s 5h 3s Kd 6h]
Seat 5: capucine1011 (big blind) mucked
Seat 10: SmellyToes4u (button) (small blind) showed [7d 6s] and won ($53.50) with a straight, Three to Seven


PokerStars Hand #147491725879:  Hold'em Limit ($3/$6 USD) - 2016/01/22 14:10:18 ET
Table 'Industria II' 10-max Seat #5 is the button
Seat 5: capucine1011 ($54.40 in chips)
Seat 10: SmellyToes4u ($52.16 in chips)
capucine1011: posts small blind $1
SmellyToes4u: posts big blind $3
*** HOLE CARDS ***
capucine1011: folds
Uncalled bet ($2) returned to SmellyToes4u
SmellyToes4u collected $2 from pot
SmellyToes4u: doesn't show hand
*** SUMMARY ***
Total pot $2 | Rake $0
Seat 5: capucine1011 (button) (small blind) folded before Flop
Seat 10: SmellyToes4u (big blind) collected ($2)


PokerStars Hand #147491710067:  Hold'em Limit ($3/$6 USD) - 2016/01/22 14:10:02 ET
Table 'Industria II' 10-max Seat #10 is the button
Seat 5: capucine1011 ($60.40 in chips)
Seat 10: SmellyToes4u ($46.40 in chips)
SmellyToes4u: posts small blind $1
capucine1011: posts big blind $3
*** HOLE CARDS ***
SmellyToes4u: raises $3 to $6
capucine1011: calls $3
*** FLOP *** [9c Kh Qc]
capucine1011: checks
SmellyToes4u: bets $3
capucine1011: folds
Uncalled bet ($3) returned to SmellyToes4u
SmellyToes4u collected $11.76 from pot
SmellyToes4u: doesn't show hand
*** SUMMARY ***
Total pot $12 | Rake $0.24
Board [9c Kh Qc]
Seat 5: capucine1011 (big blind) folded on the Flop
Seat 10: SmellyToes4u (button) (small blind) collected ($11.76)


PokerStars Hand #147491758782:  Hold'em Limit ($3/$6 USD) - 2016/01/22 14:10:52 ET
Table 'Industria II' 10-max Seat #5 is the button
Seat 5: capucine1011 ($26.40 in chips)
Seat 10: SmellyToes4u ($79.66 in chips)
capucine1011: posts small blind $1
SmellyToes4u: posts big blind $3
*** HOLE CARDS ***
capucine1011: raises $3 to $6
SmellyToes4u: calls $3
*** FLOP *** [Ts 8h Jd]
SmellyToes4u: checks
capucine1011: bets $3
SmellyToes4u: raises $3 to $6
capucine1011: raises $3 to $9
SmellyToes4u: raises $3 to $12
Betting is capped
capucine1011: calls $3
*** TURN *** [Ts 8h Jd] [5h]
SmellyToes4u: bets $6
capucine1011: calls $6
*** RIVER *** [Ts 8h Jd 5h] [2s]
SmellyToes4u: bets $6
capucine1011: folds
Uncalled bet ($6) returned to SmellyToes4u
SmellyToes4u collected $47.50 from pot
SmellyToes4u: doesn't show hand
*** SUMMARY ***
Total pot $48 | Rake $0.50
Board [Ts 8h Jd 5h 2s]
Seat 5: capucine1011 (button) (small blind) folded on the River
Seat 10: SmellyToes4u (big blind) collected ($47.50)


PokerStars Hand #147492041294:  Hold'em Limit ($3/$6 USD) - 2016/01/22 14:15:40 ET
Table 'Industria II' 10-max Seat #10 is the button
Seat 4: yayaya ($105 in chips)
Seat 10: SmellyToes4u ($117.56 in chips)
SmellyToes4u: posts small blind $1
yayaya: posts big blind $3
*** HOLE CARDS ***
SmellyToes4u: raises $3 to $6
yayaya: calls $3
*** FLOP *** [6s Jh 8s]
yayaya: checks
SmellyToes4u: checks
*** TURN *** [6s Jh 8s] [Qd]
yayaya: bets $6
SmellyToes4u: raises $6 to $12
yayaya: calls $6
*** RIVER *** [6s Jh 8s Qd] [3c]
yayaya: checks
SmellyToes4u: checks
*** SHOW DOWN ***
yayaya: shows [Ks 5s] (high card King)
SmellyToes4u: shows [Kc 9d] (high card King - Queen+Jack+Nine kicker)
SmellyToes4u collected $35.50 from pot
*** SUMMARY ***
Total pot $36 | Rake $0.50
Board [6s Jh 8s Qd 3c]
Seat 4: yayaya (big blind) showed [Ks 5s] and lost with high card King
Seat 10: SmellyToes4u (button) (small blind) showed [Kc 9d] and won ($35.50) with high card King


PokerStars Hand #147492059063:  Hold'em Limit ($3/$6 USD) - 2016/01/22 14:15:58 ET
Table 'Industria II' 10-max Seat #4 is the button
Seat 4: yayaya ($87 in chips)
Seat 10: SmellyToes4u ($135.06 in chips)
yayaya: posts small blind $1
SmellyToes4u: posts big blind $3
*** HOLE CARDS ***
yayaya: raises $3 to $6
SmellyToes4u: calls $3
*** FLOP *** [Th 9h Ts]
SmellyToes4u: checks
yayaya: checks
*** TURN *** [Th 9h Ts] [Ac]
SmellyToes4u: checks
yayaya: bets $6
SmellyToes4u: raises $6 to $12
yayaya: folds
Uncalled bet ($6) returned to SmellyToes4u
SmellyToes4u collected $23.52 from pot
SmellyToes4u: doesn't show hand
*** SUMMARY ***
Total pot $24 | Rake $0.48
Board [Th 9h Ts Ac]
Seat 4: yayaya (button) (small blind) folded on the Turn
Seat 10: SmellyToes4u (big blind) collected ($23.52)


PokerStars Hand #147492076068:  Hold'em Limit ($3/$6 USD) - 2016/01/22 14:16:15 ET
Table 'Industria II' 10-max Seat #10 is the button
Seat 4: yayaya ($75 in chips)
Seat 10: SmellyToes4u ($146.58 in chips)
SmellyToes4u: posts small blind $1
yayaya: posts big blind $3
*** HOLE CARDS ***
SmellyToes4u: raises $3 to $6
yayaya: folds
Uncalled bet ($3) returned to SmellyToes4u
SmellyToes4u collected $6 from pot
SmellyToes4u: doesn't show hand
*** SUMMARY ***
Total pot $6 | Rake $0
Seat 4: yayaya (big blind) folded before Flop
Seat 10: SmellyToes4u (button) (small blind) collected ($6)


PokerStars Hand #147492096646:  Hold'em Limit ($3/$6 USD) - 2016/01/22 14:16:36 ET
Table 'Industria II' 10-max Seat #10 is the button
Seat 4: yayaya ($86.50 in chips)
Seat 10: SmellyToes4u ($134.58 in chips)
SmellyToes4u: posts small blind $1
yayaya: posts big blind $3
*** HOLE CARDS ***
SmellyToes4u: folds
Uncalled bet ($2) returned to yayaya
yayaya collected $2 from pot
yayaya: doesn't show hand
*** SUMMARY ***
Total pot $2 | Rake $0
Seat 4: yayaya (big blind) collected ($2)
Seat 10: SmellyToes4u (button) (small blind) folded before Flop


PokerStars Hand #147492082185:  Hold'em Limit ($3/$6 USD) - 2016/01/22 14:16:22 ET
Table 'Industria II' 10-max Seat #4 is the button
Seat 4: yayaya ($72 in chips)
Seat 10: SmellyToes4u ($149.58 in chips)
yayaya: posts small blind $1
SmellyToes4u: posts big blind $3
*** HOLE CARDS ***
yayaya: raises $3 to $6
SmellyToes4u: calls $3
*** FLOP *** [5h 2c 6d]
SmellyToes4u: checks
yayaya: bets $3
SmellyToes4u: calls $3
*** TURN *** [5h 2c 6d] [Qs]
SmellyToes4u: checks
yayaya: checks
*** RIVER *** [5h 2c 6d Qs] [Tc]
SmellyToes4u: bets $6
yayaya: calls $6
*** SHOW DOWN ***
SmellyToes4u: shows [3c 8c] (high card Queen)
yayaya: shows [Ts 9c] (a pair of Tens)
yayaya collected $29.50 from pot
*** SUMMARY ***
Total pot $30 | Rake $0.50
Board [5h 2c 6d Qs Tc]
Seat 4: yayaya (button) (small blind) showed [Ts 9c] and won ($29.50) with a pair of Tens
Seat 10: SmellyToes4u (big blind) showed [3c 8c] and lost with high card Queen


PokerStars Hand #147492102071:  Hold'em Limit ($3/$6 USD) - 2016/01/22 14:16:42 ET
Table 'Industria II' 10-max Seat #4 is the button
Seat 4: yayaya ($87.50 in chips)
Seat 10: SmellyToes4u ($133.58 in chips)
yayaya: posts small blind $1
SmellyToes4u: posts big blind $3
*** HOLE CARDS ***
yayaya: raises $3 to $6
SmellyToes4u: calls $3
*** FLOP *** [Tc 9s 4h]
SmellyToes4u: checks
yayaya: bets $3
SmellyToes4u: raises $3 to $6
yayaya: folds
Uncalled bet ($3) returned to SmellyToes4u
SmellyToes4u collected $17.64 from pot
SmellyToes4u: doesn't show hand
*** SUMMARY ***
Total pot $18 | Rake $0.36
Board [Tc 9s 4h]
Seat 4: yayaya (button) (small blind) folded on the Flop
Seat 10: SmellyToes4u (big blind) collected ($17.64)


PokerStars Hand #147492114532:  Hold'em Limit ($3/$6 USD) - 2016/01/22 14:16:54 ET
Table 'Industria II' 10-max Seat #10 is the button
Seat 4: yayaya ($78.50 in chips)
Seat 10: SmellyToes4u ($142.22 in chips)
SmellyToes4u: posts small blind $1
yayaya: posts big blind $3
*** HOLE CARDS ***
SmellyToes4u: raises $3 to $6
yayaya: folds
Uncalled bet ($3) returned to SmellyToes4u
SmellyToes4u collected $6 from pot
SmellyToes4u: doesn't show hand
*** SUMMARY ***
Total pot $6 | Rake $0
Seat 4: yayaya (big blind) folded before Flop
Seat 10: SmellyToes4u (button) (small blind) collected ($6)


PokerStars Hand #147492120808:  Hold'em Limit ($3/$6 USD) - 2016/01/22 14:17:01 ET
Table 'Industria II' 10-max Seat #4 is the button
Seat 4: yayaya ($75.50 in chips)
Seat 10: SmellyToes4u ($145.22 in chips)
yayaya: posts small blind $1
SmellyToes4u: posts big blind $3
*** HOLE CARDS ***
yayaya: raises $3 to $6
SmellyToes4u: calls $3
*** FLOP *** [9s 7c Ks]
SmellyToes4u: checks
yayaya: bets $3
SmellyToes4u: calls $3
*** TURN *** [9s 7c Ks] [8s]
SmellyToes4u: checks
yayaya: bets $6
SmellyToes4u: folds
Uncalled bet ($6) returned to yayaya
yayaya collected $17.64 from pot
yayaya: doesn't show hand
*** SUMMARY ***
Total pot $18 | Rake $0.36
Board [9s 7c Ks 8s]
Seat 4: yayaya (button) (small blind) collected ($17.64)
Seat 10: SmellyToes4u (big blind) folded on the Turn


PokerStars Hand #147492149838:  Hold'em Limit ($3/$6 USD) - 2016/01/22 14:17:30 ET
Table 'Industria II' 10-max Seat #4 is the button
Seat 4: yayaya ($95.66 in chips)
Seat 10: SmellyToes4u ($124.22 in chips)
yayaya: posts small blind $1
SmellyToes4u: posts big blind $3
*** HOLE CARDS ***
yayaya: folds
Uncalled bet ($2) returned to SmellyToes4u
SmellyToes4u collected $2 from pot
SmellyToes4u: doesn't show hand
*** SUMMARY ***
Total pot $2 | Rake $0
Seat 4: yayaya (button) (small blind) folded before Flop
Seat 10: SmellyToes4u (big blind) collected ($2)


PokerStars Hand #147492134201:  Hold'em Limit ($3/$6 USD) - 2016/01/22 14:17:14 ET
Table 'Industria II' 10-max Seat #10 is the button
Seat 4: yayaya ($84.14 in chips)
Seat 10: SmellyToes4u ($136.22 in chips)
SmellyToes4u: posts small blind $1
yayaya: posts big blind $3
*** HOLE CARDS ***
SmellyToes4u: raises $3 to $6
yayaya: raises $3 to $9
SmellyToes4u: calls $3
*** FLOP *** [Jc Kc Qd]
yayaya: bets $3
SmellyToes4u: calls $3
*** TURN *** [Jc Kc Qd] [3c]
yayaya: bets $6
SmellyToes4u: folds
Uncalled bet ($6) returned to yayaya
yayaya collected $23.52 from pot
yayaya: doesn't show hand
*** SUMMARY ***
Total pot $24 | Rake $0.48
Board [Jc Kc Qd 3c]
Seat 4: yayaya (big blind) collected ($23.52)
Seat 10: SmellyToes4u (button) (small blind) folded on the Turn


PokerStars Hand #147492154924:  Hold'em Limit ($3/$6 USD) - 2016/01/22 14:17:35 ET
Table 'Industria II' 10-max Seat #10 is the button
Seat 4: yayaya ($94.66 in chips)
Seat 10: SmellyToes4u ($125.22 in chips)
SmellyToes4u: posts small blind $1
yayaya: posts big blind $3
*** HOLE CARDS ***
SmellyToes4u: raises $3 to $6
yayaya: calls $3
*** FLOP *** [2c Ad 6c]
yayaya: checks
SmellyToes4u: bets $3
yayaya: folds
Uncalled bet ($3) returned to SmellyToes4u
SmellyToes4u collected $11.76 from pot
SmellyToes4u: doesn't show hand
*** SUMMARY ***
Total pot $12 | Rake $0.24
Board [2c Ad 6c]
Seat 4: yayaya (big blind) folded on the Flop
Seat 10: SmellyToes4u (button) (small blind) collected ($11.76)


PokerStars Hand #147492177712:  Hold'em Limit ($3/$6 USD) - 2016/01/22 14:17:59 ET
Table 'Industria II' 10-max Seat #10 is the button
Seat 4: yayaya ($94.42 in chips)
Seat 10: SmellyToes4u ($124.98 in chips)
SmellyToes4u: posts small blind $1
yayaya: posts big blind $3
*** HOLE CARDS ***
SmellyToes4u: raises $3 to $6
yayaya: folds
Uncalled bet ($3) returned to SmellyToes4u
SmellyToes4u collected $6 from pot
SmellyToes4u: doesn't show hand
*** SUMMARY ***
Total pot $6 | Rake $0
Seat 4: yayaya (big blind) folded before Flop
Seat 10: SmellyToes4u (button) (small blind) collected ($6)


PokerStars Hand #147492166536:  Hold'em Limit ($3/$6 USD) - 2016/01/22 14:17:47 ET
Table 'Industria II' 10-max Seat #4 is the button
Seat 4: yayaya ($88.66 in chips)
Seat 10: SmellyToes4u ($130.98 in chips)
yayaya: posts small blind $1
SmellyToes4u: posts big blind $3
*** HOLE CARDS ***
yayaya: raises $3 to $6
SmellyToes4u: calls $3
*** FLOP *** [Ks 6d Ac]
SmellyToes4u: checks
yayaya: bets $3
SmellyToes4u: folds
Uncalled bet ($3) returned to yayaya
yayaya collected $11.76 from pot
yayaya: doesn't show hand
*** SUMMARY ***
Total pot $12 | Rake $0.24
Board [Ks 6d Ac]
Seat 4: yayaya (button) (small blind) collected ($11.76)
Seat 10: SmellyToes4u (big blind) folded on the Flop


PokerStars Hand #147492183486:  Hold'em Limit ($3/$6 USD) - 2016/01/22 14:18:05 ET
Table 'Industria II' 10-max Seat #4 is the button
Seat 4: yayaya ($91.42 in chips)
Seat 10: SmellyToes4u ($127.98 in chips)
yayaya: posts small blind $1
SmellyToes4u: posts big blind $3
*** HOLE CARDS ***
yayaya: folds
Uncalled bet ($2) returned to SmellyToes4u
SmellyToes4u collected $2 from pot
SmellyToes4u: doesn't show hand
*** SUMMARY ***
Total pot $2 | Rake $0
Seat 4: yayaya (button) (small blind) folded before Flop
Seat 10: SmellyToes4u (big blind) collected ($2)


PokerStars Hand #147492188510:  Hold'em Limit ($3/$6 USD) - 2016/01/22 14:18:10 ET
Table 'Industria II' 10-max Seat #10 is the button
Seat 4: yayaya ($90.42 in chips)
Seat 10: SmellyToes4u ($128.98 in chips)
SmellyToes4u: posts small blind $1
yayaya: posts big blind $3
*** HOLE CARDS ***
SmellyToes4u: folds
Uncalled bet ($2) returned to yayaya
yayaya collected $2 from pot
yayaya: doesn't show hand
*** SUMMARY ***
Total pot $2 | Rake $0
Seat 4: yayaya (big blind) collected ($2)
Seat 10: SmellyToes4u (button) (small blind) folded before Flop


PokerStars Hand #147492196740:  Hold'em Limit ($3/$6 USD) - 2016/01/22 14:18:18 ET
Table 'Industria II' 10-max Seat #4 is the button
Seat 4: yayaya ($91.42 in chips)
Seat 10: SmellyToes4u ($127.98 in chips)
yayaya: posts small blind $1
SmellyToes4u: posts big blind $3
*** HOLE CARDS ***
yayaya: raises $3 to $6
SmellyToes4u: calls $3
*** FLOP *** [7c 5h 2s]
SmellyToes4u: checks
yayaya: bets $3
SmellyToes4u: raises $3 to $6
yayaya: calls $3
*** TURN *** [7c 5h 2s] [Qh]
SmellyToes4u: bets $6
yayaya: calls $6
*** RIVER *** [7c 5h 2s Qh] [9c]
SmellyToes4u: bets $6
yayaya: calls $6
*** SHOW DOWN ***
SmellyToes4u: shows [Jc 5s] (a pair of Fives)
yayaya: mucks hand
SmellyToes4u collected $47.50 from pot
*** SUMMARY ***
Total pot $48 | Rake $0.50
Board [7c 5h 2s Qh 9c]
Seat 4: yayaya (button) (small blind) mucked
Seat 10: SmellyToes4u (big blind) showed [Jc 5s] and won ($47.50) with a pair of Fives


PokerStars Hand #147492218559:  Hold'em Limit ($3/$6 USD) - 2016/01/22 14:18:40 ET
Table 'Industria II' 10-max Seat #4 is the button
Seat 4: yayaya ($68.42 in chips)
Seat 10: SmellyToes4u ($150.48 in chips)
yayaya: posts small blind $1
SmellyToes4u: posts big blind $3
*** HOLE CARDS ***
yayaya: folds
Uncalled bet ($2) returned to SmellyToes4u
SmellyToes4u collected $2 from pot
SmellyToes4u: doesn't show hand
*** SUMMARY ***
Total pot $2 | Rake $0
Seat 4: yayaya (button) (small blind) folded before Flop
Seat 10: SmellyToes4u (big blind) collected ($2)


PokerStars Hand #147492214069:  Hold'em Limit ($3/$6 USD) - 2016/01/22 14:18:36 ET
Table 'Industria II' 10-max Seat #10 is the button
Seat 4: yayaya ($67.42 in chips)
Seat 10: SmellyToes4u ($151.48 in chips)
SmellyToes4u: posts small blind $1
yayaya: posts big blind $3
*** HOLE CARDS ***
SmellyToes4u: folds
Uncalled bet ($2) returned to yayaya
yayaya collected $2 from pot
yayaya: doesn't show hand
*** SUMMARY ***
Total pot $2 | Rake $0
Seat 4: yayaya (big blind) collected ($2)
Seat 10: SmellyToes4u (button) (small blind) folded before Flop


PokerStars Hand #147492222812:  Hold'em Limit ($3/$6 USD) - 2016/01/22 14:18:44 ET
Table 'Industria II' 10-max Seat #10 is the button
Seat 4: yayaya ($67.42 in chips)
Seat 10: SmellyToes4u ($151.48 in chips)
SmellyToes4u: posts small blind $1
yayaya: posts big blind $3
*** HOLE CARDS ***
SmellyToes4u: folds
Uncalled bet ($2) returned to yayaya
yayaya collected $2 from pot
yayaya: doesn't show hand
*** SUMMARY ***
Total pot $2 | Rake $0
Seat 4: yayaya (big blind) collected ($2)
Seat 10: SmellyToes4u (button) (small blind) folded before Flop


PokerStars Hand #147492227339:  Hold'em Limit ($3/$6 USD) - 2016/01/22 14:18:49 ET
Table 'Industria II' 10-max Seat #4 is the button
Seat 4: yayaya ($68.42 in chips)
Seat 10: SmellyToes4u ($150.48 in chips)
yayaya: posts small blind $1
SmellyToes4u: posts big blind $3
*** HOLE CARDS ***
yayaya: raises $3 to $6
SmellyToes4u: calls $3
*** FLOP *** [4c 6d 4s]
SmellyToes4u: checks
yayaya: bets $3
SmellyToes4u: raises $3 to $6
yayaya: calls $3
*** TURN *** [4c 6d 4s] [Tc]
SmellyToes4u: bets $6
yayaya: calls $6
*** RIVER *** [4c 6d 4s Tc] [2d]
SmellyToes4u: bets $6
yayaya: calls $6
*** SHOW DOWN ***
SmellyToes4u: shows [5c 6s] (two pair, Sixes and Fours)
yayaya: mucks hand
SmellyToes4u collected $47.50 from pot
*** SUMMARY ***
Total pot $48 | Rake $0.50
Board [4c 6d 4s Tc 2d]
Seat 4: yayaya (button) (small blind) mucked
Seat 10: SmellyToes4u (big blind) showed [5c 6s] and won ($47.50) with two pair, Sixes and Fours


PokerStars Hand #147492242203:  Hold'em Limit ($3/$6 USD) - 2016/01/22 14:19:04 ET
Table 'Industria II' 10-max Seat #10 is the button
Seat 4: yayaya ($44.42 in chips)
Seat 10: SmellyToes4u ($173.98 in chips)
SmellyToes4u: posts small blind $1
yayaya: posts big blind $3
*** HOLE CARDS ***
SmellyToes4u: raises $3 to $6
yayaya: folds
Uncalled bet ($3) returned to SmellyToes4u
SmellyToes4u collected $6 from pot
SmellyToes4u: doesn't show hand
*** SUMMARY ***
Total pot $6 | Rake $0
Seat 4: yayaya (big blind) folded before Flop
Seat 10: SmellyToes4u (button) (small blind) collected ($6)


PokerStars Hand #147492248575:  Hold'em Limit ($3/$6 USD) - 2016/01/22 14:19:10 ET
Table 'Industria II' 10-max Seat #4 is the button
Seat 4: yayaya ($41.42 in chips)
Seat 10: SmellyToes4u ($176.98 in chips)
yayaya: posts small blind $1
SmellyToes4u: posts big blind $3
*** HOLE CARDS ***
yayaya: raises $3 to $6
SmellyToes4u: calls $3
*** FLOP *** [9c 8s 7d]
SmellyToes4u: checks
yayaya: checks
*** TURN *** [9c 8s 7d] [Jd]
SmellyToes4u: bets $6
yayaya: calls $6
*** RIVER *** [9c 8s 7d Jd] [8d]
SmellyToes4u: checks
yayaya: checks
*** SHOW DOWN ***
SmellyToes4u: shows [2d 2h] (two pair, Eights and Deuces)
yayaya: mucks hand
SmellyToes4u collected $23.52 from pot
*** SUMMARY ***
Total pot $24 | Rake $0.48
Board [9c 8s 7d Jd 8d]
Seat 4: yayaya (button) (small blind) mucked
Seat 10: SmellyToes4u (big blind) showed [2d 2h] and won ($23.52) with two pair, Eights and Deuces


PokerStars Hand #147492261951:  Hold'em Limit ($3/$6 USD) - 2016/01/22 14:19:24 ET
Table 'Industria II' 10-max Seat #10 is the button
Seat 4: yayaya ($29.42 in chips)
Seat 10: SmellyToes4u ($188.50 in chips)
SmellyToes4u: posts small blind $1
yayaya: posts big blind $3
*** HOLE CARDS ***
SmellyToes4u: raises $3 to $6
yayaya: raises $3 to $9
SmellyToes4u: calls $3
*** FLOP *** [7h 4c 4s]
yayaya: bets $3
SmellyToes4u: calls $3
*** TURN *** [7h 4c 4s] [Th]
yayaya: bets $6
SmellyToes4u: folds
Uncalled bet ($6) returned to yayaya
yayaya collected $23.52 from pot
yayaya: doesn't show hand
*** SUMMARY ***
Total pot $24 | Rake $0.48
Board [7h 4c 4s Th]
Seat 4: yayaya (big blind) collected ($23.52)
Seat 10: SmellyToes4u (button) (small blind) folded on the Turn


PokerStars Hand #147492272513:  Hold'em Limit ($3/$6 USD) - 2016/01/22 14:19:35 ET
Table 'Industria II' 10-max Seat #4 is the button
Seat 4: yayaya ($40.94 in chips)
Seat 10: SmellyToes4u ($176.50 in chips)
yayaya: posts small blind $1
SmellyToes4u: posts big blind $3
*** HOLE CARDS ***
yayaya: folds
Uncalled bet ($2) returned to SmellyToes4u
SmellyToes4u collected $2 from pot
SmellyToes4u: doesn't show hand
*** SUMMARY ***
Total pot $2 | Rake $0
Seat 4: yayaya (button) (small blind) folded before Flop
Seat 10: SmellyToes4u (big blind) collected ($2)


PokerStars Hand #147492286101:  Hold'em Limit ($3/$6 USD) - 2016/01/22 14:19:49 ET
Table 'Industria II' 10-max Seat #4 is the button
Seat 4: yayaya ($33.94 in chips)
Seat 10: SmellyToes4u ($183.26 in chips)
yayaya: posts small blind $1
SmellyToes4u: posts big blind $3
*** HOLE CARDS ***
yayaya: raises $3 to $6
SmellyToes4u: calls $3
*** FLOP *** [2c 7d 2s]
SmellyToes4u: checks
yayaya: bets $3
SmellyToes4u: folds
Uncalled bet ($3) returned to yayaya
yayaya collected $11.76 from pot
yayaya: doesn't show hand
*** SUMMARY ***
Total pot $12 | Rake $0.24
Board [2c 7d 2s]
Seat 4: yayaya (button) (small blind) collected ($11.76)
Seat 10: SmellyToes4u (big blind) folded on the Flop


PokerStars Hand #147492277703:  Hold'em Limit ($3/$6 USD) - 2016/01/22 14:19:40 ET
Table 'Industria II' 10-max Seat #10 is the button
Seat 4: yayaya ($39.94 in chips)
Seat 10: SmellyToes4u ($177.50 in chips)
SmellyToes4u: posts small blind $1
yayaya: posts big blind $3
*** HOLE CARDS ***
SmellyToes4u: raises $3 to $6
yayaya: calls $3
*** FLOP *** [7d Ts 9c]
yayaya: checks
SmellyToes4u: bets $3
yayaya: folds
Uncalled bet ($3) returned to SmellyToes4u
SmellyToes4u collected $11.76 from pot
SmellyToes4u: doesn't show hand
*** SUMMARY ***
Total pot $12 | Rake $0.24
Board [7d Ts 9c]
Seat 4: yayaya (big blind) folded on the Flop
Seat 10: SmellyToes4u (button) (small blind) collected ($11.76)


PokerStars Hand #147492294291:  Hold'em Limit ($3/$6 USD) - 2016/01/22 14:19:57 ET
Table 'Industria II' 10-max Seat #10 is the button
Seat 4: yayaya ($39.70 in chips)
Seat 10: SmellyToes4u ($177.26 in chips)
SmellyToes4u: posts small blind $1
yayaya: posts big blind $3
*** HOLE CARDS ***
SmellyToes4u: raises $3 to $6
yayaya: raises $3 to $9
SmellyToes4u: calls $3
*** FLOP *** [9h Ad 3h]
yayaya: bets $3
SmellyToes4u: calls $3
*** TURN *** [9h Ad 3h] [Kc]
yayaya: checks
SmellyToes4u: checks
*** RIVER *** [9h Ad 3h Kc] [4d]
yayaya: bets $6
SmellyToes4u: folds
Uncalled bet ($6) returned to yayaya
yayaya collected $23.52 from pot
yayaya: doesn't show hand
*** SUMMARY ***
Total pot $24 | Rake $0.48
Board [9h Ad 3h Kc 4d]
Seat 4: yayaya (big blind) collected ($23.52)
Seat 10: SmellyToes4u (button) (small blind) folded on the River


PokerStars Hand #147492308483:  Hold'em Limit ($3/$6 USD) - 2016/01/22 14:20:11 ET
Table 'Industria II' 10-max Seat #4 is the button
Seat 4: yayaya ($51.22 in chips)
Seat 10: SmellyToes4u ($165.26 in chips)
yayaya: posts small blind $1
SmellyToes4u: posts big blind $3
*** HOLE CARDS ***
yayaya: raises $3 to $6
SmellyToes4u: calls $3
*** FLOP *** [2d 6h 5c]
SmellyToes4u: checks
yayaya: bets $3
SmellyToes4u: raises $3 to $6
yayaya: raises $3 to $9
SmellyToes4u: calls $3
*** TURN *** [2d 6h 5c] [Ah]
SmellyToes4u: checks
yayaya: bets $6
SmellyToes4u: calls $6
*** RIVER *** [2d 6h 5c Ah] [As]
SmellyToes4u: checks
yayaya: bets $6
SmellyToes4u: folds
Uncalled bet ($6) returned to yayaya
yayaya collected $41.50 from pot
yayaya: doesn't show hand
*** SUMMARY ***
Total pot $42 | Rake $0.50
Board [2d 6h 5c Ah As]
Seat 4: yayaya (button) (small blind) collected ($41.50)
Seat 10: SmellyToes4u (big blind) folded on the River


PokerStars Hand #147492328426:  Hold'em Limit ($3/$6 USD) - 2016/01/22 14:20:32 ET
Table 'Industria II' 10-max Seat #10 is the button
Seat 4: yayaya ($71.72 in chips)
Seat 10: SmellyToes4u ($144.26 in chips)
SmellyToes4u: posts small blind $1
yayaya: posts big blind $3
*** HOLE CARDS ***
SmellyToes4u: raises $3 to $6
yayaya: folds
Uncalled bet ($3) returned to SmellyToes4u
SmellyToes4u collected $6 from pot
SmellyToes4u: doesn't show hand
*** SUMMARY ***
Total pot $6 | Rake $0
Seat 4: yayaya (big blind) folded before Flop
Seat 10: SmellyToes4u (button) (small blind) collected ($6)


PokerStars Hand #147492336045:  Hold'em Limit ($3/$6 USD) - 2016/01/22 14:20:39 ET
Table 'Industria II' 10-max Seat #4 is the button
Seat 4: yayaya ($68.72 in chips)
Seat 10: SmellyToes4u ($147.26 in chips)
yayaya: posts small blind $1
SmellyToes4u: posts big blind $3
*** HOLE CARDS ***
yayaya: raises $3 to $6
SmellyToes4u: calls $3
*** FLOP *** [Ks 6d 4h]
SmellyToes4u: checks
yayaya: bets $3
SmellyToes4u: raises $3 to $6
yayaya: raises $3 to $9
SmellyToes4u: calls $3
*** TURN *** [Ks 6d 4h] [Th]
SmellyToes4u: checks
yayaya: bets $6
SmellyToes4u: calls $6
*** RIVER *** [Ks 6d 4h Th] [Ts]
SmellyToes4u: checks
yayaya: bets $6
SmellyToes4u: folds
Uncalled bet ($6) returned to yayaya
yayaya collected $41.50 from pot
yayaya: doesn't show hand
*** SUMMARY ***
Total pot $42 | Rake $0.50
Board [Ks 6d 4h Th Ts]
Seat 4: yayaya (button) (small blind) collected ($41.50)
Seat 10: SmellyToes4u (big blind) folded on the River


PokerStars Hand #147492375748:  Hold'em Limit ($3/$6 USD) - 2016/01/22 14:21:20 ET
Table 'Industria II' 10-max Seat #10 is the button
Seat 4: yayaya ($89.22 in chips)
Seat 10: SmellyToes4u ($126.26 in chips)
SmellyToes4u: posts small blind $1
yayaya: posts big blind $3
*** HOLE CARDS ***
SmellyToes4u: raises $3 to $6
yayaya: raises $3 to $9
SmellyToes4u: calls $3
*** FLOP *** [2s Qs 8c]
yayaya: bets $3
SmellyToes4u: calls $3
*** TURN *** [2s Qs 8c] [3c]
yayaya: bets $6
SmellyToes4u: raises $6 to $12
yayaya: folds
Uncalled bet ($6) returned to SmellyToes4u
SmellyToes4u collected $35.50 from pot
SmellyToes4u: doesn't show hand
*** SUMMARY ***
Total pot $36 | Rake $0.50
Board [2s Qs 8c 3c]
Seat 4: yayaya (big blind) folded on the Turn
Seat 10: SmellyToes4u (button) (small blind) collected ($35.50)


PokerStars Hand #147492390391:  Hold'em Limit ($3/$6 USD) - 2016/01/22 14:21:35 ET
Table 'Industria II' 10-max Seat #4 is the button
Seat 4: yayaya ($71.22 in chips)
Seat 10: SmellyToes4u ($143.76 in chips)
yayaya: posts small blind $1
SmellyToes4u: posts big blind $3
*** HOLE CARDS ***
yayaya: raises $3 to $6
SmellyToes4u: calls $3
*** FLOP *** [Qc 8d 2d]
SmellyToes4u: checks
yayaya: checks
*** TURN *** [Qc 8d 2d] [Kd]
SmellyToes4u: bets $6
yayaya: folds
Uncalled bet ($6) returned to SmellyToes4u
SmellyToes4u collected $11.76 from pot
SmellyToes4u: doesn't show hand
*** SUMMARY ***
Total pot $12 | Rake $0.24
Board [Qc 8d 2d Kd]
Seat 4: yayaya (button) (small blind) folded on the Turn
Seat 10: SmellyToes4u (big blind) collected ($11.76)


PokerStars Hand #147492401693:  Hold'em Limit ($3/$6 USD) - 2016/01/22 14:21:46 ET
Table 'Industria II' 10-max Seat #10 is the button
Seat 4: yayaya ($65.22 in chips)
Seat 10: SmellyToes4u ($149.52 in chips)
SmellyToes4u: posts small blind $1
yayaya: posts big blind $3
*** HOLE CARDS ***
SmellyToes4u: folds
Uncalled bet ($2) returned to yayaya
yayaya collected $2 from pot
yayaya: doesn't show hand
*** SUMMARY ***
Total pot $2 | Rake $0
Seat 4: yayaya (big blind) collected ($2)
Seat 10: SmellyToes4u (button) (small blind) folded before Flop


PokerStars Hand #147492405742:  Hold'em Limit ($3/$6 USD) - 2016/01/22 14:21:50 ET
Table 'Industria II' 10-max Seat #4 is the button
Seat 4: yayaya ($66.22 in chips)
Seat 10: SmellyToes4u ($148.52 in chips)
yayaya: posts small blind $1
SmellyToes4u: posts big blind $3
*** HOLE CARDS ***
yayaya: raises $3 to $6
SmellyToes4u: calls $3
*** FLOP *** [6c 4c 2d]
SmellyToes4u: checks
yayaya: bets $3
SmellyToes4u: calls $3
*** TURN *** [6c 4c 2d] [3d]
SmellyToes4u: checks
yayaya: bets $6
SmellyToes4u: folds
Uncalled bet ($6) returned to yayaya
yayaya collected $17.64 from pot
yayaya: doesn't show hand
*** SUMMARY ***
Total pot $18 | Rake $0.36
Board [6c 4c 2d 3d]
Seat 4: yayaya (button) (small blind) collected ($17.64)
Seat 10: SmellyToes4u (big blind) folded on the Turn


PokerStars Hand #147492426737:  Hold'em Limit ($3/$6 USD) - 2016/01/22 14:22:11 ET
Table 'Industria II' 10-max Seat #10 is the button
Seat 4: yayaya ($74.86 in chips)
Seat 10: SmellyToes4u ($139.52 in chips)
SmellyToes4u: posts small blind $1
yayaya: posts big blind $3
*** HOLE CARDS ***
SmellyToes4u: raises $3 to $6
yayaya: calls $3
*** FLOP *** [4h Tc Ks]
yayaya: checks
SmellyToes4u: bets $3
yayaya: calls $3
*** TURN *** [4h Tc Ks] [Jh]
yayaya: checks
SmellyToes4u: checks
*** RIVER *** [4h Tc Ks Jh] [Jd]
yayaya: checks
SmellyToes4u: checks
*** SHOW DOWN ***
yayaya: shows [2c Ah] (a pair of Jacks)
SmellyToes4u: mucks hand
yayaya collected $17.64 from pot
*** SUMMARY ***
Total pot $18 | Rake $0.36
Board [4h Tc Ks Jh Jd]
Seat 4: yayaya (big blind) showed [2c Ah] and won ($17.64) with a pair of Jacks
Seat 10: SmellyToes4u (button) (small blind) mucked


PokerStars Hand #147492442730:  Hold'em Limit ($3/$6 USD) - 2016/01/22 14:22:28 ET
Table 'Industria II' 10-max Seat #4 is the button
Seat 4: yayaya ($83.50 in chips)
Seat 10: SmellyToes4u ($130.52 in chips)
yayaya: posts small blind $1
SmellyToes4u: posts big blind $3
*** HOLE CARDS ***
yayaya: folds
Uncalled bet ($2) returned to SmellyToes4u
SmellyToes4u collected $2 from pot
SmellyToes4u: doesn't show hand
*** SUMMARY ***
Total pot $2 | Rake $0
Seat 4: yayaya (button) (small blind) folded before Flop
Seat 10: SmellyToes4u (big blind) collected ($2)


PokerStars Hand #147492496327:  Hold'em Limit ($3/$6 USD) - 2016/01/22 14:23:22 ET
Table 'Industria II' 10-max Seat #10 is the button
Seat 4: yayaya ($67.02 in chips)
Seat 10: SmellyToes4u ($146.02 in chips)
SmellyToes4u: posts small blind $1
yayaya: posts big blind $3
*** HOLE CARDS ***
SmellyToes4u: raises $3 to $6
yayaya: folds
Uncalled bet ($3) returned to SmellyToes4u
SmellyToes4u collected $6 from pot
SmellyToes4u: doesn't show hand
*** SUMMARY ***
Total pot $6 | Rake $0
Seat 4: yayaya (big blind) folded before Flop
Seat 10: SmellyToes4u (button) (small blind) collected ($6)


PokerStars Hand #147492467783:  Hold'em Limit ($3/$6 USD) - 2016/01/22 14:22:53 ET
Table 'Industria II' 10-max Seat #4 is the button
Seat 4: yayaya ($94.02 in chips)
Seat 10: SmellyToes4u ($119.52 in chips)
yayaya: posts small blind $1
SmellyToes4u: posts big blind $3
*** HOLE CARDS ***
yayaya: raises $3 to $6
SmellyToes4u: calls $3
*** FLOP *** [2c Qs 9s]
SmellyToes4u: checks
yayaya: bets $3
SmellyToes4u: calls $3
*** TURN *** [2c Qs 9s] [As]
SmellyToes4u: checks
yayaya: bets $6
SmellyToes4u: raises $6 to $12
yayaya: calls $6
*** RIVER *** [2c Qs 9s As] [8c]
SmellyToes4u: bets $6
yayaya: calls $6
*** SHOW DOWN ***
SmellyToes4u: shows [Ad Js] (a pair of Aces)
yayaya: mucks hand
SmellyToes4u collected $53.50 from pot
*** SUMMARY ***
Total pot $54 | Rake $0.50
Board [2c Qs 9s As 8c]
Seat 4: yayaya (button) (small blind) mucked
Seat 10: SmellyToes4u (big blind) showed [Ad Js] and won ($53.50) with a pair of Aces


PokerStars Hand #147492502771:  Hold'em Limit ($3/$6 USD) - 2016/01/22 14:23:28 ET
Table 'Industria II' 10-max Seat #4 is the button
Seat 4: yayaya ($64.02 in chips)
Seat 10: SmellyToes4u ($149.02 in chips)
yayaya: posts small blind $1
SmellyToes4u: posts big blind $3
*** HOLE CARDS ***
yayaya: raises $3 to $6
SmellyToes4u: calls $3
*** FLOP *** [As 2s Qc]
SmellyToes4u: checks
yayaya: bets $3
SmellyToes4u: folds
Uncalled bet ($3) returned to yayaya
yayaya collected $11.76 from pot
yayaya: doesn't show hand
*** SUMMARY ***
Total pot $12 | Rake $0.24
Board [As 2s Qc]
Seat 4: yayaya (button) (small blind) collected ($11.76)
Seat 10: SmellyToes4u (big blind) folded on the Flop


PokerStars Hand #147492527025:  Hold'em Limit ($3/$6 USD) - 2016/01/22 14:23:53 ET
Table 'Industria II' 10-max Seat #4 is the button
Seat 4: yayaya ($96.28 in chips)
Seat 10: SmellyToes4u ($116.02 in chips)
yayaya: posts small blind $1
SmellyToes4u: posts big blind $3
*** HOLE CARDS ***
yayaya: folds
Uncalled bet ($2) returned to SmellyToes4u
SmellyToes4u collected $2 from pot
SmellyToes4u: doesn't show hand
*** SUMMARY ***
Total pot $2 | Rake $0
Seat 4: yayaya (button) (small blind) folded before Flop
Seat 10: SmellyToes4u (big blind) collected ($2)


PokerStars Hand #147492510663:  Hold'em Limit ($3/$6 USD) - 2016/01/22 14:23:36 ET
Table 'Industria II' 10-max Seat #10 is the button
Seat 4: yayaya ($69.78 in chips)
Seat 10: SmellyToes4u ($143.02 in chips)
SmellyToes4u: posts small blind $1
yayaya: posts big blind $3
*** HOLE CARDS ***
SmellyToes4u: raises $3 to $6
yayaya: calls $3
*** FLOP *** [7c Qs 9s]
yayaya: checks
SmellyToes4u: bets $3
yayaya: calls $3
*** TURN *** [7c Qs 9s] [Qc]
yayaya: checks
SmellyToes4u: bets $6
yayaya: raises $6 to $12
SmellyToes4u: raises $6 to $18
yayaya: calls $6
*** RIVER *** [7c Qs 9s Qc] [4h]
yayaya: checks
SmellyToes4u: checks
*** SHOW DOWN ***
yayaya: shows [Kc 5c] (a pair of Queens)
SmellyToes4u: mucks hand
yayaya collected $53.50 from pot
*** SUMMARY ***
Total pot $54 | Rake $0.50
Board [7c Qs 9s Qc 4h]
Seat 4: yayaya (big blind) showed [Kc 5c] and won ($53.50) with a pair of Queens
Seat 10: SmellyToes4u (button) (small blind) mucked


PokerStars Hand #147492536786:  Hold'em Limit ($3/$6 USD) - 2016/01/22 14:24:03 ET
Table 'Industria II' 10-max Seat #4 is the button
Seat 4: yayaya ($92.28 in chips)
Seat 10: SmellyToes4u ($120.02 in chips)
yayaya: posts small blind $1
SmellyToes4u: posts big blind $3
*** HOLE CARDS ***
yayaya: folds
Uncalled bet ($2) returned to SmellyToes4u
SmellyToes4u collected $2 from pot
SmellyToes4u: doesn't show hand
*** SUMMARY ***
Total pot $2 | Rake $0
Seat 4: yayaya (button) (small blind) folded before Flop
Seat 10: SmellyToes4u (big blind) collected ($2)


PokerStars Hand #147492531861:  Hold'em Limit ($3/$6 USD) - 2016/01/22 14:23:57 ET
Table 'Industria II' 10-max Seat #10 is the button
Seat 4: yayaya ($95.28 in chips)
Seat 10: SmellyToes4u ($117.02 in chips)
SmellyToes4u: posts small blind $1
yayaya: posts big blind $3
*** HOLE CARDS ***
SmellyToes4u: raises $3 to $6
yayaya: folds
Uncalled bet ($3) returned to SmellyToes4u
SmellyToes4u collected $6 from pot
SmellyToes4u: doesn't show hand
*** SUMMARY ***
Total pot $6 | Rake $0
Seat 4: yayaya (big blind) folded before Flop
Seat 10: SmellyToes4u (button) (small blind) collected ($6)


PokerStars Hand #147492541424:  Hold'em Limit ($3/$6 USD) - 2016/01/22 14:24:07 ET
Table 'Industria II' 10-max Seat #10 is the button
Seat 4: yayaya ($91.28 in chips)
Seat 10: SmellyToes4u ($121.02 in chips)
SmellyToes4u: posts small blind $1
yayaya: posts big blind $3
*** HOLE CARDS ***
SmellyToes4u: raises $3 to $6
yayaya: calls $3
*** FLOP *** [3s 2c Tc]
yayaya: checks
SmellyToes4u: bets $3
yayaya: raises $3 to $6
SmellyToes4u: calls $3
*** TURN *** [3s 2c Tc] [As]
yayaya: bets $6
SmellyToes4u: calls $6
*** RIVER *** [3s 2c Tc As] [5d]
yayaya: checks
SmellyToes4u: bets $6
yayaya: calls $6
*** SHOW DOWN ***
SmellyToes4u: shows [4h 6d] (a straight, Deuce to Six)
yayaya: mucks hand
SmellyToes4u collected $47.50 from pot
*** SUMMARY ***
Total pot $48 | Rake $0.50
Board [3s 2c Tc As 5d]
Seat 4: yayaya (big blind) mucked
Seat 10: SmellyToes4u (button) (small blind) showed [4h 6d] and won ($47.50) with a straight, Deuce to Six


PokerStars Hand #147492560404:  Hold'em Limit ($3/$6 USD) - 2016/01/22 14:24:26 ET
Table 'Industria II' 10-max Seat #4 is the button
Seat 4: yayaya ($67.28 in chips)
Seat 10: SmellyToes4u ($144.52 in chips)
yayaya: posts small blind $1
SmellyToes4u: posts big blind $3
*** HOLE CARDS ***
yayaya: raises $3 to $6
SmellyToes4u: calls $3
*** FLOP *** [3d 5d 7h]
SmellyToes4u: checks
yayaya: bets $3
SmellyToes4u: folds
Uncalled bet ($3) returned to yayaya
yayaya collected $11.76 from pot
yayaya: doesn't show hand
*** SUMMARY ***
Total pot $12 | Rake $0.24
Board [3d 5d 7h]
Seat 4: yayaya (button) (small blind) collected ($11.76)
Seat 10: SmellyToes4u (big blind) folded on the Flop


PokerStars Hand #147492574007:  Hold'em Limit ($3/$6 USD) - 2016/01/22 14:24:40 ET
Table 'Industria II' 10-max Seat #4 is the button
Seat 4: yayaya ($74.04 in chips)
Seat 10: SmellyToes4u ($137.52 in chips)
yayaya: posts small blind $1
SmellyToes4u: posts big blind $3
*** HOLE CARDS ***
yayaya: raises $3 to $6
SmellyToes4u: calls $3
*** FLOP *** [5c 9d Kd]
SmellyToes4u: checks
yayaya: bets $3
SmellyToes4u: folds
Uncalled bet ($3) returned to yayaya
yayaya collected $11.76 from pot
yayaya: doesn't show hand
*** SUMMARY ***
Total pot $12 | Rake $0.24
Board [5c 9d Kd]
Seat 4: yayaya (button) (small blind) collected ($11.76)
Seat 10: SmellyToes4u (big blind) folded on the Flop


PokerStars Hand #147492569576:  Hold'em Limit ($3/$6 USD) - 2016/01/22 14:24:35 ET
Table 'Industria II' 10-max Seat #10 is the button
Seat 4: yayaya ($73.04 in chips)
Seat 10: SmellyToes4u ($138.52 in chips)
SmellyToes4u: posts small blind $1
yayaya: posts big blind $3
*** HOLE CARDS ***
SmellyToes4u: folds
Uncalled bet ($2) returned to yayaya
yayaya collected $2 from pot
yayaya: doesn't show hand
*** SUMMARY ***
Total pot $2 | Rake $0
Seat 4: yayaya (big blind) collected ($2)
Seat 10: SmellyToes4u (button) (small blind) folded before Flop


PokerStars Hand #147492582060:  Hold'em Limit ($3/$6 USD) - 2016/01/22 14:24:48 ET
Table 'Industria II' 10-max Seat #10 is the button
Seat 4: yayaya ($79.80 in chips)
Seat 10: SmellyToes4u ($131.52 in chips)
SmellyToes4u: posts small blind $1
yayaya: posts big blind $3
*** HOLE CARDS ***
SmellyToes4u: raises $3 to $6
yayaya: raises $3 to $9
SmellyToes4u: raises $3 to $12
Betting is capped
yayaya: calls $3
*** FLOP *** [Td Ac 8s]
yayaya: checks
SmellyToes4u: checks
*** TURN *** [Td Ac 8s] [2d]
yayaya: checks
SmellyToes4u: bets $6
yayaya: folds
Uncalled bet ($6) returned to SmellyToes4u
SmellyToes4u collected $23.52 from pot
SmellyToes4u: doesn't show hand
*** SUMMARY ***
Total pot $24 | Rake $0.48
Board [Td Ac 8s 2d]
Seat 4: yayaya (big blind) folded on the Turn
Seat 10: SmellyToes4u (button) (small blind) collected ($23.52)


PokerStars Hand #147492618548:  Hold'em Limit ($3/$6 USD) - 2016/01/22 14:25:25 ET
Table 'Industria II' 10-max Seat #4 is the button
Seat 4: yayaya ($92.30 in chips)
Seat 10: SmellyToes4u ($118.04 in chips)
yayaya: posts small blind $1
SmellyToes4u: posts big blind $3
*** HOLE CARDS ***
yayaya: folds
Uncalled bet ($2) returned to SmellyToes4u
SmellyToes4u collected $2 from pot
SmellyToes4u: doesn't show hand
*** SUMMARY ***
Total pot $2 | Rake $0
Seat 4: yayaya (button) (small blind) folded before Flop
Seat 10: SmellyToes4u (big blind) collected ($2)


PokerStars Hand #147492614263:  Hold'em Limit ($3/$6 USD) - 2016/01/22 14:25:20 ET
Table 'Industria II' 10-max Seat #10 is the button
Seat 4: yayaya ($91.30 in chips)
Seat 10: SmellyToes4u ($119.04 in chips)
SmellyToes4u: posts small blind $1
yayaya: posts big blind $3
*** HOLE CARDS ***
SmellyToes4u: folds
Uncalled bet ($2) returned to yayaya
yayaya collected $2 from pot
yayaya: doesn't show hand
*** SUMMARY ***
Total pot $2 | Rake $0
Seat 4: yayaya (big blind) collected ($2)
Seat 10: SmellyToes4u (button) (small blind) folded before Flop


PokerStars Hand #147492597341:  Hold'em Limit ($3/$6 USD) - 2016/01/22 14:25:03 ET
Table 'Industria II' 10-max Seat #4 is the button
Seat 4: yayaya ($67.80 in chips)
Seat 10: SmellyToes4u ($143.04 in chips)
yayaya: posts small blind $1
SmellyToes4u: posts big blind $3
*** HOLE CARDS ***
yayaya: raises $3 to $6
SmellyToes4u: calls $3
*** FLOP *** [9c Jc 4d]
SmellyToes4u: checks
yayaya: bets $3
SmellyToes4u: raises $3 to $6
yayaya: calls $3
*** TURN *** [9c Jc 4d] [3s]
SmellyToes4u: bets $6
yayaya: calls $6
*** RIVER *** [9c Jc 4d 3s] [4h]
SmellyToes4u: checks
yayaya: bets $6
SmellyToes4u: calls $6
*** SHOW DOWN ***
yayaya: shows [7s 4s] (three of a kind, Fours)
SmellyToes4u: mucks hand
yayaya collected $47.50 from pot
*** SUMMARY ***
Total pot $48 | Rake $0.50
Board [9c Jc 4d 3s 4h]
Seat 4: yayaya (button) (small blind) showed [7s 4s] and won ($47.50) with three of a kind, Fours
Seat 10: SmellyToes4u (big blind) mucked


PokerStars Hand #147492623948:  Hold'em Limit ($3/$6 USD) - 2016/01/22 14:25:30 ET
Table 'Industria II' 10-max Seat #10 is the button
Seat 4: yayaya ($91.30 in chips)
Seat 10: SmellyToes4u ($119.04 in chips)
SmellyToes4u: posts small blind $1
yayaya: posts big blind $3
*** HOLE CARDS ***
SmellyToes4u: raises $3 to $6
yayaya: calls $3
*** FLOP *** [Ts 8c 6s]
yayaya: checks
SmellyToes4u: bets $3
yayaya: folds
Uncalled bet ($3) returned to SmellyToes4u
SmellyToes4u collected $11.76 from pot
SmellyToes4u: doesn't show hand
*** SUMMARY ***
Total pot $12 | Rake $0.24
Board [Ts 8c 6s]
Seat 4: yayaya (big blind) folded on the Flop
Seat 10: SmellyToes4u (button) (small blind) collected ($11.76)


PokerStars Hand #147492634034:  Hold'em Limit ($3/$6 USD) - 2016/01/22 14:25:40 ET
Table 'Industria II' 10-max Seat #4 is the button
Seat 4: yayaya ($85.30 in chips)
Seat 10: SmellyToes4u ($124.80 in chips)
yayaya: posts small blind $1
SmellyToes4u: posts big blind $3
*** HOLE CARDS ***
yayaya: folds
Uncalled bet ($2) returned to SmellyToes4u
SmellyToes4u collected $2 from pot
SmellyToes4u: doesn't show hand
*** SUMMARY ***
Total pot $2 | Rake $0
Seat 4: yayaya (button) (small blind) folded before Flop
Seat 10: SmellyToes4u (big blind) collected ($2)


PokerStars Hand #147492644604:  Hold'em Limit ($3/$6 USD) - 2016/01/22 14:25:50 ET
Table 'Industria II' 10-max Seat #4 is the button
Seat 4: yayaya ($81.30 in chips)
Seat 10: SmellyToes4u ($128.80 in chips)
yayaya: posts small blind $1
SmellyToes4u: posts big blind $3
*** HOLE CARDS ***
yayaya: raises $3 to $6
SmellyToes4u: folds
Uncalled bet ($3) returned to yayaya
yayaya collected $6 from pot
yayaya: doesn't show hand
*** SUMMARY ***
Total pot $6 | Rake $0
Seat 4: yayaya (button) (small blind) collected ($6)
Seat 10: SmellyToes4u (big blind) folded before Flop


PokerStars Hand #147492639006:  Hold'em Limit ($3/$6 USD) - 2016/01/22 14:25:45 ET
Table 'Industria II' 10-max Seat #10 is the button
Seat 4: yayaya ($84.30 in chips)
Seat 10: SmellyToes4u ($125.80 in chips)
SmellyToes4u: posts small blind $1
yayaya: posts big blind $3
*** HOLE CARDS ***
SmellyToes4u: raises $3 to $6
yayaya: folds
Uncalled bet ($3) returned to SmellyToes4u
SmellyToes4u collected $6 from pot
SmellyToes4u: doesn't show hand
*** SUMMARY ***
Total pot $6 | Rake $0
Seat 4: yayaya (big blind) folded before Flop
Seat 10: SmellyToes4u (button) (small blind) collected ($6)


PokerStars Hand #147492650613:  Hold'em Limit ($3/$6 USD) - 2016/01/22 14:25:56 ET
Table 'Industria II' 10-max Seat #10 is the button
Seat 4: yayaya ($84.30 in chips)
Seat 10: SmellyToes4u ($125.80 in chips)
SmellyToes4u: posts small blind $1
yayaya: posts big blind $3
*** HOLE CARDS ***
SmellyToes4u: raises $3 to $6
yayaya: calls $3
*** FLOP *** [Qd 6d Js]
yayaya: checks
SmellyToes4u: bets $3
yayaya: folds
Uncalled bet ($3) returned to SmellyToes4u
SmellyToes4u collected $11.76 from pot
SmellyToes4u: doesn't show hand
*** SUMMARY ***
Total pot $12 | Rake $0.24
Board [Qd 6d Js]
Seat 4: yayaya (big blind) folded on the Flop
Seat 10: SmellyToes4u (button) (small blind) collected ($11.76)


PokerStars Hand #147492660869:  Hold'em Limit ($3/$6 USD) - 2016/01/22 14:26:06 ET
Table 'Industria II' 10-max Seat #4 is the button
Seat 4: yayaya ($78.30 in chips)
Seat 10: SmellyToes4u ($131.56 in chips)
yayaya: posts small blind $1
SmellyToes4u: posts big blind $3
*** HOLE CARDS ***
yayaya: raises $3 to $6
SmellyToes4u: calls $3
*** FLOP *** [Js Ad 8h]
SmellyToes4u: checks
yayaya: bets $3
SmellyToes4u: raises $3 to $6
yayaya: calls $3
*** TURN *** [Js Ad 8h] [Jh]
SmellyToes4u: bets $6
yayaya: calls $6
*** RIVER *** [Js Ad 8h Jh] [As]
SmellyToes4u: bets $6
yayaya: calls $6
*** SHOW DOWN ***
SmellyToes4u: shows [Ac 6h] (a full house, Aces full of Jacks)
yayaya: mucks hand
SmellyToes4u collected $47.50 from pot
*** SUMMARY ***
Total pot $48 | Rake $0.50
Board [Js Ad 8h Jh As]
Seat 4: yayaya (button) (small blind) mucked
Seat 10: SmellyToes4u (big blind) showed [Ac 6h] and won ($47.50) with a full house, Aces full of Jacks


PokerStars Hand #147492677340:  Hold'em Limit ($3/$6 USD) - 2016/01/22 14:26:23 ET
Table 'Industria II' 10-max Seat #10 is the button
Seat 4: yayaya ($54.30 in chips)
Seat 10: SmellyToes4u ($155.06 in chips)
SmellyToes4u: posts small blind $1
yayaya: posts big blind $3
*** HOLE CARDS ***
SmellyToes4u: raises $3 to $6
yayaya: raises $3 to $9
SmellyToes4u: calls $3
*** FLOP *** [8c 6d 3h]
yayaya: bets $3
SmellyToes4u: calls $3
*** TURN *** [8c 6d 3h] [4s]
yayaya: bets $6
SmellyToes4u: raises $6 to $12
yayaya: calls $6
*** RIVER *** [8c 6d 3h 4s] [Jd]
yayaya: checks
SmellyToes4u: checks
*** SHOW DOWN ***
yayaya: shows [7d Ac] (high card Ace)
SmellyToes4u: shows [6s Kh] (a pair of Sixes)
SmellyToes4u collected $47.50 from pot
*** SUMMARY ***
Total pot $48 | Rake $0.50
Board [8c 6d 3h 4s Jd]
Seat 4: yayaya (big blind) showed [7d Ac] and lost with high card Ace
Seat 10: SmellyToes4u (button) (small blind) showed [6s Kh] and won ($47.50) with a pair of Sixes


PokerStars Hand #147492697309:  Hold'em Limit ($3/$6 USD) - 2016/01/22 14:26:43 ET
Table 'Industria II' 10-max Seat #10 is the button
Seat 4: yayaya ($29.30 in chips)
Seat 10: SmellyToes4u ($179.56 in chips)
SmellyToes4u: posts small blind $1
yayaya: posts big blind $3
*** HOLE CARDS ***
SmellyToes4u: folds
Uncalled bet ($2) returned to yayaya
yayaya collected $2 from pot
yayaya: doesn't show hand
*** SUMMARY ***
Total pot $2 | Rake $0
Seat 4: yayaya (big blind) collected ($2)
Seat 10: SmellyToes4u (button) (small blind) folded before Flop


PokerStars Hand #147492692112:  Hold'em Limit ($3/$6 USD) - 2016/01/22 14:26:38 ET
Table 'Industria II' 10-max Seat #4 is the button
Seat 4: yayaya ($30.30 in chips)
Seat 10: SmellyToes4u ($178.56 in chips)
yayaya: posts small blind $1
SmellyToes4u: posts big blind $3
*** HOLE CARDS ***
yayaya: folds
Uncalled bet ($2) returned to SmellyToes4u
SmellyToes4u collected $2 from pot
SmellyToes4u: doesn't show hand
*** SUMMARY ***
Total pot $2 | Rake $0
Seat 4: yayaya (button) (small blind) folded before Flop
Seat 10: SmellyToes4u (big blind) collected ($2)


PokerStars Hand #147492706937:  Hold'em Limit ($3/$6 USD) - 2016/01/22 14:26:52 ET
Table 'Industria II' 10-max Seat #10 is the button
Seat 4: yayaya ($29.30 in chips)
Seat 10: SmellyToes4u ($179.56 in chips)
SmellyToes4u: posts small blind $1
yayaya: posts big blind $3
*** HOLE CARDS ***
SmellyToes4u: raises $3 to $6
yayaya: folds
Uncalled bet ($3) returned to SmellyToes4u
SmellyToes4u collected $6 from pot
SmellyToes4u: doesn't show hand
*** SUMMARY ***
Total pot $6 | Rake $0
Seat 4: yayaya (big blind) folded before Flop
Seat 10: SmellyToes4u (button) (small blind) collected ($6)


PokerStars Hand #147492702178:  Hold'em Limit ($3/$6 USD) - 2016/01/22 14:26:48 ET
Table 'Industria II' 10-max Seat #4 is the button
Seat 4: yayaya ($30.30 in chips)
Seat 10: SmellyToes4u ($178.56 in chips)
yayaya: posts small blind $1
SmellyToes4u: posts big blind $3
*** HOLE CARDS ***
yayaya: folds
Uncalled bet ($2) returned to SmellyToes4u
SmellyToes4u collected $2 from pot
SmellyToes4u: doesn't show hand
*** SUMMARY ***
Total pot $2 | Rake $0
Seat 4: yayaya (button) (small blind) folded before Flop
Seat 10: SmellyToes4u (big blind) collected ($2)


PokerStars Hand #147492712263:  Hold'em Limit ($3/$6 USD) - 2016/01/22 14:26:58 ET
Table 'Industria II' 10-max Seat #4 is the button
Seat 4: yayaya ($26.30 in chips)
Seat 10: SmellyToes4u ($182.56 in chips)
yayaya: posts small blind $1
SmellyToes4u: posts big blind $3
*** HOLE CARDS ***
yayaya: raises $3 to $6
SmellyToes4u: calls $3
*** FLOP *** [Tc Kd 8s]
SmellyToes4u: checks
yayaya: bets $3
SmellyToes4u: folds
Uncalled bet ($3) returned to yayaya
yayaya collected $11.76 from pot
yayaya: doesn't show hand
*** SUMMARY ***
Total pot $12 | Rake $0.24
Board [Tc Kd 8s]
Seat 4: yayaya (button) (small blind) collected ($11.76)
Seat 10: SmellyToes4u (big blind) folded on the Flop


PokerStars Hand #147492720705:  Hold'em Limit ($3/$6 USD) - 2016/01/22 14:27:06 ET
Table 'Industria II' 10-max Seat #10 is the button
Seat 4: yayaya ($32.06 in chips)
Seat 10: SmellyToes4u ($176.56 in chips)
SmellyToes4u: posts small blind $1
yayaya: posts big blind $3
*** HOLE CARDS ***
SmellyToes4u: raises $3 to $6
yayaya: folds
Uncalled bet ($3) returned to SmellyToes4u
SmellyToes4u collected $6 from pot
SmellyToes4u: doesn't show hand
*** SUMMARY ***
Total pot $6 | Rake $0
Seat 4: yayaya (big blind) folded before Flop
Seat 10: SmellyToes4u (button) (small blind) collected ($6)


PokerStars Hand #147492726395:  Hold'em Limit ($3/$6 USD) - 2016/01/22 14:27:12 ET
Table 'Industria II' 10-max Seat #4 is the button
Seat 4: yayaya ($29.06 in chips)
Seat 10: SmellyToes4u ($179.56 in chips)
yayaya: posts small blind $1
SmellyToes4u: posts big blind $3
*** HOLE CARDS ***
yayaya: raises $3 to $6
SmellyToes4u: calls $3
*** FLOP *** [Ad 9h 8s]
SmellyToes4u: checks
yayaya: bets $3
SmellyToes4u: raises $3 to $6
yayaya: calls $3
*** TURN *** [Ad 9h 8s] [Qs]
SmellyToes4u: checks
yayaya: bets $6
SmellyToes4u: calls $6
*** RIVER *** [Ad 9h 8s Qs] [9c]
SmellyToes4u: bets $6
yayaya: folds
Uncalled bet ($6) returned to SmellyToes4u
SmellyToes4u collected $35.50 from pot
SmellyToes4u: doesn't show hand
*** SUMMARY ***
Total pot $36 | Rake $0.50
Board [Ad 9h 8s Qs 9c]
Seat 4: yayaya (button) (small blind) folded on the River
Seat 10: SmellyToes4u (big blind) collected ($35.50)


PokerStars Hand #147492771575:  Hold'em Limit ($3/$6 USD) - 2016/01/22 14:27:57 ET
Table 'Industria II' 10-max Seat #4 is the button
Seat 4: yayaya ($97.44 in chips)
Seat 10: SmellyToes4u ($186 in chips)
yayaya: posts small blind $1
SmellyToes4u: posts big blind $3
*** HOLE CARDS ***
yayaya: folds
Uncalled bet ($2) returned to SmellyToes4u
SmellyToes4u collected $2 from pot
SmellyToes4u: doesn't show hand
*** SUMMARY ***
Total pot $2 | Rake $0
Seat 4: yayaya (button) (small blind) folded before Flop
Seat 10: SmellyToes4u (big blind) collected ($2)


PokerStars Hand #147492750970:  Hold'em Limit ($3/$6 USD) - 2016/01/22 14:27:37 ET
Table 'Industria II' 10-max Seat #10 is the button
Seat 4: yayaya ($11.06 in chips)
Seat 10: SmellyToes4u ($197.06 in chips)
SmellyToes4u: posts small blind $1
yayaya: posts big blind $3
*** HOLE CARDS ***
SmellyToes4u: raises $3 to $6
yayaya: raises $3 to $9
SmellyToes4u: raises $3 to $12
Betting is capped
yayaya: calls $2.06 and is all-in
Uncalled bet ($0.94) returned to SmellyToes4u
*** FLOP *** [3c 4h 2s]
*** TURN *** [3c 4h 2s] [6c]
*** RIVER *** [3c 4h 2s 6c] [Kh]
*** SHOW DOWN ***
yayaya: shows [Qc 7c] (high card King)
SmellyToes4u: shows [Ts 8h] (high card King - lower kicker)
yayaya collected $21.68 from pot
*** SUMMARY ***
Total pot $22.12 | Rake $0.44
Board [3c 4h 2s 6c Kh]
Seat 4: yayaya (big blind) showed [Qc 7c] and won ($21.68) with high card King
Seat 10: SmellyToes4u (button) (small blind) showed [Ts 8h] and lost with high card King


PokerStars Hand #147492788585:  Hold'em Limit ($3/$6 USD) - 2016/01/22 14:28:14 ET
Table 'Industria II' 10-max Seat #4 is the button
Seat 4: yayaya ($107.96 in chips)
Seat 10: SmellyToes4u ($175 in chips)
yayaya: posts small blind $1
SmellyToes4u: posts big blind $3
*** HOLE CARDS ***
yayaya: folds
Uncalled bet ($2) returned to SmellyToes4u
SmellyToes4u collected $2 from pot
SmellyToes4u: doesn't show hand
*** SUMMARY ***
Total pot $2 | Rake $0
Seat 4: yayaya (button) (small blind) folded before Flop
Seat 10: SmellyToes4u (big blind) collected ($2)


PokerStars Hand #147492776373:  Hold'em Limit ($3/$6 USD) - 2016/01/22 14:28:02 ET
Table 'Industria II' 10-max Seat #10 is the button
Seat 4: yayaya ($96.44 in chips)
Seat 10: SmellyToes4u ($187 in chips)
SmellyToes4u: posts small blind $1
yayaya: posts big blind $3
*** HOLE CARDS ***
SmellyToes4u: raises $3 to $6
yayaya: raises $3 to $9
SmellyToes4u: calls $3
*** FLOP *** [Kh Ts 6d]
yayaya: bets $3
SmellyToes4u: calls $3
*** TURN *** [Kh Ts 6d] [2d]
yayaya: bets $6
SmellyToes4u: folds
Uncalled bet ($6) returned to yayaya
yayaya collected $23.52 from pot
yayaya: doesn't show hand
*** SUMMARY ***
Total pot $24 | Rake $0.48
Board [Kh Ts 6d 2d]
Seat 4: yayaya (big blind) collected ($23.52)
Seat 10: SmellyToes4u (button) (small blind) folded on the Turn


PokerStars Hand #147492801457:  Hold'em Limit ($3/$6 USD) - 2016/01/22 14:28:27 ET
Table 'Industria II' 10-max Seat #4 is the button
Seat 4: yayaya ($100.96 in chips)
Seat 10: SmellyToes4u ($181.76 in chips)
yayaya: posts small blind $1
SmellyToes4u: posts big blind $3
*** HOLE CARDS ***
yayaya: folds
Uncalled bet ($2) returned to SmellyToes4u
SmellyToes4u collected $2 from pot
SmellyToes4u: doesn't show hand
*** SUMMARY ***
Total pot $2 | Rake $0
Seat 4: yayaya (button) (small blind) folded before Flop
Seat 10: SmellyToes4u (big blind) collected ($2)


PokerStars Hand #147492793080:  Hold'em Limit ($3/$6 USD) - 2016/01/22 14:28:18 ET
Table 'Industria II' 10-max Seat #10 is the button
Seat 4: yayaya ($106.96 in chips)
Seat 10: SmellyToes4u ($176 in chips)
SmellyToes4u: posts small blind $1
yayaya: posts big blind $3
*** HOLE CARDS ***
SmellyToes4u: raises $3 to $6
yayaya: calls $3
*** FLOP *** [2h 8d 9c]
yayaya: checks
SmellyToes4u: bets $3
yayaya: folds
Uncalled bet ($3) returned to SmellyToes4u
SmellyToes4u collected $11.76 from pot
SmellyToes4u: doesn't show hand
*** SUMMARY ***
Total pot $12 | Rake $0.24
Board [2h 8d 9c]
Seat 4: yayaya (big blind) folded on the Flop
Seat 10: SmellyToes4u (button) (small blind) collected ($11.76)


PokerStars Hand #147492806090:  Hold'em Limit ($3/$6 USD) - 2016/01/22 14:28:32 ET
Table 'Industria II' 10-max Seat #10 is the button
Seat 4: yayaya ($99.96 in chips)
Seat 10: SmellyToes4u ($182.76 in chips)
SmellyToes4u: posts small blind $1
yayaya: posts big blind $3
*** HOLE CARDS ***
SmellyToes4u: raises $3 to $6
yayaya: calls $3
*** FLOP *** [9c 4d Ks]
yayaya: checks
SmellyToes4u: bets $3
yayaya: calls $3
*** TURN *** [9c 4d Ks] [Jc]
yayaya: checks
SmellyToes4u: bets $6
yayaya: folds
Uncalled bet ($6) returned to SmellyToes4u
SmellyToes4u collected $17.64 from pot
SmellyToes4u: doesn't show hand
*** SUMMARY ***
Total pot $18 | Rake $0.36
Board [9c 4d Ks Jc]
Seat 4: yayaya (big blind) folded on the Turn
Seat 10: SmellyToes4u (button) (small blind) collected ($17.64)


PokerStars Hand #147492838018:  Hold'em Limit ($3/$6 USD) - 2016/01/22 14:29:03 ET
Table 'Industria II' 10-max Seat #10 is the button
Seat 4: yayaya ($89.96 in chips)
Seat 10: SmellyToes4u ($192.40 in chips)
SmellyToes4u: posts small blind $1
yayaya: posts big blind $3
*** HOLE CARDS ***
SmellyToes4u: raises $3 to $6
yayaya: folds
Uncalled bet ($3) returned to SmellyToes4u
SmellyToes4u collected $6 from pot
SmellyToes4u: doesn't show hand
*** SUMMARY ***
Total pot $6 | Rake $0
Seat 4: yayaya (big blind) folded before Flop
Seat 10: SmellyToes4u (button) (small blind) collected ($6)


PokerStars Hand #147492833539:  Hold'em Limit ($3/$6 USD) - 2016/01/22 14:28:59 ET
Table 'Industria II' 10-max Seat #4 is the button
Seat 4: yayaya ($90.96 in chips)
Seat 10: SmellyToes4u ($191.40 in chips)
yayaya: posts small blind $1
SmellyToes4u: posts big blind $3
*** HOLE CARDS ***
yayaya: folds
Uncalled bet ($2) returned to SmellyToes4u
SmellyToes4u collected $2 from pot
SmellyToes4u: doesn't show hand
*** SUMMARY ***
Total pot $2 | Rake $0
Seat 4: yayaya (button) (small blind) folded before Flop
Seat 10: SmellyToes4u (big blind) collected ($2)


PokerStars Hand #147492864954:  Hold'em Limit ($3/$6 USD) - 2016/01/22 14:29:30 ET
Table 'Industria II' 10-max Seat #10 is the button
Seat 4: yayaya ($92.72 in chips)
Seat 10: SmellyToes4u ($189.40 in chips)
SmellyToes4u: posts small blind $1
yayaya: posts big blind $3
*** HOLE CARDS ***
SmellyToes4u: raises $3 to $6
yayaya: raises $3 to $9
SmellyToes4u: calls $3
*** FLOP *** [4c 5c 9s]
yayaya: bets $3
SmellyToes4u: calls $3
*** TURN *** [4c 5c 9s] [Tc]
yayaya: bets $6
SmellyToes4u: calls $6
*** RIVER *** [4c 5c 9s Tc] [2d]
yayaya: checks
SmellyToes4u: bets $6
yayaya: calls $6
*** SHOW DOWN ***
SmellyToes4u: shows [5h Ah] (a pair of Fives)
yayaya: mucks hand
SmellyToes4u collected $47.50 from pot
*** SUMMARY ***
Total pot $48 | Rake $0.50
Board [4c 5c 9s Tc 2d]
Seat 4: yayaya (big blind) mucked
Seat 10: SmellyToes4u (button) (small blind) showed [5h Ah] and won ($47.50) with a pair of Fives


PokerStars Hand #147492843874:  Hold'em Limit ($3/$6 USD) - 2016/01/22 14:29:09 ET
Table 'Industria II' 10-max Seat #4 is the button
Seat 4: yayaya ($86.96 in chips)
Seat 10: SmellyToes4u ($195.40 in chips)
yayaya: posts small blind $1
SmellyToes4u: posts big blind $3
*** HOLE CARDS ***
yayaya: raises $3 to $6
SmellyToes4u: calls $3
*** FLOP *** [Qd Jd Ac]
SmellyToes4u: checks
yayaya: bets $3
SmellyToes4u: folds
Uncalled bet ($3) returned to yayaya
yayaya collected $11.76 from pot
yayaya: doesn't show hand
*** SUMMARY ***
Total pot $12 | Rake $0.24
Board [Qd Jd Ac]
Seat 4: yayaya (button) (small blind) collected ($11.76)
Seat 10: SmellyToes4u (big blind) folded on the Flop


PokerStars Hand #147492943520:  Hold'em Limit ($3/$6 USD) - 2016/01/22 14:30:49 ET
Table 'Industria II' 10-max Seat #10 is the button
Seat 4: yayaya ($62.24 in chips)
Seat 10: SmellyToes4u ($218.40 in chips)
SmellyToes4u: posts small blind $1
yayaya: posts big blind $3
*** HOLE CARDS ***
SmellyToes4u: raises $3 to $6
yayaya: raises $3 to $9
SmellyToes4u: calls $3
*** FLOP *** [Js 6h Tc]
yayaya: bets $3
SmellyToes4u: calls $3
*** TURN *** [Js 6h Tc] [5d]
yayaya: bets $6
SmellyToes4u: folds
Uncalled bet ($6) returned to yayaya
yayaya collected $23.52 from pot
yayaya: doesn't show hand
*** SUMMARY ***
Total pot $24 | Rake $0.48
Board [Js 6h Tc 5d]
Seat 4: yayaya (big blind) collected ($23.52)
Seat 10: SmellyToes4u (button) (small blind) folded on the Turn


PokerStars Hand #147492938537:  Hold'em Limit ($3/$6 USD) - 2016/01/22 14:30:44 ET
Table 'Industria II' 10-max Seat #4 is the button
Seat 4: yayaya ($63.24 in chips)
Seat 10: SmellyToes4u ($217.40 in chips)
yayaya: posts small blind $1
SmellyToes4u: posts big blind $3
*** HOLE CARDS ***
yayaya: folds
Uncalled bet ($2) returned to SmellyToes4u
SmellyToes4u collected $2 from pot
SmellyToes4u: doesn't show hand
*** SUMMARY ***
Total pot $2 | Rake $0
Seat 4: yayaya (button) (small blind) folded before Flop
Seat 10: SmellyToes4u (big blind) collected ($2)


PokerStars Hand #147492934318:  Hold'em Limit ($3/$6 USD) - 2016/01/22 14:30:39 ET
Table 'Industria II' 10-max Seat #10 is the button
Seat 4: yayaya ($62.24 in chips)
Seat 10: SmellyToes4u ($218.40 in chips)
SmellyToes4u: posts small blind $1
yayaya: posts big blind $3
*** HOLE CARDS ***
SmellyToes4u: folds
Uncalled bet ($2) returned to yayaya
yayaya collected $2 from pot
yayaya: doesn't show hand
*** SUMMARY ***
Total pot $2 | Rake $0
Seat 4: yayaya (big blind) collected ($2)
Seat 10: SmellyToes4u (button) (small blind) folded before Flop


PokerStars Hand #147492926612:  Hold'em Limit ($3/$6 USD) - 2016/01/22 14:30:32 ET
Table 'Industria II' 10-max Seat #4 is the button
Seat 4: yayaya ($56.48 in chips)
Seat 10: SmellyToes4u ($224.40 in chips)
yayaya: posts small blind $1
SmellyToes4u: posts big blind $3
*** HOLE CARDS ***
yayaya: raises $3 to $6
SmellyToes4u: calls $3
*** FLOP *** [8c Jc 4c]
SmellyToes4u: checks
yayaya: bets $3
SmellyToes4u: folds
Uncalled bet ($3) returned to yayaya
yayaya collected $11.76 from pot
yayaya: doesn't show hand
*** SUMMARY ***
Total pot $12 | Rake $0.24
Board [8c Jc 4c]
Seat 4: yayaya (button) (small blind) collected ($11.76)
Seat 10: SmellyToes4u (big blind) folded on the Flop


PokerStars Hand #147492907574:  Hold'em Limit ($3/$6 USD) - 2016/01/22 14:30:13 ET
Table 'Industria II' 10-max Seat #10 is the button
Seat 4: yayaya ($74.48 in chips)
Seat 10: SmellyToes4u ($206.90 in chips)
SmellyToes4u: posts small blind $1
yayaya: posts big blind $3
*** HOLE CARDS ***
SmellyToes4u: raises $3 to $6
yayaya: raises $3 to $9
SmellyToes4u: calls $3
*** FLOP *** [4d Th 2h]
yayaya: bets $3
SmellyToes4u: calls $3
*** TURN *** [4d Th 2h] [9d]
yayaya: bets $6
SmellyToes4u: calls $6
*** RIVER *** [4d Th 2h 9d] [7d]
yayaya: checks
SmellyToes4u: bets $6
yayaya: folds
Uncalled bet ($6) returned to SmellyToes4u
SmellyToes4u collected $35.50 from pot
SmellyToes4u: doesn't show hand
*** SUMMARY ***
Total pot $36 | Rake $0.50
Board [4d Th 2h 9d 7d]
Seat 4: yayaya (big blind) folded on the River
Seat 10: SmellyToes4u (button) (small blind) collected ($35.50)


PokerStars Hand #147492891578:  Hold'em Limit ($3/$6 USD) - 2016/01/22 14:29:57 ET
Table 'Industria II' 10-max Seat #4 is the button
Seat 4: yayaya ($68.72 in chips)
Seat 10: SmellyToes4u ($212.90 in chips)
yayaya: posts small blind $1
SmellyToes4u: posts big blind $3
*** HOLE CARDS ***
yayaya: raises $3 to $6
SmellyToes4u: calls $3
*** FLOP *** [5c 5d Tc]
SmellyToes4u: checks
yayaya: checks
*** TURN *** [5c 5d Tc] [Kd]
SmellyToes4u: checks
yayaya: bets $6
SmellyToes4u: folds
Uncalled bet ($6) returned to yayaya
yayaya collected $11.76 from pot
yayaya: doesn't show hand
*** SUMMARY ***
Total pot $12 | Rake $0.24
Board [5c 5d Tc Kd]
Seat 4: yayaya (button) (small blind) collected ($11.76)
Seat 10: SmellyToes4u (big blind) folded on the Turn


PokerStars Hand #147493001855:  Hold'em Limit ($3/$6 USD) - 2016/01/22 14:31:47 ET
Table 'Industria II' 10-max Seat #10 is the button
Seat 4: yayaya ($90.02 in chips)
Seat 10: SmellyToes4u ($189.04 in chips)
SmellyToes4u: posts small blind $1
yayaya: posts big blind $3
*** HOLE CARDS ***
SmellyToes4u: raises $3 to $6
yayaya: folds
Uncalled bet ($3) returned to SmellyToes4u
SmellyToes4u collected $6 from pot
SmellyToes4u: doesn't show hand
*** SUMMARY ***
Total pot $6 | Rake $0
Seat 4: yayaya (big blind) folded before Flop
Seat 10: SmellyToes4u (button) (small blind) collected ($6)


PokerStars Hand #147492997431:  Hold'em Limit ($3/$6 USD) - 2016/01/22 14:31:42 ET
Table 'Industria II' 10-max Seat #4 is the button
Seat 4: yayaya ($91.02 in chips)
Seat 10: SmellyToes4u ($188.04 in chips)
yayaya: posts small blind $1
SmellyToes4u: posts big blind $3
*** HOLE CARDS ***
yayaya: folds
Uncalled bet ($2) returned to SmellyToes4u
SmellyToes4u collected $2 from pot
SmellyToes4u: doesn't show hand
*** SUMMARY ***
Total pot $2 | Rake $0
Seat 4: yayaya (button) (small blind) folded before Flop
Seat 10: SmellyToes4u (big blind) collected ($2)


PokerStars Hand #147492992175:  Hold'em Limit ($3/$6 USD) - 2016/01/22 14:31:37 ET
Table 'Industria II' 10-max Seat #10 is the button
Seat 4: yayaya ($94.02 in chips)
Seat 10: SmellyToes4u ($185.04 in chips)
SmellyToes4u: posts small blind $1
yayaya: posts big blind $3
*** HOLE CARDS ***
SmellyToes4u: raises $3 to $6
yayaya: folds
Uncalled bet ($3) returned to SmellyToes4u
SmellyToes4u collected $6 from pot
SmellyToes4u: doesn't show hand
*** SUMMARY ***
Total pot $6 | Rake $0
Seat 4: yayaya (big blind) folded before Flop
Seat 10: SmellyToes4u (button) (small blind) collected ($6)


PokerStars Hand #147492984113:  Hold'em Limit ($3/$6 USD) - 2016/01/22 14:31:29 ET
Table 'Industria II' 10-max Seat #4 is the button
Seat 4: yayaya ($88.26 in chips)
Seat 10: SmellyToes4u ($191.04 in chips)
yayaya: posts small blind $1
SmellyToes4u: posts big blind $3
*** HOLE CARDS ***
yayaya: raises $3 to $6
SmellyToes4u: calls $3
*** FLOP *** [8s 6d Ad]
SmellyToes4u: checks
yayaya: bets $3
SmellyToes4u: folds
Uncalled bet ($3) returned to yayaya
yayaya collected $11.76 from pot
yayaya: doesn't show hand
*** SUMMARY ***
Total pot $12 | Rake $0.24
Board [8s 6d Ad]
Seat 4: yayaya (button) (small blind) collected ($11.76)
Seat 10: SmellyToes4u (big blind) folded on the Flop


PokerStars Hand #147492968546:  Hold'em Limit ($3/$6 USD) - 2016/01/22 14:31:14 ET
Table 'Industria II' 10-max Seat #10 is the button
Seat 4: yayaya ($64.76 in chips)
Seat 10: SmellyToes4u ($215.04 in chips)
SmellyToes4u: posts small blind $1
yayaya: posts big blind $3
*** HOLE CARDS ***
SmellyToes4u: raises $3 to $6
yayaya: raises $3 to $9
SmellyToes4u: calls $3
*** FLOP *** [8d 9c 7d]
yayaya: bets $3
SmellyToes4u: calls $3
*** TURN *** [8d 9c 7d] [7c]
yayaya: bets $6
SmellyToes4u: raises $6 to $12
yayaya: calls $6
*** RIVER *** [8d 9c 7d 7c] [Ad]
yayaya: checks
SmellyToes4u: checks
*** SHOW DOWN ***
yayaya: shows [Kd 2d] (a flush, Ace high)
SmellyToes4u: mucks hand
yayaya collected $47.50 from pot
*** SUMMARY ***
Total pot $48 | Rake $0.50
Board [8d 9c 7d 7c Ad]
Seat 4: yayaya (big blind) showed [Kd 2d] and won ($47.50) with a flush, Ace high
Seat 10: SmellyToes4u (button) (small blind) mucked


PokerStars Hand #147492955167:  Hold'em Limit ($3/$6 USD) - 2016/01/22 14:31:00 ET
Table 'Industria II' 10-max Seat #4 is the button
Seat 4: yayaya ($73.76 in chips)
Seat 10: SmellyToes4u ($206.40 in chips)
yayaya: posts small blind $1
SmellyToes4u: posts big blind $3
*** HOLE CARDS ***
yayaya: raises $3 to $6
SmellyToes4u: calls $3
*** FLOP *** [As Js 2d]
SmellyToes4u: checks
yayaya: bets $3
SmellyToes4u: calls $3
*** TURN *** [As Js 2d] [Qh]
SmellyToes4u: checks
yayaya: checks
*** RIVER *** [As Js 2d Qh] [3s]
SmellyToes4u: bets $6
yayaya: folds
Uncalled bet ($6) returned to SmellyToes4u
SmellyToes4u collected $17.64 from pot
SmellyToes4u: doesn't show hand
*** SUMMARY ***
Total pot $18 | Rake $0.36
Board [As Js 2d Qh 3s]
Seat 4: yayaya (button) (small blind) folded on the River
Seat 10: SmellyToes4u (big blind) collected ($17.64)


PokerStars Hand #147493063267:  Hold'em Limit ($3/$6 USD) - 2016/01/22 14:32:48 ET
Table 'Industria II' 10-max Seat #10 is the button
Seat 4: yayaya ($96.52 in chips)
Seat 10: SmellyToes4u ($181.68 in chips)
SmellyToes4u: posts small blind $1
yayaya: posts big blind $3
*** HOLE CARDS ***
SmellyToes4u: raises $3 to $6
yayaya: folds
Uncalled bet ($3) returned to SmellyToes4u
SmellyToes4u collected $6 from pot
SmellyToes4u: doesn't show hand
*** SUMMARY ***
Total pot $6 | Rake $0
Seat 4: yayaya (big blind) folded before Flop
Seat 10: SmellyToes4u (button) (small blind) collected ($6)


PokerStars Hand #147493058735:  Hold'em Limit ($3/$6 USD) - 2016/01/22 14:32:43 ET
Table 'Industria II' 10-max Seat #4 is the button
Seat 4: yayaya ($93.52 in chips)
Seat 10: SmellyToes4u ($184.68 in chips)
yayaya: posts small blind $1
SmellyToes4u: posts big blind $3
*** HOLE CARDS ***
yayaya: raises $3 to $6
SmellyToes4u: folds
Uncalled bet ($3) returned to yayaya
yayaya collected $6 from pot
yayaya: doesn't show hand
*** SUMMARY ***
Total pot $6 | Rake $0
Seat 4: yayaya (button) (small blind) collected ($6)
Seat 10: SmellyToes4u (big blind) folded before Flop


PokerStars Hand #147493052964:  Hold'em Limit ($3/$6 USD) - 2016/01/22 14:32:37 ET
Table 'Industria II' 10-max Seat #10 is the button
Seat 4: yayaya ($96.52 in chips)
Seat 10: SmellyToes4u ($181.68 in chips)
SmellyToes4u: posts small blind $1
yayaya: posts big blind $3
*** HOLE CARDS ***
SmellyToes4u: raises $3 to $6
yayaya: folds
Uncalled bet ($3) returned to SmellyToes4u
SmellyToes4u collected $6 from pot
SmellyToes4u: doesn't show hand
*** SUMMARY ***
Total pot $6 | Rake $0
Seat 4: yayaya (big blind) folded before Flop
Seat 10: SmellyToes4u (button) (small blind) collected ($6)


PokerStars Hand #147493048575:  Hold'em Limit ($3/$6 USD) - 2016/01/22 14:32:33 ET
Table 'Industria II' 10-max Seat #4 is the button
Seat 4: yayaya ($97.52 in chips)
Seat 10: SmellyToes4u ($180.68 in chips)
yayaya: posts small blind $1
SmellyToes4u: posts big blind $3
*** HOLE CARDS ***
yayaya: folds
Uncalled bet ($2) returned to SmellyToes4u
SmellyToes4u collected $2 from pot
SmellyToes4u: doesn't show hand
*** SUMMARY ***
Total pot $2 | Rake $0
Seat 4: yayaya (button) (small blind) folded before Flop
Seat 10: SmellyToes4u (big blind) collected ($2)


PokerStars Hand #147493043637:  Hold'em Limit ($3/$6 USD) - 2016/01/22 14:32:28 ET
Table 'Industria II' 10-max Seat #10 is the button
Seat 4: yayaya ($96.52 in chips)
Seat 10: SmellyToes4u ($181.68 in chips)
SmellyToes4u: posts small blind $1
yayaya: posts big blind $3
*** HOLE CARDS ***
SmellyToes4u: folds
Uncalled bet ($2) returned to yayaya
yayaya collected $2 from pot
yayaya: doesn't show hand
*** SUMMARY ***
Total pot $2 | Rake $0
Seat 4: yayaya (big blind) collected ($2)
Seat 10: SmellyToes4u (button) (small blind) folded before Flop


PokerStars Hand #147493028832:  Hold'em Limit ($3/$6 USD) - 2016/01/22 14:32:13 ET
Table 'Industria II' 10-max Seat #4 is the button
Seat 4: yayaya ($79.02 in chips)
Seat 10: SmellyToes4u ($199.68 in chips)
yayaya: posts small blind $1
SmellyToes4u: posts big blind $3
*** HOLE CARDS ***
yayaya: raises $3 to $6
SmellyToes4u: calls $3
*** FLOP *** [4c 9c 7c]
SmellyToes4u: checks
yayaya: checks
*** TURN *** [4c 9c 7c] [Ah]
SmellyToes4u: bets $6
yayaya: raises $6 to $12
SmellyToes4u: calls $6
*** RIVER *** [4c 9c 7c Ah] [Th]
SmellyToes4u: checks
yayaya: bets $6
SmellyToes4u: folds
Uncalled bet ($6) returned to yayaya
yayaya collected $35.50 from pot
yayaya: doesn't show hand
*** SUMMARY ***
Total pot $36 | Rake $0.50
Board [4c 9c 7c Ah Th]
Seat 4: yayaya (button) (small blind) collected ($35.50)
Seat 10: SmellyToes4u (big blind) folded on the River


PokerStars Hand #147493024040:  Hold'em Limit ($3/$6 USD) - 2016/01/22 14:32:09 ET
Table 'Industria II' 10-max Seat #10 is the button
Seat 4: yayaya ($78.02 in chips)
Seat 10: SmellyToes4u ($200.68 in chips)
SmellyToes4u: posts small blind $1
yayaya: posts big blind $3
*** HOLE CARDS ***
SmellyToes4u: folds
Uncalled bet ($2) returned to yayaya
yayaya collected $2 from pot
yayaya: doesn't show hand
*** SUMMARY ***
Total pot $2 | Rake $0
Seat 4: yayaya (big blind) collected ($2)
Seat 10: SmellyToes4u (button) (small blind) folded before Flop


PokerStars Hand #147493107641:  Hold'em Limit ($3/$6 USD) - 2016/01/22 14:33:32 ET
Table 'Industria II' 10-max Seat #10 is the button
Seat 4: yayaya ($46.52 in chips)
Seat 10: SmellyToes4u ($230.68 in chips)
SmellyToes4u: posts small blind $1
yayaya: posts big blind $3
*** HOLE CARDS ***
Brama Br joins the table at seat #8
SmellyToes4u: raises $3 to $6
yayaya: folds
Uncalled bet ($3) returned to SmellyToes4u
SmellyToes4u collected $6 from pot
SmellyToes4u: doesn't show hand
*** SUMMARY ***
Total pot $6 | Rake $0
Seat 4: yayaya (big blind) folded before Flop
Seat 10: SmellyToes4u (button) (small blind) collected ($6)


PokerStars Hand #147493093123:  Hold'em Limit ($3/$6 USD) - 2016/01/22 14:33:18 ET
Table 'Industria II' 10-max Seat #4 is the button
Seat 4: yayaya ($64.52 in chips)
Seat 10: SmellyToes4u ($213.18 in chips)
yayaya: posts small blind $1
SmellyToes4u: posts big blind $3
*** HOLE CARDS ***
yayaya: raises $3 to $6
SmellyToes4u: calls $3
*** FLOP *** [As Tc Qc]
SmellyToes4u: checks
yayaya: checks
*** TURN *** [As Tc Qc] [3s]
SmellyToes4u: bets $6
yayaya: raises $6 to $12
SmellyToes4u: raises $6 to $18
yayaya: folds
Uncalled bet ($6) returned to SmellyToes4u
SmellyToes4u collected $35.50 from pot
SmellyToes4u: doesn't show hand
*** SUMMARY ***
Total pot $36 | Rake $0.50
Board [As Tc Qc 3s]
Seat 4: yayaya (button) (small blind) folded on the Turn
Seat 10: SmellyToes4u (big blind) collected ($35.50)


PokerStars Hand #147493087916:  Hold'em Limit ($3/$6 USD) - 2016/01/22 14:33:12 ET
Table 'Industria II' 10-max Seat #10 is the button
Seat 4: yayaya ($63.52 in chips)
Seat 10: SmellyToes4u ($214.18 in chips)
SmellyToes4u: posts small blind $1
yayaya: posts big blind $3
*** HOLE CARDS ***
SmellyToes4u: folds
Uncalled bet ($2) returned to yayaya
yayaya collected $2 from pot
yayaya: doesn't show hand
*** SUMMARY ***
Total pot $2 | Rake $0
Seat 4: yayaya (big blind) collected ($2)
Seat 10: SmellyToes4u (button) (small blind) folded before Flop


PokerStars Hand #147493069333:  Hold'em Limit ($3/$6 USD) - 2016/01/22 14:32:54 ET
Table 'Industria II' 10-max Seat #4 is the button
Seat 4: yayaya ($93.52 in chips)
Seat 10: SmellyToes4u ($184.68 in chips)
yayaya: posts small blind $1
SmellyToes4u: posts big blind $3
*** HOLE CARDS ***
yayaya: raises $3 to $6
SmellyToes4u: calls $3
*** FLOP *** [3s 7c 2s]
SmellyToes4u: checks
yayaya: bets $3
SmellyToes4u: raises $3 to $6
yayaya: raises $3 to $9
SmellyToes4u: raises $3 to $12
Betting is capped
yayaya: calls $3
*** TURN *** [3s 7c 2s] [Kd]
SmellyToes4u: bets $6
yayaya: calls $6
*** RIVER *** [3s 7c 2s Kd] [2h]
SmellyToes4u: bets $6
yayaya: calls $6
*** SHOW DOWN ***
SmellyToes4u: shows [5d 5h] (two pair, Fives and Deuces)
yayaya: mucks hand
SmellyToes4u collected $59.50 from pot
*** SUMMARY ***
Total pot $60 | Rake $0.50
Board [3s 7c 2s Kd 2h]
Seat 4: yayaya (button) (small blind) mucked
Seat 10: SmellyToes4u (big blind) showed [5d 5h] and won ($59.50) with two pair, Fives and Deuces


PokerStars Hand #147494388547:  Hold'em Limit ($3/$6 USD) - 2016/01/22 14:54:50 ET
Table 'Industria II' 10-max Seat #7 is the button
Seat 6: ZinZar ($76.82 in chips)
Seat 7: belik555 ($125.85 in chips)
belik555: posts small blind $1
SmellyToes4u: is sitting out
ZinZar: posts big blind $3
*** HOLE CARDS ***
belik555: raises $3 to $6
ZinZar: folds
Uncalled bet ($3) returned to belik555
belik555 collected $6 from pot
belik555: doesn't show hand
*** SUMMARY ***
Total pot $6 | Rake $0
Seat 6: ZinZar (big blind) folded before Flop
Seat 7: belik555 (button) (small blind) collected ($6)


