PokerStars Hand #159628202520:  Hold'em Limit ($3/$6 USD) - 2016/10/08 1:22:23 ET
Table 'Industria' 6-max Seat #3 is the button
Seat 2: Chessnok ($61 in chips)
Seat 3: habari786 ($70.47 in chips)
habari786: posts small blind $1
B_loJkl: is sitting out
Chessnok: posts big blind $3
*** HOLE CARDS ***
habari786: folds
Uncalled bet ($2) returned to Chessnok
Chessnok collected $2 from pot
Chessnok: doesn't show hand
*** SUMMARY ***
Total pot $2 | Rake $0
Seat 2: Chessnok (big blind) collected ($2)
Seat 3: habari786 (button) (small blind) folded before Flop


PokerStars Hand #159628204110:  Hold'em Limit ($3/$6 USD) - 2016/10/08 1:22:29 ET
Table 'Industria' 6-max Seat #2 is the button
Seat 2: Chessnok ($62 in chips)
Seat 3: habari786 ($69.47 in chips)
Chessnok: posts small blind $1
habari786: posts big blind $3
*** HOLE CARDS ***
dmonr leaves the table
Chessnok: raises $3 to $6
habari786: folds
Uncalled bet ($3) returned to Chessnok
Chessnok collected $6 from pot
Chessnok: doesn't show hand
*** SUMMARY ***
Total pot $6 | Rake $0
Seat 2: Chessnok (button) (small blind) collected ($6)
Seat 3: habari786 (big blind) folded before Flop


PokerStars Hand #159628212406:  Hold'em Limit ($3/$6 USD) - 2016/10/08 1:23:01 ET
Table 'Industria' 6-max Seat #2 is the button
Seat 2: Chessnok ($60 in chips)
Seat 3: habari786 ($72.23 in chips)
Chessnok: posts small blind $1
habari786: posts big blind $3
*** HOLE CARDS ***
Chessnok: raises $3 to $6
habari786: raises $3 to $9
Chessnok: calls $3
*** FLOP *** [3h Ks Ts]
habari786: bets $3
Chessnok: calls $3
*** TURN *** [3h Ks Ts] [6c]
habari786: bets $6
Chessnok: calls $6
*** RIVER *** [3h Ks Ts 6c] [4d]
habari786: bets $6
Chessnok: folds
Uncalled bet ($6) returned to habari786
habari786 collected $35.50 from pot
habari786: doesn't show hand
*** SUMMARY ***
Total pot $36 | Rake $0.50
Board [3h Ks Ts 6c 4d]
Seat 2: Chessnok (button) (small blind) folded on the River
Seat 3: habari786 (big blind) collected ($35.50)


PokerStars Hand #159628206925:  Hold'em Limit ($3/$6 USD) - 2016/10/08 1:22:39 ET
Table 'Industria' 6-max Seat #3 is the button
Seat 2: Chessnok ($65 in chips)
Seat 3: habari786 ($66.47 in chips)
habari786: posts small blind $1
Chessnok: posts big blind $3
*** HOLE CARDS ***
habari786: raises $3 to $6
Chessnok: calls $3
*** FLOP *** [Kc 4c Qh]
Chessnok: checks
habari786: bets $3
Chessnok: folds
Uncalled bet ($3) returned to habari786
habari786 collected $11.76 from pot
habari786: doesn't show hand
*** SUMMARY ***
Total pot $12 | Rake $0.24
Board [Kc 4c Qh]
Seat 2: Chessnok (big blind) folded on the Flop
Seat 3: habari786 (button) (small blind) collected ($11.76)


