PokerStars Hand #169742621385:  Hold'em Limit ($3/$6 USD) - 2017/04/29 21:25:31 ET
Table 'Indus' 6-max Seat #3 is the button
Seat 1: RaisemyNut$ ($109.28 in chips)
Seat 3: NewRocker ($150.31 in chips)
NewRocker: posts small blind $1
RaisemyNut$: posts big blind $3
*** HOLE CARDS ***
shampBTgogo leaves the table
NewRocker: folds
Uncalled bet ($2) returned to RaisemyNut$
RaisemyNut$ collected $2 from pot
RaisemyNut$: doesn't show hand
*** SUMMARY ***
Total pot $2 | Rake $0
Seat 1: RaisemyNut$ (big blind) collected ($2)
Seat 3: NewRocker (button) (small blind) folded before Flop


PokerStars Hand #169743598261:  Hold'em Limit ($3/$6 USD) - 2017/04/29 22:06:14 ET
Table 'Indus' 6-max Seat #1 is the button
Seat 1: RaisemyNut$ ($110.28 in chips)
Seat 3: guinness5860 ($120 in chips)
RaisemyNut$: posts small blind $1
guinness5860: posts big blind $3
*** HOLE CARDS ***
RaisemyNut$: raises $3 to $6
guinness5860: calls $3
*** FLOP *** [Ts Jc 3c]
guinness5860: checks
RaisemyNut$: bets $3
guinness5860: calls $3
*** TURN *** [Ts Jc 3c] [3h]
guinness5860: checks
RaisemyNut$: bets $6
guinness5860: calls $6
*** RIVER *** [Ts Jc 3c 3h] [4h]
guinness5860: checks
RaisemyNut$: bets $6
guinness5860: calls $6
*** SHOW DOWN ***
RaisemyNut$: shows [Kc Jd] (two pair, Jacks and Threes)
guinness5860: mucks hand
RaisemyNut$ collected $41.50 from pot
*** SUMMARY ***
Total pot $42 | Rake $0.50
Board [Ts Jc 3c 3h 4h]
Seat 1: RaisemyNut$ (button) (small blind) showed [Kc Jd] and won ($41.50) with two pair, Jacks and Threes
Seat 3: guinness5860 (big blind) mucked


PokerStars Hand #169743639163:  Hold'em Limit ($3/$6 USD) - 2017/04/29 22:08:02 ET
Table 'Indus' 6-max Seat #1 is the button
Seat 1: RaisemyNut$ ($120.78 in chips)
Seat 3: guinness5860 ($108.64 in chips)
RaisemyNut$: posts small blind $1
guinness5860: posts big blind $3
*** HOLE CARDS ***
RaisemyNut$: raises $3 to $6
guinness5860: folds
Uncalled bet ($3) returned to RaisemyNut$
RaisemyNut$ collected $6 from pot
RaisemyNut$: doesn't show hand
*** SUMMARY ***
Total pot $6 | Rake $0
Seat 1: RaisemyNut$ (button) (small blind) collected ($6)
Seat 3: guinness5860 (big blind) folded before Flop


PokerStars Hand #169743627077:  Hold'em Limit ($3/$6 USD) - 2017/04/29 22:07:30 ET
Table 'Indus' 6-max Seat #3 is the button
Seat 1: RaisemyNut$ ($126.78 in chips)
Seat 3: guinness5860 ($102.88 in chips)
guinness5860: posts small blind $1
RaisemyNut$: posts big blind $3
*** HOLE CARDS ***
guinness5860: calls $2
RaisemyNut$: raises $3 to $6
guinness5860: calls $3
*** FLOP *** [4h Jd 3d]
RaisemyNut$: checks
guinness5860: checks
*** TURN *** [4h Jd 3d] [Ac]
RaisemyNut$: checks
guinness5860: bets $6
RaisemyNut$: folds
Uncalled bet ($6) returned to guinness5860
guinness5860 collected $11.76 from pot
guinness5860: doesn't show hand
*** SUMMARY ***
Total pot $12 | Rake $0.24
Board [4h Jd 3d Ac]
Seat 1: RaisemyNut$ (big blind) folded on the Turn
Seat 3: guinness5860 (button) (small blind) collected ($11.76)


PokerStars Hand #169743624493:  Hold'em Limit ($3/$6 USD) - 2017/04/29 22:07:23 ET
Table 'Indus' 6-max Seat #1 is the button
Seat 1: RaisemyNut$ ($127.78 in chips)
Seat 3: guinness5860 ($101.88 in chips)
RaisemyNut$: posts small blind $1
guinness5860: posts big blind $3
*** HOLE CARDS ***
RaisemyNut$: folds
Uncalled bet ($2) returned to guinness5860
guinness5860 collected $2 from pot
guinness5860: doesn't show hand
*** SUMMARY ***
Total pot $2 | Rake $0
Seat 1: RaisemyNut$ (button) (small blind) folded before Flop
Seat 3: guinness5860 (big blind) collected ($2)


PokerStars Hand #169743611262:  Hold'em Limit ($3/$6 USD) - 2017/04/29 22:06:48 ET
Table 'Indus' 6-max Seat #3 is the button
Seat 1: RaisemyNut$ ($130.78 in chips)
Seat 3: guinness5860 ($99 in chips)
guinness5860: posts small blind $1
RaisemyNut$: posts big blind $3
*** HOLE CARDS ***
guinness5860: calls $2
RaisemyNut$: checks
*** FLOP *** [9c 8h 2s]
RaisemyNut$: checks
guinness5860: checks
*** TURN *** [9c 8h 2s] [9s]
RaisemyNut$: checks
guinness5860: bets $6
RaisemyNut$: folds
Uncalled bet ($6) returned to guinness5860
guinness5860 collected $5.88 from pot
guinness5860: doesn't show hand
*** SUMMARY ***
Total pot $6 | Rake $0.12
Board [9c 8h 2s 9s]
Seat 1: RaisemyNut$ (big blind) folded on the Turn
Seat 3: guinness5860 (button) (small blind) collected ($5.88)


PokerStars Hand #169743652771:  Hold'em Limit ($3/$6 USD) - 2017/04/29 22:08:38 ET
Table 'Indus' 6-max Seat #1 is the button
Seat 1: RaisemyNut$ ($111.78 in chips)
Seat 3: guinness5860 ($117.16 in chips)
RaisemyNut$: posts small blind $1
guinness5860: posts big blind $3
*** HOLE CARDS ***
RaisemyNut$: raises $3 to $6
guinness5860: calls $3
*** FLOP *** [Qd 5d 2h]
guinness5860: bets $3
RaisemyNut$: calls $3
*** TURN *** [Qd 5d 2h] [2s]
guinness5860: bets $6
RaisemyNut$: raises $6 to $12
guinness5860: folds
Uncalled bet ($6) returned to RaisemyNut$
RaisemyNut$ collected $29.50 from pot
RaisemyNut$: doesn't show hand
*** SUMMARY ***
Total pot $30 | Rake $0.50
Board [Qd 5d 2h 2s]
Seat 1: RaisemyNut$ (button) (small blind) collected ($29.50)
Seat 3: guinness5860 (big blind) folded on the Turn


PokerStars Hand #169743665810:  Hold'em Limit ($3/$6 USD) - 2017/04/29 22:09:12 ET
Table 'Indus' 6-max Seat #1 is the button
Seat 1: RaisemyNut$ ($132.04 in chips)
Seat 3: guinness5860 ($96.16 in chips)
RaisemyNut$: posts small blind $1
guinness5860: posts big blind $3
*** HOLE CARDS ***
RaisemyNut$: folds
Uncalled bet ($2) returned to guinness5860
guinness5860 collected $2 from pot
guinness5860: doesn't show hand
*** SUMMARY ***
Total pot $2 | Rake $0
Seat 1: RaisemyNut$ (button) (small blind) folded before Flop
Seat 3: guinness5860 (big blind) collected ($2)


PokerStars Hand #169743660771:  Hold'em Limit ($3/$6 USD) - 2017/04/29 22:08:59 ET
Table 'Indus' 6-max Seat #3 is the button
Seat 1: RaisemyNut$ ($126.28 in chips)
Seat 3: guinness5860 ($102.16 in chips)
guinness5860: posts small blind $1
RaisemyNut$: posts big blind $3
*** HOLE CARDS ***
guinness5860: calls $2
RaisemyNut$: raises $3 to $6
guinness5860: calls $3
*** FLOP *** [7d 6h Qd]
RaisemyNut$: bets $3
guinness5860: folds
Uncalled bet ($3) returned to RaisemyNut$
RaisemyNut$ collected $11.76 from pot
RaisemyNut$: doesn't show hand
*** SUMMARY ***
Total pot $12 | Rake $0.24
Board [7d 6h Qd]
Seat 1: RaisemyNut$ (big blind) collected ($11.76)
Seat 3: guinness5860 (button) (small blind) folded on the Flop


PokerStars Hand #169743673739:  Hold'em Limit ($3/$6 USD) - 2017/04/29 22:09:33 ET
Table 'Indus' 6-max Seat #1 is the button
Seat 1: RaisemyNut$ ($128.04 in chips)
Seat 3: guinness5860 ($100.04 in chips)
RaisemyNut$: posts small blind $1
guinness5860: posts big blind $3
*** HOLE CARDS ***
RaisemyNut$: raises $3 to $6
guinness5860: calls $3
*** FLOP *** [5h 8c Tc]
guinness5860: checks
RaisemyNut$: bets $3
guinness5860: calls $3
*** TURN *** [5h 8c Tc] [Jh]
guinness5860: checks
RaisemyNut$: bets $6
guinness5860: calls $6
*** RIVER *** [5h 8c Tc Jh] [Th]
guinness5860: checks
RaisemyNut$: bets $6
guinness5860: calls $6
*** SHOW DOWN ***
RaisemyNut$: shows [6h Ah] (a flush, Ace high)
guinness5860: mucks hand
RaisemyNut$ collected $41.50 from pot
*** SUMMARY ***
Total pot $42 | Rake $0.50
Board [5h 8c Tc Jh Th]
Seat 1: RaisemyNut$ (button) (small blind) showed [6h Ah] and won ($41.50) with a flush, Ace high
Seat 3: guinness5860 (big blind) mucked


PokerStars Hand #169743668402:  Hold'em Limit ($3/$6 USD) - 2017/04/29 22:09:19 ET
Table 'Indus' 6-max Seat #3 is the button
Seat 1: RaisemyNut$ ($131.04 in chips)
Seat 3: guinness5860 ($97.16 in chips)
guinness5860: posts small blind $1
RaisemyNut$: posts big blind $3
*** HOLE CARDS ***
guinness5860: calls $2
RaisemyNut$: checks
*** FLOP *** [Kd 2h 4c]
RaisemyNut$: checks
guinness5860: bets $3
RaisemyNut$: folds
Uncalled bet ($3) returned to guinness5860
guinness5860 collected $5.88 from pot
guinness5860: doesn't show hand
*** SUMMARY ***
Total pot $6 | Rake $0.12
Board [Kd 2h 4c]
Seat 1: RaisemyNut$ (big blind) folded on the Flop
Seat 3: guinness5860 (button) (small blind) collected ($5.88)


PokerStars Hand #169743689539:  Hold'em Limit ($3/$6 USD) - 2017/04/29 22:10:15 ET
Table 'Indus' 6-max Seat #3 is the button
Seat 1: RaisemyNut$ ($154.42 in chips)
Seat 3: guinness5860 ($73.04 in chips)
guinness5860: posts small blind $1
RaisemyNut$: posts big blind $3
*** HOLE CARDS ***
guinness5860: folds
Uncalled bet ($2) returned to RaisemyNut$
RaisemyNut$ collected $2 from pot
RaisemyNut$: doesn't show hand
*** SUMMARY ***
Total pot $2 | Rake $0
Seat 1: RaisemyNut$ (big blind) collected ($2)
Seat 3: guinness5860 (button) (small blind) folded before Flop


PokerStars Hand #169743687263:  Hold'em Limit ($3/$6 USD) - 2017/04/29 22:10:09 ET
Table 'Indus' 6-max Seat #1 is the button
Seat 1: RaisemyNut$ ($151.42 in chips)
Seat 3: guinness5860 ($76.04 in chips)
RaisemyNut$: posts small blind $1
guinness5860: posts big blind $3
*** HOLE CARDS ***
RaisemyNut$: raises $3 to $6
guinness5860: folds
Uncalled bet ($3) returned to RaisemyNut$
RaisemyNut$ collected $6 from pot
RaisemyNut$: doesn't show hand
*** SUMMARY ***
Total pot $6 | Rake $0
Seat 1: RaisemyNut$ (button) (small blind) collected ($6)
Seat 3: guinness5860 (big blind) folded before Flop


PokerStars Hand #169743691315:  Hold'em Limit ($3/$6 USD) - 2017/04/29 22:10:20 ET
Table 'Indus' 6-max Seat #1 is the button
Seat 1: RaisemyNut$ ($155.42 in chips)
Seat 3: guinness5860 ($72.04 in chips)
RaisemyNut$: posts small blind $1
guinness5860: posts big blind $3
*** HOLE CARDS ***
RaisemyNut$: folds
Uncalled bet ($2) returned to guinness5860
guinness5860 collected $2 from pot
guinness5860: doesn't show hand
*** SUMMARY ***
Total pot $2 | Rake $0
Seat 1: RaisemyNut$ (button) (small blind) folded before Flop
Seat 3: guinness5860 (big blind) collected ($2)


PokerStars Hand #169743699624:  Hold'em Limit ($3/$6 USD) - 2017/04/29 22:10:42 ET
Table 'Indus' 6-max Seat #3 is the button
Seat 1: RaisemyNut$ ($163.18 in chips)
Seat 3: guinness5860 ($64.04 in chips)
guinness5860: posts small blind $1
RaisemyNut$: posts big blind $3
*** HOLE CARDS ***
guinness5860: calls $2
RaisemyNut$: raises $3 to $6
guinness5860: calls $3
*** FLOP *** [2s 5s Jd]
RaisemyNut$: bets $3
guinness5860: calls $3
*** TURN *** [2s 5s Jd] [7h]
RaisemyNut$: bets $6
guinness5860: calls $6
*** RIVER *** [2s 5s Jd 7h] [9s]
RaisemyNut$: checks
guinness5860: bets $6
RaisemyNut$: folds
Uncalled bet ($6) returned to guinness5860
guinness5860 collected $29.50 from pot
guinness5860: doesn't show hand
*** SUMMARY ***
Total pot $30 | Rake $0.50
Board [2s 5s Jd 7h 9s]
Seat 1: RaisemyNut$ (big blind) folded on the River
Seat 3: guinness5860 (button) (small blind) collected ($29.50)


PokerStars Hand #169743697303:  Hold'em Limit ($3/$6 USD) - 2017/04/29 22:10:36 ET
Table 'Indus' 6-max Seat #1 is the button
Seat 1: RaisemyNut$ ($160.18 in chips)
Seat 3: guinness5860 ($67.04 in chips)
RaisemyNut$: posts small blind $1
guinness5860: posts big blind $3
*** HOLE CARDS ***
RaisemyNut$: raises $3 to $6
guinness5860: folds
Uncalled bet ($3) returned to RaisemyNut$
RaisemyNut$ collected $6 from pot
RaisemyNut$: doesn't show hand
*** SUMMARY ***
Total pot $6 | Rake $0
Seat 1: RaisemyNut$ (button) (small blind) collected ($6)
Seat 3: guinness5860 (big blind) folded before Flop


PokerStars Hand #169743693169:  Hold'em Limit ($3/$6 USD) - 2017/04/29 22:10:25 ET
Table 'Indus' 6-max Seat #3 is the button
Seat 1: RaisemyNut$ ($154.42 in chips)
Seat 3: guinness5860 ($73.04 in chips)
guinness5860: posts small blind $1
RaisemyNut$: posts big blind $3
*** HOLE CARDS ***
guinness5860: calls $2
RaisemyNut$: raises $3 to $6
guinness5860: calls $3
*** FLOP *** [3c 3s 2d]
RaisemyNut$: bets $3
guinness5860: folds
Uncalled bet ($3) returned to RaisemyNut$
RaisemyNut$ collected $11.76 from pot
RaisemyNut$: doesn't show hand
*** SUMMARY ***
Total pot $12 | Rake $0.24
Board [3c 3s 2d]
Seat 1: RaisemyNut$ (big blind) collected ($11.76)
Seat 3: guinness5860 (button) (small blind) folded on the Flop


PokerStars Hand #169743718006:  Hold'em Limit ($3/$6 USD) - 2017/04/29 22:11:31 ET
Table 'Indus' 6-max Seat #3 is the button
Seat 1: RaisemyNut$ ($162.68 in chips)
Seat 3: guinness5860 ($63.54 in chips)
guinness5860: posts small blind $1
RaisemyNut$: posts big blind $3
*** HOLE CARDS ***
guinness5860: calls $2
RaisemyNut$: checks
*** FLOP *** [Ah Ts As]
RaisemyNut$: checks
guinness5860: checks
*** TURN *** [Ah Ts As] [9h]
RaisemyNut$: checks
guinness5860: bets $6
RaisemyNut$: calls $6
*** RIVER *** [Ah Ts As 9h] [Js]
RaisemyNut$: checks
guinness5860: bets $6
RaisemyNut$: calls $6
*** SHOW DOWN ***
guinness5860: shows [2h Ad] (three of a kind, Aces)
RaisemyNut$: mucks hand
guinness5860 collected $29.50 from pot
*** SUMMARY ***
Total pot $30 | Rake $0.50
Board [Ah Ts As 9h Js]
Seat 1: RaisemyNut$ (big blind) mucked
Seat 3: guinness5860 (button) (small blind) showed [2h Ad] and won ($29.50) with three of a kind, Aces


PokerStars Hand #169743709820:  Hold'em Limit ($3/$6 USD) - 2017/04/29 22:11:09 ET
Table 'Indus' 6-max Seat #1 is the button
Seat 1: RaisemyNut$ ($148.18 in chips)
Seat 3: guinness5860 ($78.54 in chips)
RaisemyNut$: posts small blind $1
guinness5860: posts big blind $3
*** HOLE CARDS ***
RaisemyNut$: raises $3 to $6
guinness5860: calls $3
*** FLOP *** [Qs 8h As]
guinness5860: bets $3
RaisemyNut$: calls $3
*** TURN *** [Qs 8h As] [8d]
guinness5860: bets $6
RaisemyNut$: raises $6 to $12
guinness5860: folds
Uncalled bet ($6) returned to RaisemyNut$
RaisemyNut$ collected $29.50 from pot
RaisemyNut$: doesn't show hand
*** SUMMARY ***
Total pot $30 | Rake $0.50
Board [Qs 8h As 8d]
Seat 1: RaisemyNut$ (button) (small blind) collected ($29.50)
Seat 3: guinness5860 (big blind) folded on the Turn


PokerStars Hand #169743743567:  Hold'em Limit ($3/$6 USD) - 2017/04/29 22:12:40 ET
Table 'Indus' 6-max Seat #1 is the button
Seat 1: RaisemyNut$ ($161.18 in chips)
Seat 3: guinness5860 ($64.04 in chips)
RaisemyNut$: posts small blind $1
guinness5860: posts big blind $3
*** HOLE CARDS ***
RaisemyNut$: raises $3 to $6
guinness5860: calls $3
*** FLOP *** [6c 6d 5h]
guinness5860: checks
RaisemyNut$: bets $3
guinness5860: calls $3
*** TURN *** [6c 6d 5h] [8c]
guinness5860: checks
RaisemyNut$: bets $6
guinness5860: calls $6
*** RIVER *** [6c 6d 5h 8c] [4h]
guinness5860: checks
RaisemyNut$: bets $6
guinness5860: calls $6
*** SHOW DOWN ***
RaisemyNut$: shows [8s Ac] (two pair, Eights and Sixes)
guinness5860: mucks hand
RaisemyNut$ collected $41.50 from pot
*** SUMMARY ***
Total pot $42 | Rake $0.50
Board [6c 6d 5h 8c 4h]
Seat 1: RaisemyNut$ (button) (small blind) showed [8s Ac] and won ($41.50) with two pair, Eights and Sixes
Seat 3: guinness5860 (big blind) mucked


PokerStars Hand #169743734615:  Hold'em Limit ($3/$6 USD) - 2017/04/29 22:12:15 ET
Table 'Indus' 6-max Seat #1 is the button
Seat 1: RaisemyNut$ ($147.68 in chips)
Seat 3: guinness5860 ($78.04 in chips)
RaisemyNut$: posts small blind $1
guinness5860: posts big blind $3
*** HOLE CARDS ***
RaisemyNut$: folds
Uncalled bet ($2) returned to guinness5860
guinness5860 collected $2 from pot
guinness5860: doesn't show hand
*** SUMMARY ***
Total pot $2 | Rake $0
Seat 1: RaisemyNut$ (button) (small blind) folded before Flop
Seat 3: guinness5860 (big blind) collected ($2)


PokerStars Hand #169743768762:  Hold'em Limit ($3/$6 USD) - 2017/04/29 22:13:48 ET
Table 'Indus' 6-max Seat #3 is the button
Seat 1: RaisemyNut$ ($187.19 in chips)
Seat 3: guinness5860 ($36.79 in chips)
guinness5860: posts small blind $1
RaisemyNut$: posts big blind $3
*** HOLE CARDS ***
guinness5860: calls $2
RaisemyNut$: checks
*** FLOP *** [Ah 5c Kh]
RaisemyNut$: checks
guinness5860: checks
*** TURN *** [Ah 5c Kh] [Ad]
RaisemyNut$: bets $6
guinness5860: folds
Uncalled bet ($6) returned to RaisemyNut$
RaisemyNut$ collected $5.88 from pot
RaisemyNut$: doesn't show hand
*** SUMMARY ***
Total pot $6 | Rake $0.12
Board [Ah 5c Kh Ad]
Seat 1: RaisemyNut$ (big blind) collected ($5.88)
Seat 3: guinness5860 (button) (small blind) folded on the Turn


PokerStars Hand #169743761317:  Hold'em Limit ($3/$6 USD) - 2017/04/29 22:13:27 ET
Table 'Indus' 6-max Seat #1 is the button
Seat 1: RaisemyNut$ ($187.44 in chips)
Seat 3: guinness5860 ($37.04 in chips)
RaisemyNut$: posts small blind $1
guinness5860: posts big blind $3
*** HOLE CARDS ***
RaisemyNut$: raises $3 to $6
guinness5860: calls $3
*** FLOP *** [Qh Qs 5d]
guinness5860: checks
RaisemyNut$: bets $3
guinness5860: calls $3
*** TURN *** [Qh Qs 5d] [5c]
guinness5860: checks
RaisemyNut$: bets $6
guinness5860: calls $6
*** RIVER *** [Qh Qs 5d 5c] [Jd]
guinness5860: bets $6
RaisemyNut$: calls $6
*** SHOW DOWN ***
guinness5860: shows [4s Ad] (two pair, Queens and Fives)
RaisemyNut$: shows [Ac 8c] (two pair, Queens and Fives)
guinness5860 collected $20.75 from pot
RaisemyNut$ collected $20.75 from pot
*** SUMMARY ***
Total pot $42 | Rake $0.50
Board [Qh Qs 5d 5c Jd]
Seat 1: RaisemyNut$ (button) (small blind) showed [Ac 8c] and won ($20.75) with two pair, Queens and Fives
Seat 3: guinness5860 (big blind) showed [4s Ad] and won ($20.75) with two pair, Queens and Fives


PokerStars Hand #169743751889:  Hold'em Limit ($3/$6 USD) - 2017/04/29 22:13:02 ET
Table 'Indus' 6-max Seat #3 is the button
Seat 1: RaisemyNut$ ($181.68 in chips)
Seat 3: guinness5860 ($43.04 in chips)
guinness5860: posts small blind $1
RaisemyNut$: posts big blind $3
*** HOLE CARDS ***
guinness5860: calls $2
RaisemyNut$: raises $3 to $6
guinness5860: calls $3
*** FLOP *** [5d Qc 4s]
RaisemyNut$: bets $3
guinness5860: folds
Uncalled bet ($3) returned to RaisemyNut$
RaisemyNut$ collected $11.76 from pot
RaisemyNut$: doesn't show hand
*** SUMMARY ***
Total pot $12 | Rake $0.24
Board [5d Qc 4s]
Seat 1: RaisemyNut$ (big blind) collected ($11.76)
Seat 3: guinness5860 (button) (small blind) folded on the Flop


PokerStars Hand #169743780323:  Hold'em Limit ($3/$6 USD) - 2017/04/29 22:14:19 ET
Table 'Indus' 6-max Seat #1 is the button
Seat 1: RaisemyNut$ ($190.07 in chips)
Seat 3: guinness5860 ($76.79 in chips)
RaisemyNut$: posts small blind $1
guinness5860: posts big blind $3
*** HOLE CARDS ***
RaisemyNut$: raises $3 to $6
guinness5860: folds
Uncalled bet ($3) returned to RaisemyNut$
RaisemyNut$ collected $6 from pot
RaisemyNut$: doesn't show hand
*** SUMMARY ***
Total pot $6 | Rake $0
Seat 1: RaisemyNut$ (button) (small blind) collected ($6)
Seat 3: guinness5860 (big blind) folded before Flop


PokerStars Hand #169743801182:  Hold'em Limit ($3/$6 USD) - 2017/04/29 22:15:15 ET
Table 'Indus' 6-max Seat #3 is the button
Seat 1: RaisemyNut$ ($210.57 in chips)
Seat 3: guinness5860 ($55.79 in chips)
guinness5860: posts small blind $1
RaisemyNut$: posts big blind $3
*** HOLE CARDS ***
guinness5860: folds
Uncalled bet ($2) returned to RaisemyNut$
RaisemyNut$ collected $2 from pot
RaisemyNut$: doesn't show hand
*** SUMMARY ***
Total pot $2 | Rake $0
Seat 1: RaisemyNut$ (big blind) collected ($2)
Seat 3: guinness5860 (button) (small blind) folded before Flop


PokerStars Hand #169743798719:  Hold'em Limit ($3/$6 USD) - 2017/04/29 22:15:08 ET
Table 'Indus' 6-max Seat #1 is the button
Seat 1: RaisemyNut$ ($211.57 in chips)
Seat 3: guinness5860 ($54.79 in chips)
RaisemyNut$: posts small blind $1
guinness5860: posts big blind $3
*** HOLE CARDS ***
RaisemyNut$: folds
Uncalled bet ($2) returned to guinness5860
guinness5860 collected $2 from pot
guinness5860: doesn't show hand
*** SUMMARY ***
Total pot $2 | Rake $0
Seat 1: RaisemyNut$ (button) (small blind) folded before Flop
Seat 3: guinness5860 (big blind) collected ($2)


PokerStars Hand #169743796741:  Hold'em Limit ($3/$6 USD) - 2017/04/29 22:15:03 ET
Table 'Indus' 6-max Seat #3 is the button
Seat 1: RaisemyNut$ ($210.57 in chips)
Seat 3: guinness5860 ($55.79 in chips)
guinness5860: posts small blind $1
RaisemyNut$: posts big blind $3
*** HOLE CARDS ***
guinness5860: folds
Uncalled bet ($2) returned to RaisemyNut$
RaisemyNut$ collected $2 from pot
RaisemyNut$: doesn't show hand
*** SUMMARY ***
Total pot $2 | Rake $0
Seat 1: RaisemyNut$ (big blind) collected ($2)
Seat 3: guinness5860 (button) (small blind) folded before Flop


PokerStars Hand #169743794306:  Hold'em Limit ($3/$6 USD) - 2017/04/29 22:14:56 ET
Table 'Indus' 6-max Seat #1 is the button
Seat 1: RaisemyNut$ ($207.57 in chips)
Seat 3: guinness5860 ($58.79 in chips)
RaisemyNut$: posts small blind $1
guinness5860: posts big blind $3
*** HOLE CARDS ***
RaisemyNut$: raises $3 to $6
guinness5860: folds
Uncalled bet ($3) returned to RaisemyNut$
RaisemyNut$ collected $6 from pot
RaisemyNut$: doesn't show hand
*** SUMMARY ***
Total pot $6 | Rake $0
Seat 1: RaisemyNut$ (button) (small blind) collected ($6)
Seat 3: guinness5860 (big blind) folded before Flop


PokerStars Hand #169743783196:  Hold'em Limit ($3/$6 USD) - 2017/04/29 22:14:27 ET
Table 'Indus' 6-max Seat #3 is the button
Seat 1: RaisemyNut$ ($193.07 in chips)
Seat 3: guinness5860 ($73.79 in chips)
guinness5860: posts small blind $1
RaisemyNut$: posts big blind $3
*** HOLE CARDS ***
guinness5860: calls $2
RaisemyNut$: raises $3 to $6
guinness5860: calls $3
*** FLOP *** [5h 5c 8c]
RaisemyNut$: bets $3
guinness5860: calls $3
*** TURN *** [5h 5c 8c] [Kh]
RaisemyNut$: checks
guinness5860: checks
*** RIVER *** [5h 5c 8c Kh] [Qh]
RaisemyNut$: checks
guinness5860: bets $6
RaisemyNut$: calls $6
*** SHOW DOWN ***
guinness5860: shows [9s 7d] (a pair of Fives)
RaisemyNut$: shows [As Th] (a pair of Fives - Ace kicker)
RaisemyNut$ collected $29.50 from pot
*** SUMMARY ***
Total pot $30 | Rake $0.50
Board [5h 5c 8c Kh Qh]
Seat 1: RaisemyNut$ (big blind) showed [As Th] and won ($29.50) with a pair of Fives
Seat 3: guinness5860 (button) (small blind) showed [9s 7d] and lost with a pair of Fives


PokerStars Hand #169743803098:  Hold'em Limit ($3/$6 USD) - 2017/04/29 22:15:20 ET
Table 'Indus' 6-max Seat #1 is the button
Seat 1: RaisemyNut$ ($211.57 in chips)
Seat 3: guinness5860 ($54.79 in chips)
RaisemyNut$: posts small blind $1
guinness5860: posts big blind $3
*** HOLE CARDS ***
RaisemyNut$: raises $3 to $6
guinness5860: folds
Uncalled bet ($3) returned to RaisemyNut$
RaisemyNut$ collected $6 from pot
RaisemyNut$: doesn't show hand
*** SUMMARY ***
Total pot $6 | Rake $0
Seat 1: RaisemyNut$ (button) (small blind) collected ($6)
Seat 3: guinness5860 (big blind) folded before Flop


PokerStars Hand #169743810227:  Hold'em Limit ($3/$6 USD) - 2017/04/29 22:15:39 ET
Table 'Indus' 6-max Seat #1 is the button
Seat 1: RaisemyNut$ ($208.57 in chips)
Seat 3: guinness5860 ($57.55 in chips)
RaisemyNut$: posts small blind $1
guinness5860: posts big blind $3
*** HOLE CARDS ***
RaisemyNut$: raises $3 to $6
guinness5860: raises $3 to $9
RaisemyNut$: calls $3
*** FLOP *** [Qh Kc Ks]
guinness5860: bets $3
RaisemyNut$: calls $3
*** TURN *** [Qh Kc Ks] [2c]
guinness5860: bets $6
RaisemyNut$: calls $6
*** RIVER *** [Qh Kc Ks 2c] [Ah]
guinness5860: bets $6
RaisemyNut$: raises $6 to $12
guinness5860: calls $6
*** SHOW DOWN ***
RaisemyNut$: shows [Qs Kd] (a full house, Kings full of Queens)
guinness5860: mucks hand
RaisemyNut$ collected $59.50 from pot
*** SUMMARY ***
Total pot $60 | Rake $0.50
Board [Qh Kc Ks 2c Ah]
Seat 1: RaisemyNut$ (button) (small blind) showed [Qs Kd] and won ($59.50) with a full house, Kings full of Queens
Seat 3: guinness5860 (big blind) mucked


PokerStars Hand #169743805480:  Hold'em Limit ($3/$6 USD) - 2017/04/29 22:15:26 ET
Table 'Indus' 6-max Seat #3 is the button
Seat 1: RaisemyNut$ ($214.57 in chips)
Seat 3: guinness5860 ($51.79 in chips)
guinness5860: posts small blind $1
RaisemyNut$: posts big blind $3
*** HOLE CARDS ***
guinness5860: raises $3 to $6
RaisemyNut$: calls $3
*** FLOP *** [9h Js Ac]
RaisemyNut$: checks
guinness5860: bets $3
RaisemyNut$: folds
Uncalled bet ($3) returned to guinness5860
guinness5860 collected $11.76 from pot
guinness5860: doesn't show hand
*** SUMMARY ***
Total pot $12 | Rake $0.24
Board [9h Js Ac]
Seat 1: RaisemyNut$ (big blind) folded on the Flop
Seat 3: guinness5860 (button) (small blind) collected ($11.76)


PokerStars Hand #169743832721:  Hold'em Limit ($3/$6 USD) - 2017/04/29 22:16:23 ET
Table 'Indus' 6-max Seat #1 is the button
Seat 1: RaisemyNut$ ($235.07 in chips)
Seat 3: guinness5860 ($30.43 in chips)
RaisemyNut$: posts small blind $1
guinness5860: posts big blind $3
*** HOLE CARDS ***
RaisemyNut$: raises $3 to $6
guinness5860: folds
Uncalled bet ($3) returned to RaisemyNut$
RaisemyNut$ collected $6 from pot
RaisemyNut$: doesn't show hand
*** SUMMARY ***
Total pot $6 | Rake $0
Seat 1: RaisemyNut$ (button) (small blind) collected ($6)
Seat 3: guinness5860 (big blind) folded before Flop


PokerStars Hand #169743824115:  Hold'em Limit ($3/$6 USD) - 2017/04/29 22:16:00 ET
Table 'Indus' 6-max Seat #3 is the button
Seat 1: RaisemyNut$ ($238.07 in chips)
Seat 3: guinness5860 ($27.55 in chips)
guinness5860: posts small blind $1
RaisemyNut$: posts big blind $3
*** HOLE CARDS ***
guinness5860: calls $2
RaisemyNut$: checks
*** FLOP *** [Qh Jd 7h]
RaisemyNut$: checks
guinness5860: bets $3
RaisemyNut$: folds
Uncalled bet ($3) returned to guinness5860
guinness5860 collected $5.88 from pot
guinness5860: doesn't show hand
*** SUMMARY ***
Total pot $6 | Rake $0.12
Board [Qh Jd 7h]
Seat 1: RaisemyNut$ (big blind) folded on the Flop
Seat 3: guinness5860 (button) (small blind) collected ($5.88)


PokerStars Hand #169743834925:  Hold'em Limit ($3/$6 USD) - 2017/04/29 22:16:29 ET
Table 'Indus' 6-max Seat #3 is the button
Seat 1: RaisemyNut$ ($238.07 in chips)
Seat 3: guinness5860 ($27.43 in chips)
guinness5860: posts small blind $1
RaisemyNut$: posts big blind $3
*** HOLE CARDS ***
guinness5860: calls $2
RaisemyNut$: raises $3 to $6
guinness5860: calls $3
*** FLOP *** [Kc Jc 8c]
RaisemyNut$: bets $3
guinness5860: calls $3
*** TURN *** [Kc Jc 8c] [6d]
RaisemyNut$: bets $6
guinness5860: raises $6 to $12
RaisemyNut$: calls $6
*** RIVER *** [Kc Jc 8c 6d] [4h]
RaisemyNut$: checks
guinness5860: bets $6
RaisemyNut$: folds
Uncalled bet ($6) returned to guinness5860
guinness5860 collected $41.50 from pot
guinness5860: doesn't show hand
*** SUMMARY ***
Total pot $42 | Rake $0.50
Board [Kc Jc 8c 6d 4h]
Seat 1: RaisemyNut$ (big blind) folded on the River
Seat 3: guinness5860 (button) (small blind) collected ($41.50)


PokerStars Hand #169743867956:  Hold'em Limit ($3/$6 USD) - 2017/04/29 22:18:00 ET
Table 'Indus' 6-max Seat #1 is the button
Seat 1: RaisemyNut$ ($204.71 in chips)
Seat 3: guinness5860 ($59.43 in chips)
RaisemyNut$: posts small blind $1
guinness5860: posts big blind $3
*** HOLE CARDS ***
RaisemyNut$: raises $3 to $6
guinness5860: calls $3
*** FLOP *** [Ad 3c Kh]
guinness5860: bets $3
RaisemyNut$: calls $3
*** TURN *** [Ad 3c Kh] [8d]
guinness5860: bets $6
RaisemyNut$: raises $6 to $12
guinness5860: calls $6
*** RIVER *** [Ad 3c Kh 8d] [9s]
guinness5860: bets $6
RaisemyNut$: folds
Uncalled bet ($6) returned to guinness5860
guinness5860 collected $41.50 from pot
guinness5860: doesn't show hand
*** SUMMARY ***
Total pot $42 | Rake $0.50
Board [Ad 3c Kh 8d 9s]
Seat 1: RaisemyNut$ (button) (small blind) folded on the River
Seat 3: guinness5860 (big blind) collected ($41.50)


PokerStars Hand #169743860928:  Hold'em Limit ($3/$6 USD) - 2017/04/29 22:17:41 ET
Table 'Indus' 6-max Seat #3 is the button
Seat 1: RaisemyNut$ ($196.07 in chips)
Seat 3: guinness5860 ($68.43 in chips)
guinness5860: posts small blind $1
RaisemyNut$: posts big blind $3
*** HOLE CARDS ***
guinness5860: calls $2
RaisemyNut$: raises $3 to $6
guinness5860: calls $3
*** FLOP *** [Qd 8c 8s]
RaisemyNut$: bets $3
guinness5860: calls $3
*** TURN *** [Qd 8c 8s] [Ah]
RaisemyNut$: bets $6
guinness5860: folds
Uncalled bet ($6) returned to RaisemyNut$
RaisemyNut$ collected $17.64 from pot
RaisemyNut$: doesn't show hand
*** SUMMARY ***
Total pot $18 | Rake $0.36
Board [Qd 8c 8s Ah]
Seat 1: RaisemyNut$ (big blind) collected ($17.64)
Seat 3: guinness5860 (button) (small blind) folded on the Turn


PokerStars Hand #169743858686:  Hold'em Limit ($3/$6 USD) - 2017/04/29 22:17:34 ET
Table 'Indus' 6-max Seat #1 is the button
Seat 1: RaisemyNut$ ($197.07 in chips)
Seat 3: guinness5860 ($67.43 in chips)
RaisemyNut$: posts small blind $1
guinness5860: posts big blind $3
*** HOLE CARDS ***
RaisemyNut$: folds
Uncalled bet ($2) returned to guinness5860
guinness5860 collected $2 from pot
guinness5860: doesn't show hand
*** SUMMARY ***
Total pot $2 | Rake $0
Seat 1: RaisemyNut$ (button) (small blind) folded before Flop
Seat 3: guinness5860 (big blind) collected ($2)


PokerStars Hand #169743856760:  Hold'em Limit ($3/$6 USD) - 2017/04/29 22:17:29 ET
Table 'Indus' 6-max Seat #3 is the button
Seat 1: RaisemyNut$ ($196.07 in chips)
Seat 3: guinness5860 ($68.43 in chips)
guinness5860: posts small blind $1
RaisemyNut$: posts big blind $3
*** HOLE CARDS ***
guinness5860: folds
Uncalled bet ($2) returned to RaisemyNut$
RaisemyNut$ collected $2 from pot
RaisemyNut$: doesn't show hand
*** SUMMARY ***
Total pot $2 | Rake $0
Seat 1: RaisemyNut$ (big blind) collected ($2)
Seat 3: guinness5860 (button) (small blind) folded before Flop


PokerStars Hand #169743890093:  Hold'em Limit ($3/$6 USD) - 2017/04/29 22:19:01 ET
Table 'Indus' 6-max Seat #3 is the button
Seat 1: RaisemyNut$ ($198.23 in chips)
Seat 3: guinness5860 ($64.93 in chips)
guinness5860: posts small blind $1
RaisemyNut$: posts big blind $3
*** HOLE CARDS ***
guinness5860: raises $3 to $6
RaisemyNut$: raises $3 to $9
guinness5860: calls $3
*** FLOP *** [4s 6s 6h]
RaisemyNut$: bets $3
guinness5860: calls $3
*** TURN *** [4s 6s 6h] [Qc]
RaisemyNut$: bets $6
guinness5860: calls $6
*** RIVER *** [4s 6s 6h Qc] [Td]
RaisemyNut$: bets $6
guinness5860: folds
Uncalled bet ($6) returned to RaisemyNut$
RaisemyNut$ collected $35.50 from pot
RaisemyNut$: doesn't show hand
*** SUMMARY ***
Total pot $36 | Rake $0.50
Board [4s 6s 6h Qc Td]
Seat 1: RaisemyNut$ (big blind) collected ($35.50)
Seat 3: guinness5860 (button) (small blind) folded on the River


PokerStars Hand #169743887964:  Hold'em Limit ($3/$6 USD) - 2017/04/29 22:18:55 ET
Table 'Indus' 6-max Seat #1 is the button
Seat 1: RaisemyNut$ ($195.23 in chips)
Seat 3: guinness5860 ($67.93 in chips)
RaisemyNut$: posts small blind $1
guinness5860: posts big blind $3
*** HOLE CARDS ***
RaisemyNut$: raises $3 to $6
guinness5860: folds
Uncalled bet ($3) returned to RaisemyNut$
RaisemyNut$ collected $6 from pot
RaisemyNut$: doesn't show hand
*** SUMMARY ***
Total pot $6 | Rake $0
Seat 1: RaisemyNut$ (button) (small blind) collected ($6)
Seat 3: guinness5860 (big blind) folded before Flop


PokerStars Hand #169743876542:  Hold'em Limit ($3/$6 USD) - 2017/04/29 22:18:23 ET
Table 'Indus' 6-max Seat #3 is the button
Seat 1: RaisemyNut$ ($183.71 in chips)
Seat 3: guinness5860 ($79.93 in chips)
guinness5860: posts small blind $1
RaisemyNut$: posts big blind $3
*** HOLE CARDS ***
guinness5860: calls $2
RaisemyNut$: raises $3 to $6
guinness5860: calls $3
*** FLOP *** [Ah Td Qd]
RaisemyNut$: bets $3
guinness5860: raises $3 to $6
RaisemyNut$: raises $3 to $9
guinness5860: folds
Uncalled bet ($3) returned to RaisemyNut$
RaisemyNut$ collected $23.52 from pot
RaisemyNut$: doesn't show hand
*** SUMMARY ***
Total pot $24 | Rake $0.48
Board [Ah Td Qd]
Seat 1: RaisemyNut$ (big blind) collected ($23.52)
Seat 3: guinness5860 (button) (small blind) folded on the Flop


PokerStars Hand #169743902386:  Hold'em Limit ($3/$6 USD) - 2017/04/29 22:19:35 ET
Table 'Indus' 6-max Seat #1 is the button
Seat 1: RaisemyNut$ ($215.73 in chips)
Seat 3: guinness5860 ($46.93 in chips)
RaisemyNut$: posts small blind $1
guinness5860: posts big blind $3
*** HOLE CARDS ***
RaisemyNut$: raises $3 to $6
guinness5860: calls $3
*** FLOP *** [Ks 9c 4c]
guinness5860: bets $3
RaisemyNut$: calls $3
*** TURN *** [Ks 9c 4c] [4d]
guinness5860: bets $6
RaisemyNut$: folds
Uncalled bet ($6) returned to guinness5860
guinness5860 collected $17.64 from pot
guinness5860: doesn't show hand
*** SUMMARY ***
Total pot $18 | Rake $0.36
Board [Ks 9c 4c 4d]
Seat 1: RaisemyNut$ (button) (small blind) folded on the Turn
Seat 3: guinness5860 (big blind) collected ($17.64)


PokerStars Hand #169743908250:  Hold'em Limit ($3/$6 USD) - 2017/04/29 22:19:51 ET
Table 'Indus' 6-max Seat #3 is the button
Seat 1: RaisemyNut$ ($206.73 in chips)
Seat 3: guinness5860 ($55.57 in chips)
guinness5860: posts small blind $1
RaisemyNut$: posts big blind $3
*** HOLE CARDS ***
guinness5860: folds
Uncalled bet ($2) returned to RaisemyNut$
RaisemyNut$ collected $2 from pot
RaisemyNut$: doesn't show hand
*** SUMMARY ***
Total pot $2 | Rake $0
Seat 1: RaisemyNut$ (big blind) collected ($2)
Seat 3: guinness5860 (button) (small blind) folded before Flop


PokerStars Hand #169743910022:  Hold'em Limit ($3/$6 USD) - 2017/04/29 22:19:56 ET
Table 'Indus' 6-max Seat #1 is the button
Seat 1: RaisemyNut$ ($207.73 in chips)
Seat 3: guinness5860 ($54.57 in chips)
RaisemyNut$: posts small blind $1
guinness5860: posts big blind $3
*** HOLE CARDS ***
RaisemyNut$: raises $3 to $6
guinness5860: folds
Uncalled bet ($3) returned to RaisemyNut$
RaisemyNut$ collected $6 from pot
RaisemyNut$: doesn't show hand
*** SUMMARY ***
Total pot $6 | Rake $0
Seat 1: RaisemyNut$ (button) (small blind) collected ($6)
Seat 3: guinness5860 (big blind) folded before Flop


PokerStars Hand #169743900179:  Hold'em Limit ($3/$6 USD) - 2017/04/29 22:19:29 ET
Table 'Indus' 6-max Seat #3 is the button
Seat 1: RaisemyNut$ ($214.73 in chips)
Seat 3: guinness5860 ($47.93 in chips)
guinness5860: posts small blind $1
RaisemyNut$: posts big blind $3
*** HOLE CARDS ***
guinness5860: folds
Uncalled bet ($2) returned to RaisemyNut$
RaisemyNut$ collected $2 from pot
RaisemyNut$: doesn't show hand
*** SUMMARY ***
Total pot $2 | Rake $0
Seat 1: RaisemyNut$ (big blind) collected ($2)
Seat 3: guinness5860 (button) (small blind) folded before Flop


PokerStars Hand #169743897387:  Hold'em Limit ($3/$6 USD) - 2017/04/29 22:19:21 ET
Table 'Indus' 6-max Seat #1 is the button
Seat 1: RaisemyNut$ ($215.73 in chips)
Seat 3: guinness5860 ($46.93 in chips)
RaisemyNut$: posts small blind $1
guinness5860: posts big blind $3
*** HOLE CARDS ***
RaisemyNut$: folds
Uncalled bet ($2) returned to guinness5860
guinness5860 collected $2 from pot
guinness5860: doesn't show hand
*** SUMMARY ***
Total pot $2 | Rake $0
Seat 1: RaisemyNut$ (button) (small blind) folded before Flop
Seat 3: guinness5860 (big blind) collected ($2)


PokerStars Hand #169743913515:  Hold'em Limit ($3/$6 USD) - 2017/04/29 22:20:06 ET
Table 'Indus' 6-max Seat #3 is the button
Seat 1: RaisemyNut$ ($210.73 in chips)
Seat 3: guinness5860 ($51.57 in chips)
guinness5860: posts small blind $1
RaisemyNut$: posts big blind $3
*** HOLE CARDS ***
guinness5860: calls $2
RaisemyNut$: checks
*** FLOP *** [6h 3c As]
RaisemyNut$: checks
guinness5860: bets $3
RaisemyNut$: folds
Uncalled bet ($3) returned to guinness5860
guinness5860 collected $5.88 from pot
guinness5860: doesn't show hand
*** SUMMARY ***
Total pot $6 | Rake $0.12
Board [6h 3c As]
Seat 1: RaisemyNut$ (big blind) folded on the Flop
Seat 3: guinness5860 (button) (small blind) collected ($5.88)


PokerStars Hand #169743931226:  Hold'em Limit ($3/$6 USD) - 2017/04/29 22:20:55 ET
Table 'Indus' 6-max Seat #3 is the button
Seat 1: RaisemyNut$ ($198.73 in chips)
Seat 3: guinness5860 ($63.09 in chips)
guinness5860: posts small blind $1
RaisemyNut$: posts big blind $3
*** HOLE CARDS ***
guinness5860: folds
Uncalled bet ($2) returned to RaisemyNut$
RaisemyNut$ collected $2 from pot
RaisemyNut$: doesn't show hand
*** SUMMARY ***
Total pot $2 | Rake $0
Seat 1: RaisemyNut$ (big blind) collected ($2)
Seat 3: guinness5860 (button) (small blind) folded before Flop


PokerStars Hand #169743921027:  Hold'em Limit ($3/$6 USD) - 2017/04/29 22:20:26 ET
Table 'Indus' 6-max Seat #1 is the button
Seat 1: RaisemyNut$ ($207.73 in chips)
Seat 3: guinness5860 ($54.45 in chips)
RaisemyNut$: posts small blind $1
guinness5860: posts big blind $3
*** HOLE CARDS ***
RaisemyNut$: raises $3 to $6
guinness5860: calls $3
*** FLOP *** [4d 7d 8h]
guinness5860: bets $3
RaisemyNut$: calls $3
*** TURN *** [4d 7d 8h] [Ah]
guinness5860: bets $6
RaisemyNut$: folds
Uncalled bet ($6) returned to guinness5860
guinness5860 collected $17.64 from pot
guinness5860: doesn't show hand
*** SUMMARY ***
Total pot $18 | Rake $0.36
Board [4d 7d 8h Ah]
Seat 1: RaisemyNut$ (button) (small blind) folded on the Turn
Seat 3: guinness5860 (big blind) collected ($17.64)


PokerStars Hand #169743950145:  Hold'em Limit ($3/$6 USD) - 2017/04/29 22:21:48 ET
Table 'Indus' 6-max Seat #3 is the button
Seat 1: RaisemyNut$ ($187.73 in chips)
Seat 3: guinness5860 ($73.61 in chips)
guinness5860: posts small blind $1
RaisemyNut$: posts big blind $3
*** HOLE CARDS ***
guinness5860: folds
Uncalled bet ($2) returned to RaisemyNut$
RaisemyNut$ collected $2 from pot
RaisemyNut$: doesn't show hand
*** SUMMARY ***
Total pot $2 | Rake $0
Seat 1: RaisemyNut$ (big blind) collected ($2)
Seat 3: guinness5860 (button) (small blind) folded before Flop


PokerStars Hand #169743933199:  Hold'em Limit ($3/$6 USD) - 2017/04/29 22:21:00 ET
Table 'Indus' 6-max Seat #1 is the button
Seat 1: RaisemyNut$ ($199.73 in chips)
Seat 3: guinness5860 ($62.09 in chips)
RaisemyNut$: posts small blind $1
guinness5860: posts big blind $3
*** HOLE CARDS ***
RaisemyNut$: raises $3 to $6
guinness5860: raises $3 to $9
RaisemyNut$: calls $3
*** FLOP *** [9d Kd 8s]
guinness5860: bets $3
RaisemyNut$: calls $3
*** TURN *** [9d Kd 8s] [Jd]
guinness5860: bets $6
RaisemyNut$: folds
Uncalled bet ($6) returned to guinness5860
guinness5860 collected $23.52 from pot
guinness5860: doesn't show hand
*** SUMMARY ***
Total pot $24 | Rake $0.48
Board [9d Kd 8s Jd]
Seat 1: RaisemyNut$ (button) (small blind) folded on the Turn
Seat 3: guinness5860 (big blind) collected ($23.52)


PokerStars Hand #169743951870:  Hold'em Limit ($3/$6 USD) - 2017/04/29 22:21:52 ET
Table 'Indus' 6-max Seat #1 is the button
Seat 1: RaisemyNut$ ($188.73 in chips)
Seat 3: guinness5860 ($72.61 in chips)
RaisemyNut$: posts small blind $1
guinness5860: posts big blind $3
*** HOLE CARDS ***
RaisemyNut$: raises $3 to $6
guinness5860: calls $3
*** FLOP *** [6c 4d 5h]
guinness5860: bets $3
RaisemyNut$: calls $3
*** TURN *** [6c 4d 5h] [Ts]
guinness5860: bets $6
RaisemyNut$: calls $6
*** RIVER *** [6c 4d 5h Ts] [Tc]
guinness5860: bets $6
RaisemyNut$: calls $6
*** SHOW DOWN ***
guinness5860: shows [3s 2h] (a straight, Deuce to Six)
RaisemyNut$: mucks hand
guinness5860 collected $41.50 from pot
*** SUMMARY ***
Total pot $42 | Rake $0.50
Board [6c 4d 5h Ts Tc]
Seat 1: RaisemyNut$ (button) (small blind) mucked
Seat 3: guinness5860 (big blind) showed [3s 2h] and won ($41.50) with a straight, Deuce to Six


PokerStars Hand #169743959152:  Hold'em Limit ($3/$6 USD) - 2017/04/29 22:22:13 ET
Table 'Indus' 6-max Seat #3 is the button
Seat 1: RaisemyNut$ ($167.73 in chips)
Seat 3: guinness5860 ($93.11 in chips)
guinness5860: posts small blind $1
RaisemyNut$: posts big blind $3
*** HOLE CARDS ***
guinness5860: calls $2
RaisemyNut$: raises $3 to $6
guinness5860: folds
Uncalled bet ($3) returned to RaisemyNut$
RaisemyNut$ collected $6 from pot
RaisemyNut$: doesn't show hand
*** SUMMARY ***
Total pot $6 | Rake $0
Seat 1: RaisemyNut$ (big blind) collected ($6)
Seat 3: guinness5860 (button) (small blind) folded before Flop


PokerStars Hand #169743961916:  Hold'em Limit ($3/$6 USD) - 2017/04/29 22:22:20 ET
Table 'Indus' 6-max Seat #1 is the button
Seat 1: RaisemyNut$ ($170.73 in chips)
Seat 3: guinness5860 ($90.11 in chips)
RaisemyNut$: posts small blind $1
guinness5860: posts big blind $3
*** HOLE CARDS ***
RaisemyNut$: raises $3 to $6
guinness5860: calls $3
*** FLOP *** [6s As Kc]
guinness5860: bets $3
RaisemyNut$: raises $3 to $6
guinness5860: calls $3
*** TURN *** [6s As Kc] [2c]
guinness5860: checks
RaisemyNut$: checks
*** RIVER *** [6s As Kc 2c] [Jh]
guinness5860: bets $6
RaisemyNut$: folds
Uncalled bet ($6) returned to guinness5860
guinness5860 collected $23.52 from pot
guinness5860: doesn't show hand
*** SUMMARY ***
Total pot $24 | Rake $0.48
Board [6s As Kc 2c Jh]
Seat 1: RaisemyNut$ (button) (small blind) folded on the River
Seat 3: guinness5860 (big blind) collected ($23.52)


PokerStars Hand #169743974803:  Hold'em Limit ($3/$6 USD) - 2017/04/29 22:22:56 ET
Table 'Indus' 6-max Seat #1 is the button
Seat 1: RaisemyNut$ ($170.25 in chips)
Seat 3: guinness5860 ($89.63 in chips)
RaisemyNut$: posts small blind $1
guinness5860: posts big blind $3
*** HOLE CARDS ***
RaisemyNut$: raises $3 to $6
guinness5860: folds
Uncalled bet ($3) returned to RaisemyNut$
RaisemyNut$ collected $6 from pot
RaisemyNut$: doesn't show hand
*** SUMMARY ***
Total pot $6 | Rake $0
Seat 1: RaisemyNut$ (button) (small blind) collected ($6)
Seat 3: guinness5860 (big blind) folded before Flop


PokerStars Hand #169743968164:  Hold'em Limit ($3/$6 USD) - 2017/04/29 22:22:38 ET
Table 'Indus' 6-max Seat #3 is the button
Seat 1: RaisemyNut$ ($158.73 in chips)
Seat 3: guinness5860 ($101.63 in chips)
guinness5860: posts small blind $1
RaisemyNut$: posts big blind $3
*** HOLE CARDS ***
guinness5860: calls $2
RaisemyNut$: raises $3 to $6
guinness5860: calls $3
*** FLOP *** [2h Kc 6h]
RaisemyNut$: checks
guinness5860: checks
*** TURN *** [2h Kc 6h] [2c]
RaisemyNut$: bets $6
guinness5860: calls $6
*** RIVER *** [2h Kc 6h 2c] [7c]
RaisemyNut$: bets $6
guinness5860: folds
Uncalled bet ($6) returned to RaisemyNut$
RaisemyNut$ collected $23.52 from pot
RaisemyNut$: doesn't show hand
*** SUMMARY ***
Total pot $24 | Rake $0.48
Board [2h Kc 6h 2c 7c]
Seat 1: RaisemyNut$ (big blind) collected ($23.52)
Seat 3: guinness5860 (button) (small blind) folded on the River


PokerStars Hand #169743977250:  Hold'em Limit ($3/$6 USD) - 2017/04/29 22:23:03 ET
Table 'Indus' 6-max Seat #3 is the button
Seat 1: RaisemyNut$ ($173.25 in chips)
Seat 3: guinness5860 ($86.63 in chips)
guinness5860: posts small blind $1
RaisemyNut$: posts big blind $3
*** HOLE CARDS ***
guinness5860: raises $3 to $6
RaisemyNut$: folds
Uncalled bet ($3) returned to guinness5860
guinness5860 collected $6 from pot
guinness5860: doesn't show hand
*** SUMMARY ***
Total pot $6 | Rake $0
Seat 1: RaisemyNut$ (big blind) folded before Flop
Seat 3: guinness5860 (button) (small blind) collected ($6)


PokerStars Hand #169743988179:  Hold'em Limit ($3/$6 USD) - 2017/04/29 22:23:33 ET
Table 'Indus' 6-max Seat #3 is the button
Seat 1: RaisemyNut$ ($149.25 in chips)
Seat 3: guinness5860 ($110.13 in chips)
guinness5860: posts small blind $1
RaisemyNut$: posts big blind $3
*** HOLE CARDS ***
guinness5860: folds
Uncalled bet ($2) returned to RaisemyNut$
RaisemyNut$ collected $2 from pot
RaisemyNut$: doesn't show hand
*** SUMMARY ***
Total pot $2 | Rake $0
Seat 1: RaisemyNut$ (big blind) collected ($2)
Seat 3: guinness5860 (button) (small blind) folded before Flop


PokerStars Hand #169743990404:  Hold'em Limit ($3/$6 USD) - 2017/04/29 22:23:39 ET
Table 'Indus' 6-max Seat #1 is the button
Seat 1: RaisemyNut$ ($150.25 in chips)
Seat 3: guinness5860 ($109.13 in chips)
RaisemyNut$: posts small blind $1
guinness5860: posts big blind $3
*** HOLE CARDS ***
RaisemyNut$: folds
Uncalled bet ($2) returned to guinness5860
guinness5860 collected $2 from pot
guinness5860: doesn't show hand
*** SUMMARY ***
Total pot $2 | Rake $0
Seat 1: RaisemyNut$ (button) (small blind) folded before Flop
Seat 3: guinness5860 (big blind) collected ($2)


PokerStars Hand #169743979588:  Hold'em Limit ($3/$6 USD) - 2017/04/29 22:23:09 ET
Table 'Indus' 6-max Seat #1 is the button
Seat 1: RaisemyNut$ ($170.25 in chips)
Seat 3: guinness5860 ($89.63 in chips)
RaisemyNut$: posts small blind $1
guinness5860: posts big blind $3
*** HOLE CARDS ***
RaisemyNut$: raises $3 to $6
guinness5860: calls $3
*** FLOP *** [9h 8h 4h]
guinness5860: checks
RaisemyNut$: bets $3
guinness5860: calls $3
*** TURN *** [9h 8h 4h] [7s]
guinness5860: checks
RaisemyNut$: bets $6
guinness5860: calls $6
*** RIVER *** [9h 8h 4h 7s] [5h]
guinness5860: bets $6
RaisemyNut$: calls $6
*** SHOW DOWN ***
guinness5860: shows [Ah Tc] (a flush, Ace high)
RaisemyNut$: mucks hand
guinness5860 collected $41.50 from pot
*** SUMMARY ***
Total pot $42 | Rake $0.50
Board [9h 8h 4h 7s 5h]
Seat 1: RaisemyNut$ (button) (small blind) mucked
Seat 3: guinness5860 (big blind) showed [Ah Tc] and won ($41.50) with a flush, Ace high


PokerStars Hand #169743992580:  Hold'em Limit ($3/$6 USD) - 2017/04/29 22:23:45 ET
Table 'Indus' 6-max Seat #3 is the button
Seat 1: RaisemyNut$ ($149.25 in chips)
Seat 3: guinness5860 ($110.13 in chips)
guinness5860: posts small blind $1
RaisemyNut$: posts big blind $3
*** HOLE CARDS ***
guinness5860: calls $2
RaisemyNut$: checks
*** FLOP *** [6h 5d 7c]
RaisemyNut$: checks
guinness5860: checks
*** TURN *** [6h 5d 7c] [Js]
RaisemyNut$: checks
guinness5860: checks
*** RIVER *** [6h 5d 7c Js] [7s]
RaisemyNut$: checks
guinness5860: bets $6
RaisemyNut$: folds
Uncalled bet ($6) returned to guinness5860
guinness5860 collected $5.88 from pot
guinness5860: doesn't show hand
*** SUMMARY ***
Total pot $6 | Rake $0.12
Board [6h 5d 7c Js 7s]
Seat 1: RaisemyNut$ (big blind) folded on the River
Seat 3: guinness5860 (button) (small blind) collected ($5.88)


PokerStars Hand #169744018300:  Hold'em Limit ($3/$6 USD) - 2017/04/29 22:24:57 ET
Table 'Indus' 6-max Seat #1 is the button
Seat 1: RaisemyNut$ ($122.25 in chips)
Seat 3: guinness5860 ($136.39 in chips)
RaisemyNut$: posts small blind $1
guinness5860: posts big blind $3
*** HOLE CARDS ***
RaisemyNut$: raises $3 to $6
guinness5860: folds
Uncalled bet ($3) returned to RaisemyNut$
RaisemyNut$ collected $6 from pot
RaisemyNut$: doesn't show hand
*** SUMMARY ***
Total pot $6 | Rake $0
Seat 1: RaisemyNut$ (button) (small blind) collected ($6)
Seat 3: guinness5860 (big blind) folded before Flop


PokerStars Hand #169744009641:  Hold'em Limit ($3/$6 USD) - 2017/04/29 22:24:33 ET
Table 'Indus' 6-max Seat #3 is the button
Seat 1: RaisemyNut$ ($125.25 in chips)
Seat 3: guinness5860 ($133.51 in chips)
guinness5860: posts small blind $1
RaisemyNut$: posts big blind $3
*** HOLE CARDS ***
guinness5860: calls $2
RaisemyNut$: checks
*** FLOP *** [Ts As 9s]
RaisemyNut$: checks
guinness5860: bets $3
RaisemyNut$: folds
Uncalled bet ($3) returned to guinness5860
guinness5860 collected $5.88 from pot
guinness5860: doesn't show hand
*** SUMMARY ***
Total pot $6 | Rake $0.12
Board [Ts As 9s]
Seat 1: RaisemyNut$ (big blind) folded on the Flop
Seat 3: guinness5860 (button) (small blind) collected ($5.88)


PokerStars Hand #169744020588:  Hold'em Limit ($3/$6 USD) - 2017/04/29 22:25:03 ET
Table 'Indus' 6-max Seat #3 is the button
Seat 1: RaisemyNut$ ($125.25 in chips)
Seat 3: guinness5860 ($133.39 in chips)
guinness5860: posts small blind $1
RaisemyNut$: posts big blind $3
*** HOLE CARDS ***
guinness5860: calls $2
RaisemyNut$: checks
*** FLOP *** [2c 8s 3h]
RaisemyNut$: checks
guinness5860: bets $3
RaisemyNut$: folds
Uncalled bet ($3) returned to guinness5860
guinness5860 collected $5.88 from pot
guinness5860: doesn't show hand
*** SUMMARY ***
Total pot $6 | Rake $0.12
Board [2c 8s 3h]
Seat 1: RaisemyNut$ (big blind) folded on the Flop
Seat 3: guinness5860 (button) (small blind) collected ($5.88)


PokerStars Hand #169744004112:  Hold'em Limit ($3/$6 USD) - 2017/04/29 22:24:17 ET
Table 'Indus' 6-max Seat #1 is the button
Seat 1: RaisemyNut$ ($146.25 in chips)
Seat 3: guinness5860 ($113.01 in chips)
RaisemyNut$: posts small blind $1
guinness5860: posts big blind $3
*** HOLE CARDS ***
RaisemyNut$: raises $3 to $6
guinness5860: calls $3
*** FLOP *** [2s 9d Ks]
guinness5860: bets $3
RaisemyNut$: calls $3
*** TURN *** [2s 9d Ks] [4h]
guinness5860: bets $6
RaisemyNut$: calls $6
*** RIVER *** [2s 9d Ks 4h] [4s]
guinness5860: bets $6
RaisemyNut$: calls $6
*** SHOW DOWN ***
guinness5860: shows [8h 9h] (two pair, Nines and Fours)
RaisemyNut$: mucks hand
guinness5860 collected $41.50 from pot
*** SUMMARY ***
Total pot $42 | Rake $0.50
Board [2s 9d Ks 4h 4s]
Seat 1: RaisemyNut$ (button) (small blind) mucked
Seat 3: guinness5860 (big blind) showed [8h 9h] and won ($41.50) with two pair, Nines and Fours


PokerStars Hand #169744035846:  Hold'em Limit ($3/$6 USD) - 2017/04/29 22:25:45 ET
Table 'Indus' 6-max Seat #1 is the button
Seat 1: RaisemyNut$ ($148.51 in chips)
Seat 3: guinness5860 ($109.27 in chips)
RaisemyNut$: posts small blind $1
guinness5860: posts big blind $3
*** HOLE CARDS ***
RaisemyNut$: raises $3 to $6
guinness5860: folds
Uncalled bet ($3) returned to RaisemyNut$
RaisemyNut$ collected $6 from pot
RaisemyNut$: doesn't show hand
*** SUMMARY ***
Total pot $6 | Rake $0
Seat 1: RaisemyNut$ (button) (small blind) collected ($6)
Seat 3: guinness5860 (big blind) folded before Flop


PokerStars Hand #169744024963:  Hold'em Limit ($3/$6 USD) - 2017/04/29 22:25:15 ET
Table 'Indus' 6-max Seat #1 is the button
Seat 1: RaisemyNut$ ($122.25 in chips)
Seat 3: guinness5860 ($136.27 in chips)
RaisemyNut$: posts small blind $1
guinness5860: posts big blind $3
*** HOLE CARDS ***
RaisemyNut$: raises $3 to $6
guinness5860: calls $3
*** FLOP *** [Ac 8d Jd]
guinness5860: checks
RaisemyNut$: bets $3
guinness5860: calls $3
*** TURN *** [Ac 8d Jd] [2c]
guinness5860: checks
RaisemyNut$: bets $6
guinness5860: calls $6
*** RIVER *** [Ac 8d Jd 2c] [3d]
guinness5860: bets $6
RaisemyNut$: calls $6
*** SHOW DOWN ***
guinness5860: shows [Qc 5c] (high card Ace)
RaisemyNut$: shows [Jc Kh] (a pair of Jacks)
RaisemyNut$ collected $41.50 from pot
*** SUMMARY ***
Total pot $42 | Rake $0.50
Board [Ac 8d Jd 2c 3d]
Seat 1: RaisemyNut$ (button) (small blind) showed [Jc Kh] and won ($41.50) with a pair of Jacks
Seat 3: guinness5860 (big blind) showed [Qc 5c] and lost with high card Ace


PokerStars Hand #169744031642:  Hold'em Limit ($3/$6 USD) - 2017/04/29 22:25:34 ET
Table 'Indus' 6-max Seat #3 is the button
Seat 1: RaisemyNut$ ($142.75 in chips)
Seat 3: guinness5860 ($115.27 in chips)
guinness5860: posts small blind $1
RaisemyNut$: posts big blind $3
*** HOLE CARDS ***
guinness5860: calls $2
RaisemyNut$: raises $3 to $6
guinness5860: calls $3
*** FLOP *** [Kd 9s 6d]
RaisemyNut$: bets $3
guinness5860: folds
Uncalled bet ($3) returned to RaisemyNut$
RaisemyNut$ collected $11.76 from pot
RaisemyNut$: doesn't show hand
*** SUMMARY ***
Total pot $12 | Rake $0.24
Board [Kd 9s 6d]
Seat 1: RaisemyNut$ (big blind) collected ($11.76)
Seat 3: guinness5860 (button) (small blind) folded on the Flop


PokerStars Hand #169744038188:  Hold'em Limit ($3/$6 USD) - 2017/04/29 22:25:52 ET
Table 'Indus' 6-max Seat #3 is the button
Seat 1: RaisemyNut$ ($151.51 in chips)
Seat 3: guinness5860 ($106.27 in chips)
guinness5860: posts small blind $1
RaisemyNut$: posts big blind $3
*** HOLE CARDS ***
guinness5860: calls $2
RaisemyNut$: checks
*** FLOP *** [5s Td Kc]
RaisemyNut$: checks
guinness5860: checks
*** TURN *** [5s Td Kc] [2d]
RaisemyNut$: bets $6
guinness5860: calls $6
*** RIVER *** [5s Td Kc 2d] [Qc]
RaisemyNut$: checks
guinness5860: bets $6
RaisemyNut$: calls $6
*** SHOW DOWN ***
guinness5860: shows [Jd 9c] (a straight, Nine to King)
RaisemyNut$: mucks hand
guinness5860 collected $29.50 from pot
*** SUMMARY ***
Total pot $30 | Rake $0.50
Board [5s Td Kc 2d Qc]
Seat 1: RaisemyNut$ (big blind) mucked
Seat 3: guinness5860 (button) (small blind) showed [Jd 9c] and won ($29.50) with a straight, Nine to King


PokerStars Hand #169744044719:  Hold'em Limit ($3/$6 USD) - 2017/04/29 22:26:10 ET
Table 'Indus' 6-max Seat #1 is the button
Seat 1: RaisemyNut$ ($136.51 in chips)
Seat 3: guinness5860 ($120.77 in chips)
RaisemyNut$: posts small blind $1
guinness5860: posts big blind $3
*** HOLE CARDS ***
RaisemyNut$: raises $3 to $6
guinness5860: calls $3
*** FLOP *** [3d Ah 3h]
guinness5860: bets $3
RaisemyNut$: raises $3 to $6
guinness5860: calls $3
*** TURN *** [3d Ah 3h] [Kd]
guinness5860: checks
RaisemyNut$: bets $6
guinness5860: calls $6
*** RIVER *** [3d Ah 3h Kd] [7h]
guinness5860: checks
RaisemyNut$: bets $6
guinness5860: calls $6
*** SHOW DOWN ***
RaisemyNut$: shows [Ad 8c] (two pair, Aces and Threes)
guinness5860: shows [2s Ac] (two pair, Aces and Threes)
guinness5860 collected $23.75 from pot
RaisemyNut$ collected $23.75 from pot
*** SUMMARY ***
Total pot $48 | Rake $0.50
Board [3d Ah 3h Kd 7h]
Seat 1: RaisemyNut$ (button) (small blind) showed [Ad 8c] and won ($23.75) with two pair, Aces and Threes
Seat 3: guinness5860 (big blind) showed [2s Ac] and won ($23.75) with two pair, Aces and Threes


PokerStars Hand #169744060147:  Hold'em Limit ($3/$6 USD) - 2017/04/29 22:26:53 ET
Table 'Indus' 6-max Seat #1 is the button
Seat 1: RaisemyNut$ ($133.26 in chips)
Seat 3: guinness5860 ($123.40 in chips)
RaisemyNut$: posts small blind $1
guinness5860: posts big blind $3
*** HOLE CARDS ***
RaisemyNut$: raises $3 to $6
guinness5860: folds
Uncalled bet ($3) returned to RaisemyNut$
RaisemyNut$ collected $6 from pot
RaisemyNut$: doesn't show hand
*** SUMMARY ***
Total pot $6 | Rake $0
Seat 1: RaisemyNut$ (button) (small blind) collected ($6)
Seat 3: guinness5860 (big blind) folded before Flop


PokerStars Hand #169744054081:  Hold'em Limit ($3/$6 USD) - 2017/04/29 22:26:36 ET
Table 'Indus' 6-max Seat #3 is the button
Seat 1: RaisemyNut$ ($136.26 in chips)
Seat 3: guinness5860 ($120.52 in chips)
guinness5860: posts small blind $1
RaisemyNut$: posts big blind $3
*** HOLE CARDS ***
guinness5860: calls $2
RaisemyNut$: checks
*** FLOP *** [Jh 2c 4d]
RaisemyNut$: checks
guinness5860: bets $3
RaisemyNut$: folds
Uncalled bet ($3) returned to guinness5860
guinness5860 collected $5.88 from pot
guinness5860: doesn't show hand
*** SUMMARY ***
Total pot $6 | Rake $0.12
Board [Jh 2c 4d]
Seat 1: RaisemyNut$ (big blind) folded on the Flop
Seat 3: guinness5860 (button) (small blind) collected ($5.88)


PokerStars Hand #169744062899:  Hold'em Limit ($3/$6 USD) - 2017/04/29 22:27:01 ET
Table 'Indus' 6-max Seat #3 is the button
Seat 1: RaisemyNut$ ($136.26 in chips)
Seat 3: guinness5860 ($120.40 in chips)
guinness5860: posts small blind $1
RaisemyNut$: posts big blind $3
*** HOLE CARDS ***
guinness5860: calls $2
RaisemyNut$: raises $3 to $6
guinness5860: calls $3
*** FLOP *** [7h 8c 3h]
RaisemyNut$: bets $3
guinness5860: folds
Uncalled bet ($3) returned to RaisemyNut$
RaisemyNut$ collected $11.76 from pot
RaisemyNut$: doesn't show hand
*** SUMMARY ***
Total pot $12 | Rake $0.24
Board [7h 8c 3h]
Seat 1: RaisemyNut$ (big blind) collected ($11.76)
Seat 3: guinness5860 (button) (small blind) folded on the Flop


PokerStars Hand #169744076058:  Hold'em Limit ($3/$6 USD) - 2017/04/29 22:27:38 ET
Table 'Indus' 6-max Seat #3 is the button
Seat 1: RaisemyNut$ ($136.02 in chips)
Seat 3: guinness5860 ($120.16 in chips)
guinness5860: posts small blind $1
RaisemyNut$: posts big blind $3
*** HOLE CARDS ***
guinness5860: folds
Uncalled bet ($2) returned to RaisemyNut$
RaisemyNut$ collected $2 from pot
RaisemyNut$: doesn't show hand
*** SUMMARY ***
Total pot $2 | Rake $0
Seat 1: RaisemyNut$ (big blind) collected ($2)
Seat 3: guinness5860 (button) (small blind) folded before Flop


PokerStars Hand #169744067347:  Hold'em Limit ($3/$6 USD) - 2017/04/29 22:27:13 ET
Table 'Indus' 6-max Seat #1 is the button
Seat 1: RaisemyNut$ ($142.02 in chips)
Seat 3: guinness5860 ($114.40 in chips)
RaisemyNut$: posts small blind $1
guinness5860: posts big blind $3
*** HOLE CARDS ***
RaisemyNut$: raises $3 to $6
guinness5860: calls $3
*** FLOP *** [5h 9h 7s]
guinness5860: bets $3
RaisemyNut$: folds
Uncalled bet ($3) returned to guinness5860
guinness5860 collected $11.76 from pot
guinness5860: doesn't show hand
*** SUMMARY ***
Total pot $12 | Rake $0.24
Board [5h 9h 7s]
Seat 1: RaisemyNut$ (button) (small blind) folded on the Flop
Seat 3: guinness5860 (big blind) collected ($11.76)


PokerStars Hand #169744077906:  Hold'em Limit ($3/$6 USD) - 2017/04/29 22:27:43 ET
Table 'Indus' 6-max Seat #1 is the button
Seat 1: RaisemyNut$ ($137.02 in chips)
Seat 3: guinness5860 ($119.16 in chips)
RaisemyNut$: posts small blind $1
guinness5860: posts big blind $3
*** HOLE CARDS ***
RaisemyNut$: raises $3 to $6
guinness5860: calls $3
*** FLOP *** [As 8c 7h]
guinness5860: bets $3
RaisemyNut$: raises $3 to $6
guinness5860: calls $3
*** TURN *** [As 8c 7h] [Ts]
guinness5860: checks
RaisemyNut$: bets $6
guinness5860: calls $6
*** RIVER *** [As 8c 7h Ts] [6d]
guinness5860: checks
RaisemyNut$: bets $6
guinness5860: folds
Uncalled bet ($6) returned to RaisemyNut$
RaisemyNut$ collected $35.50 from pot
RaisemyNut$: doesn't show hand
*** SUMMARY ***
Total pot $36 | Rake $0.50
Board [As 8c 7h Ts 6d]
Seat 1: RaisemyNut$ (button) (small blind) collected ($35.50)
Seat 3: guinness5860 (big blind) folded on the River


PokerStars Hand #169744085347:  Hold'em Limit ($3/$6 USD) - 2017/04/29 22:28:04 ET
Table 'Indus' 6-max Seat #3 is the button
Seat 1: RaisemyNut$ ($154.52 in chips)
Seat 3: guinness5860 ($101.16 in chips)
guinness5860: posts small blind $1
RaisemyNut$: posts big blind $3
*** HOLE CARDS ***
guinness5860: calls $2
RaisemyNut$: raises $3 to $6
guinness5860: calls $3
*** FLOP *** [Js 2s 9h]
RaisemyNut$: bets $3
guinness5860: calls $3
*** TURN *** [Js 2s 9h] [3c]
RaisemyNut$: checks
guinness5860: checks
*** RIVER *** [Js 2s 9h 3c] [Ac]
RaisemyNut$: checks
guinness5860: bets $6
RaisemyNut$: folds
Uncalled bet ($6) returned to guinness5860
guinness5860 collected $17.64 from pot
guinness5860: doesn't show hand
*** SUMMARY ***
Total pot $18 | Rake $0.36
Board [Js 2s 9h 3c Ac]
Seat 1: RaisemyNut$ (big blind) folded on the River
Seat 3: guinness5860 (button) (small blind) collected ($17.64)


PokerStars Hand #169744095246:  Hold'em Limit ($3/$6 USD) - 2017/04/29 22:28:32 ET
Table 'Indus' 6-max Seat #1 is the button
Seat 1: RaisemyNut$ ($145.52 in chips)
Seat 3: guinness5860 ($109.80 in chips)
RaisemyNut$: posts small blind $1
guinness5860: posts big blind $3
*** HOLE CARDS ***
RaisemyNut$: raises $3 to $6
guinness5860: calls $3
*** FLOP *** [Kh Jd 3s]
guinness5860: bets $3
RaisemyNut$: folds
Uncalled bet ($3) returned to guinness5860
guinness5860 collected $11.76 from pot
guinness5860: doesn't show hand
*** SUMMARY ***
Total pot $12 | Rake $0.24
Board [Kh Jd 3s]
Seat 1: RaisemyNut$ (button) (small blind) folded on the Flop
Seat 3: guinness5860 (big blind) collected ($11.76)


PokerStars Hand #169744100710:  Hold'em Limit ($3/$6 USD) - 2017/04/29 22:28:47 ET
Table 'Indus' 6-max Seat #1 is the button
Seat 1: RaisemyNut$ ($140.52 in chips)
Seat 3: guinness5860 ($114.56 in chips)
RaisemyNut$: posts small blind $1
guinness5860: posts big blind $3
*** HOLE CARDS ***
RaisemyNut$: raises $3 to $6
guinness5860: folds
Uncalled bet ($3) returned to RaisemyNut$
RaisemyNut$ collected $6 from pot
RaisemyNut$: doesn't show hand
*** SUMMARY ***
Total pot $6 | Rake $0
Seat 1: RaisemyNut$ (button) (small blind) collected ($6)
Seat 3: guinness5860 (big blind) folded before Flop


PokerStars Hand #169744098955:  Hold'em Limit ($3/$6 USD) - 2017/04/29 22:28:42 ET
Table 'Indus' 6-max Seat #3 is the button
Seat 1: RaisemyNut$ ($139.52 in chips)
Seat 3: guinness5860 ($115.56 in chips)
guinness5860: posts small blind $1
RaisemyNut$: posts big blind $3
*** HOLE CARDS ***
guinness5860: folds
Uncalled bet ($2) returned to RaisemyNut$
RaisemyNut$ collected $2 from pot
RaisemyNut$: doesn't show hand
*** SUMMARY ***
Total pot $2 | Rake $0
Seat 1: RaisemyNut$ (big blind) collected ($2)
Seat 3: guinness5860 (button) (small blind) folded before Flop


PokerStars Hand #169744103622:  Hold'em Limit ($3/$6 USD) - 2017/04/29 22:28:55 ET
Table 'Indus' 6-max Seat #3 is the button
Seat 1: RaisemyNut$ ($143.52 in chips)
Seat 3: guinness5860 ($111.56 in chips)
guinness5860: posts small blind $1
RaisemyNut$: posts big blind $3
*** HOLE CARDS ***
guinness5860: raises $3 to $6
RaisemyNut$: folds
Uncalled bet ($3) returned to guinness5860
guinness5860 collected $6 from pot
guinness5860: doesn't show hand
*** SUMMARY ***
Total pot $6 | Rake $0
Seat 1: RaisemyNut$ (big blind) folded before Flop
Seat 3: guinness5860 (button) (small blind) collected ($6)


PokerStars Hand #169744105911:  Hold'em Limit ($3/$6 USD) - 2017/04/29 22:29:02 ET
Table 'Indus' 6-max Seat #1 is the button
Seat 1: RaisemyNut$ ($140.52 in chips)
Seat 3: guinness5860 ($114.56 in chips)
RaisemyNut$: posts small blind $1
guinness5860: posts big blind $3
*** HOLE CARDS ***
RaisemyNut$: raises $3 to $6
guinness5860: calls $3
*** FLOP *** [Ks 6h Kc]
guinness5860: bets $3
RaisemyNut$: raises $3 to $6
guinness5860: calls $3
*** TURN *** [Ks 6h Kc] [2d]
guinness5860: bets $6
RaisemyNut$: folds
Uncalled bet ($6) returned to guinness5860
guinness5860 collected $23.52 from pot
guinness5860: doesn't show hand
*** SUMMARY ***
Total pot $24 | Rake $0.48
Board [Ks 6h Kc 2d]
Seat 1: RaisemyNut$ (button) (small blind) folded on the Turn
Seat 3: guinness5860 (big blind) collected ($23.52)


PokerStars Hand #169744110880:  Hold'em Limit ($3/$6 USD) - 2017/04/29 22:29:16 ET
Table 'Indus' 6-max Seat #3 is the button
Seat 1: RaisemyNut$ ($128.52 in chips)
Seat 3: guinness5860 ($126.08 in chips)
guinness5860: posts small blind $1
RaisemyNut$: posts big blind $3
*** HOLE CARDS ***
guinness5860: folds
Uncalled bet ($2) returned to RaisemyNut$
RaisemyNut$ collected $2 from pot
RaisemyNut$: doesn't show hand
*** SUMMARY ***
Total pot $2 | Rake $0
Seat 1: RaisemyNut$ (big blind) collected ($2)
Seat 3: guinness5860 (button) (small blind) folded before Flop


PokerStars Hand #169744112797:  Hold'em Limit ($3/$6 USD) - 2017/04/29 22:29:21 ET
Table 'Indus' 6-max Seat #1 is the button
Seat 1: RaisemyNut$ ($129.52 in chips)
Seat 3: guinness5860 ($125.08 in chips)
RaisemyNut$: posts small blind $1
guinness5860: posts big blind $3
*** HOLE CARDS ***
RaisemyNut$: raises $3 to $6
guinness5860: calls $3
*** FLOP *** [Th Qh 6d]
guinness5860: bets $3
RaisemyNut$: raises $3 to $6
guinness5860: raises $3 to $9
RaisemyNut$: calls $3
*** TURN *** [Th Qh 6d] [Jc]
guinness5860: bets $6
RaisemyNut$: calls $6
*** RIVER *** [Th Qh 6d Jc] [Tc]
guinness5860: bets $6
RaisemyNut$: calls $6
*** SHOW DOWN ***
guinness5860: shows [6s Td] (a full house, Tens full of Sixes)
RaisemyNut$: mucks hand
guinness5860 collected $53.50 from pot
*** SUMMARY ***
Total pot $54 | Rake $0.50
Board [Th Qh 6d Jc Tc]
Seat 1: RaisemyNut$ (button) (small blind) mucked
Seat 3: guinness5860 (big blind) showed [6s Td] and won ($53.50) with a full house, Tens full of Sixes


PokerStars Hand #169744129506:  Hold'em Limit ($3/$6 USD) - 2017/04/29 22:30:09 ET
Table 'Indus' 6-max Seat #1 is the button
Seat 1: RaisemyNut$ ($117.02 in chips)
Seat 3: guinness5860 ($136.58 in chips)
RaisemyNut$: posts small blind $1
guinness5860: posts big blind $3
*** HOLE CARDS ***
RaisemyNut$: folds
Uncalled bet ($2) returned to guinness5860
guinness5860 collected $2 from pot
guinness5860: doesn't show hand
*** SUMMARY ***
Total pot $2 | Rake $0
Seat 1: RaisemyNut$ (button) (small blind) folded before Flop
Seat 3: guinness5860 (big blind) collected ($2)


PokerStars Hand #169744123883:  Hold'em Limit ($3/$6 USD) - 2017/04/29 22:29:53 ET
Table 'Indus' 6-max Seat #3 is the button
Seat 1: RaisemyNut$ ($102.52 in chips)
Seat 3: guinness5860 ($151.58 in chips)
guinness5860: posts small blind $1
RaisemyNut$: posts big blind $3
*** HOLE CARDS ***
guinness5860: calls $2
RaisemyNut$: raises $3 to $6
guinness5860: calls $3
*** FLOP *** [Kc 6s 2c]
RaisemyNut$: bets $3
guinness5860: calls $3
*** TURN *** [Kc 6s 2c] [Ad]
RaisemyNut$: bets $6
guinness5860: calls $6
*** RIVER *** [Kc 6s 2c Ad] [4s]
RaisemyNut$: bets $6
guinness5860: folds
Uncalled bet ($6) returned to RaisemyNut$
RaisemyNut$ collected $29.50 from pot
RaisemyNut$: doesn't show hand
*** SUMMARY ***
Total pot $30 | Rake $0.50
Board [Kc 6s 2c Ad 4s]
Seat 1: RaisemyNut$ (big blind) collected ($29.50)
Seat 3: guinness5860 (button) (small blind) folded on the River


PokerStars Hand #169744144091:  Hold'em Limit ($3/$6 USD) - 2017/04/29 22:30:50 ET
Table 'Indus' 6-max Seat #1 is the button
Seat 1: RaisemyNut$ ($80.02 in chips)
Seat 3: guinness5860 ($173.08 in chips)
RaisemyNut$: posts small blind $1
guinness5860: posts big blind $3
*** HOLE CARDS ***
RaisemyNut$: raises $3 to $6
guinness5860: folds
Uncalled bet ($3) returned to RaisemyNut$
RaisemyNut$ collected $6 from pot
RaisemyNut$: doesn't show hand
*** SUMMARY ***
Total pot $6 | Rake $0
Seat 1: RaisemyNut$ (button) (small blind) collected ($6)
Seat 3: guinness5860 (big blind) folded before Flop


PokerStars Hand #169744131560:  Hold'em Limit ($3/$6 USD) - 2017/04/29 22:30:14 ET
Table 'Indus' 6-max Seat #3 is the button
Seat 1: RaisemyNut$ ($116.02 in chips)
Seat 3: guinness5860 ($137.58 in chips)
guinness5860: posts small blind $1
RaisemyNut$: posts big blind $3
*** HOLE CARDS ***
guinness5860: calls $2
RaisemyNut$: checks
*** FLOP *** [9d 4c 8s]
RaisemyNut$: bets $3
guinness5860: calls $3
*** TURN *** [9d 4c 8s] [2d]
RaisemyNut$: bets $6
guinness5860: calls $6
*** RIVER *** [9d 4c 8s 2d] [Qc]
RaisemyNut$: bets $6
guinness5860: raises $6 to $12
RaisemyNut$: raises $6 to $18
guinness5860: raises $6 to $24
Betting is capped
RaisemyNut$: calls $6
*** SHOW DOWN ***
guinness5860: shows [Th Jd] (a straight, Eight to Queen)
RaisemyNut$: mucks hand
guinness5860 collected $71.50 from pot
*** SUMMARY ***
Total pot $72 | Rake $0.50
Board [9d 4c 8s 2d Qc]
Seat 1: RaisemyNut$ (big blind) mucked
Seat 3: guinness5860 (button) (small blind) showed [Th Jd] and won ($71.50) with a straight, Eight to Queen


PokerStars Hand #169744150314:  Hold'em Limit ($3/$6 USD) - 2017/04/29 22:31:08 ET
Table 'Indus' 6-max Seat #1 is the button
Seat 1: RaisemyNut$ ($88.78 in chips)
Seat 3: guinness5860 ($164.08 in chips)
RaisemyNut$: posts small blind $1
guinness5860: posts big blind $3
*** HOLE CARDS ***
RaisemyNut$: raises $3 to $6
guinness5860: folds
Uncalled bet ($3) returned to RaisemyNut$
RaisemyNut$ collected $6 from pot
RaisemyNut$: doesn't show hand
*** SUMMARY ***
Total pot $6 | Rake $0
Seat 1: RaisemyNut$ (button) (small blind) collected ($6)
Seat 3: guinness5860 (big blind) folded before Flop


PokerStars Hand #169744146150:  Hold'em Limit ($3/$6 USD) - 2017/04/29 22:30:56 ET
Table 'Indus' 6-max Seat #3 is the button
Seat 1: RaisemyNut$ ($83.02 in chips)
Seat 3: guinness5860 ($170.08 in chips)
guinness5860: posts small blind $1
RaisemyNut$: posts big blind $3
*** HOLE CARDS ***
guinness5860: calls $2
RaisemyNut$: raises $3 to $6
guinness5860: calls $3
*** FLOP *** [3h Tc Th]
RaisemyNut$: bets $3
guinness5860: folds
Uncalled bet ($3) returned to RaisemyNut$
RaisemyNut$ collected $11.76 from pot
RaisemyNut$: doesn't show hand
*** SUMMARY ***
Total pot $12 | Rake $0.24
Board [3h Tc Th]
Seat 1: RaisemyNut$ (big blind) collected ($11.76)
Seat 3: guinness5860 (button) (small blind) folded on the Flop


PokerStars Hand #169744152609:  Hold'em Limit ($3/$6 USD) - 2017/04/29 22:31:15 ET
Table 'Indus' 6-max Seat #3 is the button
Seat 1: RaisemyNut$ ($91.78 in chips)
Seat 3: guinness5860 ($161.08 in chips)
guinness5860: posts small blind $1
RaisemyNut$: posts big blind $3
*** HOLE CARDS ***
guinness5860: calls $2
RaisemyNut$: raises $3 to $6
guinness5860: calls $3
*** FLOP *** [2h 5d 5s]
krytalex joins the table at seat #4
RaisemyNut$: bets $3
guinness5860: calls $3
*** TURN *** [2h 5d 5s] [Kd]
RaisemyNut$: bets $6
guinness5860: calls $6
*** RIVER *** [2h 5d 5s Kd] [Td]
RaisemyNut$: checks
guinness5860: bets $6
RaisemyNut$: calls $6
*** SHOW DOWN ***
guinness5860: shows [4d 8d] (a flush, King high)
RaisemyNut$: mucks hand
guinness5860 collected $41.50 from pot
*** SUMMARY ***
Total pot $42 | Rake $0.50
Board [2h 5d 5s Kd Td]
Seat 1: RaisemyNut$ (big blind) mucked
Seat 3: guinness5860 (button) (small blind) showed [4d 8d] and won ($41.50) with a flush, King high


PokerStars Hand #169744160030:  Hold'em Limit ($3/$6 USD) - 2017/04/29 22:31:36 ET
Table 'Indus' 6-max Seat #1 is the button
Seat 1: RaisemyNut$ ($70.78 in chips)
Seat 3: guinness5860 ($181.58 in chips)
RaisemyNut$: posts small blind $1
guinness5860: posts big blind $3
*** HOLE CARDS ***
RaisemyNut$: raises $3 to $6
guinness5860: calls $3
*** FLOP *** [4s 7h 3d]
guinness5860: bets $3
RaisemyNut$: raises $3 to $6
guinness5860: raises $3 to $9
RaisemyNut$: calls $3
*** TURN *** [4s 7h 3d] [2h]
guinness5860: bets $6
RaisemyNut$: folds
Uncalled bet ($6) returned to guinness5860
guinness5860 collected $29.50 from pot
guinness5860: doesn't show hand
*** SUMMARY ***
Total pot $30 | Rake $0.50
Board [4s 7h 3d 2h]
Seat 1: RaisemyNut$ (button) (small blind) folded on the Turn
Seat 3: guinness5860 (big blind) collected ($29.50)


PokerStars Hand #169746654207:  Hold'em Limit ($3/$6 USD) - 2017/04/30 0:46:03 ET
Table 'Indus' 6-max Seat #5 is the button
Seat 1: ArgCarp ($37.89 in chips)
Seat 5: dobber888 ($66.55 in chips)
ixstill will be allowed to play after the button
dobber888: posts small blind $1
kiwi/mike: is sitting out
ArgCarp: posts big blind $3
*** HOLE CARDS ***
dobber888: raises $3 to $6
kiwi/mike leaves the table
ArgCarp: calls $3
*** FLOP *** [Jh 3c Jc]
ArgCarp: checks
dobber888: bets $3
ArgCarp: raises $3 to $6
dobber888: calls $3
*** TURN *** [Jh 3c Jc] [Ah]
ArgCarp: bets $6
dobber888: raises $6 to $12
ArgCarp: calls $6
*** RIVER *** [Jh 3c Jc Ah] [3d]
ArgCarp: bets $6
dobber888: calls $6
*** SHOW DOWN ***
ArgCarp: shows [Qh 3h] (a full house, Threes full of Jacks)
dobber888: mucks hand
ArgCarp collected $59.50 from pot
*** SUMMARY ***
Total pot $60 | Rake $0.50
Board [Jh 3c Jc Ah 3d]
Seat 1: ArgCarp (big blind) showed [Qh 3h] and won ($59.50) with a full house, Threes full of Jacks
Seat 5: dobber888 (button) (small blind) mucked


PokerStars Hand #169746670924:  Hold'em Limit ($3/$6 USD) - 2017/04/30 0:47:03 ET
Table 'Indus' 6-max Seat #5 is the button
Seat 1: ArgCarp ($60.39 in chips)
Seat 5: dobber888 ($46.10 in chips)
dobber888: posts small blind $1
ArgCarp: posts big blind $3
*** HOLE CARDS ***
dobber888: calls $2
krytalex leaves the table
ArgCarp: checks
*** FLOP *** [Th 5s 7c]
ArgCarp: checks
dobber888: bets $3
ArgCarp: calls $3
*** TURN *** [Th 5s 7c] [8s]
ArgCarp: checks
dobber888: bets $6
ArgCarp: calls $6
*** RIVER *** [Th 5s 7c 8s] [2h]
ArgCarp: checks
dobber888: bets $6
ArgCarp: calls $6
*** SHOW DOWN ***
dobber888: shows [Js 7s] (a pair of Sevens)
ArgCarp: mucks hand
dobber888 collected $35.50 from pot
*** SUMMARY ***
Total pot $36 | Rake $0.50
Board [Th 5s 7c 8s 2h]
Seat 1: ArgCarp (big blind) mucked
Seat 5: dobber888 (button) (small blind) showed [Js 7s] and won ($35.50) with a pair of Sevens


PokerStars Hand #169746668862:  Hold'em Limit ($3/$6 USD) - 2017/04/30 0:46:56 ET
Table 'Indus' 6-max Seat #1 is the button
Seat 1: ArgCarp ($61.39 in chips)
Seat 5: dobber888 ($45.10 in chips)
ArgCarp: posts small blind $1
dobber888: posts big blind $3
*** HOLE CARDS ***
ArgCarp: folds
Uncalled bet ($2) returned to dobber888
dobber888 collected $2 from pot
dobber888: doesn't show hand
*** SUMMARY ***
Total pot $2 | Rake $0
Seat 1: ArgCarp (button) (small blind) folded before Flop
Seat 5: dobber888 (big blind) collected ($2)


PokerStars Hand #169746678337:  Hold'em Limit ($3/$6 USD) - 2017/04/30 0:47:30 ET
Table 'Indus' 6-max Seat #1 is the button
Seat 1: ArgCarp ($42.39 in chips)
Seat 5: dobber888 ($63.60 in chips)
ArgCarp: posts small blind $1
dobber888: posts big blind $3
*** HOLE CARDS ***
ArgCarp: raises $3 to $6
dobber888: folds
Uncalled bet ($3) returned to ArgCarp
ArgCarp collected $6 from pot
ArgCarp: doesn't show hand
dobber888 leaves the table
*** SUMMARY ***
Total pot $6 | Rake $0
Seat 1: ArgCarp (button) (small blind) collected ($6)
Seat 5: dobber888 (big blind) folded before Flop


PokerStars Hand #169750366179:  Hold'em Limit ($3/$6 USD) - 2017/04/30 4:18:38 ET
Table 'Indus' 6-max Seat #4 is the button
Seat 1: perten ($42.20 in chips)
Seat 4: Agrotait ($72 in chips)
Agrotait: posts small blind $1
perten: posts big blind $3
*** HOLE CARDS ***
Agrotait: raises $3 to $6
perten: raises $3 to $9
Agrotait: calls $3
*** FLOP *** [Kh Ks 2d]
perten: bets $3
Agrotait: calls $3
*** TURN *** [Kh Ks 2d] [7h]
perten: bets $6
Agrotait: calls $6
*** RIVER *** [Kh Ks 2d 7h] [9h]
perten: bets $6
Agrotait: calls $6
*** SHOW DOWN ***
perten: shows [3c Kc] (three of a kind, Kings)
Agrotait: mucks hand
perten collected $47.50 from pot
*** SUMMARY ***
Total pot $48 | Rake $0.50
Board [Kh Ks 2d 7h 9h]
Seat 1: perten (big blind) showed [3c Kc] and won ($47.50) with three of a kind, Kings
Seat 4: Agrotait (button) (small blind) mucked


PokerStars Hand #169750390263:  Hold'em Limit ($3/$6 USD) - 2017/04/30 4:19:47 ET
Table 'Indus' 6-max Seat #1 is the button
Seat 1: perten ($65.70 in chips)
Seat 4: Agrotait ($72 in chips)
perten: posts small blind $1
Agrotait: posts big blind $3
*** HOLE CARDS ***
perten: calls $2
Agrotait: checks
*** FLOP *** [Jc 5s 2d]
Agrotait: bets $3
perten: raises $3 to $6
27276969 joins the table at seat #3
Agrotait: folds
Uncalled bet ($3) returned to perten
perten collected $11.76 from pot
perten: doesn't show hand
*** SUMMARY ***
Total pot $12 | Rake $0.24
Board [Jc 5s 2d]
Seat 1: perten (button) (small blind) collected ($11.76)
Seat 4: Agrotait (big blind) folded on the Flop


PokerStars Hand #169750401377:  Hold'em Limit ($3/$6 USD) - 2017/04/30 4:20:19 ET
Table 'Indus' 6-max Seat #4 is the button
Seat 3: 27276969 ($120 in chips)
Seat 4: Agrotait ($66 in chips)
Agrotait: posts small blind $1
27276969: posts big blind $3
*** HOLE CARDS ***
Agrotait: folds
Uncalled bet ($2) returned to 27276969
27276969 collected $2 from pot
*** SUMMARY ***
Total pot $2 | Rake $0
Seat 3: 27276969 (big blind) collected ($2)
Seat 4: Agrotait (button) (small blind) folded before Flop


