PokerStars Hand #147402392716:  Hold'em Limit ($3/$6 USD) - 2016/01/20 22:08:54 ET
Table 'Industria' 6-max Seat #2 is the button
Seat 2: Brye54 ($77.10 in chips)
Seat 5: Pandakey ($120 in chips)
Brye54: posts small blind $1
Pandakey: posts big blind $3
*** HOLE CARDS ***
Brye54: raises $3 to $6
Pandakey: folds
Uncalled bet ($3) returned to Brye54
Brye54 collected $6 from pot
Brye54: doesn't show hand
*** SUMMARY ***
Total pot $6 | Rake $0
Seat 2: Brye54 (button) (small blind) collected ($6)
Seat 5: Pandakey (big blind) folded before Flop


PokerStars Hand #147402400277:  Hold'em Limit ($3/$6 USD) - 2016/01/20 22:09:13 ET
Table 'Industria' 6-max Seat #2 is the button
Seat 2: Brye54 ($74.10 in chips)
Seat 5: Pandakey ($122.76 in chips)
Brye54: posts small blind $1
Pandakey: posts big blind $3
*** HOLE CARDS ***
Brye54: folds
Uncalled bet ($2) returned to Pandakey
Pandakey collected $2 from pot
Pandakey: doesn't show hand
*** SUMMARY ***
Total pot $2 | Rake $0
Seat 2: Brye54 (button) (small blind) folded before Flop
Seat 5: Pandakey (big blind) collected ($2)


PokerStars Hand #147402396206:  Hold'em Limit ($3/$6 USD) - 2016/01/20 22:09:03 ET
Table 'Industria' 6-max Seat #5 is the button
Seat 2: Brye54 ($80.10 in chips)
Seat 5: Pandakey ($117 in chips)
Pandakey: posts small blind $1
Brye54: posts big blind $3
*** HOLE CARDS ***
Pandakey: raises $3 to $6
Brye54: calls $3
*** FLOP *** [4c Jh Qd]
Brye54: checks
Pandakey: bets $3
Brye54: folds
Uncalled bet ($3) returned to Pandakey
Pandakey collected $11.76 from pot
Pandakey: doesn't show hand
*** SUMMARY ***
Total pot $12 | Rake $0.24
Board [4c Jh Qd]
Seat 2: Brye54 (big blind) folded on the Flop
Seat 5: Pandakey (button) (small blind) collected ($11.76)


PokerStars Hand #147402402159:  Hold'em Limit ($3/$6 USD) - 2016/01/20 22:09:17 ET
Table 'Industria' 6-max Seat #5 is the button
Seat 2: Brye54 ($73.10 in chips)
Seat 5: Pandakey ($123.76 in chips)
Pandakey: posts small blind $1
Brye54: posts big blind $3
*** HOLE CARDS ***
Pandakey: folds
Uncalled bet ($2) returned to Brye54
Brye54 collected $2 from pot
Brye54: doesn't show hand
*** SUMMARY ***
Total pot $2 | Rake $0
Seat 2: Brye54 (big blind) collected ($2)
Seat 5: Pandakey (button) (small blind) folded before Flop


PokerStars Hand #147402410230:  Hold'em Limit ($3/$6 USD) - 2016/01/20 22:09:37 ET
Table 'Industria' 6-max Seat #2 is the button
Seat 2: Brye54 ($80.86 in chips)
Seat 5: Pandakey ($115.76 in chips)
Brye54: posts small blind $1
Pandakey: posts big blind $3
*** HOLE CARDS ***
Brye54: raises $3 to $6
Pandakey: raises $3 to $9
lelala joins the table at seat #3
Brye54: calls $3
*** FLOP *** [7d 3d 8d]
Pandakey: bets $3
iupeli joins the table at seat #6
Brye54: calls $3
*** TURN *** [7d 3d 8d] [8h]
Pandakey: bets $6
Brye54: folds
Uncalled bet ($6) returned to Pandakey
Pandakey collected $23.52 from pot
Pandakey: doesn't show hand
*** SUMMARY ***
Total pot $24 | Rake $0.48
Board [7d 3d 8d 8h]
Seat 2: Brye54 (button) (small blind) folded on the Turn
Seat 5: Pandakey (big blind) collected ($23.52)


PokerStars Hand #147402408258:  Hold'em Limit ($3/$6 USD) - 2016/01/20 22:09:32 ET
Table 'Industria' 6-max Seat #5 is the button
Seat 2: Brye54 ($79.86 in chips)
Seat 5: Pandakey ($116.76 in chips)
Pandakey: posts small blind $1
Brye54: posts big blind $3
*** HOLE CARDS ***
Pandakey: folds
Uncalled bet ($2) returned to Brye54
Brye54 collected $2 from pot
Brye54: doesn't show hand
*** SUMMARY ***
Total pot $2 | Rake $0
Seat 2: Brye54 (big blind) collected ($2)
Seat 5: Pandakey (button) (small blind) folded before Flop


PokerStars Hand #147402404302:  Hold'em Limit ($3/$6 USD) - 2016/01/20 22:09:22 ET
Table 'Industria' 6-max Seat #2 is the button
Seat 2: Brye54 ($74.10 in chips)
Seat 5: Pandakey ($122.76 in chips)
Brye54: posts small blind $1
Pandakey: posts big blind $3
*** HOLE CARDS ***
Brye54: raises $3 to $6
Pandakey: calls $3
*** FLOP *** [3s Kc 9s]
Pandakey: checks
Brye54: bets $3
Pandakey: folds
Uncalled bet ($3) returned to Brye54
Brye54 collected $11.76 from pot
Brye54: doesn't show hand
*** SUMMARY ***
Total pot $12 | Rake $0.24
Board [3s Kc 9s]
Seat 2: Brye54 (button) (small blind) collected ($11.76)
Seat 5: Pandakey (big blind) folded on the Flop


PokerStars Hand #147403269568:  Hold'em Limit ($3/$6 USD) - 2016/01/20 22:48:05 ET
Table 'Industria' 6-max Seat #6 is the button
Seat 4: Johnliu ($214.24 in chips)
Seat 6: iupeli ($70.01 in chips)
iupeli: posts small blind $1
BuzovaPro: is sitting out
Johnliu: posts big blind $3
*** HOLE CARDS ***
iupeli: folds
Uncalled bet ($2) returned to Johnliu
Johnliu collected $2 from pot
Johnliu: doesn't show hand
*** SUMMARY ***
Total pot $2 | Rake $0
Seat 4: Johnliu (big blind) collected ($2)
Seat 6: iupeli (button) (small blind) folded before Flop


