PokerStars Hand #159809236265:  Hold'em Limit ($3/$6 USD) - 2016/10/11 20:13:14 ET
Table 'Ingeborg' 6-max Seat #2 is the button
Seat 2: 7superpoker ($112.53 in chips)
Seat 5: RaisemyNut$ ($111.67 in chips)
Asya19 will be allowed to play after the button
7superpoker: posts small blind $1
ToDaFelt: is sitting out
RaisemyNut$: posts big blind $3
*** HOLE CARDS ***
7superpoker: raises $3 to $6
RaisemyNut$: raises $3 to $9
7superpoker: calls $3
*** FLOP *** [Jd Jh Ks]
RaisemyNut$: bets $3
7superpoker: calls $3
*** TURN *** [Jd Jh Ks] [9c]
RaisemyNut$: checks
7superpoker: bets $6
RaisemyNut$: calls $6
*** RIVER *** [Jd Jh Ks 9c] [9d]
RaisemyNut$: checks
7superpoker: bets $6
RaisemyNut$: calls $6
*** SHOW DOWN ***
7superpoker: shows [4s 4d] (two pair, Jacks and Nines)
RaisemyNut$: shows [Qc Ah] (two pair, Jacks and Nines - Ace kicker)
RaisemyNut$ collected $47.50 from pot
*** SUMMARY ***
Total pot $48 | Rake $0.50
Board [Jd Jh Ks 9c 9d]
Seat 2: 7superpoker (button) (small blind) showed [4s 4d] and lost with two pair, Jacks and Nines
Seat 5: RaisemyNut$ (big blind) showed [Qc Ah] and won ($47.50) with two pair, Jacks and Nines


PokerStars Hand #159812742084:  Hold'em Limit ($3/$6 USD) - 2016/10/11 22:41:25 ET
Table 'Ingeborg' 6-max Seat #3 is the button
Seat 3: LolDnkaments ($139.88 in chips)
Seat 5: RaisemyNut$ ($143.73 in chips)
LolDnkaments: posts small blind $1
40 ft cliff leaves the table
RaisemyNut$: posts big blind $3
*** HOLE CARDS ***
LolDnkaments: raises $3 to $6
RaisemyNut$: calls $3
*** FLOP *** [6c 8h Qh]
RaisemyNut$: checks
LolDnkaments: bets $3
RaisemyNut$: folds
Uncalled bet ($3) returned to LolDnkaments
LolDnkaments collected $11.76 from pot
LolDnkaments: doesn't show hand
*** SUMMARY ***
Total pot $12 | Rake $0.24
Board [6c 8h Qh]
Seat 3: LolDnkaments (button) (small blind) collected ($11.76)
Seat 5: RaisemyNut$ (big blind) folded on the Flop


PokerStars Hand #159812739617:  Hold'em Limit ($3/$6 USD) - 2016/10/11 22:41:17 ET
Table 'Ingeborg' 6-max Seat #5 is the button
Seat 3: LolDnkaments ($138.88 in chips)
Seat 5: RaisemyNut$ ($144.73 in chips)
RaisemyNut$: posts small blind $1
B_loJkl: is sitting out
40 ft cliff: is sitting out
LolDnkaments: posts big blind $3
*** HOLE CARDS ***
RaisemyNut$: folds
Uncalled bet ($2) returned to LolDnkaments
LolDnkaments collected $2 from pot
LolDnkaments: doesn't show hand
*** SUMMARY ***
Total pot $2 | Rake $0
Seat 3: LolDnkaments (big blind) collected ($2)
Seat 5: RaisemyNut$ (button) (small blind) folded before Flop


