PokerStars Hand #168164582698:  Hold'em Limit ($3/$6 USD) - 2017/03/26 19:49:39 ET
Table 'Ingeborg' 6-max Seat #4 is the button
Seat 1: Jeelsy ($123 in chips)
Seat 4: Actionni13 ($150 in chips)
Actionni13: posts small blind $1
Jeelsy: posts big blind $3
*** HOLE CARDS ***
Actionni13: raises $3 to $6
Jeelsy: raises $3 to $9
Actionni13: calls $3
*** FLOP *** [Td 4d 3s]
Jeelsy: bets $3
Actionni13: calls $3
*** TURN *** [Td 4d 3s] [4c]
Jeelsy: bets $6
Actionni13: raises $6 to $12
Jeelsy: raises $6 to $18
Actionni13: raises $6 to $24
Betting is capped
Jeelsy: calls $6
*** RIVER *** [Td 4d 3s 4c] [7c]
Jeelsy: bets $6
Actionni13: calls $6
*** SHOW DOWN ***
Jeelsy: shows [5d As] (a pair of Fours)
Actionni13: shows [Qd 4s] (three of a kind, Fours)
Actionni13 collected $83.50 from pot
*** SUMMARY ***
Total pot $84 | Rake $0.50
Board [Td 4d 3s 4c 7c]
Seat 1: Jeelsy (big blind) showed [5d As] and lost with a pair of Fours
Seat 4: Actionni13 (button) (small blind) showed [Qd 4s] and won ($83.50) with three of a kind, Fours


PokerStars Hand #168164602842:  Hold'em Limit ($3/$6 USD) - 2017/03/26 19:50:15 ET
Table 'Ingeborg' 6-max Seat #4 is the button
Seat 1: Jeelsy ($84 in chips)
Seat 4: Actionni13 ($188.50 in chips)
Actionni13: posts small blind $1
Jeelsy: posts big blind $3
*** HOLE CARDS ***
Actionni13: folds
Uncalled bet ($2) returned to Jeelsy
Jeelsy collected $2 from pot
Jeelsy: doesn't show hand
*** SUMMARY ***
Total pot $2 | Rake $0
Seat 1: Jeelsy (big blind) collected ($2)
Seat 4: Actionni13 (button) (small blind) folded before Flop


PokerStars Hand #168164599457:  Hold'em Limit ($3/$6 USD) - 2017/03/26 19:50:09 ET
Table 'Ingeborg' 6-max Seat #1 is the button
Seat 1: Jeelsy ($81 in chips)
Seat 4: Actionni13 ($191.50 in chips)
Jeelsy: posts small blind $1
Actionni13: posts big blind $3
*** HOLE CARDS ***
Jeelsy: raises $3 to $6
Actionni13: folds
Uncalled bet ($3) returned to Jeelsy
Jeelsy collected $6 from pot
Jeelsy: doesn't show hand
*** SUMMARY ***
Total pot $6 | Rake $0
Seat 1: Jeelsy (button) (small blind) collected ($6)
Seat 4: Actionni13 (big blind) folded before Flop


PokerStars Hand #168164605555:  Hold'em Limit ($3/$6 USD) - 2017/03/26 19:50:20 ET
Table 'Ingeborg' 6-max Seat #1 is the button
Seat 1: Jeelsy ($85 in chips)
Seat 4: Actionni13 ($187.50 in chips)
Jeelsy: posts small blind $1
Actionni13: posts big blind $3
*** HOLE CARDS ***
Jeelsy: raises $3 to $6
Actionni13: calls $3
*** FLOP *** [Td Jd Js]
Actionni13: checks
Jeelsy: checks
*** TURN *** [Td Jd Js] [8d]
Actionni13: bets $6
Jeelsy: folds
Uncalled bet ($6) returned to Actionni13
Actionni13 collected $11.76 from pot
Actionni13: doesn't show hand
*** SUMMARY ***
Total pot $12 | Rake $0.24
Board [Td Jd Js 8d]
Seat 1: Jeelsy (button) (small blind) folded on the Turn
Seat 4: Actionni13 (big blind) collected ($11.76)


PokerStars Hand #168164628788:  Hold'em Limit ($3/$6 USD) - 2017/03/26 19:51:01 ET
Table 'Ingeborg' 6-max Seat #1 is the button
Seat 1: Jeelsy ($61 in chips)
Seat 4: Actionni13 ($210.76 in chips)
Jeelsy: posts small blind $1
Actionni13: posts big blind $3
*** HOLE CARDS ***
Jeelsy: raises $3 to $6
Actionni13: folds
Uncalled bet ($3) returned to Jeelsy
Jeelsy collected $6 from pot
Jeelsy: doesn't show hand
*** SUMMARY ***
Total pot $6 | Rake $0
Seat 1: Jeelsy (button) (small blind) collected ($6)
Seat 4: Actionni13 (big blind) folded before Flop


PokerStars Hand #168164617770:  Hold'em Limit ($3/$6 USD) - 2017/03/26 19:50:42 ET
Table 'Ingeborg' 6-max Seat #4 is the button
Seat 1: Jeelsy ($79 in chips)
Seat 4: Actionni13 ($193.26 in chips)
Actionni13: posts small blind $1
Jeelsy: posts big blind $3
*** HOLE CARDS ***
Actionni13: raises $3 to $6
Jeelsy: raises $3 to $9
Actionni13: calls $3
*** FLOP *** [2d 7d Ks]
Jeelsy: bets $3
Actionni13: calls $3
*** TURN *** [2d 7d Ks] [5s]
Jeelsy: bets $6
Actionni13: calls $6
*** RIVER *** [2d 7d Ks 5s] [2h]
Jeelsy: checks
Actionni13: bets $6
Jeelsy: folds
Uncalled bet ($6) returned to Actionni13
Actionni13 collected $35.50 from pot
Actionni13: doesn't show hand
*** SUMMARY ***
Total pot $36 | Rake $0.50
Board [2d 7d Ks 5s 2h]
Seat 1: Jeelsy (big blind) folded on the River
Seat 4: Actionni13 (button) (small blind) collected ($35.50)


PokerStars Hand #168164631783:  Hold'em Limit ($3/$6 USD) - 2017/03/26 19:51:07 ET
Table 'Ingeborg' 6-max Seat #4 is the button
Seat 1: Jeelsy ($64 in chips)
Seat 4: Actionni13 ($207.76 in chips)
Actionni13: posts small blind $1
Jeelsy: posts big blind $3
*** HOLE CARDS ***
Actionni13: folds
Uncalled bet ($2) returned to Jeelsy
Jeelsy collected $2 from pot
Jeelsy: doesn't show hand
*** SUMMARY ***
Total pot $2 | Rake $0
Seat 1: Jeelsy (big blind) collected ($2)
Seat 4: Actionni13 (button) (small blind) folded before Flop


PokerStars Hand #168164645459:  Hold'em Limit ($3/$6 USD) - 2017/03/26 19:51:31 ET
Table 'Ingeborg' 6-max Seat #4 is the button
Seat 1: Jeelsy ($53 in chips)
Seat 4: Actionni13 ($218.28 in chips)
Actionni13: posts small blind $1
Jeelsy: posts big blind $3
*** HOLE CARDS ***
Chessnok joins the table at seat #2
Actionni13: raises $3 to $6
Jeelsy: folds
Uncalled bet ($3) returned to Actionni13
Actionni13 collected $6 from pot
Actionni13: doesn't show hand
*** SUMMARY ***
Total pot $6 | Rake $0
Seat 1: Jeelsy (big blind) folded before Flop
Seat 4: Actionni13 (button) (small blind) collected ($6)


PokerStars Hand #168164634123:  Hold'em Limit ($3/$6 USD) - 2017/03/26 19:51:11 ET
Table 'Ingeborg' 6-max Seat #1 is the button
Seat 1: Jeelsy ($65 in chips)
Seat 4: Actionni13 ($206.76 in chips)
Jeelsy: posts small blind $1
Actionni13: posts big blind $3
*** HOLE CARDS ***
Jeelsy: raises $3 to $6
Actionni13: raises $3 to $9
Jeelsy: calls $3
*** FLOP *** [5c 7s 9s]
Actionni13: bets $3
Jeelsy: calls $3
*** TURN *** [5c 7s 9s] [2s]
Actionni13: checks
Jeelsy: checks
*** RIVER *** [5c 7s 9s 2s] [Ts]
Actionni13: bets $6
Jeelsy: folds
Uncalled bet ($6) returned to Actionni13
Actionni13 collected $23.52 from pot
Actionni13: doesn't show hand
*** SUMMARY ***
Total pot $24 | Rake $0.48
Board [5c 7s 9s 2s Ts]
Seat 1: Jeelsy (button) (small blind) folded on the River
Seat 4: Actionni13 (big blind) collected ($23.52)


PokerStars Hand #168164774127:  Hold'em Limit ($3/$6 USD) - 2017/03/26 19:55:28 ET
Table 'Ingeborg' 6-max Seat #2 is the button
Seat 2: Chessnok ($172.46 in chips)
Seat 4: Actionni13 ($241.26 in chips)
Chessnok: posts small blind $1
Actionni13: posts big blind $3
*** HOLE CARDS ***
Chessnok: raises $3 to $6
Actionni13: raises $3 to $9
rascal_319 joins the table at seat #5
Chessnok: calls $3
*** FLOP *** [6s 8c Qc]
Actionni13: bets $3
Chessnok: calls $3
*** TURN *** [6s 8c Qc] [4d]
Actionni13: checks
Chessnok: bets $6
Actionni13: calls $6
*** RIVER *** [6s 8c Qc 4d] [2h]
Actionni13: checks
Chessnok: checks
*** SHOW DOWN ***
Actionni13: shows [8s Ks] (a pair of Eights)
Chessnok: mucks hand
Actionni13 collected $35.50 from pot
*** SUMMARY ***
Total pot $36 | Rake $0.50
Board [6s 8c Qc 4d 2h]
Seat 2: Chessnok (button) (small blind) mucked
Seat 4: Actionni13 (big blind) showed [8s Ks] and won ($35.50) with a pair of Eights


