PokerStars Hand #150997527895:  Hold'em Limit ($3/$6 USD) - 2016/03/27 4:34:53 ET
Table 'Ingwelde II' 6-max Seat #1 is the button
Seat 1: VolkovDmitri ($120 in chips)
Seat 3: kr.poker8029 ($251.25 in chips)
VolkovDmitri: posts small blind $1
kr.poker8029: posts big blind $3
*** HOLE CARDS ***
VolkovDmitri: raises $3 to $6
kr.poker8029: calls $3
*** FLOP *** [Js Jc 5s]
kr.poker8029: checks
VolkovDmitri: bets $3
kr.poker8029: calls $3
*** TURN *** [Js Jc 5s] [6s]
kr.poker8029: checks
VolkovDmitri: bets $6
kr.poker8029: folds
Uncalled bet ($6) returned to VolkovDmitri
VolkovDmitri collected $17.64 from pot
VolkovDmitri: doesn't show hand
*** SUMMARY ***
Total pot $18 | Rake $0.36
Board [Js Jc 5s 6s]
Seat 1: VolkovDmitri (button) (small blind) collected ($17.64)
Seat 3: kr.poker8029 (big blind) folded on the Turn


PokerStars Hand #150997538706:  Hold'em Limit ($3/$6 USD) - 2016/03/27 4:35:21 ET
Table 'Ingwelde II' 6-max Seat #3 is the button
Seat 1: VolkovDmitri ($128.64 in chips)
Seat 3: kr.poker8029 ($242.25 in chips)
kr.poker8029: posts small blind $1
VolkovDmitri: posts big blind $3
*** HOLE CARDS ***
kr.poker8029: raises $3 to $6
VolkovDmitri: raises $3 to $9
kr.poker8029: calls $3
*** FLOP *** [Qc Kd Js]
VolkovDmitri: bets $3
kr.poker8029: calls $3
*** TURN *** [Qc Kd Js] [3d]
VolkovDmitri: checks
kr.poker8029: bets $6
VolkovDmitri: folds
Uncalled bet ($6) returned to kr.poker8029
kr.poker8029 collected $23.52 from pot
*** SUMMARY ***
Total pot $24 | Rake $0.48
Board [Qc Kd Js 3d]
Seat 1: VolkovDmitri (big blind) folded on the Turn
Seat 3: kr.poker8029 (button) (small blind) collected ($23.52)


PokerStars Hand #150997545303:  Hold'em Limit ($3/$6 USD) - 2016/03/27 4:35:38 ET
Table 'Ingwelde II' 6-max Seat #1 is the button
Seat 1: VolkovDmitri ($120 in chips)
Seat 3: kr.poker8029 ($253.77 in chips)
VolkovDmitri: posts small blind $1
kr.poker8029: posts big blind $3
*** HOLE CARDS ***
VolkovDmitri: raises $3 to $6
kr.poker8029: calls $3
*** FLOP *** [4c 2c 5h]
kr.poker8029: checks
VolkovDmitri: checks
*** TURN *** [4c 2c 5h] [5c]
kr.poker8029: bets $6
Agrotait joins the table at seat #4
VolkovDmitri: calls $6
*** RIVER *** [4c 2c 5h 5c] [2s]
kr.poker8029: bets $6
VolkovDmitri: calls $6
*** SHOW DOWN ***
kr.poker8029: shows [As Jc] (two pair, Fives and Deuces)
VolkovDmitri: mucks hand
kr.poker8029 collected $35.50 from pot
*** SUMMARY ***
Total pot $36 | Rake $0.50
Board [4c 2c 5h 5c 2s]
Seat 1: VolkovDmitri (button) (small blind) mucked
Seat 3: kr.poker8029 (big blind) showed [As Jc] and won ($35.50) with two pair, Fives and Deuces


PokerStars Hand #150997611677:  Hold'em Limit ($3/$6 USD) - 2016/03/27 4:38:29 ET
Table 'Ingwelde II' 6-max Seat #3 is the button
Seat 1: VolkovDmitri ($134.56 in chips)
Seat 3: kr.poker8029 ($262.88 in chips)
kr.poker8029: posts small blind $1
Agrotait: is sitting out
VolkovDmitri: posts big blind $3
*** HOLE CARDS ***
kr.poker8029: folds
Uncalled bet ($2) returned to VolkovDmitri
VolkovDmitri collected $2 from pot
VolkovDmitri: doesn't show hand
*** SUMMARY ***
Total pot $2 | Rake $0
Seat 1: VolkovDmitri (big blind) collected ($2)
Seat 3: kr.poker8029 (button) (small blind) folded before Flop


PokerStars Hand #150997614123:  Hold'em Limit ($3/$6 USD) - 2016/03/27 4:38:35 ET
Table 'Ingwelde II' 6-max Seat #1 is the button
Seat 1: VolkovDmitri ($135.56 in chips)
Seat 3: kr.poker8029 ($261.88 in chips)
VolkovDmitri: posts small blind $1
kr.poker8029: posts big blind $3
*** HOLE CARDS ***
Agrotait leaves the table
VolkovDmitri: raises $3 to $6
kr.poker8029: calls $3
*** FLOP *** [6d Kh Td]
kr.poker8029: checks
VolkovDmitri: bets $3
kr.poker8029: folds
Uncalled bet ($3) returned to VolkovDmitri
VolkovDmitri collected $11.76 from pot
VolkovDmitri: doesn't show hand
*** SUMMARY ***
Total pot $12 | Rake $0.24
Board [6d Kh Td]
Seat 1: VolkovDmitri (button) (small blind) collected ($11.76)
Seat 3: kr.poker8029 (big blind) folded on the Flop


PokerStars Hand #150997624597:  Hold'em Limit ($3/$6 USD) - 2016/03/27 4:39:02 ET
Table 'Ingwelde II' 6-max Seat #3 is the button
Seat 1: VolkovDmitri ($141.32 in chips)
Seat 3: kr.poker8029 ($255.88 in chips)
kr.poker8029: posts small blind $1
VolkovDmitri: posts big blind $3
*** HOLE CARDS ***
kr.poker8029: raises $3 to $6
VolkovDmitri: calls $3
*** FLOP *** [Jc Ah Qs]
VolkovDmitri: checks
kr.poker8029: bets $3
VolkovDmitri: folds
Uncalled bet ($3) returned to kr.poker8029
kr.poker8029 collected $11.76 from pot
*** SUMMARY ***
Total pot $12 | Rake $0.24
Board [Jc Ah Qs]
Seat 1: VolkovDmitri (big blind) folded on the Flop
Seat 3: kr.poker8029 (button) (small blind) collected ($11.76)


PokerStars Hand #150997635789:  Hold'em Limit ($3/$6 USD) - 2016/03/27 4:39:31 ET
Table 'Ingwelde II' 6-max Seat #1 is the button
Seat 1: VolkovDmitri ($135.32 in chips)
Seat 3: kr.poker8029 ($261.64 in chips)
VolkovDmitri: posts small blind $1
kr.poker8029: posts big blind $3
*** HOLE CARDS ***
VolkovDmitri: raises $3 to $6
kr.poker8029: calls $3
*** FLOP *** [7s 8c 6s]
kr.poker8029: checks
VolkovDmitri: bets $3
kr.poker8029: calls $3
*** TURN *** [7s 8c 6s] [Ac]
starfish1 joins the table at seat #4
kr.poker8029: checks
VolkovDmitri: bets $6
kr.poker8029: folds
Uncalled bet ($6) returned to VolkovDmitri
VolkovDmitri collected $17.64 from pot
VolkovDmitri: doesn't show hand
*** SUMMARY ***
Total pot $18 | Rake $0.36
Board [7s 8c 6s Ac]
Seat 1: VolkovDmitri (button) (small blind) collected ($17.64)
Seat 3: kr.poker8029 (big blind) folded on the Turn


PokerStars Hand #150998154734:  Hold'em Limit ($3/$6 USD) - 2016/03/27 5:01:48 ET
Table 'Ingwelde II' 6-max Seat #6 is the button
Seat 3: kr.poker8029 ($264.97 in chips)
Seat 6: swics1202 ($57.89 in chips)
swics1202: posts small blind $1
VolkovDmitri: is sitting out
VolkovDmitri leaves the table
tamnt10549 has timed out while disconnected
tamnt10549: is sitting out
kr.poker8029: posts big blind $3
*** HOLE CARDS ***
swics1202: folds
Uncalled bet ($2) returned to kr.poker8029
kr.poker8029 collected $2 from pot
*** SUMMARY ***
Total pot $2 | Rake $0
Seat 3: kr.poker8029 (big blind) collected ($2)
Seat 6: swics1202 (button) (small blind) folded before Flop


PokerStars Hand #150998164734:  Hold'em Limit ($3/$6 USD) - 2016/03/27 5:02:12 ET
Table 'Ingwelde II' 6-max Seat #3 is the button
Seat 3: kr.poker8029 ($265.97 in chips)
Seat 6: swics1202 ($56.89 in chips)
kr.poker8029: posts small blind $1
swics1202: posts big blind $3
*** HOLE CARDS ***
kr.poker8029: raises $3 to $6
swics1202: raises $3 to $9
kr.poker8029: calls $3
*** FLOP *** [3c 9h 8h]
swics1202: bets $3
kr.poker8029: calls $3
*** TURN *** [3c 9h 8h] [Th]
swics1202: bets $6
kr.poker8029: calls $6
*** RIVER *** [3c 9h 8h Th] [Jh]
swics1202: checks
kr.poker8029: bets $6
swics1202: calls $6
*** SHOW DOWN ***
kr.poker8029: shows [5c 7c] (a straight, Seven to Jack)
swics1202: mucks hand
kr.poker8029 collected $47.50 from pot
*** SUMMARY ***
Total pot $48 | Rake $0.50
Board [3c 9h 8h Th Jh]
Seat 3: kr.poker8029 (button) (small blind) showed [5c 7c] and won ($47.50) with a straight, Seven to Jack
Seat 6: swics1202 (big blind) mucked


PokerStars Hand #150998176574:  Hold'em Limit ($3/$6 USD) - 2016/03/27 5:02:42 ET
Table 'Ingwelde II' 6-max Seat #6 is the button
Seat 3: kr.poker8029 ($289.47 in chips)
Seat 6: swics1202 ($32.89 in chips)
swics1202: posts small blind $1
kr.poker8029: posts big blind $3
*** HOLE CARDS ***
swics1202: raises $3 to $6
kr.poker8029: calls $3
*** FLOP *** [Ac 8s Ts]
kr.poker8029: checks
swics1202: bets $3
kr.poker8029: calls $3
*** TURN *** [Ac 8s Ts] [5c]
kr.poker8029: checks
swics1202: checks
*** RIVER *** [Ac 8s Ts 5c] [6c]
kr.poker8029: bets $6
swics1202: folds
Uncalled bet ($6) returned to kr.poker8029
kr.poker8029 collected $17.64 from pot
*** SUMMARY ***
Total pot $18 | Rake $0.36
Board [Ac 8s Ts 5c 6c]
Seat 3: kr.poker8029 (big blind) collected ($17.64)
Seat 6: swics1202 (button) (small blind) folded on the River


PokerStars Hand #150998189500:  Hold'em Limit ($3/$6 USD) - 2016/03/27 5:03:13 ET
Table 'Ingwelde II' 6-max Seat #6 is the button
Seat 3: kr.poker8029 ($297.11 in chips)
Seat 6: swics1202 ($24.89 in chips)
swics1202: posts small blind $1
kr.poker8029: posts big blind $3
*** HOLE CARDS ***
swics1202: folds
Uncalled bet ($2) returned to kr.poker8029
kr.poker8029 collected $2 from pot
*** SUMMARY ***
Total pot $2 | Rake $0
Seat 3: kr.poker8029 (big blind) collected ($2)
Seat 6: swics1202 (button) (small blind) folded before Flop


PokerStars Hand #150998187210:  Hold'em Limit ($3/$6 USD) - 2016/03/27 5:03:07 ET
Table 'Ingwelde II' 6-max Seat #3 is the button
Seat 3: kr.poker8029 ($298.11 in chips)
Seat 6: swics1202 ($23.89 in chips)
kr.poker8029: posts small blind $1
swics1202: posts big blind $3
*** HOLE CARDS ***
kr.poker8029: folds
Uncalled bet ($2) returned to swics1202
swics1202 collected $2 from pot
swics1202: doesn't show hand
*** SUMMARY ***
Total pot $2 | Rake $0
Seat 3: kr.poker8029 (button) (small blind) folded before Flop
Seat 6: swics1202 (big blind) collected ($2)


PokerStars Hand #150998196814:  Hold'em Limit ($3/$6 USD) - 2016/03/27 5:03:31 ET
Table 'Ingwelde II' 6-max Seat #6 is the button
Seat 3: kr.poker8029 ($303.87 in chips)
Seat 6: swics1202 ($17.89 in chips)
swics1202: posts small blind $1
kr.poker8029: posts big blind $3
*** HOLE CARDS ***
swics1202: raises $3 to $6
kr.poker8029: folds
Uncalled bet ($3) returned to swics1202
swics1202 collected $6 from pot
swics1202: doesn't show hand
*** SUMMARY ***
Total pot $6 | Rake $0
Seat 3: kr.poker8029 (big blind) folded before Flop
Seat 6: swics1202 (button) (small blind) collected ($6)


PokerStars Hand #150998191909:  Hold'em Limit ($3/$6 USD) - 2016/03/27 5:03:19 ET
Table 'Ingwelde II' 6-max Seat #3 is the button
Seat 3: kr.poker8029 ($298.11 in chips)
Seat 6: swics1202 ($23.89 in chips)
kr.poker8029: posts small blind $1
swics1202: posts big blind $3
*** HOLE CARDS ***
kr.poker8029: raises $3 to $6
swics1202: calls $3
*** FLOP *** [Kh 7s Ah]
swics1202: checks
kr.poker8029: bets $3
swics1202: folds
Uncalled bet ($3) returned to kr.poker8029
kr.poker8029 collected $11.76 from pot
*** SUMMARY ***
Total pot $12 | Rake $0.24
Board [Kh 7s Ah]
Seat 3: kr.poker8029 (button) (small blind) collected ($11.76)
Seat 6: swics1202 (big blind) folded on the Flop


PokerStars Hand #150998204671:  Hold'em Limit ($3/$6 USD) - 2016/03/27 5:03:49 ET
Table 'Ingwelde II' 6-max Seat #3 is the button
Seat 3: kr.poker8029 ($300.87 in chips)
Seat 6: swics1202 ($20.89 in chips)
kr.poker8029: posts small blind $1
swics1202: posts big blind $3
*** HOLE CARDS ***
kr.poker8029: raises $3 to $6
swics1202: raises $3 to $9
kr.poker8029: calls $3
*** FLOP *** [4c Qc 7s]
swics1202: bets $3
kr.poker8029: calls $3
*** TURN *** [4c Qc 7s] [Kd]
swics1202: bets $6
kr.poker8029: folds
Uncalled bet ($6) returned to swics1202
swics1202 collected $23.52 from pot
swics1202: doesn't show hand
*** SUMMARY ***
Total pot $24 | Rake $0.48
Board [4c Qc 7s Kd]
Seat 3: kr.poker8029 (button) (small blind) folded on the Turn
Seat 6: swics1202 (big blind) collected ($23.52)


PokerStars Hand #150998211783:  Hold'em Limit ($3/$6 USD) - 2016/03/27 5:04:06 ET
Table 'Ingwelde II' 6-max Seat #6 is the button
Seat 3: kr.poker8029 ($288.87 in chips)
Seat 6: swics1202 ($32.41 in chips)
swics1202: posts small blind $1
kr.poker8029: posts big blind $3
*** HOLE CARDS ***
swics1202: calls $2
kr.poker8029: raises $3 to $6
swics1202: calls $3
*** FLOP *** [6h 8c Qc]
kr.poker8029: bets $3
swics1202: raises $3 to $6
kr.poker8029: calls $3
*** TURN *** [6h 8c Qc] [Tc]
kr.poker8029: checks
swics1202: checks
*** RIVER *** [6h 8c Qc Tc] [4s]
kr.poker8029: bets $6
swics1202: calls $6
*** SHOW DOWN ***
kr.poker8029: shows [Ad Jc] (high card Ace)
swics1202: shows [6d 7s] (a pair of Sixes)
swics1202 collected $35.50 from pot
*** SUMMARY ***
Total pot $36 | Rake $0.50
Board [6h 8c Qc Tc 4s]
Seat 3: kr.poker8029 (big blind) showed [Ad Jc] and lost with high card Ace
Seat 6: swics1202 (button) (small blind) showed [6d 7s] and won ($35.50) with a pair of Sixes


PokerStars Hand #150998201950:  Hold'em Limit ($3/$6 USD) - 2016/03/27 5:03:43 ET
Table 'Ingwelde II' 6-max Seat #6 is the button
Seat 3: kr.poker8029 ($299.87 in chips)
Seat 6: swics1202 ($21.89 in chips)
swics1202: posts small blind $1
kr.poker8029: posts big blind $3
*** HOLE CARDS ***
swics1202: folds
Uncalled bet ($2) returned to kr.poker8029
kr.poker8029 collected $2 from pot
*** SUMMARY ***
Total pot $2 | Rake $0
Seat 3: kr.poker8029 (big blind) collected ($2)
Seat 6: swics1202 (button) (small blind) folded before Flop


PokerStars Hand #150998199821:  Hold'em Limit ($3/$6 USD) - 2016/03/27 5:03:38 ET
Table 'Ingwelde II' 6-max Seat #3 is the button
Seat 3: kr.poker8029 ($300.87 in chips)
Seat 6: swics1202 ($20.89 in chips)
kr.poker8029: posts small blind $1
swics1202: posts big blind $3
*** HOLE CARDS ***
kr.poker8029: folds
Uncalled bet ($2) returned to swics1202
swics1202 collected $2 from pot
swics1202: doesn't show hand
*** SUMMARY ***
Total pot $2 | Rake $0
Seat 3: kr.poker8029 (button) (small blind) folded before Flop
Seat 6: swics1202 (big blind) collected ($2)


PokerStars Hand #150998232768:  Hold'em Limit ($3/$6 USD) - 2016/03/27 5:04:57 ET
Table 'Ingwelde II' 6-max Seat #3 is the button
Seat 3: kr.poker8029 ($249.87 in chips)
Seat 6: swics1202 ($70.41 in chips)
kr.poker8029: posts small blind $1
swics1202: posts big blind $3
*** HOLE CARDS ***
kr.poker8029: folds
Uncalled bet ($2) returned to swics1202
swics1202 collected $2 from pot
swics1202: doesn't show hand
*** SUMMARY ***
Total pot $2 | Rake $0
Seat 3: kr.poker8029 (button) (small blind) folded before Flop
Seat 6: swics1202 (big blind) collected ($2)


PokerStars Hand #150998247197:  Hold'em Limit ($3/$6 USD) - 2016/03/27 5:05:30 ET
Table 'Ingwelde II' 6-max Seat #3 is the button
Seat 3: kr.poker8029 ($272.37 in chips)
Seat 6: swics1202 ($47.41 in chips)
kr.poker8029: posts small blind $1
swics1202: posts big blind $3
*** HOLE CARDS ***
kr.poker8029: folds
Uncalled bet ($2) returned to swics1202
swics1202 collected $2 from pot
swics1202: doesn't show hand
*** SUMMARY ***
Total pot $2 | Rake $0
Seat 3: kr.poker8029 (button) (small blind) folded before Flop
Seat 6: swics1202 (big blind) collected ($2)


PokerStars Hand #150998236759:  Hold'em Limit ($3/$6 USD) - 2016/03/27 5:05:05 ET
Table 'Ingwelde II' 6-max Seat #6 is the button
Seat 3: kr.poker8029 ($248.87 in chips)
Seat 6: swics1202 ($71.41 in chips)
swics1202: posts small blind $1
kr.poker8029: posts big blind $3
*** HOLE CARDS ***
swics1202: raises $3 to $6
kr.poker8029: calls $3
*** FLOP *** [9d 3h 7s]
kr.poker8029: checks
swics1202: checks
*** TURN *** [9d 3h 7s] [4s]
kr.poker8029: bets $6
swics1202: raises $6 to $12
kr.poker8029: calls $6
*** RIVER *** [9d 3h 7s 4s] [2h]
kr.poker8029: checks
swics1202: bets $6
kr.poker8029: calls $6
*** SHOW DOWN ***
swics1202: shows [6s Jd] (high card Jack)
kr.poker8029: shows [9c 5h] (a pair of Nines)
kr.poker8029 collected $47.50 from pot
*** SUMMARY ***
Total pot $48 | Rake $0.50
Board [9d 3h 7s 4s 2h]
Seat 3: kr.poker8029 (big blind) showed [9c 5h] and won ($47.50) with a pair of Nines
Seat 6: swics1202 (button) (small blind) showed [6s Jd] and lost with high card Jack


PokerStars Hand #150998230088:  Hold'em Limit ($3/$6 USD) - 2016/03/27 5:04:51 ET
Table 'Ingwelde II' 6-max Seat #6 is the button
Seat 3: kr.poker8029 ($252.87 in chips)
Seat 6: swics1202 ($67.41 in chips)
swics1202: posts small blind $1
kr.poker8029: posts big blind $3
*** HOLE CARDS ***
swics1202: raises $3 to $6
kr.poker8029: folds
Uncalled bet ($3) returned to swics1202
swics1202 collected $6 from pot
swics1202: doesn't show hand
*** SUMMARY ***
Total pot $6 | Rake $0
Seat 3: kr.poker8029 (big blind) folded before Flop
Seat 6: swics1202 (button) (small blind) collected ($6)


PokerStars Hand #150998221282:  Hold'em Limit ($3/$6 USD) - 2016/03/27 5:04:30 ET
Table 'Ingwelde II' 6-max Seat #3 is the button
Seat 3: kr.poker8029 ($270.87 in chips)
Seat 6: swics1202 ($49.91 in chips)
kr.poker8029: posts small blind $1
swics1202: posts big blind $3
*** HOLE CARDS ***
kr.poker8029: raises $3 to $6
swics1202: raises $3 to $9
kr.poker8029: calls $3
*** FLOP *** [Jh 2s 4h]
swics1202: bets $3
kr.poker8029: calls $3
*** TURN *** [Jh 2s 4h] [Ad]
swics1202: bets $6
kr.poker8029: calls $6
*** RIVER *** [Jh 2s 4h Ad] [Qd]
swics1202: bets $6
kr.poker8029: folds
Uncalled bet ($6) returned to swics1202
swics1202 collected $35.50 from pot
swics1202: doesn't show hand
*** SUMMARY ***
Total pot $36 | Rake $0.50
Board [Jh 2s 4h Ad Qd]
Seat 3: kr.poker8029 (button) (small blind) folded on the River
Seat 6: swics1202 (big blind) collected ($35.50)


PokerStars Hand #150998254568:  Hold'em Limit ($3/$6 USD) - 2016/03/27 5:05:48 ET
Table 'Ingwelde II' 6-max Seat #6 is the button
Seat 3: kr.poker8029 ($271.37 in chips)
Seat 6: swics1202 ($48.41 in chips)
swics1202: posts small blind $1
kr.poker8029: posts big blind $3
*** HOLE CARDS ***
swics1202: raises $3 to $6
kr.poker8029: calls $3
*** FLOP *** [5d 3h 6h]
kr.poker8029: checks
swics1202: checks
*** TURN *** [5d 3h 6h] [3s]
kr.poker8029: bets $6
swics1202: calls $6
*** RIVER *** [5d 3h 6h 3s] [As]
kr.poker8029: bets $6
swics1202: calls $6
*** SHOW DOWN ***
kr.poker8029: shows [2d Ks] (a pair of Threes)
swics1202: shows [2c Kh] (a pair of Threes)
kr.poker8029 collected $17.75 from pot
swics1202 collected $17.75 from pot
*** SUMMARY ***
Total pot $36 | Rake $0.50
Board [5d 3h 6h 3s As]
Seat 3: kr.poker8029 (big blind) showed [2d Ks] and won ($17.75) with a pair of Threes
Seat 6: swics1202 (button) (small blind) showed [2c Kh] and won ($17.75) with a pair of Threes


PokerStars Hand #150998262427:  Hold'em Limit ($3/$6 USD) - 2016/03/27 5:06:06 ET
Table 'Ingwelde II' 6-max Seat #3 is the button
Seat 3: kr.poker8029 ($271.12 in chips)
Seat 6: swics1202 ($48.16 in chips)
kr.poker8029: posts small blind $1
swics1202: posts big blind $3
*** HOLE CARDS ***
kr.poker8029: raises $3 to $6
swics1202: folds
Uncalled bet ($3) returned to kr.poker8029
kr.poker8029 collected $6 from pot
*** SUMMARY ***
Total pot $6 | Rake $0
Seat 3: kr.poker8029 (button) (small blind) collected ($6)
Seat 6: swics1202 (big blind) folded before Flop


PokerStars Hand #150998268578:  Hold'em Limit ($3/$6 USD) - 2016/03/27 5:06:21 ET
Table 'Ingwelde II' 6-max Seat #3 is the button
Seat 3: kr.poker8029 ($271.12 in chips)
Seat 6: swics1202 ($48.16 in chips)
kr.poker8029: posts small blind $1
swics1202: posts big blind $3
*** HOLE CARDS ***
kr.poker8029: raises $3 to $6
swics1202: folds
Uncalled bet ($3) returned to kr.poker8029
kr.poker8029 collected $6 from pot
william5656 joins the table at seat #4
*** SUMMARY ***
Total pot $6 | Rake $0
Seat 3: kr.poker8029 (button) (small blind) collected ($6)
Seat 6: swics1202 (big blind) folded before Flop


PokerStars Hand #150998265502:  Hold'em Limit ($3/$6 USD) - 2016/03/27 5:06:14 ET
Table 'Ingwelde II' 6-max Seat #6 is the button
Seat 3: kr.poker8029 ($274.12 in chips)
Seat 6: swics1202 ($45.16 in chips)
swics1202: posts small blind $1
kr.poker8029: posts big blind $3
*** HOLE CARDS ***
swics1202: raises $3 to $6
kr.poker8029: folds
Uncalled bet ($3) returned to swics1202
swics1202 collected $6 from pot
swics1202: doesn't show hand
*** SUMMARY ***
Total pot $6 | Rake $0
Seat 3: kr.poker8029 (big blind) folded before Flop
Seat 6: swics1202 (button) (small blind) collected ($6)


PokerStars Hand #150998252125:  Hold'em Limit ($3/$6 USD) - 2016/03/27 5:05:42 ET
Table 'Ingwelde II' 6-max Seat #3 is the button
Seat 3: kr.poker8029 ($272.37 in chips)
Seat 6: swics1202 ($47.41 in chips)
kr.poker8029: posts small blind $1
swics1202: posts big blind $3
*** HOLE CARDS ***
kr.poker8029: folds
Uncalled bet ($2) returned to swics1202
swics1202 collected $2 from pot
swics1202: doesn't show hand
*** SUMMARY ***
Total pot $2 | Rake $0
Seat 3: kr.poker8029 (button) (small blind) folded before Flop
Seat 6: swics1202 (big blind) collected ($2)


PokerStars Hand #150998249746:  Hold'em Limit ($3/$6 USD) - 2016/03/27 5:05:36 ET
Table 'Ingwelde II' 6-max Seat #6 is the button
Seat 3: kr.poker8029 ($271.37 in chips)
Seat 6: swics1202 ($48.41 in chips)
swics1202: posts small blind $1
kr.poker8029: posts big blind $3
*** HOLE CARDS ***
swics1202: folds
Uncalled bet ($2) returned to kr.poker8029
kr.poker8029 collected $2 from pot
*** SUMMARY ***
Total pot $2 | Rake $0
Seat 3: kr.poker8029 (big blind) collected ($2)
Seat 6: swics1202 (button) (small blind) folded before Flop


PokerStars Hand #150998271545:  Hold'em Limit ($3/$6 USD) - 2016/03/27 5:06:28 ET
Table 'Ingwelde II' 6-max Seat #6 is the button
Seat 3: kr.poker8029 ($274.12 in chips)
Seat 6: swics1202 ($45.16 in chips)
swics1202: posts small blind $1
kr.poker8029: posts big blind $3
*** HOLE CARDS ***
Agrotait joins the table at seat #5
swics1202: folds
Uncalled bet ($2) returned to kr.poker8029
kr.poker8029 collected $2 from pot
*** SUMMARY ***
Total pot $2 | Rake $0
Seat 3: kr.poker8029 (big blind) collected ($2)
Seat 6: swics1202 (button) (small blind) folded before Flop


PokerStars Hand #150998652906:  Hold'em Limit ($3/$6 USD) - 2016/03/27 5:21:02 ET
Table 'Ingwelde II' 6-max Seat #5 is the button
Seat 3: kr.poker8029 ($233.38 in chips)
Seat 5: Agrotait ($184.02 in chips)
Agrotait: posts small blind $1
kr.poker8029: posts big blind $3
*** HOLE CARDS ***
Agrotait: folds
Uncalled bet ($2) returned to kr.poker8029
kr.poker8029 collected $2 from pot
*** SUMMARY ***
Total pot $2 | Rake $0
Seat 3: kr.poker8029 (big blind) collected ($2)
Seat 5: Agrotait (button) (small blind) folded before Flop


PokerStars Hand #150998640950:  Hold'em Limit ($3/$6 USD) - 2016/03/27 5:20:35 ET
Table 'Ingwelde II' 6-max Seat #3 is the button
Seat 3: kr.poker8029 ($227.62 in chips)
Seat 5: Agrotait ($190.02 in chips)
kr.poker8029: posts small blind $1
Agrotait: posts big blind $3
*** HOLE CARDS ***
kr.poker8029: raises $3 to $6
Agrotait: calls $3
*** FLOP *** [4h Ts 9d]
Agrotait: checks
kr.poker8029: checks
*** TURN *** [4h Ts 9d] [9c]
Agrotait: checks
kr.poker8029: checks
*** RIVER *** [4h Ts 9d 9c] [Ad]
Agrotait: checks
kr.poker8029: bets $6
Agrotait: folds
Uncalled bet ($6) returned to kr.poker8029
kr.poker8029 collected $11.76 from pot
*** SUMMARY ***
Total pot $12 | Rake $0.24
Board [4h Ts 9d 9c Ad]
Seat 3: kr.poker8029 (button) (small blind) collected ($11.76)
Seat 5: Agrotait (big blind) folded on the River


PokerStars Hand #150999573440:  Hold'em Limit ($3/$6 USD) - 2016/03/27 5:54:50 ET
Table 'Ingwelde II' 6-max Seat #6 is the button
Seat 1: Sedoi124 ($20.68 in chips)
Seat 6: swics1202 ($139.53 in chips)
swics1202: posts small blind $1
Sedoi124: posts big blind $3
*** HOLE CARDS ***
swics1202: folds
Uncalled bet ($2) returned to Sedoi124
Sedoi124 collected $2 from pot
*** SUMMARY ***
Total pot $2 | Rake $0
Seat 1: Sedoi124 (big blind) collected ($2)
Seat 6: swics1202 (button) (small blind) folded before Flop


PokerStars Hand #150999554547:  Hold'em Limit ($3/$6 USD) - 2016/03/27 5:54:09 ET
Table 'Ingwelde II' 6-max Seat #1 is the button
Seat 1: Sedoi124 ($41.68 in chips)
Seat 6: swics1202 ($119.03 in chips)
Sedoi124: posts small blind $1
TbIP-TbIP 88: is sitting out
swics1202: posts big blind $3
*** HOLE CARDS ***
Sedoi124: calls $2
swics1202: raises $3 to $6
Sedoi124: calls $3
*** FLOP *** [7d 9d 5h]
swics1202: bets $3
Sedoi124: calls $3
*** TURN *** [7d 9d 5h] [5d]
swics1202: bets $6
Stanivuk92 joins the table at seat #3
Sedoi124: calls $6
*** RIVER *** [7d 9d 5h 5d] [Ah]
swics1202: bets $6
Sedoi124: calls $6
*** SHOW DOWN ***
swics1202: shows [Qc Ad] (two pair, Aces and Fives)
Sedoi124: shows [7h Ts] (two pair, Sevens and Fives)
swics1202 collected $41.50 from pot
*** SUMMARY ***
Total pot $42 | Rake $0.50
Board [7d 9d 5h 5d Ah]
Seat 1: Sedoi124 (button) (small blind) showed [7h Ts] and lost with two pair, Sevens and Fives
Seat 6: swics1202 (big blind) showed [Qc Ad] and won ($41.50) with two pair, Aces and Fives


PokerStars Hand #151000928352:  Hold'em Limit ($3/$6 USD) - 2016/03/27 6:41:59 ET
Table 'Ingwelde II' 6-max Seat #2 is the button
Seat 2: bentinck113 ($67.27 in chips)
Seat 6: swics1202 ($218.23 in chips)
bentinck113: posts small blind $1
swics1202: posts big blind $3
*** HOLE CARDS ***
bentinck113: folds
Uncalled bet ($2) returned to swics1202
swics1202 collected $2 from pot
5PRUT5 leaves the table
swics1202: doesn't show hand
*** SUMMARY ***
Total pot $2 | Rake $0
Seat 2: bentinck113 (button) (small blind) folded before Flop
Seat 6: swics1202 (big blind) collected ($2)


PokerStars Hand #151000946904:  Hold'em Limit ($3/$6 USD) - 2016/03/27 6:42:35 ET
Table 'Ingwelde II' 6-max Seat #2 is the button
Seat 2: bentinck113 ($27.27 in chips)
Seat 6: swics1202 ($257.73 in chips)
bentinck113: posts small blind $1
swics1202: posts big blind $3
*** HOLE CARDS ***
bentinck113 said, "go phuck yourself luckbox"
bentinck113: folds
Uncalled bet ($2) returned to swics1202
swics1202 collected $2 from pot
swics1202: doesn't show hand
*** SUMMARY ***
Total pot $2 | Rake $0
Seat 2: bentinck113 (button) (small blind) folded before Flop
Seat 6: swics1202 (big blind) collected ($2)


PokerStars Hand #151000931229:  Hold'em Limit ($3/$6 USD) - 2016/03/27 6:42:04 ET
Table 'Ingwelde II' 6-max Seat #6 is the button
Seat 2: bentinck113 ($66.27 in chips)
Seat 6: swics1202 ($219.23 in chips)
swics1202: posts small blind $1
bentinck113: posts big blind $3
*** HOLE CARDS ***
swics1202: raises $3 to $6
bentinck113: raises $3 to $9
swics1202: calls $3
*** FLOP *** [Tc 2c Ac]
bentinck113: bets $3
swics1202: raises $3 to $6
bentinck113: calls $3
*** TURN *** [Tc 2c Ac] [2d]
bentinck113: checks
swics1202: bets $6
bentinck113: raises $6 to $12
swics1202: raises $6 to $18
bentinck113: calls $6
*** RIVER *** [Tc 2c Ac 2d] [5c]
bentinck113: checks
swics1202: bets $6
bentinck113: calls $6
*** SHOW DOWN ***
swics1202: shows [Ah 2s] (a full house, Deuces full of Aces)
bentinck113: mucks hand
swics1202 collected $77.50 from pot
*** SUMMARY ***
Total pot $78 | Rake $0.50
Board [Tc 2c Ac 2d 5c]
Seat 2: bentinck113 (big blind) mucked
Seat 6: swics1202 (button) (small blind) showed [Ah 2s] and won ($77.50) with a full house, Deuces full of Aces


PokerStars Hand #151000968793:  Hold'em Limit ($3/$6 USD) - 2016/03/27 6:43:18 ET
Table 'Ingwelde II' 6-max Seat #2 is the button
Seat 2: bentinck113 ($28.03 in chips)
Seat 6: swics1202 ($256.73 in chips)
bentinck113: posts small blind $1
swics1202: posts big blind $3
*** HOLE CARDS ***
bentinck113: raises $3 to $6
swics1202: calls $3
*** FLOP *** [3s 3d Qc]
swics1202: checks
bentinck113: checks
*** TURN *** [3s 3d Qc] [4h]
swics1202: bets $6
bentinck113: calls $6
*** RIVER *** [3s 3d Qc 4h] [3c]
swics1202: checks
bentinck113: checks
*** SHOW DOWN ***
swics1202: shows [7d 8h] (three of a kind, Threes)
bentinck113: mucks hand
swics1202 collected $23.52 from pot
*** SUMMARY ***
Total pot $24 | Rake $0.48
Board [3s 3d Qc 4h 3c]
Seat 2: bentinck113 (button) (small blind) mucked
Seat 6: swics1202 (big blind) showed [7d 8h] and won ($23.52) with three of a kind, Threes


PokerStars Hand #151000979347:  Hold'em Limit ($3/$6 USD) - 2016/03/27 6:43:39 ET
Table 'Ingwelde II' 6-max Seat #6 is the button
Seat 2: bentinck113 ($16.03 in chips)
Seat 6: swics1202 ($268.25 in chips)
swics1202: posts small blind $1
bentinck113: posts big blind $3
*** HOLE CARDS ***
swics1202: raises $3 to $6
bentinck113: raises $3 to $9
swics1202: calls $3
*** FLOP *** [4d 7s 8d]
bentinck113: bets $3
swics1202: raises $3 to $6
bentinck113: raises $1.03 to $7.03 and is all-in
swics1202: calls $1.03
*** TURN *** [4d 7s 8d] [8s]
*** RIVER *** [4d 7s 8d 8s] [Ks]
*** SHOW DOWN ***
bentinck113: shows [9d Js] (a pair of Eights)
swics1202: shows [Qh 8h] (three of a kind, Eights)
swics1202 collected $31.56 from pot
*** SUMMARY ***
Total pot $32.06 | Rake $0.50
Board [4d 7s 8d 8s Ks]
Seat 2: bentinck113 (big blind) showed [9d Js] and lost with a pair of Eights
Seat 6: swics1202 (button) (small blind) showed [Qh 8h] and won ($31.56) with three of a kind, Eights


PokerStars Hand #151000964833:  Hold'em Limit ($3/$6 USD) - 2016/03/27 6:43:10 ET
Table 'Ingwelde II' 6-max Seat #6 is the button
Seat 2: bentinck113 ($31.03 in chips)
Seat 6: swics1202 ($253.73 in chips)
swics1202: posts small blind $1
bentinck113: posts big blind $3
*** HOLE CARDS ***
swics1202: raises $3 to $6
bentinck113: folds
Uncalled bet ($3) returned to swics1202
swics1202 collected $6 from pot
swics1202: doesn't show hand
*** SUMMARY ***
Total pot $6 | Rake $0
Seat 2: bentinck113 (big blind) folded before Flop
Seat 6: swics1202 (button) (small blind) collected ($6)


PokerStars Hand #151000962094:  Hold'em Limit ($3/$6 USD) - 2016/03/27 6:43:05 ET
Table 'Ingwelde II' 6-max Seat #2 is the button
Seat 2: bentinck113 ($32.03 in chips)
Seat 6: swics1202 ($252.73 in chips)
bentinck113: posts small blind $1
swics1202: posts big blind $3
*** HOLE CARDS ***
bentinck113: folds
Uncalled bet ($2) returned to swics1202
swics1202 collected $2 from pot
swics1202: doesn't show hand
*** SUMMARY ***
Total pot $2 | Rake $0
Seat 2: bentinck113 (button) (small blind) folded before Flop
Seat 6: swics1202 (big blind) collected ($2)


PokerStars Hand #151000955589:  Hold'em Limit ($3/$6 USD) - 2016/03/27 6:42:52 ET
Table 'Ingwelde II' 6-max Seat #6 is the button
Seat 2: bentinck113 ($26.27 in chips)
Seat 6: swics1202 ($258.73 in chips)
swics1202: posts small blind $1
bentinck113: posts big blind $3
*** HOLE CARDS ***
swics1202: calls $2
bentinck113: raises $3 to $6
swics1202: calls $3
*** FLOP *** [5d Jc Qh]
bentinck113: bets $3
swics1202: folds
Uncalled bet ($3) returned to bentinck113
bentinck113 collected $11.76 from pot
bentinck113: doesn't show hand
*** SUMMARY ***
Total pot $12 | Rake $0.24
Board [5d Jc Qh]
Seat 2: bentinck113 (big blind) collected ($11.76)
Seat 6: swics1202 (button) (small blind) folded on the Flop


