PokerStars Hand #144997627441:  Hold'em Limit ($3/$6 USD) - 2015/12/07 19:18:30 ET
Table 'Ingwelde' 2-max Seat #1 is the button
Seat 1: ManuelSikora ($87.29 in chips)
Seat 2: Pandakey ($120.76 in chips)
ManuelSikora: posts small blind $1
Pandakey: posts big blind $3
*** HOLE CARDS ***
ManuelSikora: raises $3 to $6
Pandakey: folds
Uncalled bet ($3) returned to ManuelSikora
ManuelSikora collected $6 from pot
ManuelSikora: doesn't show hand
*** SUMMARY ***
Total pot $6 | Rake $0
Seat 1: ManuelSikora (button) (small blind) collected ($6)
Seat 2: Pandakey (big blind) folded before Flop


PokerStars Hand #144997631079:  Hold'em Limit ($3/$6 USD) - 2015/12/07 19:18:35 ET
Table 'Ingwelde' 2-max Seat #2 is the button
Seat 1: ManuelSikora ($90.29 in chips)
Seat 2: Pandakey ($117.76 in chips)
Pandakey: posts small blind $1
ManuelSikora: posts big blind $3
*** HOLE CARDS ***
Pandakey: raises $3 to $6
ManuelSikora: calls $3
*** FLOP *** [2h 2s 9s]
ManuelSikora: bets $3
Pandakey: calls $3
*** TURN *** [2h 2s 9s] [Jc]
ManuelSikora: bets $6
Pandakey: raises $6 to $12
ManuelSikora: calls $6
*** RIVER *** [2h 2s 9s Jc] [7c]
ManuelSikora: bets $6
Pandakey: calls $6
*** SHOW DOWN ***
ManuelSikora: shows [Jd 5s] (two pair, Jacks and Deuces)
Pandakey: shows [Ts Js] (two pair, Jacks and Deuces - Ten kicker)
Pandakey collected $53.50 from pot
*** SUMMARY ***
Total pot $54 | Rake $0.50
Board [2h 2s 9s Jc 7c]
Seat 1: ManuelSikora (big blind) showed [Jd 5s] and lost with two pair, Jacks and Deuces
Seat 2: Pandakey (button) (small blind) showed [Ts Js] and won ($53.50) with two pair, Jacks and Deuces


PokerStars Hand #144997646866:  Hold'em Limit ($3/$6 USD) - 2015/12/07 19:18:58 ET
Table 'Ingwelde' 2-max Seat #1 is the button
Seat 1: ManuelSikora ($63.29 in chips)
Seat 2: Pandakey ($144.26 in chips)
ManuelSikora: posts small blind $1
Pandakey: posts big blind $3
*** HOLE CARDS ***
ManuelSikora: raises $3 to $6
Pandakey: calls $3
*** FLOP *** [8d 3h Qd]
Pandakey: checks
ManuelSikora: bets $3
Pandakey: folds
Uncalled bet ($3) returned to ManuelSikora
ManuelSikora collected $11.76 from pot
ManuelSikora: doesn't show hand
*** SUMMARY ***
Total pot $12 | Rake $0.24
Board [8d 3h Qd]
Seat 1: ManuelSikora (button) (small blind) collected ($11.76)
Seat 2: Pandakey (big blind) folded on the Flop


PokerStars Hand #144997694868:  Hold'em Limit ($3/$6 USD) - 2015/12/07 19:20:08 ET
Table 'Ingwelde' 2-max Seat #2 is the button
Seat 1: ManuelSikora ($77.09 in chips)
Seat 2: Pandakey ($128.76 in chips)
Pandakey: posts small blind $1
ManuelSikora: posts big blind $3
*** HOLE CARDS ***
Pandakey: raises $3 to $6
ManuelSikora: calls $3
*** FLOP *** [3d 6d Jd]
ManuelSikora: bets $3
Pandakey: folds
Uncalled bet ($3) returned to ManuelSikora
ManuelSikora collected $11.76 from pot
ManuelSikora: doesn't show hand
*** SUMMARY ***
Total pot $12 | Rake $0.24
Board [3d 6d Jd]
Seat 1: ManuelSikora (big blind) collected ($11.76)
Seat 2: Pandakey (button) (small blind) folded on the Flop


PokerStars Hand #144997681871:  Hold'em Limit ($3/$6 USD) - 2015/12/07 19:19:49 ET
Table 'Ingwelde' 2-max Seat #1 is the button
Seat 1: ManuelSikora ($65.57 in chips)
Seat 2: Pandakey ($140.76 in chips)
ManuelSikora: posts small blind $1
Pandakey: posts big blind $3
*** HOLE CARDS ***
ManuelSikora: raises $3 to $6
Pandakey: calls $3
*** FLOP *** [Td 9c 6c]
Pandakey: checks
ManuelSikora: checks
*** TURN *** [Td 9c 6c] [Jd]
Pandakey: bets $6
ManuelSikora: calls $6
*** RIVER *** [Td 9c 6c Jd] [Qh]
Pandakey: checks
ManuelSikora: bets $6
Pandakey: folds
Uncalled bet ($6) returned to ManuelSikora
ManuelSikora collected $23.52 from pot
ManuelSikora: doesn't show hand
*** SUMMARY ***
Total pot $24 | Rake $0.48
Board [Td 9c 6c Jd Qh]
Seat 1: ManuelSikora (button) (small blind) collected ($23.52)
Seat 2: Pandakey (big blind) folded on the River


PokerStars Hand #144997675402:  Hold'em Limit ($3/$6 USD) - 2015/12/07 19:19:40 ET
Table 'Ingwelde' 2-max Seat #2 is the button
Seat 1: ManuelSikora ($56.93 in chips)
Seat 2: Pandakey ($149.76 in chips)
Pandakey: posts small blind $1
ManuelSikora: posts big blind $3
*** HOLE CARDS ***
Pandakey: raises $3 to $6
ManuelSikora: raises $3 to $9
Pandakey: calls $3
*** FLOP *** [Td 8c Tc]
ManuelSikora: bets $3
Pandakey: folds
Uncalled bet ($3) returned to ManuelSikora
ManuelSikora collected $17.64 from pot
ManuelSikora: doesn't show hand
*** SUMMARY ***
Total pot $18 | Rake $0.36
Board [Td 8c Tc]
Seat 1: ManuelSikora (big blind) collected ($17.64)
Seat 2: Pandakey (button) (small blind) folded on the Flop


PokerStars Hand #144997666040:  Hold'em Limit ($3/$6 USD) - 2015/12/07 19:19:26 ET
Table 'Ingwelde' 2-max Seat #1 is the button
Seat 1: ManuelSikora ($54.05 in chips)
Seat 2: Pandakey ($152.76 in chips)
ManuelSikora: posts small blind $1
Pandakey: posts big blind $3
*** HOLE CARDS ***
ManuelSikora: calls $2
Pandakey: checks
*** FLOP *** [9s 2d 8s]
Pandakey: checks
ManuelSikora: bets $3
Pandakey: folds
Uncalled bet ($3) returned to ManuelSikora
ManuelSikora collected $5.88 from pot
ManuelSikora: doesn't show hand
*** SUMMARY ***
Total pot $6 | Rake $0.12
Board [9s 2d 8s]
Seat 1: ManuelSikora (button) (small blind) collected ($5.88)
Seat 2: Pandakey (big blind) folded on the Flop


PokerStars Hand #144997654960:  Hold'em Limit ($3/$6 USD) - 2015/12/07 19:19:10 ET
Table 'Ingwelde' 2-max Seat #2 is the button
Seat 1: ManuelSikora ($69.05 in chips)
Seat 2: Pandakey ($138.26 in chips)
Pandakey: posts small blind $1
ManuelSikora: posts big blind $3
*** HOLE CARDS ***
Pandakey: raises $3 to $6
ManuelSikora: calls $3
*** FLOP *** [4s Jc 8d]
ManuelSikora: bets $3
Pandakey: calls $3
*** TURN *** [4s Jc 8d] [7d]
ManuelSikora: bets $6
Pandakey: calls $6
*** RIVER *** [4s Jc 8d 7d] [Qc]
ManuelSikora: checks
Pandakey: checks
*** SHOW DOWN ***
ManuelSikora: shows [5d Kc] (high card King)
Pandakey: shows [As Th] (high card Ace)
Pandakey collected $29.50 from pot
*** SUMMARY ***
Total pot $30 | Rake $0.50
Board [4s Jc 8d 7d Qc]
Seat 1: ManuelSikora (big blind) showed [5d Kc] and lost with high card King
Seat 2: Pandakey (button) (small blind) showed [As Th] and won ($29.50) with high card Ace


PokerStars Hand #144997730980:  Hold'em Limit ($3/$6 USD) - 2015/12/07 19:21:01 ET
Table 'Ingwelde' 2-max Seat #2 is the button
Seat 1: ManuelSikora ($99.87 in chips)
Seat 2: Pandakey ($104.28 in chips)
Pandakey: posts small blind $1
ManuelSikora: posts big blind $3
*** HOLE CARDS ***
Pandakey: folds
Uncalled bet ($2) returned to ManuelSikora
ManuelSikora collected $2 from pot
ManuelSikora: doesn't show hand
*** SUMMARY ***
Total pot $2 | Rake $0
Seat 1: ManuelSikora (big blind) collected ($2)
Seat 2: Pandakey (button) (small blind) folded before Flop


PokerStars Hand #144997721811:  Hold'em Limit ($3/$6 USD) - 2015/12/07 19:20:47 ET
Table 'Ingwelde' 2-max Seat #1 is the button
Seat 1: ManuelSikora ($82.37 in chips)
Seat 2: Pandakey ($122.28 in chips)
ManuelSikora: posts small blind $1
Pandakey: posts big blind $3
*** HOLE CARDS ***
ManuelSikora: raises $3 to $6
Pandakey: calls $3
*** FLOP *** [Ah Tc 8s]
Pandakey: checks
ManuelSikora: checks
*** TURN *** [Ah Tc 8s] [2d]
Pandakey: bets $6
ManuelSikora: calls $6
*** RIVER *** [Ah Tc 8s 2d] [Qc]
Pandakey: bets $6
ManuelSikora: calls $6
*** SHOW DOWN ***
Pandakey: shows [9h 7c] (high card Ace)
ManuelSikora: shows [Kd Qd] (a pair of Queens)
ManuelSikora collected $35.50 from pot
*** SUMMARY ***
Total pot $36 | Rake $0.50
Board [Ah Tc 8s 2d Qc]
Seat 1: ManuelSikora (button) (small blind) showed [Kd Qd] and won ($35.50) with a pair of Queens
Seat 2: Pandakey (big blind) showed [9h 7c] and lost with high card Ace


PokerStars Hand #144997708998:  Hold'em Limit ($3/$6 USD) - 2015/12/07 19:20:29 ET
Table 'Ingwelde' 2-max Seat #2 is the button
Seat 1: ManuelSikora ($70.85 in chips)
Seat 2: Pandakey ($134.28 in chips)
Pandakey: posts small blind $1
ManuelSikora: posts big blind $3
*** HOLE CARDS ***
Pandakey: raises $3 to $6
ManuelSikora: raises $3 to $9
Pandakey: calls $3
*** FLOP *** [9s Jh 8c]
ManuelSikora: bets $3
Pandakey: calls $3
*** TURN *** [9s Jh 8c] [Tc]
ManuelSikora: bets $6
Pandakey: folds
Uncalled bet ($6) returned to ManuelSikora
ManuelSikora collected $23.52 from pot
ManuelSikora: doesn't show hand
*** SUMMARY ***
Total pot $24 | Rake $0.48
Board [9s Jh 8c Tc]
Seat 1: ManuelSikora (big blind) collected ($23.52)
Seat 2: Pandakey (button) (small blind) folded on the Turn


PokerStars Hand #144997699702:  Hold'em Limit ($3/$6 USD) - 2015/12/07 19:20:15 ET
Table 'Ingwelde' 2-max Seat #1 is the button
Seat 1: ManuelSikora ($82.85 in chips)
Seat 2: Pandakey ($122.76 in chips)
ManuelSikora: posts small blind $1
Pandakey: posts big blind $3
*** HOLE CARDS ***
ManuelSikora: raises $3 to $6
Pandakey: raises $3 to $9
ManuelSikora: calls $3
*** FLOP *** [Th 4s 8d]
Pandakey: bets $3
ManuelSikora: calls $3
*** TURN *** [Th 4s 8d] [2d]
Pandakey: bets $6
ManuelSikora: folds
Uncalled bet ($6) returned to Pandakey
Pandakey collected $23.52 from pot
Pandakey: doesn't show hand
*** SUMMARY ***
Total pot $24 | Rake $0.48
Board [Th 4s 8d 2d]
Seat 1: ManuelSikora (button) (small blind) folded on the Turn
Seat 2: Pandakey (big blind) collected ($23.52)


PokerStars Hand #144997734062:  Hold'em Limit ($3/$6 USD) - 2015/12/07 19:21:05 ET
Table 'Ingwelde' 2-max Seat #1 is the button
Seat 1: ManuelSikora ($100.87 in chips)
Seat 2: Pandakey ($103.28 in chips)
ManuelSikora: posts small blind $1
Pandakey: posts big blind $3
*** HOLE CARDS ***
ManuelSikora: raises $3 to $6
Pandakey: calls $3
*** FLOP *** [7h 6c 9d]
Pandakey: checks
ManuelSikora: bets $3
Pandakey: calls $3
*** TURN *** [7h 6c 9d] [5d]
Pandakey: bets $6
ManuelSikora: calls $6
*** RIVER *** [7h 6c 9d 5d] [3d]
Pandakey: checks
ManuelSikora: checks
*** SHOW DOWN ***
Pandakey: shows [6h Ts] (a pair of Sixes)
ManuelSikora: shows [6s Jc] (a pair of Sixes - Jack kicker)
ManuelSikora collected $29.50 from pot
*** SUMMARY ***
Total pot $30 | Rake $0.50
Board [7h 6c 9d 5d 3d]
Seat 1: ManuelSikora (button) (small blind) showed [6s Jc] and won ($29.50) with a pair of Sixes
Seat 2: Pandakey (big blind) showed [6h Ts] and lost with a pair of Sixes


PokerStars Hand #144997768085:  Hold'em Limit ($3/$6 USD) - 2015/12/07 19:21:55 ET
Table 'Ingwelde' 2-max Seat #2 is the button
Seat 1: ManuelSikora ($99.87 in chips)
Seat 2: Pandakey ($102.78 in chips)
Pandakey: posts small blind $1
ManuelSikora: posts big blind $3
*** HOLE CARDS ***
Pandakey: raises $3 to $6
ManuelSikora: calls $3
*** FLOP *** [Tc 6c As]
ManuelSikora: bets $3
Pandakey: calls $3
*** TURN *** [Tc 6c As] [Qh]
ManuelSikora: bets $6
Pandakey: raises $6 to $12
ManuelSikora: calls $6
*** RIVER *** [Tc 6c As Qh] [6d]
ManuelSikora: checks
Pandakey: checks
*** SHOW DOWN ***
ManuelSikora: shows [5c Qs] (two pair, Queens and Sixes)
Pandakey: mucks hand
ManuelSikora collected $41.50 from pot
*** SUMMARY ***
Total pot $42 | Rake $0.50
Board [Tc 6c As Qh 6d]
Seat 1: ManuelSikora (big blind) showed [5c Qs] and won ($41.50) with two pair, Queens and Sixes
Seat 2: Pandakey (button) (small blind) mucked


PokerStars Hand #144997756855:  Hold'em Limit ($3/$6 USD) - 2015/12/07 19:21:38 ET
Table 'Ingwelde' 2-max Seat #1 is the button
Seat 1: ManuelSikora ($129.87 in chips)
Seat 2: Pandakey ($73.28 in chips)
ManuelSikora: posts small blind $1
Pandakey: posts big blind $3
*** HOLE CARDS ***
ManuelSikora: raises $3 to $6
Pandakey: calls $3
*** FLOP *** [8c Tc 9d]
Pandakey: checks
ManuelSikora: checks
*** TURN *** [8c Tc 9d] [Qc]
Pandakey: checks
ManuelSikora: bets $6
Pandakey: raises $6 to $12
ManuelSikora: raises $6 to $18
Pandakey: calls $6
*** RIVER *** [8c Tc 9d Qc] [Qh]
Pandakey: checks
ManuelSikora: bets $6
Pandakey: calls $6
*** SHOW DOWN ***
ManuelSikora: shows [7s Ac] (a pair of Queens)
Pandakey: shows [4h Jh] (a straight, Eight to Queen)
Pandakey collected $59.50 from pot
*** SUMMARY ***
Total pot $60 | Rake $0.50
Board [8c Tc 9d Qc Qh]
Seat 1: ManuelSikora (button) (small blind) showed [7s Ac] and lost with a pair of Queens
Seat 2: Pandakey (big blind) showed [4h Jh] and won ($59.50) with a straight, Eight to Queen


PokerStars Hand #144997743755:  Hold'em Limit ($3/$6 USD) - 2015/12/07 19:21:19 ET
Table 'Ingwelde' 2-max Seat #2 is the button
Seat 1: ManuelSikora ($115.37 in chips)
Seat 2: Pandakey ($88.28 in chips)
Pandakey: posts small blind $1
ManuelSikora: posts big blind $3
*** HOLE CARDS ***
Pandakey: raises $3 to $6
ManuelSikora: calls $3
*** FLOP *** [5s Tc 8c]
ManuelSikora: bets $3
Pandakey: calls $3
*** TURN *** [5s Tc 8c] [Qc]
ManuelSikora: bets $6
Pandakey: calls $6
*** RIVER *** [5s Tc 8c Qc] [9d]
ManuelSikora: bets $6
Pandakey: folds
Uncalled bet ($6) returned to ManuelSikora
ManuelSikora collected $29.50 from pot
ManuelSikora: doesn't show hand
*** SUMMARY ***
Total pot $30 | Rake $0.50
Board [5s Tc 8c Qc 9d]
Seat 1: ManuelSikora (big blind) collected ($29.50)
Seat 2: Pandakey (button) (small blind) folded on the River


PokerStars Hand #144997816591:  Hold'em Limit ($3/$6 USD) - 2015/12/07 19:23:06 ET
Table 'Ingwelde' 2-max Seat #1 is the button
Seat 1: ManuelSikora ($113.39 in chips)
Seat 2: Pandakey ($86.80 in chips)
ManuelSikora: posts small blind $1
Pandakey: posts big blind $3
*** HOLE CARDS ***
ManuelSikora: calls $2
Pandakey: checks
*** FLOP *** [Jc 8d Ad]
Pandakey: bets $3
ManuelSikora: raises $3 to $6
Pandakey: folds
Uncalled bet ($3) returned to ManuelSikora
ManuelSikora collected $11.76 from pot
ManuelSikora: doesn't show hand
*** SUMMARY ***
Total pot $12 | Rake $0.24
Board [Jc 8d Ad]
Seat 1: ManuelSikora (button) (small blind) collected ($11.76)
Seat 2: Pandakey (big blind) folded on the Flop


PokerStars Hand #144997805582:  Hold'em Limit ($3/$6 USD) - 2015/12/07 19:22:50 ET
Table 'Ingwelde' 2-max Seat #2 is the button
Seat 1: ManuelSikora ($137.39 in chips)
Seat 2: Pandakey ($63.30 in chips)
Pandakey: posts small blind $1
ManuelSikora: posts big blind $3
*** HOLE CARDS ***
Pandakey: raises $3 to $6
ManuelSikora: calls $3
*** FLOP *** [Kh 5h 3h]
ManuelSikora: bets $3
Pandakey: raises $3 to $6
ManuelSikora: calls $3
*** TURN *** [Kh 5h 3h] [2d]
ManuelSikora: checks
Pandakey: bets $6
ManuelSikora: calls $6
*** RIVER *** [Kh 5h 3h 2d] [3c]
ManuelSikora: checks
Pandakey: bets $6
ManuelSikora: calls $6
*** SHOW DOWN ***
Pandakey: shows [2h 7h] (a flush, King high)
ManuelSikora: mucks hand
Pandakey collected $47.50 from pot
*** SUMMARY ***
Total pot $48 | Rake $0.50
Board [Kh 5h 3h 2d 3c]
Seat 1: ManuelSikora (big blind) mucked
Seat 2: Pandakey (button) (small blind) showed [2h 7h] and won ($47.50) with a flush, King high


PokerStars Hand #144997795243:  Hold'em Limit ($3/$6 USD) - 2015/12/07 19:22:34 ET
Table 'Ingwelde' 2-max Seat #1 is the button
Seat 1: ManuelSikora ($149.39 in chips)
Seat 2: Pandakey ($51.78 in chips)
ManuelSikora: posts small blind $1
Pandakey: posts big blind $3
*** HOLE CARDS ***
ManuelSikora: raises $3 to $6
Pandakey: raises $3 to $9
ManuelSikora: calls $3
*** FLOP *** [2c Th 3d]
Pandakey: bets $3
ManuelSikora: calls $3
*** TURN *** [2c Th 3d] [Kc]
Pandakey: bets $6
ManuelSikora: folds
Uncalled bet ($6) returned to Pandakey
Pandakey collected $23.52 from pot
Pandakey: doesn't show hand
*** SUMMARY ***
Total pot $24 | Rake $0.48
Board [2c Th 3d Kc]
Seat 1: ManuelSikora (button) (small blind) folded on the Turn
Seat 2: Pandakey (big blind) collected ($23.52)


PokerStars Hand #144997786031:  Hold'em Limit ($3/$6 USD) - 2015/12/07 19:22:21 ET
Table 'Ingwelde' 2-max Seat #2 is the button
Seat 1: ManuelSikora ($137.87 in chips)
Seat 2: Pandakey ($63.78 in chips)
Pandakey: posts small blind $1
ManuelSikora: posts big blind $3
*** HOLE CARDS ***
Pandakey: raises $3 to $6
ManuelSikora: raises $3 to $9
Pandakey: calls $3
*** FLOP *** [Kc 9c Th]
ManuelSikora: bets $3
Pandakey: calls $3
*** TURN *** [Kc 9c Th] [9d]
ManuelSikora: checks
Pandakey: checks
*** RIVER *** [Kc 9c Th 9d] [4h]
ManuelSikora: checks
Pandakey: checks
*** SHOW DOWN ***
ManuelSikora: shows [7d Qc] (a pair of Nines)
Pandakey: mucks hand
ManuelSikora collected $23.52 from pot
*** SUMMARY ***
Total pot $24 | Rake $0.48
Board [Kc 9c Th 9d 4h]
Seat 1: ManuelSikora (big blind) showed [7d Qc] and won ($23.52) with a pair of Nines
Seat 2: Pandakey (button) (small blind) mucked


PokerStars Hand #144997778149:  Hold'em Limit ($3/$6 USD) - 2015/12/07 19:22:09 ET
Table 'Ingwelde' 2-max Seat #1 is the button
Seat 1: ManuelSikora ($120.37 in chips)
Seat 2: Pandakey ($81.78 in chips)
ManuelSikora: posts small blind $1
Pandakey: posts big blind $3
*** HOLE CARDS ***
ManuelSikora: raises $3 to $6
Pandakey: calls $3
*** FLOP *** [Jc Kh 6s]
Pandakey: checks
ManuelSikora: checks
*** TURN *** [Jc Kh 6s] [Tc]
Pandakey: bets $6
ManuelSikora: calls $6
*** RIVER *** [Jc Kh 6s Tc] [3c]
Pandakey: bets $6
ManuelSikora: calls $6
*** SHOW DOWN ***
Pandakey: shows [6d Ac] (a pair of Sixes)
ManuelSikora: shows [8c 8s] (a pair of Eights)
ManuelSikora collected $35.50 from pot
*** SUMMARY ***
Total pot $36 | Rake $0.50
Board [Jc Kh 6s Tc 3c]
Seat 1: ManuelSikora (button) (small blind) showed [8c 8s] and won ($35.50) with a pair of Eights
Seat 2: Pandakey (big blind) showed [6d Ac] and lost with a pair of Sixes


PokerStars Hand #144997852510:  Hold'em Limit ($3/$6 USD) - 2015/12/07 19:23:58 ET
Table 'Ingwelde' 2-max Seat #1 is the button
Seat 1: ManuelSikora ($130.17 in chips)
Seat 2: Pandakey ($68.30 in chips)
ManuelSikora: posts small blind $1
Pandakey: posts big blind $3
*** HOLE CARDS ***
ManuelSikora: raises $3 to $6
Pandakey: calls $3
*** FLOP *** [7d 7s Ks]
Pandakey: checks
ManuelSikora: checks
*** TURN *** [7d 7s Ks] [Kc]
Pandakey: checks
ManuelSikora: bets $6
Pandakey: folds
Uncalled bet ($6) returned to ManuelSikora
ManuelSikora collected $11.76 from pot
ManuelSikora: doesn't show hand
*** SUMMARY ***
Total pot $12 | Rake $0.24
Board [7d 7s Ks Kc]
Seat 1: ManuelSikora (button) (small blind) collected ($11.76)
Seat 2: Pandakey (big blind) folded on the Turn


PokerStars Hand #144997841345:  Hold'em Limit ($3/$6 USD) - 2015/12/07 19:23:42 ET
Table 'Ingwelde' 2-max Seat #2 is the button
Seat 1: ManuelSikora ($109.67 in chips)
Seat 2: Pandakey ($89.30 in chips)
Pandakey: posts small blind $1
ManuelSikora: posts big blind $3
*** HOLE CARDS ***
Pandakey: raises $3 to $6
ManuelSikora: calls $3
*** FLOP *** [6d 6s Ac]
ManuelSikora: bets $3
Pandakey: calls $3
*** TURN *** [6d 6s Ac] [4s]
ManuelSikora: bets $6
Pandakey: calls $6
*** RIVER *** [6d 6s Ac 4s] [9h]
ManuelSikora: bets $6
Pandakey: calls $6
*** SHOW DOWN ***
ManuelSikora: shows [6c Ah] (a full house, Sixes full of Aces)
Pandakey: mucks hand
ManuelSikora collected $41.50 from pot
*** SUMMARY ***
Total pot $42 | Rake $0.50
Board [6d 6s Ac 4s 9h]
Seat 1: ManuelSikora (big blind) showed [6c Ah] and won ($41.50) with a full house, Sixes full of Aces
Seat 2: Pandakey (button) (small blind) mucked


PokerStars Hand #144997830311:  Hold'em Limit ($3/$6 USD) - 2015/12/07 19:23:26 ET
Table 'Ingwelde' 2-max Seat #1 is the button
Seat 1: ManuelSikora ($130.67 in chips)
Seat 2: Pandakey ($68.80 in chips)
ManuelSikora: posts small blind $1
Pandakey: posts big blind $3
*** HOLE CARDS ***
ManuelSikora: calls $2
Pandakey: raises $3 to $6
ManuelSikora: calls $3
*** FLOP *** [Ts Ad Qh]
Pandakey: bets $3
ManuelSikora: calls $3
*** TURN *** [Ts Ad Qh] [2h]
Pandakey: bets $6
ManuelSikora: calls $6
*** RIVER *** [Ts Ad Qh 2h] [Qs]
Pandakey: bets $6
ManuelSikora: calls $6
*** SHOW DOWN ***
Pandakey: shows [Qd 9h] (three of a kind, Queens)
ManuelSikora: mucks hand
Pandakey collected $41.50 from pot
*** SUMMARY ***
Total pot $42 | Rake $0.50
Board [Ts Ad Qh 2h Qs]
Seat 1: ManuelSikora (button) (small blind) mucked
Seat 2: Pandakey (big blind) showed [Qd 9h] and won ($41.50) with three of a kind, Queens


PokerStars Hand #144997822105:  Hold'em Limit ($3/$6 USD) - 2015/12/07 19:23:14 ET
Table 'Ingwelde' 2-max Seat #2 is the button
Seat 1: ManuelSikora ($119.15 in chips)
Seat 2: Pandakey ($80.80 in chips)
Pandakey: posts small blind $1
ManuelSikora: posts big blind $3
*** HOLE CARDS ***
Pandakey: raises $3 to $6
ManuelSikora: raises $3 to $9
Pandakey: calls $3
*** FLOP *** [Ks 4d 4h]
ManuelSikora: bets $3
Pandakey: calls $3
*** TURN *** [Ks 4d 4h] [Ah]
ManuelSikora: bets $6
Pandakey: folds
Uncalled bet ($6) returned to ManuelSikora
ManuelSikora collected $23.52 from pot
ManuelSikora: doesn't show hand
*** SUMMARY ***
Total pot $24 | Rake $0.48
Board [Ks 4d 4h Ah]
Seat 1: ManuelSikora (big blind) collected ($23.52)
Seat 2: Pandakey (button) (small blind) folded on the Turn


PokerStars Hand #144997859959:  Hold'em Limit ($3/$6 USD) - 2015/12/07 19:24:09 ET
Table 'Ingwelde' 2-max Seat #2 is the button
Seat 1: ManuelSikora ($135.93 in chips)
Seat 2: Pandakey ($62.30 in chips)
Pandakey: posts small blind $1
ManuelSikora: posts big blind $3
*** HOLE CARDS ***
Pandakey: raises $3 to $6
ManuelSikora: calls $3
*** FLOP *** [7c 2s 4d]
ManuelSikora: bets $3
Pandakey: folds
Uncalled bet ($3) returned to ManuelSikora
ManuelSikora collected $11.76 from pot
ManuelSikora: doesn't show hand
*** SUMMARY ***
Total pot $12 | Rake $0.24
Board [7c 2s 4d]
Seat 1: ManuelSikora (big blind) collected ($11.76)
Seat 2: Pandakey (button) (small blind) folded on the Flop


PokerStars Hand #144997887499:  Hold'em Limit ($3/$6 USD) - 2015/12/07 19:24:49 ET
Table 'Ingwelde' 2-max Seat #1 is the button
Seat 1: ManuelSikora ($132.33 in chips)
Seat 2: Pandakey ($64.80 in chips)
ManuelSikora: posts small blind $1
Pandakey: posts big blind $3
*** HOLE CARDS ***
ManuelSikora: raises $3 to $6
Pandakey: raises $3 to $9
ManuelSikora: calls $3
*** FLOP *** [7h 6c Td]
Pandakey: bets $3
ManuelSikora: calls $3
*** TURN *** [7h 6c Td] [4d]
Pandakey: bets $6
ManuelSikora: raises $6 to $12
Pandakey: calls $6
*** RIVER *** [7h 6c Td 4d] [3c]
Pandakey: checks
ManuelSikora: bets $6
Pandakey: calls $6
*** SHOW DOWN ***
ManuelSikora: shows [2s 4c] (a pair of Fours)
Pandakey: shows [Ac Th] (a pair of Tens)
Pandakey collected $59.50 from pot
*** SUMMARY ***
Total pot $60 | Rake $0.50
Board [7h 6c Td 4d 3c]
Seat 1: ManuelSikora (button) (small blind) showed [2s 4c] and lost with a pair of Fours
Seat 2: Pandakey (big blind) showed [Ac Th] and won ($59.50) with a pair of Tens


PokerStars Hand #144997879664:  Hold'em Limit ($3/$6 USD) - 2015/12/07 19:24:37 ET
Table 'Ingwelde' 2-max Seat #2 is the button
Seat 1: ManuelSikora ($123.69 in chips)
Seat 2: Pandakey ($73.80 in chips)
Pandakey: posts small blind $1
ManuelSikora: posts big blind $3
*** HOLE CARDS ***
Pandakey: raises $3 to $6
ManuelSikora: raises $3 to $9
Pandakey: calls $3
*** FLOP *** [Ad Ts 2h]
ManuelSikora: checks
Pandakey: checks
*** TURN *** [Ad Ts 2h] [4c]
ManuelSikora: bets $6
Pandakey: folds
Uncalled bet ($6) returned to ManuelSikora
ManuelSikora collected $17.64 from pot
ManuelSikora: doesn't show hand
*** SUMMARY ***
Total pot $18 | Rake $0.36
Board [Ad Ts 2h 4c]
Seat 1: ManuelSikora (big blind) collected ($17.64)
Seat 2: Pandakey (button) (small blind) folded on the Turn


PokerStars Hand #144997865059:  Hold'em Limit ($3/$6 USD) - 2015/12/07 19:24:16 ET
Table 'Ingwelde' 2-max Seat #1 is the button
Seat 1: ManuelSikora ($141.69 in chips)
Seat 2: Pandakey ($56.30 in chips)
ManuelSikora: posts small blind $1
Pandakey: posts big blind $3
*** HOLE CARDS ***
ManuelSikora: raises $3 to $6
Pandakey: raises $3 to $9
ManuelSikora: calls $3
*** FLOP *** [3s 6d 6c]
Pandakey: bets $3
ManuelSikora: calls $3
*** TURN *** [3s 6d 6c] [9d]
Pandakey: bets $6
ManuelSikora: calls $6
*** RIVER *** [3s 6d 6c 9d] [Jd]
Pandakey: bets $6
ManuelSikora: folds
Uncalled bet ($6) returned to Pandakey
Pandakey collected $35.50 from pot
Pandakey: doesn't show hand
*** SUMMARY ***
Total pot $36 | Rake $0.50
Board [3s 6d 6c 9d Jd]
Seat 1: ManuelSikora (button) (small blind) folded on the River
Seat 2: Pandakey (big blind) collected ($35.50)


PokerStars Hand #144997899772:  Hold'em Limit ($3/$6 USD) - 2015/12/07 19:25:07 ET
Table 'Ingwelde' 2-max Seat #2 is the button
Seat 1: ManuelSikora ($102.33 in chips)
Seat 2: Pandakey ($94.30 in chips)
Pandakey: posts small blind $1
ManuelSikora: posts big blind $3
*** HOLE CARDS ***
Pandakey: raises $3 to $6
ManuelSikora: calls $3
*** FLOP *** [Jh 7c 5d]
ManuelSikora: bets $3
Pandakey: calls $3
*** TURN *** [Jh 7c 5d] [3d]
ManuelSikora: checks
Pandakey: checks
*** RIVER *** [Jh 7c 5d 3d] [5s]
ManuelSikora: checks
Pandakey: checks
*** SHOW DOWN ***
ManuelSikora: shows [4c Kd] (a pair of Fives)
Pandakey: shows [8d Kc] (a pair of Fives - King+Jack+Eight kicker)
Pandakey collected $17.64 from pot
*** SUMMARY ***
Total pot $18 | Rake $0.36
Board [Jh 7c 5d 3d 5s]
Seat 1: ManuelSikora (big blind) showed [4c Kd] and lost with a pair of Fives
Seat 2: Pandakey (button) (small blind) showed [8d Kc] and won ($17.64) with a pair of Fives


PokerStars Hand #144997929244:  Hold'em Limit ($3/$6 USD) - 2015/12/07 19:25:50 ET
Table 'Ingwelde' 2-max Seat #2 is the button
Seat 1: ManuelSikora ($102.85 in chips)
Seat 2: Pandakey ($92.82 in chips)
Pandakey: posts small blind $1
ManuelSikora: posts big blind $3
*** HOLE CARDS ***
Pandakey: raises $3 to $6
ManuelSikora: calls $3
*** FLOP *** [Js Ad 4d]
ManuelSikora: bets $3
Pandakey: calls $3
*** TURN *** [Js Ad 4d] [Ac]
ManuelSikora: checks
Pandakey: bets $6
ManuelSikora: folds
Uncalled bet ($6) returned to Pandakey
Pandakey collected $17.64 from pot
Pandakey: doesn't show hand
*** SUMMARY ***
Total pot $18 | Rake $0.36
Board [Js Ad 4d Ac]
Seat 1: ManuelSikora (big blind) folded on the Turn
Seat 2: Pandakey (button) (small blind) collected ($17.64)


PokerStars Hand #144997919163:  Hold'em Limit ($3/$6 USD) - 2015/12/07 19:25:35 ET
Table 'Ingwelde' 2-max Seat #1 is the button
Seat 1: ManuelSikora ($91.33 in chips)
Seat 2: Pandakey ($104.82 in chips)
ManuelSikora: posts small blind $1
Pandakey: posts big blind $3
*** HOLE CARDS ***
ManuelSikora: raises $3 to $6
Pandakey: calls $3
*** FLOP *** [Tc As 8c]
Pandakey: bets $3
ManuelSikora: raises $3 to $6
Pandakey: calls $3
*** TURN *** [Tc As 8c] [5c]
Pandakey: checks
ManuelSikora: bets $6
Pandakey: folds
Uncalled bet ($6) returned to ManuelSikora
ManuelSikora collected $23.52 from pot
ManuelSikora: doesn't show hand
*** SUMMARY ***
Total pot $24 | Rake $0.48
Board [Tc As 8c 5c]
Seat 1: ManuelSikora (button) (small blind) collected ($23.52)
Seat 2: Pandakey (big blind) folded on the Turn


PokerStars Hand #144997915755:  Hold'em Limit ($3/$6 USD) - 2015/12/07 19:25:30 ET
Table 'Ingwelde' 2-max Seat #2 is the button
Seat 1: ManuelSikora ($90.33 in chips)
Seat 2: Pandakey ($105.82 in chips)
Pandakey: posts small blind $1
ManuelSikora: posts big blind $3
*** HOLE CARDS ***
Pandakey: folds
Uncalled bet ($2) returned to ManuelSikora
ManuelSikora collected $2 from pot
ManuelSikora: doesn't show hand
*** SUMMARY ***
Total pot $2 | Rake $0
Seat 1: ManuelSikora (big blind) collected ($2)
Seat 2: Pandakey (button) (small blind) folded before Flop


PokerStars Hand #144997908621:  Hold'em Limit ($3/$6 USD) - 2015/12/07 19:25:20 ET
Table 'Ingwelde' 2-max Seat #1 is the button
Seat 1: ManuelSikora ($93.33 in chips)
Seat 2: Pandakey ($102.94 in chips)
ManuelSikora: posts small blind $1
Pandakey: posts big blind $3
*** HOLE CARDS ***
ManuelSikora: calls $2
Pandakey: checks
*** FLOP *** [7s 3c Qs]
Pandakey: checks
ManuelSikora: checks
*** TURN *** [7s 3c Qs] [Th]
Pandakey: bets $6
ManuelSikora: folds
Uncalled bet ($6) returned to Pandakey
Pandakey collected $5.88 from pot
Pandakey: doesn't show hand
*** SUMMARY ***
Total pot $6 | Rake $0.12
Board [7s 3c Qs Th]
Seat 1: ManuelSikora (button) (small blind) folded on the Turn
Seat 2: Pandakey (big blind) collected ($5.88)


PokerStars Hand #144997938022:  Hold'em Limit ($3/$6 USD) - 2015/12/07 19:26:03 ET
Table 'Ingwelde' 2-max Seat #1 is the button
Seat 1: ManuelSikora ($93.85 in chips)
Seat 2: Pandakey ($101.46 in chips)
ManuelSikora: posts small blind $1
Pandakey: posts big blind $3
*** HOLE CARDS ***
ManuelSikora: calls $2
Pandakey: checks
*** FLOP *** [4s 5c 2s]
Pandakey: bets $3
ManuelSikora: calls $3
*** TURN *** [4s 5c 2s] [Th]
Pandakey: bets $6
ManuelSikora: folds
Uncalled bet ($6) returned to Pandakey
Pandakey collected $11.76 from pot
Pandakey: doesn't show hand
*** SUMMARY ***
Total pot $12 | Rake $0.24
Board [4s 5c 2s Th]
Seat 1: ManuelSikora (button) (small blind) folded on the Turn
Seat 2: Pandakey (big blind) collected ($11.76)


PokerStars Hand #144997964838:  Hold'em Limit ($3/$6 USD) - 2015/12/07 19:26:43 ET
Table 'Ingwelde' 2-max Seat #2 is the button
Seat 1: ManuelSikora ($103.35 in chips)
Seat 2: Pandakey ($91.22 in chips)
Pandakey: posts small blind $1
ManuelSikora: posts big blind $3
*** HOLE CARDS ***
Pandakey: raises $3 to $6
ManuelSikora: calls $3
*** FLOP *** [As 3s 8h]
ManuelSikora: bets $3
Pandakey: calls $3
*** TURN *** [As 3s 8h] [Qh]
ManuelSikora: bets $6
Pandakey: raises $6 to $12
ManuelSikora: calls $6
*** RIVER *** [As 3s 8h Qh] [Qd]
ManuelSikora: checks
Pandakey: bets $6
ManuelSikora: folds
Uncalled bet ($6) returned to Pandakey
Pandakey collected $41.50 from pot
Pandakey: doesn't show hand
*** SUMMARY ***
Total pot $42 | Rake $0.50
Board [As 3s 8h Qh Qd]
Seat 1: ManuelSikora (big blind) folded on the River
Seat 2: Pandakey (button) (small blind) collected ($41.50)


PokerStars Hand #144997948675:  Hold'em Limit ($3/$6 USD) - 2015/12/07 19:26:19 ET
Table 'Ingwelde' 2-max Seat #1 is the button
Seat 1: ManuelSikora ($88.85 in chips)
Seat 2: Pandakey ($106.22 in chips)
ManuelSikora: posts small blind $1
Pandakey: posts big blind $3
*** HOLE CARDS ***
ManuelSikora: calls $2
Pandakey: raises $3 to $6
ManuelSikora: calls $3
*** FLOP *** [Qs 9c 5d]
Pandakey: bets $3
ManuelSikora: calls $3
*** TURN *** [Qs 9c 5d] [6d]
Pandakey: checks
ManuelSikora: checks
*** RIVER *** [Qs 9c 5d 6d] [4h]
Pandakey: bets $6
ManuelSikora: raises $6 to $12
Pandakey: folds
Uncalled bet ($6) returned to ManuelSikora
ManuelSikora collected $29.50 from pot
ManuelSikora: doesn't show hand
*** SUMMARY ***
Total pot $30 | Rake $0.50
Board [Qs 9c 5d 6d 4h]
Seat 1: ManuelSikora (button) (small blind) collected ($29.50)
Seat 2: Pandakey (big blind) folded on the River


PokerStars Hand #144997975918:  Hold'em Limit ($3/$6 USD) - 2015/12/07 19:27:00 ET
Table 'Ingwelde' 2-max Seat #1 is the button
Seat 1: ManuelSikora ($82.35 in chips)
Seat 2: Pandakey ($111.72 in chips)
ManuelSikora: posts small blind $1
Pandakey: posts big blind $3
*** HOLE CARDS ***
ManuelSikora: calls $2
Pandakey: checks
*** FLOP *** [8d 5c Kd]
Pandakey: checks
ManuelSikora: bets $3
Pandakey: folds
Uncalled bet ($3) returned to ManuelSikora
ManuelSikora collected $5.88 from pot
ManuelSikora: doesn't show hand
*** SUMMARY ***
Total pot $6 | Rake $0.12
Board [8d 5c Kd]
Seat 1: ManuelSikora (button) (small blind) collected ($5.88)
Seat 2: Pandakey (big blind) folded on the Flop


PokerStars Hand #144998011452:  Hold'em Limit ($3/$6 USD) - 2015/12/07 19:27:53 ET
Table 'Ingwelde' 2-max Seat #1 is the button
Seat 1: ManuelSikora ($51.23 in chips)
Seat 2: Pandakey ($141.98 in chips)
ManuelSikora: posts small blind $1
Pandakey: posts big blind $3
*** HOLE CARDS ***
ManuelSikora: calls $2
Pandakey: checks
*** FLOP *** [9s Jc Qh]
Pandakey: checks
ManuelSikora: checks
*** TURN *** [9s Jc Qh] [8c]
Pandakey: checks
ManuelSikora: checks
*** RIVER *** [9s Jc Qh 8c] [9h]
Pandakey: checks
ManuelSikora: checks
*** SHOW DOWN ***
Pandakey: shows [3s Kc] (a pair of Nines)
ManuelSikora: shows [6h Ah] (a pair of Nines - Ace kicker)
ManuelSikora collected $5.88 from pot
*** SUMMARY ***
Total pot $6 | Rake $0.12
Board [9s Jc Qh 8c 9h]
Seat 1: ManuelSikora (button) (small blind) showed [6h Ah] and won ($5.88) with a pair of Nines
Seat 2: Pandakey (big blind) showed [3s Kc] and lost with a pair of Nines


PokerStars Hand #144998000940:  Hold'em Limit ($3/$6 USD) - 2015/12/07 19:27:37 ET
Table 'Ingwelde' 2-max Seat #2 is the button
Seat 1: ManuelSikora ($78.23 in chips)
Seat 2: Pandakey ($115.48 in chips)
Pandakey: posts small blind $1
ManuelSikora: posts big blind $3
*** HOLE CARDS ***
Pandakey: raises $3 to $6
ManuelSikora: calls $3
*** FLOP *** [Kc 8s Qs]
ManuelSikora: bets $3
Pandakey: calls $3
*** TURN *** [Kc 8s Qs] [4c]
ManuelSikora: bets $6
Pandakey: raises $6 to $12
ManuelSikora: calls $6
*** RIVER *** [Kc 8s Qs 4c] [Kh]
ManuelSikora: checks
Pandakey: bets $6
ManuelSikora: calls $6
*** SHOW DOWN ***
Pandakey: shows [Kd 8d] (a full house, Kings full of Eights)
ManuelSikora: mucks hand
Pandakey collected $53.50 from pot
*** SUMMARY ***
Total pot $54 | Rake $0.50
Board [Kc 8s Qs 4c Kh]
Seat 1: ManuelSikora (big blind) mucked
Seat 2: Pandakey (button) (small blind) showed [Kd 8d] and won ($53.50) with a full house, Kings full of Eights


PokerStars Hand #144997996511:  Hold'em Limit ($3/$6 USD) - 2015/12/07 19:27:30 ET
Table 'Ingwelde' 2-max Seat #1 is the button
Seat 1: ManuelSikora ($79.23 in chips)
Seat 2: Pandakey ($114.48 in chips)
ManuelSikora: posts small blind $1
Pandakey: posts big blind $3
*** HOLE CARDS ***
ManuelSikora: folds
Uncalled bet ($2) returned to Pandakey
Pandakey collected $2 from pot
Pandakey: doesn't show hand
*** SUMMARY ***
Total pot $2 | Rake $0
Seat 1: ManuelSikora (button) (small blind) folded before Flop
Seat 2: Pandakey (big blind) collected ($2)


PokerStars Hand #144997984319:  Hold'em Limit ($3/$6 USD) - 2015/12/07 19:27:12 ET
Table 'Ingwelde' 2-max Seat #2 is the button
Seat 1: ManuelSikora ($85.23 in chips)
Seat 2: Pandakey ($108.72 in chips)
Pandakey: posts small blind $1
ManuelSikora: posts big blind $3
*** HOLE CARDS ***
Pandakey: raises $3 to $6
ManuelSikora: calls $3
*** FLOP *** [9s 7s 5h]
ManuelSikora: checks
Pandakey: bets $3
ManuelSikora: folds
Uncalled bet ($3) returned to Pandakey
Pandakey collected $11.76 from pot
Pandakey: doesn't show hand
*** SUMMARY ***
Total pot $12 | Rake $0.24
Board [9s 7s 5h]
Seat 1: ManuelSikora (big blind) folded on the Flop
Seat 2: Pandakey (button) (small blind) collected ($11.76)


PokerStars Hand #144998046648:  Hold'em Limit ($3/$6 USD) - 2015/12/07 19:28:46 ET
Table 'Ingwelde' 2-max Seat #2 is the button
Seat 1: ManuelSikora ($50.61 in chips)
Seat 2: Pandakey ($141.48 in chips)
Pandakey: posts small blind $1
ManuelSikora: posts big blind $3
*** HOLE CARDS ***
Pandakey: raises $3 to $6
ManuelSikora: calls $3
*** FLOP *** [Jh Qd 2d]
ManuelSikora: bets $3
Pandakey: calls $3
*** TURN *** [Jh Qd 2d] [4s]
ManuelSikora: checks
Pandakey: bets $6
ManuelSikora: calls $6
*** RIVER *** [Jh Qd 2d 4s] [2s]
ManuelSikora: checks
Pandakey: bets $6
ManuelSikora: folds
Uncalled bet ($6) returned to Pandakey
Pandakey collected $29.50 from pot
Pandakey: doesn't show hand
*** SUMMARY ***
Total pot $30 | Rake $0.50
Board [Jh Qd 2d 4s 2s]
Seat 1: ManuelSikora (big blind) folded on the River
Seat 2: Pandakey (button) (small blind) collected ($29.50)


PokerStars Hand #144998031214:  Hold'em Limit ($3/$6 USD) - 2015/12/07 19:28:22 ET
Table 'Ingwelde' 2-max Seat #1 is the button
Seat 1: ManuelSikora ($33.11 in chips)
Seat 2: Pandakey ($159.48 in chips)
ManuelSikora: posts small blind $1
Pandakey: posts big blind $3
*** HOLE CARDS ***
ManuelSikora: raises $3 to $6
Pandakey: calls $3
*** FLOP *** [Ad Jc 4s]
Pandakey: checks
ManuelSikora: bets $3
Pandakey: raises $3 to $6
ManuelSikora: calls $3
*** TURN *** [Ad Jc 4s] [3c]
Pandakey: bets $6
ManuelSikora: calls $6
*** RIVER *** [Ad Jc 4s 3c] [3s]
Pandakey: checks
ManuelSikora: checks
*** SHOW DOWN ***
Pandakey: shows [Th 4h] (two pair, Fours and Threes)
ManuelSikora: shows [5s Jh] (two pair, Jacks and Threes)
ManuelSikora collected $35.50 from pot
*** SUMMARY ***
Total pot $36 | Rake $0.50
Board [Ad Jc 4s 3c 3s]
Seat 1: ManuelSikora (button) (small blind) showed [5s Jh] and won ($35.50) with two pair, Jacks and Threes
Seat 2: Pandakey (big blind) showed [Th 4h] and lost with two pair, Fours and Threes


PokerStars Hand #144998020771:  Hold'em Limit ($3/$6 USD) - 2015/12/07 19:28:07 ET
Table 'Ingwelde' 2-max Seat #2 is the button
Seat 1: ManuelSikora ($54.11 in chips)
Seat 2: Pandakey ($138.98 in chips)
Pandakey: posts small blind $1
ManuelSikora: posts big blind $3
*** HOLE CARDS ***
Pandakey: raises $3 to $6
ManuelSikora: calls $3
*** FLOP *** [8d 3d 6s]
ManuelSikora: bets $3
Pandakey: calls $3
*** TURN *** [8d 3d 6s] [Kh]
ManuelSikora: bets $6
Pandakey: raises $6 to $12
ManuelSikora: calls $6
*** RIVER *** [8d 3d 6s Kh] [Jc]
ManuelSikora: checks
Pandakey: bets $6
ManuelSikora: folds
Uncalled bet ($6) returned to Pandakey
Pandakey collected $41.50 from pot
Pandakey: doesn't show hand
*** SUMMARY ***
Total pot $42 | Rake $0.50
Board [8d 3d 6s Kh Jc]
Seat 1: ManuelSikora (big blind) folded on the River
Seat 2: Pandakey (button) (small blind) collected ($41.50)


