PokerStars Hand #159286865526:  Hold'em Limit ($3/$6 USD) - 2016/09/30 10:48:57 ET
Table 'Ingwelde' 6-max Seat #3 is the button
Seat 3: Ingmar Ross ($37 in chips)
Seat 4: Koraseg ($147.90 in chips)
Ingmar Ross: posts small blind $1
Koraseg: posts big blind $3
*** HOLE CARDS ***
Ingmar Ross: folds
Uncalled bet ($2) returned to Koraseg
Koraseg collected $2 from pot
Koraseg: doesn't show hand
*** SUMMARY ***
Total pot $2 | Rake $0
Seat 3: Ingmar Ross (button) (small blind) folded before Flop
Seat 4: Koraseg (big blind) collected ($2)


PokerStars Hand #159286862652:  Hold'em Limit ($3/$6 USD) - 2016/09/30 10:48:52 ET
Table 'Ingwelde' 6-max Seat #4 is the button
Seat 3: Ingmar Ross ($36 in chips)
Seat 4: Koraseg ($148.90 in chips)
Koraseg: posts small blind $1
Ingmar Ross: posts big blind $3
*** HOLE CARDS ***
Koraseg: folds
Uncalled bet ($2) returned to Ingmar Ross
Ingmar Ross collected $2 from pot
Ingmar Ross: doesn't show hand
*** SUMMARY ***
Total pot $2 | Rake $0
Seat 3: Ingmar Ross (big blind) collected ($2)
Seat 4: Koraseg (button) (small blind) folded before Flop


PokerStars Hand #159286854403:  Hold'em Limit ($3/$6 USD) - 2016/09/30 10:48:38 ET
Table 'Ingwelde' 6-max Seat #3 is the button
Seat 3: Ingmar Ross ($45 in chips)
Seat 4: Koraseg ($140.26 in chips)
Ingmar Ross: posts small blind $1
Koraseg: posts big blind $3
*** HOLE CARDS ***
Ingmar Ross: raises $3 to $6
Koraseg: calls $3
*** FLOP *** [3c 7c Td]
Koraseg: checks
Ingmar Ross: bets $3
Koraseg: raises $3 to $6
Ingmar Ross: folds
Uncalled bet ($3) returned to Koraseg
Koraseg collected $17.64 from pot
Koraseg: doesn't show hand
*** SUMMARY ***
Total pot $18 | Rake $0.36
Board [3c 7c Td]
Seat 3: Ingmar Ross (button) (small blind) folded on the Flop
Seat 4: Koraseg (big blind) collected ($17.64)


PokerStars Hand #159286846775:  Hold'em Limit ($3/$6 USD) - 2016/09/30 10:48:26 ET
Table 'Ingwelde' 6-max Seat #4 is the button
Seat 3: Ingmar Ross ($51 in chips)
Seat 4: Koraseg ($134.50 in chips)
Koraseg: posts small blind $1
Ingmar Ross: posts big blind $3
*** HOLE CARDS ***
Koraseg: raises $3 to $6
Ingmar Ross: calls $3
*** FLOP *** [Js 3c Ad]
Ingmar Ross: checks
Koraseg: bets $3
Ingmar Ross: folds
Uncalled bet ($3) returned to Koraseg
Koraseg collected $11.76 from pot
Koraseg: doesn't show hand
*** SUMMARY ***
Total pot $12 | Rake $0.24
Board [Js 3c Ad]
Seat 3: Ingmar Ross (big blind) folded on the Flop
Seat 4: Koraseg (button) (small blind) collected ($11.76)


PokerStars Hand #159286834224:  Hold'em Limit ($3/$6 USD) - 2016/09/30 10:48:05 ET
Table 'Ingwelde' 6-max Seat #3 is the button
Seat 3: Ingmar Ross ($66 in chips)
Seat 4: Koraseg ($120 in chips)
Ingmar Ross: posts small blind $1
Koraseg: posts big blind $3
*** HOLE CARDS ***
Ingmar Ross: raises $3 to $6
Koraseg: calls $3
*** FLOP *** [Js 2d 3c]
Koraseg: checks
Ingmar Ross: bets $3
Koraseg: calls $3
*** TURN *** [Js 2d 3c] [2s]
Koraseg: checks
Ingmar Ross: checks
*** RIVER *** [Js 2d 3c 2s] [Ah]
Koraseg: checks
Ingmar Ross: bets $6
Koraseg: calls $6
*** SHOW DOWN ***
Ingmar Ross: shows [4d 6h] (a pair of Deuces)
Koraseg: shows [7s Ks] (a pair of Deuces - Ace+King kicker)
Koraseg collected $29.50 from pot
*** SUMMARY ***
Total pot $30 | Rake $0.50
Board [Js 2d 3c 2s Ah]
Seat 3: Ingmar Ross (button) (small blind) showed [4d 6h] and lost with a pair of Deuces
Seat 4: Koraseg (big blind) showed [7s Ks] and won ($29.50) with a pair of Deuces


PokerStars Hand #159286868678:  Hold'em Limit ($3/$6 USD) - 2016/09/30 10:49:02 ET
Table 'Ingwelde' 6-max Seat #4 is the button
Seat 3: Ingmar Ross ($36 in chips)
Seat 4: Koraseg ($148.90 in chips)
Koraseg: posts small blind $1
Ingmar Ross: posts big blind $3
*** HOLE CARDS ***
Koraseg: folds
Uncalled bet ($2) returned to Ingmar Ross
Ingmar Ross collected $2 from pot
Ingmar Ross: doesn't show hand
*** SUMMARY ***
Total pot $2 | Rake $0
Seat 3: Ingmar Ross (big blind) collected ($2)
Seat 4: Koraseg (button) (small blind) folded before Flop


PokerStars Hand #159286880335:  Hold'em Limit ($3/$6 USD) - 2016/09/30 10:49:21 ET
Table 'Ingwelde' 6-max Seat #4 is the button
Seat 3: Ingmar Ross ($28 in chips)
Seat 4: Koraseg ($156.54 in chips)
Koraseg: posts small blind $1
Ingmar Ross: posts big blind $3
*** HOLE CARDS ***
Koraseg: raises $3 to $6
Ingmar Ross: folds
Uncalled bet ($3) returned to Koraseg
Koraseg collected $6 from pot
Koraseg: doesn't show hand
*** SUMMARY ***
Total pot $6 | Rake $0
Seat 3: Ingmar Ross (big blind) folded before Flop
Seat 4: Koraseg (button) (small blind) collected ($6)


PokerStars Hand #159286871428:  Hold'em Limit ($3/$6 USD) - 2016/09/30 10:49:07 ET
Table 'Ingwelde' 6-max Seat #3 is the button
Seat 3: Ingmar Ross ($37 in chips)
Seat 4: Koraseg ($147.90 in chips)
Ingmar Ross: posts small blind $1
Koraseg: posts big blind $3
*** HOLE CARDS ***
Ingmar Ross: raises $3 to $6
Koraseg: calls $3
*** FLOP *** [5h 3h Jd]
Koraseg: checks
Ingmar Ross: bets $3
Koraseg: calls $3
*** TURN *** [5h 3h Jd] [2s]
Koraseg: checks
Ingmar Ross: checks
*** RIVER *** [5h 3h Jd 2s] [Ac]
Koraseg: checks
Ingmar Ross: checks
*** SHOW DOWN ***
Koraseg: shows [Ah 3s] (two pair, Aces and Threes)
Ingmar Ross: mucks hand
Koraseg collected $17.64 from pot
*** SUMMARY ***
Total pot $18 | Rake $0.36
Board [5h 3h Jd 2s Ac]
Seat 3: Ingmar Ross (button) (small blind) mucked
Seat 4: Koraseg (big blind) showed [Ah 3s] and won ($17.64) with two pair, Aces and Threes


