PokerStars Hand #171242820569:  Hold'em Limit ($3/$6 USD) - 2017/06/02 10:20:49 ET
Table 'Inna II' 6-max Seat #1 is the button
Seat 1: nedo1414 ($120 in chips)
Seat 4: FHstyles ($60 in chips)
nedo1414: posts small blind $1
FHstyles: posts big blind $3
*** HOLE CARDS ***
nedo1414: raises $3 to $6
FHstyles: raises $3 to $9
nedo1414: calls $3
*** FLOP *** [6d Tc 6h]
FHstyles: bets $3
nedo1414: raises $3 to $6
FHstyles: calls $3
*** TURN *** [6d Tc 6h] [8d]
FHstyles: checks
nedo1414: bets $6
FHstyles: calls $6
*** RIVER *** [6d Tc 6h 8d] [Ks]
FHstyles: checks
Tommy_Ezt joins the table at seat #5
nedo1414 said, "come on"
nedo1414: bets $6
belik555 joins the table at seat #2
FHstyles: calls $6
*** SHOW DOWN ***
nedo1414: shows [7d 9s] (a straight, Six to Ten)
FHstyles: mucks hand
nedo1414 collected $53.50 from pot
*** SUMMARY ***
Total pot $54 | Rake $0.50
Board [6d Tc 6h 8d Ks]
Seat 1: nedo1414 (button) (small blind) showed [7d 9s] and won ($53.50) with a straight, Six to Ten
Seat 4: FHstyles (big blind) mucked


PokerStars Hand #171242965536:  Hold'em Limit ($3/$6 USD) - 2017/06/02 10:25:03 ET
Table 'Inna II' 6-max Seat #2 is the button
Seat 2: belik555 ($109.56 in chips)
Seat 3: Korish9506 ($99 in chips)
belik555: posts small blind $1
Korish9506: posts big blind $3
*** HOLE CARDS ***
belik555: raises $3 to $6
Korish9506: folds
Uncalled bet ($3) returned to belik555
belik555 collected $6 from pot
belik555: doesn't show hand
*** SUMMARY ***
Total pot $6 | Rake $0
Seat 2: belik555 (button) (small blind) collected ($6)
Seat 3: Korish9506 (big blind) folded before Flop


PokerStars Hand #171242960260:  Hold'em Limit ($3/$6 USD) - 2017/06/02 10:24:54 ET
Table 'Inna II' 6-max Seat #3 is the button
Seat 2: belik555 ($112.56 in chips)
Seat 3: Korish9506 ($96 in chips)
Korish9506: posts small blind $1
nedo1414: is sitting out
belik555: posts big blind $3
*** HOLE CARDS ***
Korish9506: raises $3 to $6
belik555: folds
Uncalled bet ($3) returned to Korish9506
Korish9506 collected $6 from pot
*** SUMMARY ***
Total pot $6 | Rake $0
Seat 2: belik555 (big blind) folded before Flop
Seat 3: Korish9506 (button) (small blind) collected ($6)


PokerStars Hand #171243015783:  Hold'em Limit ($3/$6 USD) - 2017/06/02 10:26:31 ET
Table 'Inna II' 6-max Seat #3 is the button
Seat 2: belik555 ($140.82 in chips)
Seat 3: Korish9506 ($67 in chips)
Korish9506: posts small blind $1
belik555: posts big blind $3
*** HOLE CARDS ***
Korish9506: calls $2
belik555: raises $3 to $6
Korish9506: calls $3
*** FLOP *** [Th 4s Jh]
belik555: bets $3
Korish9506: calls $3
*** TURN *** [Th 4s Jh] [7c]
belik555: checks
Korish9506: bets $6
belik555: calls $6
*** RIVER *** [Th 4s Jh 7c] [8c]
belik555: checks
Korish9506: checks
*** SHOW DOWN ***
belik555: shows [6h Ah] (high card Ace)
Korish9506: shows [Kh 7d] (a pair of Sevens)
Korish9506 collected $29.50 from pot
*** SUMMARY ***
Total pot $30 | Rake $0.50
Board [Th 4s Jh 7c 8c]
Seat 2: belik555 (big blind) showed [6h Ah] and lost with high card Ace
Seat 3: Korish9506 (button) (small blind) showed [Kh 7d] and won ($29.50) with a pair of Sevens


PokerStars Hand #171243004094:  Hold'em Limit ($3/$6 USD) - 2017/06/02 10:26:11 ET
Table 'Inna II' 6-max Seat #2 is the button
Seat 2: belik555 ($135.06 in chips)
Seat 3: Korish9506 ($73 in chips)
belik555: posts small blind $1
Korish9506: posts big blind $3
*** HOLE CARDS ***
belik555: raises $3 to $6
Korish9506: calls $3
*** FLOP *** [Ts Ah 8s]
Korish9506: checks
belik555: bets $3
nedo1414 leaves the table
Korish9506: folds
Uncalled bet ($3) returned to belik555
belik555 collected $11.76 from pot
belik555: doesn't show hand
*** SUMMARY ***
Total pot $12 | Rake $0.24
Board [Ts Ah 8s]
Seat 2: belik555 (button) (small blind) collected ($11.76)
Seat 3: Korish9506 (big blind) folded on the Flop


PokerStars Hand #171243001180:  Hold'em Limit ($3/$6 USD) - 2017/06/02 10:26:06 ET
Table 'Inna II' 6-max Seat #3 is the button
Seat 2: belik555 ($134.06 in chips)
Seat 3: Korish9506 ($74 in chips)
Korish9506: posts small blind $1
belik555: posts big blind $3
*** HOLE CARDS ***
Korish9506: folds
Uncalled bet ($2) returned to belik555
belik555 collected $2 from pot
belik555: doesn't show hand
*** SUMMARY ***
Total pot $2 | Rake $0
Seat 2: belik555 (big blind) collected ($2)
Seat 3: Korish9506 (button) (small blind) folded before Flop


PokerStars Hand #171242974513:  Hold'em Limit ($3/$6 USD) - 2017/06/02 10:25:19 ET
Table 'Inna II' 6-max Seat #2 is the button
Seat 2: belik555 ($113.56 in chips)
Seat 3: Korish9506 ($95 in chips)
belik555: posts small blind $1
Korish9506: posts big blind $3
*** HOLE CARDS ***
belik555: raises $3 to $6
Korish9506: calls $3
*** FLOP *** [Kc 9h Qd]
Korish9506: checks
belik555: bets $3
Korish9506: calls $3
*** TURN *** [Kc 9h Qd] [5h]
Korish9506: checks
belik555: bets $6
Korish9506: calls $6
*** RIVER *** [Kc 9h Qd 5h] [6d]
Korish9506: checks
belik555: bets $6
Korish9506: calls $6
*** SHOW DOWN ***
belik555: shows [8s Kd] (a pair of Kings)
Korish9506: mucks hand
belik555 collected $41.50 from pot
*** SUMMARY ***
Total pot $42 | Rake $0.50
Board [Kc 9h Qd 5h 6d]
Seat 2: belik555 (button) (small blind) showed [8s Kd] and won ($41.50) with a pair of Kings
Seat 3: Korish9506 (big blind) mucked


PokerStars Hand #171243044271:  Hold'em Limit ($3/$6 USD) - 2017/06/02 10:27:21 ET
Table 'Inna II' 6-max Seat #2 is the button
Seat 2: belik555 ($119.82 in chips)
Seat 3: Korish9506 ($87.14 in chips)
belik555: posts small blind $1
Korish9506: posts big blind $3
*** HOLE CARDS ***
belik555: raises $3 to $6
Korish9506: calls $3
*** FLOP *** [Jc Ts 3d]
Korish9506: checks
belik555: bets $3
Korish9506: calls $3
*** TURN *** [Jc Ts 3d] [Kh]
Korish9506: checks
belik555: checks
*** RIVER *** [Jc Ts 3d Kh] [Qh]
Korish9506: bets $6
belik555: calls $6
*** SHOW DOWN ***
Korish9506: shows [As 5s] (a straight, Ten to Ace)
belik555: mucks hand
Korish9506 collected $29.50 from pot
*** SUMMARY ***
Total pot $30 | Rake $0.50
Board [Jc Ts 3d Kh Qh]
Seat 2: belik555 (button) (small blind) mucked
Seat 3: Korish9506 (big blind) showed [As 5s] and won ($29.50) with a straight, Ten to Ace


PokerStars Hand #171243032162:  Hold'em Limit ($3/$6 USD) - 2017/06/02 10:27:00 ET
Table 'Inna II' 6-max Seat #3 is the button
Seat 2: belik555 ($128.82 in chips)
Seat 3: Korish9506 ($78.50 in chips)
Korish9506: posts small blind $1
belik555: posts big blind $3
*** HOLE CARDS ***
Korish9506: calls $2
belik555: raises $3 to $6
Korish9506: calls $3
*** FLOP *** [Ad 2d 3c]
belik555: bets $3
Korish9506: calls $3
*** TURN *** [Ad 2d 3c] [6c]
belik555: checks
Korish9506: bets $6
belik555: folds
Uncalled bet ($6) returned to Korish9506
Korish9506 collected $17.64 from pot
*** SUMMARY ***
Total pot $18 | Rake $0.36
Board [Ad 2d 3c 6c]
Seat 2: belik555 (big blind) folded on the Turn
Seat 3: Korish9506 (button) (small blind) collected ($17.64)


PokerStars Hand #171243027693:  Hold'em Limit ($3/$6 USD) - 2017/06/02 10:26:52 ET
Table 'Inna II' 6-max Seat #2 is the button
Seat 2: belik555 ($125.82 in chips)
Seat 3: Korish9506 ($81.50 in chips)
belik555: posts small blind $1
Korish9506: posts big blind $3
*** HOLE CARDS ***
belik555: raises $3 to $6
Korish9506: folds
Uncalled bet ($3) returned to belik555
belik555 collected $6 from pot
belik555: doesn't show hand
*** SUMMARY ***
Total pot $6 | Rake $0
Seat 2: belik555 (button) (small blind) collected ($6)
Seat 3: Korish9506 (big blind) folded before Flop


PokerStars Hand #171243070850:  Hold'em Limit ($3/$6 USD) - 2017/06/02 10:28:07 ET
Table 'Inna II' 6-max Seat #3 is the button
Seat 2: belik555 ($108.82 in chips)
Seat 3: Korish9506 ($97.64 in chips)
Korish9506: posts small blind $1
belik555: posts big blind $3
*** HOLE CARDS ***
Korish9506: raises $3 to $6
belik555: calls $3
*** FLOP *** [2c Tc Ac]
belik555: checks
Korish9506: bets $3
belik555: calls $3
*** TURN *** [2c Tc Ac] [9c]
belik555: bets $6
Korish9506: calls $6
*** RIVER *** [2c Tc Ac 9c] [5c]
belik555: bets $6
Korish9506: calls $6
*** SHOW DOWN ***
belik555: shows [7c 6h] (a flush, Ace high)
Korish9506: mucks hand
belik555 collected $41.50 from pot
*** SUMMARY ***
Total pot $42 | Rake $0.50
Board [2c Tc Ac 9c 5c]
Seat 2: belik555 (big blind) showed [7c 6h] and won ($41.50) with a flush, Ace high
Seat 3: Korish9506 (button) (small blind) mucked


PokerStars Hand #171243067140:  Hold'em Limit ($3/$6 USD) - 2017/06/02 10:28:01 ET
Table 'Inna II' 6-max Seat #2 is the button
Seat 2: belik555 ($105.82 in chips)
Seat 3: Korish9506 ($100.64 in chips)
belik555: posts small blind $1
Korish9506: posts big blind $3
*** HOLE CARDS ***
belik555: raises $3 to $6
Korish9506: folds
Uncalled bet ($3) returned to belik555
belik555 collected $6 from pot
belik555: doesn't show hand
*** SUMMARY ***
Total pot $6 | Rake $0
Seat 2: belik555 (button) (small blind) collected ($6)
Seat 3: Korish9506 (big blind) folded before Flop


PokerStars Hand #171243063669:  Hold'em Limit ($3/$6 USD) - 2017/06/02 10:27:55 ET
Table 'Inna II' 6-max Seat #3 is the button
Seat 2: belik555 ($104.82 in chips)
Seat 3: Korish9506 ($101.64 in chips)
Korish9506: posts small blind $1
belik555: posts big blind $3
*** HOLE CARDS ***
Korish9506: folds
Uncalled bet ($2) returned to belik555
belik555 collected $2 from pot
belik555: doesn't show hand
*** SUMMARY ***
Total pot $2 | Rake $0
Seat 2: belik555 (big blind) collected ($2)
Seat 3: Korish9506 (button) (small blind) folded before Flop


PokerStars Hand #171243089436:  Hold'em Limit ($3/$6 USD) - 2017/06/02 10:28:40 ET
Table 'Inna II' 6-max Seat #2 is the button
Seat 2: belik555 ($129.32 in chips)
Seat 3: Korish9506 ($76.64 in chips)
belik555: posts small blind $1
Korish9506: posts big blind $3
*** HOLE CARDS ***
belik555: raises $3 to $6
Korish9506: raises $3 to $9
belik555: calls $3
*** FLOP *** [2d Ks Qs]
Korish9506: checks
belik555: bets $3
Korish9506: calls $3
*** TURN *** [2d Ks Qs] [4s]
Korish9506: checks
belik555: bets $6
Korish9506: calls $6
*** RIVER *** [2d Ks Qs 4s] [8c]
Korish9506: checks
pdsnr joins the table at seat #4
belik555: bets $6
Korish9506: calls $6
*** SHOW DOWN ***
belik555: shows [4h Kc] (two pair, Kings and Fours)
Korish9506: mucks hand
belik555 collected $47.50 from pot
*** SUMMARY ***
Total pot $48 | Rake $0.50
Board [2d Ks Qs 4s 8c]
Seat 2: belik555 (button) (small blind) showed [4h Kc] and won ($47.50) with two pair, Kings and Fours
Seat 3: Korish9506 (big blind) mucked


PokerStars Hand #171243882156:  Hold'em Limit ($3/$6 USD) - 2017/06/02 10:51:30 ET
Table 'Inna II' 6-max Seat #3 is the button
Seat 2: belik555 ($159.03 in chips)
Seat 3: Opal10 ($113.77 in chips)
Opal10: posts small blind $1
belik555: posts big blind $3
*** HOLE CARDS ***
Opal10: calls $2
belik555: raises $3 to $6
Opal10: calls $3
*** FLOP *** [6s Th Ks]
belik555: bets $3
Opal10: calls $3
*** TURN *** [6s Th Ks] [3h]
belik555: bets $6
Opal10: folds
Uncalled bet ($6) returned to belik555
belik555 collected $17.64 from pot
belik555: doesn't show hand
*** SUMMARY ***
Total pot $18 | Rake $0.36
Board [6s Th Ks 3h]
Seat 2: belik555 (big blind) collected ($17.64)
Seat 3: Opal10 (button) (small blind) folded on the Turn


PokerStars Hand #171243841623:  Hold'em Limit ($3/$6 USD) - 2017/06/02 10:50:21 ET
Table 'Inna II' 6-max Seat #2 is the button
Seat 1: kungsbjörn ($207.22 in chips)
Seat 2: belik555 ($177.03 in chips)
belik555: posts small blind $1
aade1ante: is sitting out
kungsbjörn: posts big blind $3
*** HOLE CARDS ***
belik555: raises $3 to $6
kungsbjörn: raises $3 to $9
belik555: calls $3
*** FLOP *** [2s 5h 6h]
kungsbjörn: bets $3
belik555: calls $3
*** TURN *** [2s 5h 6h] [9c]
kungsbjörn: bets $6
aade1ante leaves the table
belik555: calls $6
*** RIVER *** [2s 5h 6h 9c] [8s]
kungsbjörn: bets $6
belik555: folds
Uncalled bet ($6) returned to kungsbjörn
kungsbjörn collected $35.50 from pot
kungsbjörn: doesn't show hand
*** SUMMARY ***
Total pot $36 | Rake $0.50
Board [2s 5h 6h 9c 8s]
Seat 1: kungsbjörn (big blind) collected ($35.50)
Seat 2: belik555 (button) (small blind) folded on the River


PokerStars Hand #171243923568:  Hold'em Limit ($3/$6 USD) - 2017/06/02 10:52:41 ET
Table 'Inna II' 6-max Seat #2 is the button
Seat 2: belik555 ($196.69 in chips)
Seat 3: Opal10 ($74.77 in chips)
belik555: posts small blind $1
Opal10: posts big blind $3
*** HOLE CARDS ***
belik555: raises $3 to $6
Opal10: folds
Uncalled bet ($3) returned to belik555
Opal10 leaves the table
belik555 collected $6 from pot
belik555: doesn't show hand
*** SUMMARY ***
Total pot $6 | Rake $0
Seat 2: belik555 (button) (small blind) collected ($6)
Seat 3: Opal10 (big blind) folded before Flop


PokerStars Hand #171243912754:  Hold'em Limit ($3/$6 USD) - 2017/06/02 10:52:23 ET
Table 'Inna II' 6-max Seat #3 is the button
Seat 2: belik555 ($179.19 in chips)
Seat 3: Opal10 ($92.77 in chips)
Opal10: posts small blind $1
belik555: posts big blind $3
*** HOLE CARDS ***
Opal10: calls $2
belik555: checks
*** FLOP *** [5d 4c 8c]
belik555: bets $3
Opal10: calls $3
*** TURN *** [5d 4c 8c] [2s]
belik555: bets $6
Opal10: calls $6
*** RIVER *** [5d 4c 8c 2s] [Th]
belik555: checks
Opal10: bets $6
belik555: calls $6
*** SHOW DOWN ***
Opal10: shows [Ad 2c] (a pair of Deuces)
belik555: shows [4h 7s] (a pair of Fours)
belik555 collected $35.50 from pot
*** SUMMARY ***
Total pot $36 | Rake $0.50
Board [5d 4c 8c 2s Th]
Seat 2: belik555 (big blind) showed [4h 7s] and won ($35.50) with a pair of Fours
Seat 3: Opal10 (button) (small blind) showed [Ad 2c] and lost with a pair of Deuces


PokerStars Hand #171243896630:  Hold'em Limit ($3/$6 USD) - 2017/06/02 10:51:55 ET
Table 'Inna II' 6-max Seat #2 is the button
Seat 2: belik555 ($167.67 in chips)
Seat 3: Opal10 ($104.77 in chips)
belik555: posts small blind $1
Opal10: posts big blind $3
*** HOLE CARDS ***
belik555: raises $3 to $6
Opal10: calls $3
*** FLOP *** [8h 3d 2d]
Opal10: bets $3
belik555: raises $3 to $6
Opal10: calls $3
*** TURN *** [8h 3d 2d] [Tc]
Opal10: checks
belik555: bets $6
Opal10: folds
Uncalled bet ($6) returned to belik555
belik555 collected $23.52 from pot
belik555: doesn't show hand
*** SUMMARY ***
Total pot $24 | Rake $0.48
Board [8h 3d 2d Tc]
Seat 2: belik555 (button) (small blind) collected ($23.52)
Seat 3: Opal10 (big blind) folded on the Turn


