PokerStars Hand #158695185846:  Hold'em Limit ($3/$6 USD) - 2016/09/16 17:33:45 ET
Table 'Innes' 6-max Seat #6 is the button
Seat 4: RabbitNrAS ($50.26 in chips)
Seat 6: BuzovaPro ($85.50 in chips)
BuzovaPro: posts small blind $1
RabbitNrAS: posts big blind $3
*** HOLE CARDS ***
BuzovaPro: folds
Uncalled bet ($2) returned to RabbitNrAS
RabbitNrAS collected $2 from pot
*** SUMMARY ***
Total pot $2 | Rake $0
Seat 4: RabbitNrAS (big blind) collected ($2)
Seat 6: BuzovaPro (button) (small blind) folded before Flop


PokerStars Hand #158695175944:  Hold'em Limit ($3/$6 USD) - 2016/09/16 17:33:34 ET
Table 'Innes' 6-max Seat #4 is the button
Seat 4: RabbitNrAS ($44.50 in chips)
Seat 6: BuzovaPro ($91.50 in chips)
RabbitNrAS: posts small blind $1
BuzovaPro: posts big blind $3
*** HOLE CARDS ***
RabbitNrAS: raises $3 to $6
BuzovaPro: calls $3
*** FLOP *** [Ad 8c Jh]
BuzovaPro: checks
RabbitNrAS: bets $3
BuzovaPro: folds
Uncalled bet ($3) returned to RabbitNrAS
RabbitNrAS collected $11.76 from pot
*** SUMMARY ***
Total pot $12 | Rake $0.24
Board [Ad 8c Jh]
Seat 4: RabbitNrAS (button) (small blind) collected ($11.76)
Seat 6: BuzovaPro (big blind) folded on the Flop


PokerStars Hand #158695170675:  Hold'em Limit ($3/$6 USD) - 2016/09/16 17:33:27 ET
Table 'Innes' 6-max Seat #6 is the button
Seat 4: RabbitNrAS ($43.50 in chips)
Seat 6: BuzovaPro ($92.50 in chips)
BuzovaPro: posts small blind $1
RabbitNrAS: posts big blind $3
*** HOLE CARDS ***
BuzovaPro: folds
Uncalled bet ($2) returned to RabbitNrAS
RabbitNrAS collected $2 from pot
*** SUMMARY ***
Total pot $2 | Rake $0
Seat 4: RabbitNrAS (big blind) collected ($2)
Seat 6: BuzovaPro (button) (small blind) folded before Flop


PokerStars Hand #158695142722:  Hold'em Limit ($3/$6 USD) - 2016/09/16 17:33:04 ET
Table 'Innes' 6-max Seat #4 is the button
Seat 4: RabbitNrAS ($64.50 in chips)
Seat 6: BuzovaPro ($72 in chips)
RabbitNrAS: posts small blind $1
BuzovaPro: posts big blind $3
*** HOLE CARDS ***
RabbitNrAS: raises $3 to $6
BuzovaPro: calls $3
*** FLOP *** [4h 2c Js]
BuzovaPro: checks
RabbitNrAS: bets $3
BuzovaPro: calls $3
*** TURN *** [4h 2c Js] [Jc]
BuzovaPro: checks
RabbitNrAS: bets $6
BuzovaPro: calls $6
*** RIVER *** [4h 2c Js Jc] [As]
BuzovaPro: checks
RabbitNrAS: bets $6
BuzovaPro: calls $6
*** SHOW DOWN ***
RabbitNrAS: shows [8s Kd] (a pair of Jacks)
BuzovaPro: shows [Kh 9s] (a pair of Jacks - Ace+King+Nine kicker)
BuzovaPro collected $41.50 from pot
*** SUMMARY ***
Total pot $42 | Rake $0.50
Board [4h 2c Js Jc As]
Seat 4: RabbitNrAS (button) (small blind) showed [8s Kd] and lost with a pair of Jacks
Seat 6: BuzovaPro (big blind) showed [Kh 9s] and won ($41.50) with a pair of Jacks


PokerStars Hand #158695218927:  Hold'em Limit ($3/$6 USD) - 2016/09/16 17:34:25 ET
Table 'Innes' 6-max Seat #4 is the button
Seat 4: RabbitNrAS ($47.26 in chips)
Seat 6: BuzovaPro ($88.38 in chips)
RabbitNrAS: posts small blind $1
BuzovaPro: posts big blind $3
*** HOLE CARDS ***
RabbitNrAS: raises $3 to $6
BuzovaPro: calls $3
*** FLOP *** [7s Jc 7h]
BuzovaPro: checks
RabbitNrAS: bets $3
BuzovaPro: calls $3
*** TURN *** [7s Jc 7h] [5d]
BuzovaPro: checks
RabbitNrAS: checks
*** RIVER *** [7s Jc 7h 5d] [Kh]
BuzovaPro: checks
RabbitNrAS: checks
*** SHOW DOWN ***
BuzovaPro: shows [8c 7c] (three of a kind, Sevens)
RabbitNrAS: mucks hand
BuzovaPro collected $17.64 from pot
*** SUMMARY ***
Total pot $18 | Rake $0.36
Board [7s Jc 7h 5d Kh]
Seat 4: RabbitNrAS (button) (small blind) mucked
Seat 6: BuzovaPro (big blind) showed [8c 7c] and won ($17.64) with three of a kind, Sevens


PokerStars Hand #158695211394:  Hold'em Limit ($3/$6 USD) - 2016/09/16 17:34:16 ET
Table 'Innes' 6-max Seat #6 is the button
Seat 4: RabbitNrAS ($46.26 in chips)
Seat 6: BuzovaPro ($89.38 in chips)
BuzovaPro: posts small blind $1
RabbitNrAS: posts big blind $3
*** HOLE CARDS ***
BuzovaPro: folds
Uncalled bet ($2) returned to RabbitNrAS
RabbitNrAS collected $2 from pot
*** SUMMARY ***
Total pot $2 | Rake $0
Seat 4: RabbitNrAS (big blind) collected ($2)
Seat 6: BuzovaPro (button) (small blind) folded before Flop


PokerStars Hand #158695207490:  Hold'em Limit ($3/$6 USD) - 2016/09/16 17:34:11 ET
Table 'Innes' 6-max Seat #4 is the button
Seat 4: RabbitNrAS ($47.26 in chips)
Seat 6: BuzovaPro ($88.38 in chips)
RabbitNrAS: posts small blind $1
BuzovaPro: posts big blind $3
*** HOLE CARDS ***
RabbitNrAS: folds
Uncalled bet ($2) returned to BuzovaPro
BuzovaPro collected $2 from pot
BuzovaPro: doesn't show hand
*** SUMMARY ***
Total pot $2 | Rake $0
Seat 4: RabbitNrAS (button) (small blind) folded before Flop
Seat 6: BuzovaPro (big blind) collected ($2)


PokerStars Hand #158695194670:  Hold'em Limit ($3/$6 USD) - 2016/09/16 17:33:56 ET
Table 'Innes' 6-max Seat #6 is the button
Seat 4: RabbitNrAS ($50.26 in chips)
Seat 6: BuzovaPro ($85.50 in chips)
BuzovaPro: posts small blind $1
RabbitNrAS: posts big blind $3
*** HOLE CARDS ***
BuzovaPro: calls $2
RabbitNrAS: checks
*** FLOP *** [Ts Kd 5c]
RabbitNrAS: checks
BuzovaPro: bets $3
RabbitNrAS: folds
Uncalled bet ($3) returned to BuzovaPro
BuzovaPro collected $5.88 from pot
BuzovaPro: doesn't show hand
*** SUMMARY ***
Total pot $6 | Rake $0.12
Board [Ts Kd 5c]
Seat 4: RabbitNrAS (big blind) folded on the Flop
Seat 6: BuzovaPro (button) (small blind) collected ($5.88)


PokerStars Hand #158695191167:  Hold'em Limit ($3/$6 USD) - 2016/09/16 17:33:52 ET
Table 'Innes' 6-max Seat #4 is the button
Seat 4: RabbitNrAS ($51.26 in chips)
Seat 6: BuzovaPro ($84.50 in chips)
RabbitNrAS: posts small blind $1
BuzovaPro: posts big blind $3
*** HOLE CARDS ***
RabbitNrAS: folds
Uncalled bet ($2) returned to BuzovaPro
BuzovaPro collected $2 from pot
BuzovaPro: doesn't show hand
*** SUMMARY ***
Total pot $2 | Rake $0
Seat 4: RabbitNrAS (button) (small blind) folded before Flop
Seat 6: BuzovaPro (big blind) collected ($2)


PokerStars Hand #158695290985:  Hold'em Limit ($3/$6 USD) - 2016/09/16 17:35:53 ET
Table 'Innes' 6-max Seat #4 is the button
Seat 4: RabbitNrAS ($12.26 in chips)
Seat 6: BuzovaPro ($122.52 in chips)
RabbitNrAS: posts small blind $1
BuzovaPro: posts big blind $3
*** HOLE CARDS ***
RabbitNrAS: raises $3 to $6
BuzovaPro: folds
Uncalled bet ($3) returned to RabbitNrAS
RabbitNrAS collected $6 from pot
*** SUMMARY ***
Total pot $6 | Rake $0
Seat 4: RabbitNrAS (button) (small blind) collected ($6)
Seat 6: BuzovaPro (big blind) folded before Flop


PokerStars Hand #158695281581:  Hold'em Limit ($3/$6 USD) - 2016/09/16 17:35:41 ET
Table 'Innes' 6-max Seat #6 is the button
Seat 4: RabbitNrAS ($11.26 in chips)
Seat 6: BuzovaPro ($123.52 in chips)
BuzovaPro: posts small blind $1
RabbitNrAS: posts big blind $3
*** HOLE CARDS ***
BuzovaPro: folds
Uncalled bet ($2) returned to RabbitNrAS
RabbitNrAS collected $2 from pot
*** SUMMARY ***
Total pot $2 | Rake $0
Seat 4: RabbitNrAS (big blind) collected ($2)
Seat 6: BuzovaPro (button) (small blind) folded before Flop


PokerStars Hand #158695263747:  Hold'em Limit ($3/$6 USD) - 2016/09/16 17:35:20 ET
Table 'Innes' 6-max Seat #4 is the button
Seat 4: RabbitNrAS ($8.26 in chips)
Seat 6: BuzovaPro ($126.52 in chips)
RabbitNrAS: posts small blind $1
BuzovaPro: posts big blind $3
*** HOLE CARDS ***
RabbitNrAS: raises $3 to $6
BuzovaPro: folds
Uncalled bet ($3) returned to RabbitNrAS
RabbitNrAS collected $6 from pot
*** SUMMARY ***
Total pot $6 | Rake $0
Seat 4: RabbitNrAS (button) (small blind) collected ($6)
Seat 6: BuzovaPro (big blind) folded before Flop


PokerStars Hand #158695233643:  Hold'em Limit ($3/$6 USD) - 2016/09/16 17:34:43 ET
Table 'Innes' 6-max Seat #6 is the button
Seat 4: RabbitNrAS ($38.26 in chips)
Seat 6: BuzovaPro ($97.02 in chips)
BuzovaPro: posts small blind $1
RabbitNrAS: posts big blind $3
*** HOLE CARDS ***
BuzovaPro: raises $3 to $6
RabbitNrAS: raises $3 to $9
BuzovaPro: calls $3
*** FLOP *** [9h 4d 6h]
RabbitNrAS: bets $3
BuzovaPro: calls $3
*** TURN *** [9h 4d 6h] [6d]
RabbitNrAS: bets $6
BuzovaPro: calls $6
*** RIVER *** [9h 4d 6h 6d] [Ac]
RabbitNrAS: bets $6
BuzovaPro: raises $6 to $12
RabbitNrAS: calls $6
*** SHOW DOWN ***
BuzovaPro: shows [6s Qh] (three of a kind, Sixes)
RabbitNrAS: mucks hand
BuzovaPro collected $59.50 from pot
*** SUMMARY ***
Total pot $60 | Rake $0.50
Board [9h 4d 6h 6d Ac]
Seat 4: RabbitNrAS (big blind) mucked
Seat 6: BuzovaPro (button) (small blind) showed [6s Qh] and won ($59.50) with three of a kind, Sixes


PokerStars Hand #158695322404:  Hold'em Limit ($3/$6 USD) - 2016/09/16 17:36:32 ET
Table 'Innes' 6-max Seat #4 is the button
Seat 4: RabbitNrAS ($16.26 in chips)
Seat 6: BuzovaPro ($118.52 in chips)
RabbitNrAS: posts small blind $1
BuzovaPro: posts big blind $3
*** HOLE CARDS ***
RabbitNrAS: raises $3 to $6
BuzovaPro: calls $3
*** FLOP *** [Jc 3d Jd]
BuzovaPro: checks
RabbitNrAS: bets $3
BuzovaPro: raises $3 to $6
RabbitNrAS: raises $3 to $9
BuzovaPro: raises $3 to $12
Betting is capped
RabbitNrAS: calls $1.26 and is all-in
Uncalled bet ($1.74) returned to BuzovaPro
*** TURN *** [Jc 3d Jd] [Kd]
*** RIVER *** [Jc 3d Jd Kd] [8s]
*** SHOW DOWN ***
BuzovaPro: shows [8h 3h] (two pair, Jacks and Eights)
RabbitNrAS: shows [Ad 2h] (a pair of Jacks)
BuzovaPro collected $32.02 from pot
*** SUMMARY ***
Total pot $32.52 | Rake $0.50
Board [Jc 3d Jd Kd 8s]
Seat 4: RabbitNrAS (button) (small blind) showed [Ad 2h] and lost with a pair of Jacks
Seat 6: BuzovaPro (big blind) showed [8h 3h] and won ($32.02) with two pair, Jacks and Eights


PokerStars Hand #158695318790:  Hold'em Limit ($3/$6 USD) - 2016/09/16 17:36:28 ET
Table 'Innes' 6-max Seat #6 is the button
Seat 4: RabbitNrAS ($15.26 in chips)
Seat 6: BuzovaPro ($119.52 in chips)
BuzovaPro: posts small blind $1
RabbitNrAS: posts big blind $3
*** HOLE CARDS ***
BuzovaPro: folds
Uncalled bet ($2) returned to RabbitNrAS
RabbitNrAS collected $2 from pot
*** SUMMARY ***
Total pot $2 | Rake $0
Seat 4: RabbitNrAS (big blind) collected ($2)
Seat 6: BuzovaPro (button) (small blind) folded before Flop


PokerStars Hand #158695315301:  Hold'em Limit ($3/$6 USD) - 2016/09/16 17:36:23 ET
Table 'Innes' 6-max Seat #4 is the button
Seat 4: RabbitNrAS ($16.26 in chips)
Seat 6: BuzovaPro ($118.52 in chips)
RabbitNrAS: posts small blind $1
BuzovaPro: posts big blind $3
*** HOLE CARDS ***
RabbitNrAS: folds
Uncalled bet ($2) returned to BuzovaPro
BuzovaPro collected $2 from pot
BuzovaPro: doesn't show hand
*** SUMMARY ***
Total pot $2 | Rake $0
Seat 4: RabbitNrAS (button) (small blind) folded before Flop
Seat 6: BuzovaPro (big blind) collected ($2)


PokerStars Hand #158695297893:  Hold'em Limit ($3/$6 USD) - 2016/09/16 17:36:02 ET
Table 'Innes' 6-max Seat #6 is the button
Seat 4: RabbitNrAS ($15.26 in chips)
Seat 6: BuzovaPro ($119.52 in chips)
BuzovaPro: posts small blind $1
RabbitNrAS: posts big blind $3
*** HOLE CARDS ***
BuzovaPro: folds
Uncalled bet ($2) returned to RabbitNrAS
RabbitNrAS collected $2 from pot
*** SUMMARY ***
Total pot $2 | Rake $0
Seat 4: RabbitNrAS (big blind) collected ($2)
Seat 6: BuzovaPro (button) (small blind) folded before Flop


PokerStars Hand #158695363939:  Hold'em Limit ($3/$6 USD) - 2016/09/16 17:37:23 ET
Table 'Innes' 6-max Seat #4 is the button
Seat 4: RabbitNrAS ($137.50 in chips)
Seat 6: BuzovaPro ($116.28 in chips)
RabbitNrAS: posts small blind $1
BuzovaPro: posts big blind $3
*** HOLE CARDS ***
RabbitNrAS: folds
Uncalled bet ($2) returned to BuzovaPro
BuzovaPro collected $2 from pot
BuzovaPro: doesn't show hand
*** SUMMARY ***
Total pot $2 | Rake $0
Seat 4: RabbitNrAS (button) (small blind) folded before Flop
Seat 6: BuzovaPro (big blind) collected ($2)


PokerStars Hand #158695350030:  Hold'em Limit ($3/$6 USD) - 2016/09/16 17:37:06 ET
Table 'Innes' 6-max Seat #6 is the button
Seat 4: RabbitNrAS ($120 in chips)
Seat 6: BuzovaPro ($134.28 in chips)
ToDaFelt joins the table at seat #2
BuzovaPro: posts small blind $1
RabbitNrAS: posts big blind $3
*** HOLE CARDS ***
BuzovaPro: raises $3 to $6
RabbitNrAS: calls $3
*** FLOP *** [6s Tc Kc]
RabbitNrAS: checks
BuzovaPro: checks
*** TURN *** [6s Tc Kc] [Ac]
RabbitNrAS: bets $6
BuzovaPro: calls $6
*** RIVER *** [6s Tc Kc Ac] [Ad]
RabbitNrAS: bets $6
BuzovaPro: calls $6
*** SHOW DOWN ***
RabbitNrAS: shows [Jc 2c] (a flush, Ace high)
BuzovaPro: mucks hand
RabbitNrAS collected $35.50 from pot
*** SUMMARY ***
Total pot $36 | Rake $0.50
Board [6s Tc Kc Ac Ad]
Seat 4: RabbitNrAS (big blind) showed [Jc 2c] and won ($35.50) with a flush, Ace high
Seat 6: BuzovaPro (button) (small blind) mucked


PokerStars Hand #158695746471:  Hold'em Limit ($3/$6 USD) - 2016/09/16 17:45:37 ET
Table 'Innes' 6-max Seat #2 is the button
Seat 2: ToDaFelt ($144.17 in chips)
Seat 6: BuzovaPro ($96.31 in chips)
ToDaFelt: posts small blind $1
BuzovaPro: posts big blind $3
*** HOLE CARDS ***
RabbitNrAS leaves the table
ToDaFelt: raises $3 to $6
BuzovaPro: calls $3
*** FLOP *** [Qd Kh 2s]
BuzovaPro: checks
ToDaFelt: bets $3
BuzovaPro: raises $3 to $6
ToDaFelt: folds
Uncalled bet ($3) returned to BuzovaPro
BuzovaPro collected $17.64 from pot
BuzovaPro: doesn't show hand
*** SUMMARY ***
Total pot $18 | Rake $0.36
Board [Qd Kh 2s]
Seat 2: ToDaFelt (button) (small blind) folded on the Flop
Seat 6: BuzovaPro (big blind) collected ($17.64)


