PokerStars Hand #151348443832:  Hold'em Limit ($3/$6 USD) - 2016/04/02 23:15:13 ET
Table 'Ino' 6-max Seat #3 is the button
Seat 3: buck902 ($60 in chips)
Seat 4: VolkovDmitri ($120 in chips)
buck902: posts small blind $1
VolkovDmitri: posts big blind $3
*** HOLE CARDS ***
buck902: raises $3 to $6
VolkovDmitri: raises $3 to $9
buck902: calls $3
*** FLOP *** [2d Jh 2h]
VolkovDmitri: bets $3
buck902: calls $3
*** TURN *** [2d Jh 2h] [5h]
VolkovDmitri: bets $6
buck902: raises $6 to $12
VolkovDmitri: calls $6
*** RIVER *** [2d Jh 2h 5h] [Qh]
VolkovDmitri: checks
buck902: checks
*** SHOW DOWN ***
VolkovDmitri: shows [Js Qc] (two pair, Queens and Jacks)
buck902: shows [4c 2s] (three of a kind, Deuces)
buck902 collected $47.50 from pot
*** SUMMARY ***
Total pot $48 | Rake $0.50
Board [2d Jh 2h 5h Qh]
Seat 3: buck902 (button) (small blind) showed [4c 2s] and won ($47.50) with three of a kind, Deuces
Seat 4: VolkovDmitri (big blind) showed [Js Qc] and lost with two pair, Queens and Jacks


PokerStars Hand #151348459038:  Hold'em Limit ($3/$6 USD) - 2016/04/02 23:16:01 ET
Table 'Ino' 6-max Seat #3 is the button
Seat 3: buck902 ($92.14 in chips)
Seat 4: VolkovDmitri ($120 in chips)
buck902: posts small blind $1
VolkovDmitri: posts big blind $3
*** HOLE CARDS ***
buck902: folds
Uncalled bet ($2) returned to VolkovDmitri
VolkovDmitri collected $2 from pot
VolkovDmitri: doesn't show hand
*** SUMMARY ***
Total pot $2 | Rake $0
Seat 3: buck902 (button) (small blind) folded before Flop
Seat 4: VolkovDmitri (big blind) collected ($2)


PokerStars Hand #151348452884:  Hold'em Limit ($3/$6 USD) - 2016/04/02 23:15:42 ET
Table 'Ino' 6-max Seat #4 is the button
Seat 3: buck902 ($83.50 in chips)
Seat 4: VolkovDmitri ($120 in chips)
VolkovDmitri: posts small blind $1
buck902: posts big blind $3
*** HOLE CARDS ***
VolkovDmitri: raises $3 to $6
buck902: calls $3
*** FLOP *** [Kc 8s Tc]
buck902: checks
VolkovDmitri: bets $3
buck902: calls $3
*** TURN *** [Kc 8s Tc] [7s]
buck902: checks
VolkovDmitri: checks
*** RIVER *** [Kc 8s Tc 7s] [6s]
buck902: checks
VolkovDmitri: checks
*** SHOW DOWN ***
buck902: shows [As 5d] (high card Ace)
VolkovDmitri: mucks hand
buck902 collected $17.64 from pot
*** SUMMARY ***
Total pot $18 | Rake $0.36
Board [Kc 8s Tc 7s 6s]
Seat 3: buck902 (big blind) showed [As 5d] and won ($17.64) with high card Ace
Seat 4: VolkovDmitri (button) (small blind) mucked


PokerStars Hand #151348460859:  Hold'em Limit ($3/$6 USD) - 2016/04/02 23:16:06 ET
Table 'Ino' 6-max Seat #4 is the button
Seat 3: buck902 ($91.14 in chips)
Seat 4: VolkovDmitri ($121 in chips)
VolkovDmitri: posts small blind $1
buck902: posts big blind $3
*** HOLE CARDS ***
VolkovDmitri: raises $3 to $6
buck902: raises $3 to $9
VolkovDmitri: calls $3
*** FLOP *** [8s 4s Kh]
buck902: bets $3
VolkovDmitri: calls $3
*** TURN *** [8s 4s Kh] [7d]
buck902: checks
VolkovDmitri: checks
*** RIVER *** [8s 4s Kh 7d] [9h]
buck902 is disconnected
buck902 is connected
buck902: checks
VolkovDmitri: checks
*** SHOW DOWN ***
buck902: shows [As 3d] (high card Ace)
VolkovDmitri: shows [4d Ts] (a pair of Fours)
VolkovDmitri collected $23.52 from pot
*** SUMMARY ***
Total pot $24 | Rake $0.48
Board [8s 4s Kh 7d 9h]
Seat 3: buck902 (big blind) showed [As 3d] and lost with high card Ace
Seat 4: VolkovDmitri (button) (small blind) showed [4d Ts] and won ($23.52) with a pair of Fours


PokerStars Hand #151348483074:  Hold'em Limit ($3/$6 USD) - 2016/04/02 23:17:16 ET
Table 'Ino' 6-max Seat #3 is the button
Seat 3: buck902 ($79.14 in chips)
Seat 4: VolkovDmitri ($132.52 in chips)
buck902: posts small blind $1
VolkovDmitri: posts big blind $3
*** HOLE CARDS ***
buck902: calls $2
VolkovDmitri: checks
*** FLOP *** [9s Ac Js]
VolkovDmitri: bets $3
buck902: calls $3
*** TURN *** [9s Ac Js] [Qd]
VolkovDmitri: bets $6
buck902: calls $6
*** RIVER *** [9s Ac Js Qd] [Jc]
VolkovDmitri: bets $6
buck902: folds
Uncalled bet ($6) returned to VolkovDmitri
VolkovDmitri collected $23.52 from pot
VolkovDmitri: doesn't show hand
*** SUMMARY ***
Total pot $24 | Rake $0.48
Board [9s Ac Js Qd Jc]
Seat 3: buck902 (button) (small blind) folded on the River
Seat 4: VolkovDmitri (big blind) collected ($23.52)


PokerStars Hand #151348502324:  Hold'em Limit ($3/$6 USD) - 2016/04/02 23:18:16 ET
Table 'Ino' 6-max Seat #4 is the button
Seat 3: buck902 ($82.09 in chips)
Seat 4: VolkovDmitri ($144.04 in chips)
VolkovDmitri: posts small blind $1
buck902: posts big blind $3
*** HOLE CARDS ***
VolkovDmitri: raises $3 to $6
buck902: calls $3
*** FLOP *** [Qs 8c Qh]
buck902: checks
VolkovDmitri: bets $3
buck902: calls $3
*** TURN *** [Qs 8c Qh] [2c]
buck902: checks
VolkovDmitri: checks
*** RIVER *** [Qs 8c Qh 2c] [Qd]
buck902: bets $6
VolkovDmitri: calls $6
*** SHOW DOWN ***
buck902: shows [Td 6s] (three of a kind, Queens)
VolkovDmitri: shows [5d Ad] (three of a kind, Queens - Ace kicker)
VolkovDmitri collected $29.50 from pot
*** SUMMARY ***
Total pot $30 | Rake $0.50
Board [Qs 8c Qh 2c Qd]
Seat 3: buck902 (big blind) showed [Td 6s] and lost with three of a kind, Queens
Seat 4: VolkovDmitri (button) (small blind) showed [5d Ad] and won ($29.50) with three of a kind, Queens


PokerStars Hand #151348517250:  Hold'em Limit ($3/$6 USD) - 2016/04/02 23:19:03 ET
Table 'Ino' 6-max Seat #3 is the button
Seat 3: buck902 ($67.09 in chips)
Seat 4: VolkovDmitri ($158.54 in chips)
buck902: posts small blind $1
VolkovDmitri: posts big blind $3
*** HOLE CARDS ***
buck902: raises $3 to $6
VolkovDmitri: calls $3
*** FLOP *** [9c 4c Qh]
VolkovDmitri: checks
buck902: bets $3
VolkovDmitri: raises $3 to $6
buck902: calls $3
*** TURN *** [9c 4c Qh] [6h]
VolkovDmitri: bets $6
buck902: raises $6 to $12
VolkovDmitri: calls $6
*** RIVER *** [9c 4c Qh 6h] [2d]
VolkovDmitri: checks
buck902: bets $6
VolkovDmitri: calls $6
*** SHOW DOWN ***
buck902: shows [Td Jd] (high card Queen)
VolkovDmitri: shows [Jc 9h] (a pair of Nines)
VolkovDmitri collected $59.50 from pot
*** SUMMARY ***
Total pot $60 | Rake $0.50
Board [9c 4c Qh 6h 2d]
Seat 3: buck902 (button) (small blind) showed [Td Jd] and lost with high card Queen
Seat 4: VolkovDmitri (big blind) showed [Jc 9h] and won ($59.50) with a pair of Nines


PokerStars Hand #151348528202:  Hold'em Limit ($3/$6 USD) - 2016/04/02 23:19:37 ET
Table 'Ino' 6-max Seat #4 is the button
Seat 3: buck902 ($37.09 in chips)
Seat 4: VolkovDmitri ($188.04 in chips)
VolkovDmitri: posts small blind $1
buck902: posts big blind $3
*** HOLE CARDS ***
VolkovDmitri: folds
Uncalled bet ($2) returned to buck902
buck902 collected $2 from pot
buck902: doesn't show hand
*** SUMMARY ***
Total pot $2 | Rake $0
Seat 3: buck902 (big blind) collected ($2)
Seat 4: VolkovDmitri (button) (small blind) folded before Flop


PokerStars Hand #151348543098:  Hold'em Limit ($3/$6 USD) - 2016/04/02 23:20:23 ET
Table 'Ino' 6-max Seat #4 is the button
Seat 3: buck902 ($20.09 in chips)
Seat 4: VolkovDmitri ($204.54 in chips)
VolkovDmitri: posts small blind $1
buck902: posts big blind $3
*** HOLE CARDS ***
VolkovDmitri: calls $2
buck902: raises $3 to $6
VolkovDmitri: calls $3
*** FLOP *** [Qh Kc Ks]
buck902: bets $3
VolkovDmitri: folds
Uncalled bet ($3) returned to buck902
buck902 collected $11.76 from pot
buck902: doesn't show hand
*** SUMMARY ***
Total pot $12 | Rake $0.24
Board [Qh Kc Ks]
Seat 3: buck902 (big blind) collected ($11.76)
Seat 4: VolkovDmitri (button) (small blind) folded on the Flop


PokerStars Hand #151348531028:  Hold'em Limit ($3/$6 USD) - 2016/04/02 23:19:46 ET
Table 'Ino' 6-max Seat #3 is the button
Seat 3: buck902 ($38.09 in chips)
Seat 4: VolkovDmitri ($187.04 in chips)
buck902: posts small blind $1
VolkovDmitri: posts big blind $3
*** HOLE CARDS ***
buck902: raises $3 to $6
VolkovDmitri: calls $3
*** FLOP *** [Jd Qc 2h]
VolkovDmitri: checks
buck902: bets $3
VolkovDmitri: raises $3 to $6
buck902: calls $3
*** TURN *** [Jd Qc 2h] [8c]
VolkovDmitri: bets $6
buck902: calls $6
*** RIVER *** [Jd Qc 2h 8c] [6c]
VolkovDmitri: bets $6
buck902: folds
Uncalled bet ($6) returned to VolkovDmitri
VolkovDmitri collected $35.50 from pot
VolkovDmitri: doesn't show hand
*** SUMMARY ***
Total pot $36 | Rake $0.50
Board [Jd Qc 2h 8c 6c]
Seat 3: buck902 (button) (small blind) folded on the River
Seat 4: VolkovDmitri (big blind) collected ($35.50)


PokerStars Hand #151348547722:  Hold'em Limit ($3/$6 USD) - 2016/04/02 23:20:38 ET
Table 'Ino' 6-max Seat #3 is the button
Seat 3: buck902 ($25.85 in chips)
Seat 4: VolkovDmitri ($198.54 in chips)
buck902: posts small blind $1
VolkovDmitri: posts big blind $3
*** HOLE CARDS ***
buck902: raises $3 to $6
VolkovDmitri: calls $3
*** FLOP *** [9h 8h 8c]
VolkovDmitri: checks
buck902: bets $3
VolkovDmitri: calls $3
*** TURN *** [9h 8h 8c] [8s]
VolkovDmitri: checks
buck902: checks
*** RIVER *** [9h 8h 8c 8s] [Qc]
VolkovDmitri: checks
buck902: checks
*** SHOW DOWN ***
VolkovDmitri: shows [Th 4d] (three of a kind, Eights)
buck902: shows [Td 6h] (three of a kind, Eights)
VolkovDmitri collected $8.82 from pot
buck902 collected $8.82 from pot
*** SUMMARY ***
Total pot $18 | Rake $0.36
Board [9h 8h 8c 8s Qc]
Seat 3: buck902 (button) (small blind) showed [Td 6h] and won ($8.82) with three of a kind, Eights
Seat 4: VolkovDmitri (big blind) showed [Th 4d] and won ($8.82) with three of a kind, Eights


PokerStars Hand #151348562373:  Hold'em Limit ($3/$6 USD) - 2016/04/02 23:21:25 ET
Table 'Ino' 6-max Seat #4 is the button
Seat 3: buck902 ($25.67 in chips)
Seat 4: VolkovDmitri ($198.36 in chips)
VolkovDmitri: posts small blind $1
buck902: posts big blind $3
*** HOLE CARDS ***
VolkovDmitri: raises $3 to $6
buck902: calls $3
*** FLOP *** [2h Qs 4h]
buck902: checks
VolkovDmitri: bets $3
buck902: calls $3
*** TURN *** [2h Qs 4h] [Qd]
buck902: checks
VolkovDmitri: bets $6
buck902: calls $6
*** RIVER *** [2h Qs 4h Qd] [Ah]
buck902: checks
VolkovDmitri: bets $6
buck902: folds
Uncalled bet ($6) returned to VolkovDmitri
VolkovDmitri collected $29.50 from pot
VolkovDmitri: doesn't show hand
*** SUMMARY ***
Total pot $30 | Rake $0.50
Board [2h Qs 4h Qd Ah]
Seat 3: buck902 (big blind) folded on the River
Seat 4: VolkovDmitri (button) (small blind) collected ($29.50)


PokerStars Hand #151348572910:  Hold'em Limit ($3/$6 USD) - 2016/04/02 23:21:58 ET
Table 'Ino' 6-max Seat #3 is the button
Seat 3: buck902 ($10.67 in chips)
Seat 4: VolkovDmitri ($212.86 in chips)
buck902: posts small blind $1
VolkovDmitri: posts big blind $3
*** HOLE CARDS ***
buck902: folds
Uncalled bet ($2) returned to VolkovDmitri
VolkovDmitri collected $2 from pot
VolkovDmitri: doesn't show hand
*** SUMMARY ***
Total pot $2 | Rake $0
Seat 3: buck902 (button) (small blind) folded before Flop
Seat 4: VolkovDmitri (big blind) collected ($2)


PokerStars Hand #151348574843:  Hold'em Limit ($3/$6 USD) - 2016/04/02 23:22:04 ET
Table 'Ino' 6-max Seat #4 is the button
Seat 3: buck902 ($9.67 in chips)
Seat 4: VolkovDmitri ($213.86 in chips)
VolkovDmitri: posts small blind $1
buck902: posts big blind $3
*** HOLE CARDS ***
VolkovDmitri: raises $3 to $6
buck902: raises $3 to $9
VolkovDmitri: raises $3 to $12
Betting is capped
buck902: calls $0.67 and is all-in
Uncalled bet ($2.33) returned to VolkovDmitri
*** FLOP *** [Ks 4h 8h]
*** TURN *** [Ks 4h 8h] [5d]
*** RIVER *** [Ks 4h 8h 5d] [4s]
*** SHOW DOWN ***
buck902: shows [9d Jd] (a pair of Fours)
VolkovDmitri: shows [8s 9s] (two pair, Eights and Fours)
VolkovDmitri collected $18.95 from pot
*** SUMMARY ***
Total pot $19.34 | Rake $0.39
Board [Ks 4h 8h 5d 4s]
Seat 3: buck902 (big blind) showed [9d Jd] and lost with a pair of Fours
Seat 4: VolkovDmitri (button) (small blind) showed [8s 9s] and won ($18.95) with two pair, Eights and Fours


