PokerStars Hand #172390496915:  Hold'em Limit ($3/$6 USD) - 2017/06/29 13:11:11 ET
Table 'Ino' 6-max Seat #4 is the button
Seat 3: 44Elvis44 ($62.32 in chips)
Seat 4: Actionni13 ($150 in chips)
Actionni13: posts small blind $1
44Elvis44: posts big blind $3
*** HOLE CARDS ***
Actionni13: raises $3 to $6
44Elvis44: calls $3
*** FLOP *** [Kh 5d 4c]
44Elvis44: checks
Actionni13: bets $3
44Elvis44: folds
Uncalled bet ($3) returned to Actionni13
Actionni13 collected $11.76 from pot
Actionni13: doesn't show hand
*** SUMMARY ***
Total pot $12 | Rake $0.24
Board [Kh 5d 4c]
Seat 3: 44Elvis44 (big blind) folded on the Flop
Seat 4: Actionni13 (button) (small blind) collected ($11.76)


PokerStars Hand #172390490185:  Hold'em Limit ($3/$6 USD) - 2017/06/29 13:11:01 ET
Table 'Ino' 6-max Seat #3 is the button
Seat 3: 44Elvis44 ($59.44 in chips)
Seat 4: Actionni13 ($150 in chips)
44Elvis44: posts small blind $1
Actionni13: posts big blind $3
*** HOLE CARDS ***
44Elvis44: calls $2
Actionni13: checks
*** FLOP *** [Js 3h 8d]
Actionni13: checks
44Elvis44: bets $3
Actionni13: folds
Uncalled bet ($3) returned to 44Elvis44
44Elvis44 collected $5.88 from pot
44Elvis44: doesn't show hand
*** SUMMARY ***
Total pot $6 | Rake $0.12
Board [Js 3h 8d]
Seat 3: 44Elvis44 (button) (small blind) collected ($5.88)
Seat 4: Actionni13 (big blind) folded on the Flop


PokerStars Hand #172390503151:  Hold'em Limit ($3/$6 USD) - 2017/06/29 13:11:20 ET
Table 'Ino' 6-max Seat #3 is the button
Seat 3: 44Elvis44 ($56.32 in chips)
Seat 4: Actionni13 ($155.76 in chips)
44Elvis44: posts small blind $1
Actionni13: posts big blind $3
*** HOLE CARDS ***
44Elvis44: calls $2
Actionni13: raises $3 to $6
44Elvis44: calls $3
*** FLOP *** [6c As Qh]
Actionni13: bets $3
44Elvis44: folds
Uncalled bet ($3) returned to Actionni13
Actionni13 collected $11.76 from pot
Actionni13: doesn't show hand
*** SUMMARY ***
Total pot $12 | Rake $0.24
Board [6c As Qh]
Seat 3: 44Elvis44 (button) (small blind) folded on the Flop
Seat 4: Actionni13 (big blind) collected ($11.76)


PokerStars Hand #172390512277:  Hold'em Limit ($3/$6 USD) - 2017/06/29 13:11:33 ET
Table 'Ino' 6-max Seat #4 is the button
Seat 3: 44Elvis44 ($50.32 in chips)
Seat 4: Actionni13 ($161.52 in chips)
Actionni13: posts small blind $1
44Elvis44: posts big blind $3
*** HOLE CARDS ***
Actionni13: raises $3 to $6
B_loJkl joins the table at seat #5
44Elvis44: raises $3 to $9
Actionni13: calls $3
*** FLOP *** [7h Ah 3c]
44Elvis44: bets $3
Actionni13: calls $3
*** TURN *** [7h Ah 3c] [8h]
44Elvis44: bets $6
Actionni13: calls $6
*** RIVER *** [7h Ah 3c 8h] [5h]
44Elvis44: checks
Actionni13: bets $6
44Elvis44: calls $6
*** SHOW DOWN ***
Actionni13: shows [Ts Th] (a flush, Ace high)
44Elvis44: mucks hand
Actionni13 collected $47.50 from pot
*** SUMMARY ***
Total pot $48 | Rake $0.50
Board [7h Ah 3c 8h 5h]
Seat 3: 44Elvis44 (big blind) mucked
Seat 4: Actionni13 (button) (small blind) showed [Ts Th] and won ($47.50) with a flush, Ace high


PokerStars Hand #172390530565:  Hold'em Limit ($3/$6 USD) - 2017/06/29 13:12:00 ET
Table 'Ino' 6-max Seat #3 is the button
Seat 3: 44Elvis44 ($26.32 in chips)
Seat 4: Actionni13 ($185.02 in chips)
44Elvis44: posts small blind $1
Actionni13: posts big blind $3
*** HOLE CARDS ***
44Elvis44: raises $3 to $6
Actionni13: folds
Uncalled bet ($3) returned to 44Elvis44
44Elvis44 collected $6 from pot
44Elvis44: doesn't show hand
*** SUMMARY ***
Total pot $6 | Rake $0
Seat 3: 44Elvis44 (button) (small blind) collected ($6)
Seat 4: Actionni13 (big blind) folded before Flop


