PokerStars Hand #159405184373:  Hold'em Limit ($3/$6 USD) - 2016/10/02 23:40:10 ET
Table 'Ino' 6-max Seat #4 is the button
Seat 3: mylifeluvsol ($38.50 in chips)
Seat 4: BuzovaPro ($77 in chips)
BuzovaPro: posts small blind $1
mylifeluvsol: posts big blind $3
*** HOLE CARDS ***
BuzovaPro: raises $3 to $6
mylifeluvsol: folds
Uncalled bet ($3) returned to BuzovaPro
BuzovaPro collected $6 from pot
BuzovaPro: doesn't show hand
*** SUMMARY ***
Total pot $6 | Rake $0
Seat 3: mylifeluvsol (big blind) folded before Flop
Seat 4: BuzovaPro (button) (small blind) collected ($6)


PokerStars Hand #159405183095:  Hold'em Limit ($3/$6 USD) - 2016/10/02 23:40:05 ET
Table 'Ino' 6-max Seat #3 is the button
Seat 3: mylifeluvsol ($39.50 in chips)
Seat 4: BuzovaPro ($76 in chips)
mylifeluvsol: posts small blind $1
BuzovaPro: posts big blind $3
*** HOLE CARDS ***
mylifeluvsol: folds
Uncalled bet ($2) returned to BuzovaPro
BuzovaPro collected $2 from pot
BuzovaPro: doesn't show hand
*** SUMMARY ***
Total pot $2 | Rake $0
Seat 3: mylifeluvsol (button) (small blind) folded before Flop
Seat 4: BuzovaPro (big blind) collected ($2)


PokerStars Hand #159405181240:  Hold'em Limit ($3/$6 USD) - 2016/10/02 23:39:58 ET
Table 'Ino' 6-max Seat #4 is the button
Seat 3: mylifeluvsol ($42.50 in chips)
Seat 4: BuzovaPro ($73 in chips)
BuzovaPro: posts small blind $1
mylifeluvsol: posts big blind $3
*** HOLE CARDS ***
BuzovaPro: raises $3 to $6
mylifeluvsol: folds
Uncalled bet ($3) returned to BuzovaPro
BuzovaPro collected $6 from pot
BuzovaPro: doesn't show hand
*** SUMMARY ***
Total pot $6 | Rake $0
Seat 3: mylifeluvsol (big blind) folded before Flop
Seat 4: BuzovaPro (button) (small blind) collected ($6)


PokerStars Hand #159405186110:  Hold'em Limit ($3/$6 USD) - 2016/10/02 23:40:17 ET
Table 'Ino' 6-max Seat #3 is the button
Seat 3: mylifeluvsol ($35.50 in chips)
Seat 4: BuzovaPro ($80 in chips)
mylifeluvsol: posts small blind $1
BuzovaPro: posts big blind $3
*** HOLE CARDS ***
mylifeluvsol: raises $3 to $6
BuzovaPro: calls $3
*** FLOP *** [8s 3h Ah]
BuzovaPro: checks
mylifeluvsol: bets $3
BuzovaPro: raises $3 to $6
mylifeluvsol: calls $3
*** TURN *** [8s 3h Ah] [4s]
BuzovaPro: bets $6
mylifeluvsol: folds
Uncalled bet ($6) returned to BuzovaPro
BuzovaPro collected $23.52 from pot
BuzovaPro: doesn't show hand
*** SUMMARY ***
Total pot $24 | Rake $0.48
Board [8s 3h Ah 4s]
Seat 3: mylifeluvsol (button) (small blind) folded on the Turn
Seat 4: BuzovaPro (big blind) collected ($23.52)


PokerStars Hand #159405201339:  Hold'em Limit ($3/$6 USD) - 2016/10/02 23:41:19 ET
Table 'Ino' 6-max Seat #3 is the button
Seat 3: mylifeluvsol ($30 in chips)
Seat 4: BuzovaPro ($114.52 in chips)
mylifeluvsol: posts small blind $1
BuzovaPro: posts big blind $3
*** HOLE CARDS ***
mylifeluvsol: calls $2
BuzovaPro: checks
*** FLOP *** [Ks Kh Th]
BuzovaPro: bets $3
mylifeluvsol: folds
Uncalled bet ($3) returned to BuzovaPro
BuzovaPro collected $5.88 from pot
BuzovaPro: doesn't show hand
*** SUMMARY ***
Total pot $6 | Rake $0.12
Board [Ks Kh Th]
Seat 3: mylifeluvsol (button) (small blind) folded on the Flop
Seat 4: BuzovaPro (big blind) collected ($5.88)


PokerStars Hand #159405206686:  Hold'em Limit ($3/$6 USD) - 2016/10/02 23:41:40 ET
Table 'Ino' 6-max Seat #4 is the button
Seat 3: mylifeluvsol ($27 in chips)
Seat 4: BuzovaPro ($117.40 in chips)
BuzovaPro: posts small blind $1
mylifeluvsol: posts big blind $3
*** HOLE CARDS ***
BuzovaPro: raises $3 to $6
mylifeluvsol: calls $3
*** FLOP *** [6h 8h As]
mylifeluvsol: checks
BuzovaPro: bets $3
mylifeluvsol: calls $3
*** TURN *** [6h 8h As] [Js]
mylifeluvsol: bets $6
BuzovaPro: calls $6
*** RIVER *** [6h 8h As Js] [Jh]
mylifeluvsol: bets $6
BuzovaPro: folds
Uncalled bet ($6) returned to mylifeluvsol
mylifeluvsol collected $29.50 from pot
*** SUMMARY ***
Total pot $30 | Rake $0.50
Board [6h 8h As Js Jh]
Seat 3: mylifeluvsol (big blind) collected ($29.50)
Seat 4: BuzovaPro (button) (small blind) folded on the River


PokerStars Hand #159405219355:  Hold'em Limit ($3/$6 USD) - 2016/10/02 23:42:31 ET
Table 'Ino' 6-max Seat #4 is the button
Seat 3: mylifeluvsol ($45.26 in chips)
Seat 4: BuzovaPro ($98.40 in chips)
BuzovaPro: posts small blind $1
mylifeluvsol: posts big blind $3
*** HOLE CARDS ***
BuzovaPro: raises $3 to $6
mylifeluvsol: calls $3
*** FLOP *** [Ad 3d Tc]
mylifeluvsol: folds
BuzovaPro collected $11.76 from pot
BuzovaPro: doesn't show hand
*** SUMMARY ***
Total pot $12 | Rake $0.24
Board [Ad 3d Tc]
Seat 3: mylifeluvsol (big blind) folded on the Flop
Seat 4: BuzovaPro (button) (small blind) collected ($11.76)


PokerStars Hand #159405217794:  Hold'em Limit ($3/$6 USD) - 2016/10/02 23:42:24 ET
Table 'Ino' 6-max Seat #3 is the button
Seat 3: mylifeluvsol ($46.26 in chips)
Seat 4: BuzovaPro ($97.40 in chips)
mylifeluvsol: posts small blind $1
BuzovaPro: posts big blind $3
*** HOLE CARDS ***
mylifeluvsol: folds
Uncalled bet ($2) returned to BuzovaPro
BuzovaPro collected $2 from pot
BuzovaPro: doesn't show hand
*** SUMMARY ***
Total pot $2 | Rake $0
Seat 3: mylifeluvsol (button) (small blind) folded before Flop
Seat 4: BuzovaPro (big blind) collected ($2)


PokerStars Hand #159405213178:  Hold'em Limit ($3/$6 USD) - 2016/10/02 23:42:06 ET
Table 'Ino' 6-max Seat #4 is the button
Seat 3: mylifeluvsol ($40.50 in chips)
Seat 4: BuzovaPro ($103.40 in chips)
BuzovaPro: posts small blind $1
mylifeluvsol: posts big blind $3
*** HOLE CARDS ***
BuzovaPro: raises $3 to $6
mylifeluvsol: calls $3
*** FLOP *** [Tc 7d Jc]
mylifeluvsol: checks
BuzovaPro: checks
*** TURN *** [Tc 7d Jc] [Qh]
mylifeluvsol: checks
BuzovaPro: checks
*** RIVER *** [Tc 7d Jc Qh] [Qc]
mylifeluvsol: bets $6
BuzovaPro: folds
Uncalled bet ($6) returned to mylifeluvsol
mylifeluvsol collected $11.76 from pot
*** SUMMARY ***
Total pot $12 | Rake $0.24
Board [Tc 7d Jc Qh Qc]
Seat 3: mylifeluvsol (big blind) collected ($11.76)
Seat 4: BuzovaPro (button) (small blind) folded on the River


PokerStars Hand #159405211881:  Hold'em Limit ($3/$6 USD) - 2016/10/02 23:42:01 ET
Table 'Ino' 6-max Seat #3 is the button
Seat 3: mylifeluvsol ($41.50 in chips)
Seat 4: BuzovaPro ($102.40 in chips)
mylifeluvsol: posts small blind $1
BuzovaPro: posts big blind $3
*** HOLE CARDS ***
mylifeluvsol: folds
Uncalled bet ($2) returned to BuzovaPro
BuzovaPro collected $2 from pot
BuzovaPro: doesn't show hand
*** SUMMARY ***
Total pot $2 | Rake $0
Seat 3: mylifeluvsol (button) (small blind) folded before Flop
Seat 4: BuzovaPro (big blind) collected ($2)


PokerStars Hand #159405221845:  Hold'em Limit ($3/$6 USD) - 2016/10/02 23:42:41 ET
Table 'Ino' 6-max Seat #3 is the button
Seat 3: mylifeluvsol ($39.26 in chips)
Seat 4: BuzovaPro ($104.16 in chips)
mylifeluvsol: posts small blind $1
BuzovaPro: posts big blind $3
*** HOLE CARDS ***
mylifeluvsol: calls $2
BuzovaPro: checks
*** FLOP *** [Kd 9s 7h]
BuzovaPro: checks
mylifeluvsol: bets $3
BuzovaPro: folds
Uncalled bet ($3) returned to mylifeluvsol
mylifeluvsol collected $5.88 from pot
*** SUMMARY ***
Total pot $6 | Rake $0.12
Board [Kd 9s 7h]
Seat 3: mylifeluvsol (button) (small blind) collected ($5.88)
Seat 4: BuzovaPro (big blind) folded on the Flop


PokerStars Hand #159405228834:  Hold'em Limit ($3/$6 USD) - 2016/10/02 23:43:09 ET
Table 'Ino' 6-max Seat #4 is the button
Seat 3: mylifeluvsol ($42.14 in chips)
Seat 4: BuzovaPro ($101.16 in chips)
BuzovaPro: posts small blind $1
mylifeluvsol: posts big blind $3
*** HOLE CARDS ***
BuzovaPro: folds
Uncalled bet ($2) returned to mylifeluvsol
mylifeluvsol collected $2 from pot
*** SUMMARY ***
Total pot $2 | Rake $0
Seat 3: mylifeluvsol (big blind) collected ($2)
Seat 4: BuzovaPro (button) (small blind) folded before Flop


PokerStars Hand #159405227469:  Hold'em Limit ($3/$6 USD) - 2016/10/02 23:43:03 ET
Table 'Ino' 6-max Seat #3 is the button
Seat 3: mylifeluvsol ($43.14 in chips)
Seat 4: BuzovaPro ($100.16 in chips)
mylifeluvsol: posts small blind $1
BuzovaPro: posts big blind $3
*** HOLE CARDS ***
mylifeluvsol: folds
Uncalled bet ($2) returned to BuzovaPro
BuzovaPro collected $2 from pot
BuzovaPro: doesn't show hand
*** SUMMARY ***
Total pot $2 | Rake $0
Seat 3: mylifeluvsol (button) (small blind) folded before Flop
Seat 4: BuzovaPro (big blind) collected ($2)


PokerStars Hand #159405225103:  Hold'em Limit ($3/$6 USD) - 2016/10/02 23:42:54 ET
Table 'Ino' 6-max Seat #4 is the button
Seat 3: mylifeluvsol ($42.14 in chips)
Seat 4: BuzovaPro ($101.16 in chips)
BuzovaPro: posts small blind $1
mylifeluvsol: posts big blind $3
*** HOLE CARDS ***
BuzovaPro: folds
Uncalled bet ($2) returned to mylifeluvsol
mylifeluvsol collected $2 from pot
*** SUMMARY ***
Total pot $2 | Rake $0
Seat 3: mylifeluvsol (big blind) collected ($2)
Seat 4: BuzovaPro (button) (small blind) folded before Flop


PokerStars Hand #159405237321:  Hold'em Limit ($3/$6 USD) - 2016/10/02 23:43:43 ET
Table 'Ino' 6-max Seat #4 is the button
Seat 3: mylifeluvsol ($31.14 in chips)
Seat 4: BuzovaPro ($111.68 in chips)
BuzovaPro: posts small blind $1
mylifeluvsol: posts big blind $3
*** HOLE CARDS ***
BuzovaPro: raises $3 to $6
mylifeluvsol: raises $3 to $9
BuzovaPro: calls $3
*** FLOP *** [3s Qd 9h]
mylifeluvsol: bets $3
BuzovaPro: folds
Uncalled bet ($3) returned to mylifeluvsol
mylifeluvsol collected $17.64 from pot
*** SUMMARY ***
Total pot $18 | Rake $0.36
Board [3s Qd 9h]
Seat 3: mylifeluvsol (big blind) collected ($17.64)
Seat 4: BuzovaPro (button) (small blind) folded on the Flop


PokerStars Hand #159405257647:  Hold'em Limit ($3/$6 USD) - 2016/10/02 23:45:06 ET
Table 'Ino' 6-max Seat #4 is the button
Seat 3: mylifeluvsol ($33.78 in chips)
Seat 4: BuzovaPro ($108.44 in chips)
BuzovaPro: posts small blind $1
mylifeluvsol: posts big blind $3
*** HOLE CARDS ***
BuzovaPro: folds
Uncalled bet ($2) returned to mylifeluvsol
mylifeluvsol collected $2 from pot
*** SUMMARY ***
Total pot $2 | Rake $0
Seat 3: mylifeluvsol (big blind) collected ($2)
Seat 4: BuzovaPro (button) (small blind) folded before Flop


PokerStars Hand #159405241469:  Hold'em Limit ($3/$6 USD) - 2016/10/02 23:44:00 ET
Table 'Ino' 6-max Seat #3 is the button
Seat 3: mylifeluvsol ($39.78 in chips)
Seat 4: BuzovaPro ($102.68 in chips)
mylifeluvsol: posts small blind $1
BuzovaPro: posts big blind $3
*** HOLE CARDS ***
mylifeluvsol: raises $3 to $6
BuzovaPro: calls $3
*** FLOP *** [6c Td 6s]
BuzovaPro: checks
mylifeluvsol: checks
*** TURN *** [6c Td 6s] [5s]
BuzovaPro: checks
mylifeluvsol: checks
*** RIVER *** [6c Td 6s 5s] [Ac]
BuzovaPro: bets $6
mylifeluvsol is disconnected
mylifeluvsol is connected
mylifeluvsol: folds
Uncalled bet ($6) returned to BuzovaPro
BuzovaPro collected $11.76 from pot
BuzovaPro: doesn't show hand
*** SUMMARY ***
Total pot $12 | Rake $0.24
Board [6c Td 6s 5s Ac]
Seat 3: mylifeluvsol (button) (small blind) folded on the River
Seat 4: BuzovaPro (big blind) collected ($11.76)


PokerStars Hand #159405260308:  Hold'em Limit ($3/$6 USD) - 2016/10/02 23:45:17 ET
Table 'Ino' 6-max Seat #3 is the button
Seat 3: mylifeluvsol ($34.78 in chips)
Seat 4: BuzovaPro ($107.44 in chips)
mylifeluvsol: posts small blind $1
BuzovaPro: posts big blind $3
*** HOLE CARDS ***
mylifeluvsol: raises $3 to $6
manly70 joins the table at seat #6
BuzovaPro: calls $3
*** FLOP *** [5c Jd Jc]
BuzovaPro: checks
mylifeluvsol: bets $3
BuzovaPro: calls $3
*** TURN *** [5c Jd Jc] [9s]
BuzovaPro: checks
mylifeluvsol: bets $6
BuzovaPro: folds
Uncalled bet ($6) returned to mylifeluvsol
mylifeluvsol collected $17.64 from pot
*** SUMMARY ***
Total pot $18 | Rake $0.36
Board [5c Jd Jc 9s]
Seat 3: mylifeluvsol (button) (small blind) collected ($17.64)
Seat 4: BuzovaPro (big blind) folded on the Turn


PokerStars Hand #159407982251:  Hold'em Limit ($3/$6 USD) - 2016/10/03 3:06:46 ET
Table 'Ino' 6-max Seat #3 is the button
Seat 3: turtlele ($226.75 in chips)
Seat 5: DieEXE ($463.52 in chips)
turtlele: posts small blind $1
swics1202: is sitting out
DieEXE: posts big blind $3
*** HOLE CARDS ***
turtlele: raises $3 to $6
DieEXE: calls $3
*** FLOP *** [9d 7h 5c]
DieEXE: checks
turtlele: bets $3
DieEXE: calls $3
*** TURN *** [9d 7h 5c] [Js]
DieEXE: checks
turtlele: bets $6
DieEXE: calls $6
*** RIVER *** [9d 7h 5c Js] [8s]
DieEXE: checks
turtlele: checks
*** SHOW DOWN ***
DieEXE: shows [2c 2h] (a pair of Deuces)
turtlele: shows [5s 4s] (a pair of Fives)
turtlele collected $29.50 from pot
*** SUMMARY ***
Total pot $30 | Rake $0.50
Board [9d 7h 5c Js 8s]
Seat 3: turtlele (button) (small blind) showed [5s 4s] and won ($29.50) with a pair of Fives
Seat 5: DieEXE (big blind) showed [2c 2h] and lost with a pair of Deuces


PokerStars Hand #159407986421:  Hold'em Limit ($3/$6 USD) - 2016/10/03 3:07:04 ET
Table 'Ino' 6-max Seat #5 is the button
Seat 3: turtlele ($241.25 in chips)
Seat 5: DieEXE ($448.52 in chips)
DieEXE: posts small blind $1
turtlele: posts big blind $3
*** HOLE CARDS ***
DieEXE: folds
Uncalled bet ($2) returned to turtlele
turtlele collected $2 from pot
turtlele: doesn't show hand
*** SUMMARY ***
Total pot $2 | Rake $0
Seat 3: turtlele (big blind) collected ($2)
Seat 5: DieEXE (button) (small blind) folded before Flop


PokerStars Hand #159407990672:  Hold'em Limit ($3/$6 USD) - 2016/10/03 3:07:21 ET
Table 'Ino' 6-max Seat #3 is the button
Seat 3: turtlele ($249.01 in chips)
Seat 5: DieEXE ($440.52 in chips)
turtlele: posts small blind $1
DieEXE: posts big blind $3
*** HOLE CARDS ***
turtlele: raises $3 to $6
DieEXE: folds
Uncalled bet ($3) returned to turtlele
turtlele collected $6 from pot
turtlele: doesn't show hand
*** SUMMARY ***
Total pot $6 | Rake $0
Seat 3: turtlele (button) (small blind) collected ($6)
Seat 5: DieEXE (big blind) folded before Flop


PokerStars Hand #159407989580:  Hold'em Limit ($3/$6 USD) - 2016/10/03 3:07:16 ET
Table 'Ino' 6-max Seat #5 is the button
Seat 3: turtlele ($248.01 in chips)
Seat 5: DieEXE ($441.52 in chips)
DieEXE: posts small blind $1
turtlele: posts big blind $3
*** HOLE CARDS ***
DieEXE: folds
Uncalled bet ($2) returned to turtlele
turtlele collected $2 from pot
turtlele: doesn't show hand
*** SUMMARY ***
Total pot $2 | Rake $0
Seat 3: turtlele (big blind) collected ($2)
Seat 5: DieEXE (button) (small blind) folded before Flop


PokerStars Hand #159407987487:  Hold'em Limit ($3/$6 USD) - 2016/10/03 3:07:08 ET
Table 'Ino' 6-max Seat #3 is the button
Seat 3: turtlele ($242.25 in chips)
Seat 5: DieEXE ($447.52 in chips)
turtlele: posts small blind $1
DieEXE: posts big blind $3
*** HOLE CARDS ***
turtlele: raises $3 to $6
DieEXE: calls $3
*** FLOP *** [Kh 6d Kc]
DieEXE: checks
turtlele: bets $3
DieEXE: folds
Uncalled bet ($3) returned to turtlele
turtlele collected $11.76 from pot
turtlele: doesn't show hand
*** SUMMARY ***
Total pot $12 | Rake $0.24
Board [Kh 6d Kc]
Seat 3: turtlele (button) (small blind) collected ($11.76)
Seat 5: DieEXE (big blind) folded on the Flop


PokerStars Hand #159407991886:  Hold'em Limit ($3/$6 USD) - 2016/10/03 3:07:26 ET
Table 'Ino' 6-max Seat #5 is the button
Seat 3: turtlele ($252.01 in chips)
Seat 5: DieEXE ($437.52 in chips)
DieEXE: posts small blind $1
turtlele: posts big blind $3
*** HOLE CARDS ***
DieEXE: raises $3 to $6
turtlele: raises $3 to $9
DieEXE: raises $3 to $12
Betting is capped
turtlele: calls $3
*** FLOP *** [6h Js 7c]
turtlele: checks
DieEXE: checks
*** TURN *** [6h Js 7c] [As]
turtlele: bets $6
DieEXE: calls $6
*** RIVER *** [6h Js 7c As] [7h]
turtlele: checks
DieEXE: bets $6
turtlele: calls $6
*** SHOW DOWN ***
DieEXE: shows [Ad 9d] (two pair, Aces and Sevens)
turtlele: mucks hand
DieEXE collected $47.50 from pot
*** SUMMARY ***
Total pot $48 | Rake $0.50
Board [6h Js 7c As 7h]
Seat 3: turtlele (big blind) mucked
Seat 5: DieEXE (button) (small blind) showed [Ad 9d] and won ($47.50) with two pair, Aces and Sevens


PokerStars Hand #159407996191:  Hold'em Limit ($3/$6 USD) - 2016/10/03 3:07:43 ET
Table 'Ino' 6-max Seat #3 is the button
Seat 3: turtlele ($228.01 in chips)
Seat 5: DieEXE ($461.02 in chips)
turtlele: posts small blind $1
DieEXE: posts big blind $3
*** HOLE CARDS ***
turtlele: raises $3 to $6
DieEXE: raises $3 to $9
turtlele: calls $3
*** FLOP *** [7s Td 4h]
DieEXE: bets $3
turtlele: raises $3 to $6
DieEXE: calls $3
*** TURN *** [7s Td 4h] [6s]
DieEXE: checks
turtlele: bets $6
DieEXE: calls $6
*** RIVER *** [7s Td 4h 6s] [Ad]
DieEXE: checks
turtlele: bets $6
DieEXE: calls $6
*** SHOW DOWN ***
turtlele: shows [7d Th] (two pair, Tens and Sevens)
DieEXE: mucks hand
turtlele collected $53.50 from pot
*** SUMMARY ***
Total pot $54 | Rake $0.50
Board [7s Td 4h 6s Ad]
Seat 3: turtlele (button) (small blind) showed [7d Th] and won ($53.50) with two pair, Tens and Sevens
Seat 5: DieEXE (big blind) mucked


PokerStars Hand #159407999693:  Hold'em Limit ($3/$6 USD) - 2016/10/03 3:07:58 ET
Table 'Ino' 6-max Seat #5 is the button
Seat 3: turtlele ($254.51 in chips)
Seat 5: DieEXE ($434.02 in chips)
DieEXE: posts small blind $1
turtlele: posts big blind $3
*** HOLE CARDS ***
DieEXE: raises $3 to $6
turtlele: raises $3 to $9
DieEXE: calls $3
*** FLOP *** [5c 3c 4d]
turtlele: bets $3
DieEXE: calls $3
*** TURN *** [5c 3c 4d] [7s]
turtlele: bets $6
DieEXE: calls $6
*** RIVER *** [5c 3c 4d 7s] [Qh]
turtlele: bets $6
DieEXE: folds
Uncalled bet ($6) returned to turtlele
turtlele collected $35.50 from pot
turtlele: doesn't show hand
*** SUMMARY ***
Total pot $36 | Rake $0.50
Board [5c 3c 4d 7s Qh]
Seat 3: turtlele (big blind) collected ($35.50)
Seat 5: DieEXE (button) (small blind) folded on the River


PokerStars Hand #159408010257:  Hold'em Limit ($3/$6 USD) - 2016/10/03 3:08:42 ET
Table 'Ino' 6-max Seat #5 is the button
Seat 3: turtlele ($251.01 in chips)
Seat 5: DieEXE ($436.52 in chips)
DieEXE: posts small blind $1
turtlele: posts big blind $3
*** HOLE CARDS ***
DieEXE: raises $3 to $6
turtlele: raises $3 to $9
DieEXE: calls $3
*** FLOP *** [3c Jc Th]
turtlele: bets $3
DieEXE: calls $3
*** TURN *** [3c Jc Th] [8c]
turtlele: bets $6
DieEXE: folds
Uncalled bet ($6) returned to turtlele
turtlele collected $23.52 from pot
turtlele: doesn't show hand
*** SUMMARY ***
Total pot $24 | Rake $0.48
Board [3c Jc Th 8c]
Seat 3: turtlele (big blind) collected ($23.52)
Seat 5: DieEXE (button) (small blind) folded on the Turn


PokerStars Hand #159408013905:  Hold'em Limit ($3/$6 USD) - 2016/10/03 3:08:57 ET
Table 'Ino' 6-max Seat #3 is the button
Seat 3: turtlele ($262.53 in chips)
Seat 5: DieEXE ($424.52 in chips)
turtlele: posts small blind $1
DieEXE: posts big blind $3
*** HOLE CARDS ***
turtlele: raises $3 to $6
DieEXE: folds
Uncalled bet ($3) returned to turtlele
turtlele collected $6 from pot
turtlele: doesn't show hand
*** SUMMARY ***
Total pot $6 | Rake $0
Seat 3: turtlele (button) (small blind) collected ($6)
Seat 5: DieEXE (big blind) folded before Flop


PokerStars Hand #159408003961:  Hold'em Limit ($3/$6 USD) - 2016/10/03 3:08:16 ET
Table 'Ino' 6-max Seat #3 is the button
Seat 3: turtlele ($272.01 in chips)
Seat 5: DieEXE ($416.02 in chips)
turtlele: posts small blind $1
DieEXE: posts big blind $3
*** HOLE CARDS ***
turtlele: raises $3 to $6
DieEXE: calls $3
*** FLOP *** [Jc Js 4d]
DieEXE: checks
turtlele: bets $3
DieEXE: calls $3
*** TURN *** [Jc Js 4d] [5s]
DieEXE: checks
turtlele: bets $6
DieEXE: raises $6 to $12
turtlele: calls $6
*** RIVER *** [Jc Js 4d 5s] [8c]
DieEXE: bets $6
turtlele: folds
Uncalled bet ($6) returned to DieEXE
DieEXE collected $41.50 from pot
DieEXE: doesn't show hand
*** SUMMARY ***
Total pot $42 | Rake $0.50
Board [Jc Js 4d 5s 8c]
Seat 3: turtlele (button) (small blind) folded on the River
Seat 5: DieEXE (big blind) collected ($41.50)


PokerStars Hand #159408019303:  Hold'em Limit ($3/$6 USD) - 2016/10/03 3:09:18 ET
Table 'Ino' 6-max Seat #3 is the button
Seat 3: turtlele ($250.53 in chips)
Seat 5: DieEXE ($436.02 in chips)
turtlele: posts small blind $1
DieEXE: posts big blind $3
*** HOLE CARDS ***
turtlele: raises $3 to $6
DieEXE: calls $3
*** FLOP *** [Ah 2d Jc]
DieEXE: checks
turtlele: bets $3
DieEXE: folds
Uncalled bet ($3) returned to turtlele
turtlele collected $11.76 from pot
turtlele: doesn't show hand
*** SUMMARY ***
Total pot $12 | Rake $0.24
Board [Ah 2d Jc]
Seat 3: turtlele (button) (small blind) collected ($11.76)
Seat 5: DieEXE (big blind) folded on the Flop


PokerStars Hand #159408015451:  Hold'em Limit ($3/$6 USD) - 2016/10/03 3:09:03 ET
Table 'Ino' 6-max Seat #5 is the button
Seat 3: turtlele ($265.53 in chips)
Seat 5: DieEXE ($421.52 in chips)
DieEXE: posts small blind $1
turtlele: posts big blind $3
*** HOLE CARDS ***
DieEXE: raises $3 to $6
turtlele: raises $3 to $9
DieEXE: raises $3 to $12
Betting is capped
turtlele: calls $3
*** FLOP *** [3s 5s 8s]
turtlele: checks
DieEXE: bets $3
turtlele: calls $3
*** TURN *** [3s 5s 8s] [Qd]
turtlele: checks
DieEXE: checks
*** RIVER *** [3s 5s 8s Qd] [Tc]
turtlele: checks
DieEXE: checks
*** SHOW DOWN ***
turtlele: shows [Kh Jd] (high card King)
DieEXE: shows [Jc Ah] (high card Ace)
DieEXE collected $29.50 from pot
*** SUMMARY ***
Total pot $30 | Rake $0.50
Board [3s 5s 8s Qd Tc]
Seat 3: turtlele (big blind) showed [Kh Jd] and lost with high card King
Seat 5: DieEXE (button) (small blind) showed [Jc Ah] and won ($29.50) with high card Ace


PokerStars Hand #159408024683:  Hold'em Limit ($3/$6 USD) - 2016/10/03 3:09:40 ET
Table 'Ino' 6-max Seat #3 is the button
Seat 3: turtlele ($244.29 in chips)
Seat 5: DieEXE ($441.54 in chips)
turtlele: posts small blind $1
DieEXE: posts big blind $3
*** HOLE CARDS ***
turtlele: raises $3 to $6
DieEXE: folds
Uncalled bet ($3) returned to turtlele
turtlele collected $6 from pot
turtlele: doesn't show hand
*** SUMMARY ***
Total pot $6 | Rake $0
Seat 3: turtlele (button) (small blind) collected ($6)
Seat 5: DieEXE (big blind) folded before Flop


PokerStars Hand #159408021263:  Hold'em Limit ($3/$6 USD) - 2016/10/03 3:09:26 ET
Table 'Ino' 6-max Seat #5 is the button
Seat 3: turtlele ($256.29 in chips)
Seat 5: DieEXE ($430.02 in chips)
DieEXE: posts small blind $1
turtlele: posts big blind $3
*** HOLE CARDS ***
DieEXE: raises $3 to $6
turtlele: raises $3 to $9
DieEXE: calls $3
*** FLOP *** [4c 6s Qc]
turtlele: bets $3
DieEXE: calls $3
*** TURN *** [4c 6s Qc] [7c]
turtlele: checks
DieEXE: bets $6
turtlele: folds
Uncalled bet ($6) returned to DieEXE
DieEXE collected $23.52 from pot
DieEXE: doesn't show hand
*** SUMMARY ***
Total pot $24 | Rake $0.48
Board [4c 6s Qc 7c]
Seat 3: turtlele (big blind) folded on the Turn
Seat 5: DieEXE (button) (small blind) collected ($23.52)


PokerStars Hand #159408026080:  Hold'em Limit ($3/$6 USD) - 2016/10/03 3:09:46 ET
Table 'Ino' 6-max Seat #5 is the button
Seat 3: turtlele ($247.29 in chips)
Seat 5: DieEXE ($438.54 in chips)
DieEXE: posts small blind $1
turtlele: posts big blind $3
*** HOLE CARDS ***
DieEXE: folds
Uncalled bet ($2) returned to turtlele
turtlele collected $2 from pot
turtlele: doesn't show hand
*** SUMMARY ***
Total pot $2 | Rake $0
Seat 3: turtlele (big blind) collected ($2)
Seat 5: DieEXE (button) (small blind) folded before Flop


PokerStars Hand #159408037116:  Hold'em Limit ($3/$6 USD) - 2016/10/03 3:10:30 ET
Table 'Ino' 6-max Seat #3 is the button
Seat 3: turtlele ($209.93 in chips)
Seat 5: DieEXE ($474.54 in chips)
turtlele: posts small blind $1
DieEXE: posts big blind $3
*** HOLE CARDS ***
turtlele: raises $3 to $6
DieEXE: calls $3
*** FLOP *** [3s 2s Th]
DieEXE: checks
turtlele: bets $3
DieEXE: calls $3
*** TURN *** [3s 2s Th] [9s]
DieEXE: checks
turtlele: bets $6
DieEXE: raises $6 to $12
turtlele: raises $6 to $18
DieEXE: raises $6 to $24
Betting is capped
turtlele: calls $6
*** RIVER *** [3s 2s Th 9s] [Ah]
DieEXE: bets $6
turtlele: calls $6
*** SHOW DOWN ***
DieEXE: shows [Js Ts] (a flush, Jack high)
turtlele: mucks hand
DieEXE collected $77.50 from pot
*** SUMMARY ***
Total pot $78 | Rake $0.50
Board [3s 2s Th 9s Ah]
Seat 3: turtlele (button) (small blind) mucked
Seat 5: DieEXE (big blind) showed [Js Ts] and won ($77.50) with a flush, Jack high


PokerStars Hand #159408027372:  Hold'em Limit ($3/$6 USD) - 2016/10/03 3:09:51 ET
Table 'Ino' 6-max Seat #3 is the button
Seat 3: turtlele ($248.29 in chips)
Seat 5: DieEXE ($437.54 in chips)
turtlele: posts small blind $1
DieEXE: posts big blind $3
*** HOLE CARDS ***
turtlele: raises $3 to $6
DieEXE: calls $3
*** FLOP *** [7h 3d 6d]
DieEXE: checks
turtlele: bets $3
DieEXE: calls $3
*** TURN *** [7h 3d 6d] [6c]
DieEXE: checks
turtlele: bets $6
DieEXE: raises $6 to $12
turtlele: calls $6
*** RIVER *** [7h 3d 6d 6c] [Th]
DieEXE: bets $6
turtlele: calls $6
*** SHOW DOWN ***
DieEXE: shows [7s Jd] (two pair, Sevens and Sixes)
turtlele: mucks hand
DieEXE collected $53.50 from pot
*** SUMMARY ***
Total pot $54 | Rake $0.50
Board [7h 3d 6d 6c Th]
Seat 3: turtlele (button) (small blind) mucked
Seat 5: DieEXE (big blind) showed [7s Jd] and won ($53.50) with two pair, Sevens and Sixes


PokerStars Hand #159408030632:  Hold'em Limit ($3/$6 USD) - 2016/10/03 3:10:04 ET
Table 'Ino' 6-max Seat #5 is the button
Seat 3: turtlele ($221.29 in chips)
Seat 5: DieEXE ($464.04 in chips)
DieEXE: posts small blind $1
turtlele: posts big blind $3
*** HOLE CARDS ***
DieEXE: calls $2
turtlele: raises $3 to $6
DieEXE: calls $3
*** FLOP *** [4d 9s Jc]
turtlele: bets $3
DieEXE: calls $3
*** TURN *** [4d 9s Jc] [Ts]
turtlele: bets $6
DieEXE: folds
Uncalled bet ($6) returned to turtlele
turtlele collected $17.64 from pot
turtlele: doesn't show hand
*** SUMMARY ***
Total pot $18 | Rake $0.36
Board [4d 9s Jc Ts]
Seat 3: turtlele (big blind) collected ($17.64)
Seat 5: DieEXE (button) (small blind) folded on the Turn


PokerStars Hand #159408036010:  Hold'em Limit ($3/$6 USD) - 2016/10/03 3:10:26 ET
Table 'Ino' 6-max Seat #5 is the button
Seat 3: turtlele ($208.93 in chips)
Seat 5: DieEXE ($475.54 in chips)
DieEXE: posts small blind $1
turtlele: posts big blind $3
*** HOLE CARDS ***
DieEXE: folds
Uncalled bet ($2) returned to turtlele
turtlele collected $2 from pot
turtlele: doesn't show hand
*** SUMMARY ***
Total pot $2 | Rake $0
Seat 3: turtlele (big blind) collected ($2)
Seat 5: DieEXE (button) (small blind) folded before Flop


PokerStars Hand #159408033283:  Hold'em Limit ($3/$6 USD) - 2016/10/03 3:10:15 ET
Table 'Ino' 6-max Seat #3 is the button
Seat 3: turtlele ($229.93 in chips)
Seat 5: DieEXE ($455.04 in chips)
turtlele: posts small blind $1
DieEXE: posts big blind $3
*** HOLE CARDS ***
turtlele: raises $3 to $6
DieEXE: calls $3
*** FLOP *** [Jd 9d Jc]
DieEXE: checks
turtlele: bets $3
DieEXE: calls $3
*** TURN *** [Jd 9d Jc] [5s]
DieEXE: checks
turtlele: bets $6
DieEXE: calls $6
*** RIVER *** [Jd 9d Jc 5s] [6d]
DieEXE: checks
turtlele: bets $6
DieEXE: calls $6
*** SHOW DOWN ***
turtlele: shows [7c 2d] (a pair of Jacks)
DieEXE: shows [Kd 6c] (two pair, Jacks and Sixes)
DieEXE collected $41.50 from pot
*** SUMMARY ***
Total pot $42 | Rake $0.50
Board [Jd 9d Jc 5s 6d]
Seat 3: turtlele (button) (small blind) showed [7c 2d] and lost with a pair of Jacks
Seat 5: DieEXE (big blind) showed [Kd 6c] and won ($41.50) with two pair, Jacks and Sixes


PokerStars Hand #159408045467:  Hold'em Limit ($3/$6 USD) - 2016/10/03 3:11:04 ET
Table 'Ino' 6-max Seat #3 is the button
Seat 3: turtlele ($185.43 in chips)
Seat 5: DieEXE ($498.04 in chips)
turtlele: posts small blind $1
DieEXE: posts big blind $3
*** HOLE CARDS ***
turtlele: raises $3 to $6
DieEXE: calls $3
*** FLOP *** [5h Ah 4c]
DieEXE: checks
turtlele: bets $3
DieEXE: calls $3
*** TURN *** [5h Ah 4c] [Jh]
DieEXE: checks
turtlele: bets $6
DieEXE: calls $6
*** RIVER *** [5h Ah 4c Jh] [5d]
DieEXE: checks
turtlele: bets $6
DieEXE: calls $6
*** SHOW DOWN ***
turtlele: shows [5s 6c] (three of a kind, Fives)
DieEXE: mucks hand
turtlele collected $41.50 from pot
*** SUMMARY ***
Total pot $42 | Rake $0.50
Board [5h Ah 4c Jh 5d]
Seat 3: turtlele (button) (small blind) showed [5s 6c] and won ($41.50) with three of a kind, Fives
Seat 5: DieEXE (big blind) mucked


PokerStars Hand #159408041068:  Hold'em Limit ($3/$6 USD) - 2016/10/03 3:10:47 ET
Table 'Ino' 6-max Seat #5 is the button
Seat 3: turtlele ($170.93 in chips)
Seat 5: DieEXE ($513.04 in chips)
DieEXE: posts small blind $1
turtlele: posts big blind $3
*** HOLE CARDS ***
DieEXE: calls $2
turtlele: raises $3 to $6
DieEXE: calls $3
*** FLOP *** [8s 8c 6d]
turtlele: bets $3
DieEXE: calls $3
*** TURN *** [8s 8c 6d] [5s]
turtlele: bets $6
DieEXE: calls $6
*** RIVER *** [8s 8c 6d 5s] [6c]
turtlele: bets $6
DieEXE: folds
Uncalled bet ($6) returned to turtlele
turtlele collected $29.50 from pot
turtlele: doesn't show hand
*** SUMMARY ***
Total pot $30 | Rake $0.50
Board [8s 8c 6d 5s 6c]
Seat 3: turtlele (big blind) collected ($29.50)
Seat 5: DieEXE (button) (small blind) folded on the River


PokerStars Hand #159408051834:  Hold'em Limit ($3/$6 USD) - 2016/10/03 3:11:30 ET
Table 'Ino' 6-max Seat #3 is the button
Seat 3: turtlele ($181.93 in chips)
Seat 5: DieEXE ($500.54 in chips)
turtlele: posts small blind $1
DieEXE: posts big blind $3
*** HOLE CARDS ***
turtlele: raises $3 to $6
DieEXE: calls $3
*** FLOP *** [Th Ad Tc]
DieEXE: checks
turtlele: bets $3
DieEXE: calls $3
*** TURN *** [Th Ad Tc] [4d]
DieEXE: checks
turtlele: bets $6
DieEXE: raises $6 to $12
turtlele: folds
Uncalled bet ($6) returned to DieEXE
DieEXE collected $29.50 from pot
DieEXE: doesn't show hand
*** SUMMARY ***
Total pot $30 | Rake $0.50
Board [Th Ad Tc 4d]
Seat 3: turtlele (button) (small blind) folded on the Turn
Seat 5: DieEXE (big blind) collected ($29.50)


PokerStars Hand #159408048547:  Hold'em Limit ($3/$6 USD) - 2016/10/03 3:11:17 ET
Table 'Ino' 6-max Seat #5 is the button
Seat 3: turtlele ($205.93 in chips)
Seat 5: DieEXE ($477.04 in chips)
DieEXE: posts small blind $1
turtlele: posts big blind $3
*** HOLE CARDS ***
DieEXE: raises $3 to $6
turtlele: raises $3 to $9
DieEXE: calls $3
*** FLOP *** [Jd Ac Ks]
turtlele: bets $3
DieEXE: calls $3
*** TURN *** [Jd Ac Ks] [Qh]
hairy1961 joins the table at seat #6
turtlele: bets $6
DieEXE: calls $6
*** RIVER *** [Jd Ac Ks Qh] [3s]
turtlele: bets $6
DieEXE: calls $6
*** SHOW DOWN ***
turtlele: shows [6h Kc] (a pair of Kings)
DieEXE: shows [5h As] (a pair of Aces)
DieEXE collected $47.50 from pot
*** SUMMARY ***
Total pot $48 | Rake $0.50
Board [Jd Ac Ks Qh 3s]
Seat 3: turtlele (big blind) showed [6h Kc] and lost with a pair of Kings
Seat 5: DieEXE (button) (small blind) showed [5h As] and won ($47.50) with a pair of Aces


PokerStars Hand #159408171662:  Hold'em Limit ($3/$6 USD) - 2016/10/03 3:19:25 ET
Table 'Ino' 6-max Seat #5 is the button
Seat 4: swics1202 ($158.32 in chips)
Seat 5: DieEXE ($529.77 in chips)
DieEXE: posts small blind $1
Agrotait: is sitting out
turtlele: is sitting out
swics1202: posts big blind $3
*** HOLE CARDS ***
DieEXE: raises $3 to $6
swics1202: calls $3
*** FLOP *** [5s 7s Qd]
Agrotait leaves the table
swics1202: checks
DieEXE: checks
*** TURN *** [5s 7s Qd] [6c]
turtlele leaves the table
swics1202: bets $6
DieEXE: folds
Uncalled bet ($6) returned to swics1202
swics1202 collected $11.76 from pot
swics1202: doesn't show hand
*** SUMMARY ***
Total pot $12 | Rake $0.24
Board [5s 7s Qd 6c]
Seat 4: swics1202 (big blind) collected ($11.76)
Seat 5: DieEXE (button) (small blind) folded on the Turn


