PokerStars Hand #152325600137:  Hold'em Limit ($3/$6 USD) - 2016/04/23 9:47:36 ET
Table 'Io III' 10-max Seat #5 is the button
Seat 5: SACHAVT ($26 in chips)
Seat 6: Agrotait ($76 in chips)
SACHAVT: posts small blind $1
Agrotait: posts big blind $3
*** HOLE CARDS ***
SACHAVT: folds
Uncalled bet ($2) returned to Agrotait
Agrotait collected $2 from pot
Agrotait: doesn't show hand
*** SUMMARY ***
Total pot $2 | Rake $0
Seat 5: SACHAVT (button) (small blind) folded before Flop
Seat 6: Agrotait (big blind) collected ($2)


PokerStars Hand #152325596402:  Hold'em Limit ($3/$6 USD) - 2016/04/23 9:47:30 ET
Table 'Io III' 10-max Seat #6 is the button
Seat 5: SACHAVT ($29 in chips)
Seat 6: Agrotait ($73 in chips)
Agrotait: posts small blind $1
SACHAVT: posts big blind $3
*** HOLE CARDS ***
Agrotait: raises $3 to $6
SACHAVT: folds
Uncalled bet ($3) returned to Agrotait
Agrotait collected $6 from pot
Agrotait: doesn't show hand
*** SUMMARY ***
Total pot $6 | Rake $0
Seat 5: SACHAVT (big blind) folded before Flop
Seat 6: Agrotait (button) (small blind) collected ($6)


PokerStars Hand #152325586269:  Hold'em Limit ($3/$6 USD) - 2016/04/23 9:47:21 ET
Table 'Io III' 10-max Seat #5 is the button
Seat 5: SACHAVT ($30 in chips)
Seat 6: Agrotait ($72 in chips)
SACHAVT: posts small blind $1
Agrotait: posts big blind $3
*** HOLE CARDS ***
SACHAVT: folds
Uncalled bet ($2) returned to Agrotait
Agrotait collected $2 from pot
Agrotait: doesn't show hand
*** SUMMARY ***
Total pot $2 | Rake $0
Seat 5: SACHAVT (button) (small blind) folded before Flop
Seat 6: Agrotait (big blind) collected ($2)


PokerStars Hand #152325652012:  Hold'em Limit ($3/$6 USD) - 2016/04/23 9:48:47 ET
Table 'Io III' 10-max Seat #5 is the button
Seat 5: SACHAVT ($39.50 in chips)
Seat 6: Agrotait ($62 in chips)
SACHAVT: posts small blind $1
Agrotait: posts big blind $3
*** HOLE CARDS ***
SACHAVT: folds
Uncalled bet ($2) returned to Agrotait
Agrotait collected $2 from pot
Agrotait: doesn't show hand
*** SUMMARY ***
Total pot $2 | Rake $0
Seat 5: SACHAVT (button) (small blind) folded before Flop
Seat 6: Agrotait (big blind) collected ($2)


PokerStars Hand #152325606336:  Hold'em Limit ($3/$6 USD) - 2016/04/23 9:47:41 ET
Table 'Io III' 10-max Seat #6 is the button
Seat 5: SACHAVT ($25 in chips)
Seat 6: Agrotait ($77 in chips)
Agrotait: posts small blind $1
SACHAVT: posts big blind $3
*** HOLE CARDS ***
Agrotait: raises $3 to $6
SACHAVT: calls $3
*** FLOP *** [4d Ad 7d]
SACHAVT: checks
Agrotait: bets $3
SACHAVT: calls $3
*** TURN *** [4d Ad 7d] [Qc]
SACHAVT: checks
Agrotait: checks
*** RIVER *** [4d Ad 7d Qc] [Kd]
SACHAVT: checks
Agrotait: bets $6
SACHAVT: raises $6 to $12
Agrotait: folds
Uncalled bet ($6) returned to SACHAVT
SACHAVT collected $29.50 from pot
SACHAVT: doesn't show hand
*** SUMMARY ***
Total pot $30 | Rake $0.50
Board [4d Ad 7d Qc Kd]
Seat 5: SACHAVT (big blind) collected ($29.50)
Seat 6: Agrotait (button) (small blind) folded on the River


PokerStars Hand #152325655334:  Hold'em Limit ($3/$6 USD) - 2016/04/23 9:48:52 ET
Table 'Io III' 10-max Seat #6 is the button
Seat 5: SACHAVT ($38.50 in chips)
Seat 6: Agrotait ($63 in chips)
Agrotait: posts small blind $1
SACHAVT: posts big blind $3
*** HOLE CARDS ***
Agrotait: raises $3 to $6
SACHAVT: calls $3
*** FLOP *** [Kd 3s 9d]
SACHAVT: checks
Agrotait: bets $3
SACHAVT: calls $3
*** TURN *** [Kd 3s 9d] [6h]
SACHAVT: checks
Agrotait: bets $6
SACHAVT: raises $6 to $12
Agrotait: calls $6
*** RIVER *** [Kd 3s 9d 6h] [Tc]
SACHAVT: bets $6
Agrotait: calls $6
*** SHOW DOWN ***
SACHAVT: shows [4s Ks] (a pair of Kings)
Agrotait: mucks hand
SACHAVT collected $53.50 from pot
*** SUMMARY ***
Total pot $54 | Rake $0.50
Board [Kd 3s 9d 6h Tc]
Seat 5: SACHAVT (big blind) showed [4s Ks] and won ($53.50) with a pair of Kings
Seat 6: Agrotait (button) (small blind) mucked


PokerStars Hand #152325730108:  Hold'em Limit ($3/$6 USD) - 2016/04/23 9:50:47 ET
Table 'Io III' 10-max Seat #5 is the button
Seat 5: SACHAVT ($79.40 in chips)
Seat 6: Agrotait ($72 in chips)
SACHAVT: posts small blind $1
Agrotait: posts big blind $3
*** HOLE CARDS ***
SACHAVT: folds
Uncalled bet ($2) returned to Agrotait
Agrotait collected $2 from pot
Agrotait: doesn't show hand
*** SUMMARY ***
Total pot $2 | Rake $0
Seat 5: SACHAVT (button) (small blind) folded before Flop
Seat 6: Agrotait (big blind) collected ($2)


PokerStars Hand #152325701256:  Hold'em Limit ($3/$6 USD) - 2016/04/23 9:50:02 ET
Table 'Io III' 10-max Seat #6 is the button
Seat 5: SACHAVT ($67.88 in chips)
Seat 6: Agrotait ($69 in chips)
Agrotait: posts small blind $1
SACHAVT: posts big blind $3
*** HOLE CARDS ***
Agrotait: raises $3 to $6
SACHAVT: calls $3
*** FLOP *** [As Kc Td]
SACHAVT: checks
Agrotait: bets $3
SACHAVT: raises $3 to $6
masterblstr8 joins the table at seat #7
Agrotait: calls $3
*** TURN *** [As Kc Td] [3c]
SACHAVT: bets $6
Agrotait: folds
Uncalled bet ($6) returned to SACHAVT
SACHAVT collected $23.52 from pot
SACHAVT: doesn't show hand
*** SUMMARY ***
Total pot $24 | Rake $0.48
Board [As Kc Td 3c]
Seat 5: SACHAVT (big blind) collected ($23.52)
Seat 6: Agrotait (button) (small blind) folded on the Turn


PokerStars Hand #152325977076:  Hold'em Limit ($3/$6 USD) - 2016/04/23 9:57:35 ET
Table 'Io III' 10-max Seat #5 is the button
Seat 5: SACHAVT ($34 in chips)
Seat 6: Agrotait ($158.15 in chips)
SACHAVT: posts small blind $1
Agrotait: posts big blind $3
*** HOLE CARDS ***
SACHAVT: raises $3 to $6
Agrotait: calls $3
*** FLOP *** [7c 7h Kc]
Agrotait: checks
SACHAVT: bets $3
Agrotait: raises $3 to $6
SACHAVT: calls $3
*** TURN *** [7c 7h Kc] [2c]
Agrotait: checks
SACHAVT: checks
*** RIVER *** [7c 7h Kc 2c] [Jh]
Agrotait: bets $6
SACHAVT: calls $6
*** SHOW DOWN ***
Agrotait: shows [Kh 4h] (two pair, Kings and Sevens)
SACHAVT: mucks hand
Agrotait collected $35.50 from pot
*** SUMMARY ***
Total pot $36 | Rake $0.50
Board [7c 7h Kc 2c Jh]
Seat 5: SACHAVT (button) (small blind) mucked
Seat 6: Agrotait (big blind) showed [Kh 4h] and won ($35.50) with two pair, Kings and Sevens


PokerStars Hand #152325973722:  Hold'em Limit ($3/$6 USD) - 2016/04/23 9:57:29 ET
Table 'Io III' 10-max Seat #6 is the button
Seat 5: SACHAVT ($37 in chips)
Seat 6: Agrotait ($155.15 in chips)
Agrotait: posts small blind $1
hookonhook leaves the table
masterblstr8: is sitting out
SACHAVT: posts big blind $3
*** HOLE CARDS ***
Agrotait: raises $3 to $6
SACHAVT: folds
Uncalled bet ($3) returned to Agrotait
Agrotait collected $6 from pot
Agrotait: doesn't show hand
*** SUMMARY ***
Total pot $6 | Rake $0
Seat 5: SACHAVT (big blind) folded before Flop
Seat 6: Agrotait (button) (small blind) collected ($6)


