PokerStars Hand #154767499171:  Hold'em Limit ($3/$6 USD) - 2016/06/15 11:17:07 ET
Table 'Io II' 6-max Seat #2 is the button
Seat 2: BIZE Terence ($188.06 in chips)
Seat 5: B_loJkl ($132.60 in chips)
BIZE Terence: posts small blind $1
krossguard: is sitting out
liolilove was removed from the table for failing to post
B_loJkl: posts big blind $3
*** HOLE CARDS ***
BIZE Terence: raises $3 to $6
B_loJkl: folds
Uncalled bet ($3) returned to BIZE Terence
BIZE Terence collected $6 from pot
BIZE Terence: doesn't show hand
*** SUMMARY ***
Total pot $6 | Rake $0
Seat 2: BIZE Terence (button) (small blind) collected ($6)
Seat 5: B_loJkl (big blind) folded before Flop


PokerStars Hand #154767524120:  Hold'em Limit ($3/$6 USD) - 2016/06/15 11:17:49 ET
Table 'Io II' 6-max Seat #2 is the button
Seat 2: BIZE Terence ($205.56 in chips)
Seat 5: B_loJkl ($114.60 in chips)
BIZE Terence: posts small blind $1
B_loJkl: posts big blind $3
*** HOLE CARDS ***
krossguard leaves the table
BIZE Terence: folds
Uncalled bet ($2) returned to B_loJkl
B_loJkl collected $2 from pot
B_loJkl: doesn't show hand
*** SUMMARY ***
Total pot $2 | Rake $0
Seat 2: BIZE Terence (button) (small blind) folded before Flop
Seat 5: B_loJkl (big blind) collected ($2)


PokerStars Hand #154767507426:  Hold'em Limit ($3/$6 USD) - 2016/06/15 11:17:21 ET
Table 'Io II' 6-max Seat #5 is the button
Seat 2: BIZE Terence ($191.06 in chips)
Seat 5: B_loJkl ($129.60 in chips)
B_loJkl: posts small blind $1
BIZE Terence: posts big blind $3
*** HOLE CARDS ***
B_loJkl: raises $3 to $6
BIZE Terence: calls $3
*** FLOP *** [6h Jh Qs]
BIZE Terence: checks
B_loJkl: bets $3
BIZE Terence: calls $3
*** TURN *** [6h Jh Qs] [Jc]
BIZE Terence: checks
B_loJkl: bets $6
liolilove joins the table at seat #4
BIZE Terence: calls $6
*** RIVER *** [6h Jh Qs Jc] [Ac]
BIZE Terence: checks
B_loJkl: checks
*** SHOW DOWN ***
BIZE Terence: shows [5s Qd] (two pair, Queens and Jacks)
B_loJkl: mucks hand
BIZE Terence collected $29.50 from pot
*** SUMMARY ***
Total pot $30 | Rake $0.50
Board [6h Jh Qs Jc Ac]
Seat 2: BIZE Terence (big blind) showed [5s Qd] and won ($29.50) with two pair, Queens and Jacks
Seat 5: B_loJkl (button) (small blind) mucked


PokerStars Hand #154767779015:  Hold'em Limit ($3/$6 USD) - 2016/06/15 11:24:55 ET
Table 'Io II' 6-max Seat #1 is the button
Seat 1: poker111141 ($77.93 in chips)
Seat 2: kolaz03 ($72 in chips)
poker111141: posts small blind $1
kolaz03: posts big blind $3
*** HOLE CARDS ***
poker111141: calls $2
kolaz03: checks
*** FLOP *** [4c Ts 7d]
kolaz03: checks
poker111141: bets $3
kolaz03: folds
Uncalled bet ($3) returned to poker111141
poker111141 collected $5.88 from pot
poker111141: doesn't show hand
*** SUMMARY ***
Total pot $6 | Rake $0.12
Board [4c Ts 7d]
Seat 1: poker111141 (button) (small blind) collected ($5.88)
Seat 2: kolaz03 (big blind) folded on the Flop


PokerStars Hand #154767764496:  Hold'em Limit ($3/$6 USD) - 2016/06/15 11:24:31 ET
Table 'Io II' 6-max Seat #2 is the button
Seat 1: poker111141 ($48.43 in chips)
Seat 2: kolaz03 ($78.76 in chips)
kolaz03: posts small blind $1
poker111141: posts big blind $3
*** HOLE CARDS ***
kolaz03: raises $3 to $6
poker111141: raises $3 to $9
kolaz03: calls $3
*** FLOP *** [9c 3d 4c]
poker111141: bets $3
kolaz03: calls $3
*** TURN *** [9c 3d 4c] [6d]
poker111141: bets $6
kolaz03: raises $6 to $12
poker111141: calls $6
*** RIVER *** [9c 3d 4c 6d] [Th]
poker111141: bets $6
kolaz03: calls $6
*** SHOW DOWN ***
poker111141: shows [9s Ts] (two pair, Tens and Nines)
kolaz03: mucks hand
poker111141 collected $59.50 from pot
*** SUMMARY ***
Total pot $60 | Rake $0.50
Board [9c 3d 4c 6d Th]
Seat 1: poker111141 (big blind) showed [9s Ts] and won ($59.50) with two pair, Tens and Nines
Seat 2: kolaz03 (button) (small blind) mucked


PokerStars Hand #154767761428:  Hold'em Limit ($3/$6 USD) - 2016/06/15 11:24:26 ET
Table 'Io II' 6-max Seat #1 is the button
Seat 1: poker111141 ($49.43 in chips)
Seat 2: kolaz03 ($77.76 in chips)
poker111141: posts small blind $1
kolaz03: posts big blind $3
*** HOLE CARDS ***
poker111141: folds
Uncalled bet ($2) returned to kolaz03
kolaz03 collected $2 from pot
kolaz03: doesn't show hand
*** SUMMARY ***
Total pot $2 | Rake $0
Seat 1: poker111141 (button) (small blind) folded before Flop
Seat 2: kolaz03 (big blind) collected ($2)


PokerStars Hand #154767752940:  Hold'em Limit ($3/$6 USD) - 2016/06/15 11:24:12 ET
Table 'Io II' 6-max Seat #2 is the button
Seat 1: poker111141 ($55.43 in chips)
Seat 2: kolaz03 ($72 in chips)
kolaz03: posts small blind $1
Ale4o: is sitting out
B_loJkl: is sitting out
poker111141: posts big blind $3
*** HOLE CARDS ***
kolaz03: raises $3 to $6
poker111141: calls $3
*** FLOP *** [As 8s 9h]
poker111141: checks
kolaz03: bets $3
poker111141: folds
Uncalled bet ($3) returned to kolaz03
kolaz03 collected $11.76 from pot
kolaz03: doesn't show hand
*** SUMMARY ***
Total pot $12 | Rake $0.24
Board [As 8s 9h]
Seat 1: poker111141 (big blind) folded on the Flop
Seat 2: kolaz03 (button) (small blind) collected ($11.76)


PokerStars Hand #154767807228:  Hold'em Limit ($3/$6 USD) - 2016/06/15 11:25:42 ET
Table 'Io II' 6-max Seat #1 is the button
Seat 1: poker111141 ($87.45 in chips)
Seat 2: kolaz03 ($75 in chips)
poker111141: posts small blind $1
kolaz03: posts big blind $3
*** HOLE CARDS ***
poker111141: raises $3 to $6
kolaz03: calls $3
*** FLOP *** [8s Qs 5h]
kolaz03: checks
poker111141: bets $3
kolaz03: calls $3
*** TURN *** [8s Qs 5h] [9h]
kolaz03: checks
poker111141: bets $6
kolaz03: calls $6
*** RIVER *** [8s Qs 5h 9h] [5c]
kolaz03: bets $6
poker111141: calls $6
*** SHOW DOWN ***
kolaz03: shows [7s 9c] (two pair, Nines and Fives)
poker111141: mucks hand
kolaz03 collected $41.50 from pot
*** SUMMARY ***
Total pot $42 | Rake $0.50
Board [8s Qs 5h 9h 5c]
Seat 1: poker111141 (button) (small blind) mucked
Seat 2: kolaz03 (big blind) showed [7s 9c] and won ($41.50) with two pair, Nines and Fives


PokerStars Hand #154767803397:  Hold'em Limit ($3/$6 USD) - 2016/06/15 11:25:36 ET
Table 'Io II' 6-max Seat #2 is the button
Seat 1: poker111141 ($90.45 in chips)
Seat 2: kolaz03 ($72 in chips)
kolaz03: posts small blind $1
poker111141: posts big blind $3
*** HOLE CARDS ***
kolaz03: raises $3 to $6
poker111141: folds
Uncalled bet ($3) returned to kolaz03
kolaz03 collected $6 from pot
kolaz03: doesn't show hand
*** SUMMARY ***
Total pot $6 | Rake $0
Seat 1: poker111141 (big blind) folded before Flop
Seat 2: kolaz03 (button) (small blind) collected ($6)


PokerStars Hand #154767791688:  Hold'em Limit ($3/$6 USD) - 2016/06/15 11:25:16 ET
Table 'Io II' 6-max Seat #1 is the button
Seat 1: poker111141 ($81.81 in chips)
Seat 2: kolaz03 ($72 in chips)
poker111141: posts small blind $1
kolaz03: posts big blind $3
*** HOLE CARDS ***
poker111141: raises $3 to $6
kolaz03: calls $3
*** FLOP *** [4h 8h 7c]
kolaz03: checks
poker111141: bets $3
kolaz03: calls $3
*** TURN *** [4h 8h 7c] [2s]
kolaz03: checks
poker111141: checks
*** RIVER *** [4h 8h 7c 2s] [Js]
kolaz03: checks
poker111141: bets $6
kolaz03: folds
Uncalled bet ($6) returned to poker111141
poker111141 collected $17.64 from pot
poker111141: doesn't show hand
*** SUMMARY ***
Total pot $18 | Rake $0.36
Board [4h 8h 7c 2s Js]
Seat 1: poker111141 (button) (small blind) collected ($17.64)
Seat 2: kolaz03 (big blind) folded on the River


PokerStars Hand #154767786600:  Hold'em Limit ($3/$6 USD) - 2016/06/15 11:25:08 ET
Table 'Io II' 6-max Seat #2 is the button
Seat 1: poker111141 ($80.81 in chips)
Seat 2: kolaz03 ($72 in chips)
kolaz03: posts small blind $1
poker111141: posts big blind $3
*** HOLE CARDS ***
kolaz03: folds
Uncalled bet ($2) returned to poker111141
poker111141 collected $2 from pot
poker111141: doesn't show hand
*** SUMMARY ***
Total pot $2 | Rake $0
Seat 1: poker111141 (big blind) collected ($2)
Seat 2: kolaz03 (button) (small blind) folded before Flop


PokerStars Hand #154767836392:  Hold'em Limit ($3/$6 USD) - 2016/06/15 11:26:31 ET
Table 'Io II' 6-max Seat #1 is the button
Seat 1: poker111141 ($77.97 in chips)
Seat 2: kolaz03 ($83.50 in chips)
poker111141: posts small blind $1
kolaz03: posts big blind $3
*** HOLE CARDS ***
BIZE Terence joins the table at seat #5
poker111141: raises $3 to $6
AllandAllAA leaves the table
kolaz03: calls $3
*** FLOP *** [Kd 3d 2d]
kolaz03: checks
poker111141: bets $3
kolaz03: raises $3 to $6
poker111141: calls $3
*** TURN *** [Kd 3d 2d] [4c]
kolaz03: bets $6
poker111141: folds
Uncalled bet ($6) returned to kolaz03
kolaz03 collected $23.52 from pot
kolaz03: doesn't show hand
*** SUMMARY ***
Total pot $24 | Rake $0.48
Board [Kd 3d 2d 4c]
Seat 1: poker111141 (button) (small blind) folded on the Turn
Seat 2: kolaz03 (big blind) collected ($23.52)


PokerStars Hand #154767824420:  Hold'em Limit ($3/$6 USD) - 2016/06/15 11:26:11 ET
Table 'Io II' 6-max Seat #2 is the button
Seat 1: poker111141 ($66.45 in chips)
Seat 2: kolaz03 ($95.50 in chips)
kolaz03: posts small blind $1
liolilove was removed from the table for failing to post
poker111141: posts big blind $3
*** HOLE CARDS ***
Ale4o leaves the table
kolaz03: raises $3 to $6
LolDnkaments joins the table at seat #4
poker111141: raises $3 to $9
kolaz03: calls $3
*** FLOP *** [Kd Js Qd]
poker111141: bets $3
kolaz03: calls $3
*** TURN *** [Kd Js Qd] [5h]
B_loJkl leaves the table
poker111141: bets $6
kolaz03: folds
Uncalled bet ($6) returned to poker111141
poker111141 collected $23.52 from pot
poker111141: doesn't show hand
*** SUMMARY ***
Total pot $24 | Rake $0.48
Board [Kd Js Qd 5h]
Seat 1: poker111141 (big blind) collected ($23.52)
Seat 2: kolaz03 (button) (small blind) folded on the Turn


PokerStars Hand #154769467455:  Hold'em Limit ($3/$6 USD) - 2016/06/15 12:10:23 ET
Table 'Io II' 6-max Seat #5 is the button
Seat 4: B_loJkl ($295.48 in chips)
Seat 5: BIZE Terence ($170.40 in chips)
BIZE Terence: posts small blind $1
Uhadmebeat: is sitting out
B_loJkl: posts big blind $3
*** HOLE CARDS ***
BIZE Terence: raises $3 to $6
Uhadmebeat leaves the table
B_loJkl: raises $3 to $9
BIZE Terence: calls $3
*** FLOP *** [3d 9s 6s]
B_loJkl: bets $3
BIZE Terence: calls $3
*** TURN *** [3d 9s 6s] [8c]
B_loJkl: checks
BIZE Terence: bets $6
B_loJkl: calls $6
*** RIVER *** [3d 9s 6s 8c] [9c]
B_loJkl: checks
BIZE Terence: checks
*** SHOW DOWN ***
B_loJkl: shows [4h 4c] (two pair, Nines and Fours)
BIZE Terence: mucks hand
B_loJkl collected $35.50 from pot
*** SUMMARY ***
Total pot $36 | Rake $0.50
Board [3d 9s 6s 8c 9c]
Seat 4: B_loJkl (big blind) showed [4h 4c] and won ($35.50) with two pair, Nines and Fours
Seat 5: BIZE Terence (button) (small blind) mucked


