PokerStars Hand #167085235914:  Hold'em Limit ($3/$6 USD) - 2017/03/04 3:10:31 ET
Table 'Io' 6-max Seat #1 is the button
Seat 1: VolkovDmitri ($120 in chips)
Seat 3: yeayeaitsME ($36.43 in chips)
VolkovDmitri: posts small blind $1
yeayeaitsME: posts big blind $3
*** HOLE CARDS ***
VolkovDmitri: raises $3 to $6
yeayeaitsME: calls $3
*** FLOP *** [Qh Kd 6c]
yeayeaitsME: checks
VolkovDmitri: bets $3
yeayeaitsME: calls $3
*** TURN *** [Qh Kd 6c] [Qs]
yeayeaitsME: checks
asce1415 joins the table at seat #2
VolkovDmitri: checks
*** RIVER *** [Qh Kd 6c Qs] [6s]
yeayeaitsME: bets $6
VolkovDmitri: folds
Uncalled bet ($6) returned to yeayeaitsME
yeayeaitsME collected $17.64 from pot
yeayeaitsME: doesn't show hand
*** SUMMARY ***
Total pot $18 | Rake $0.36
Board [Qh Kd 6c Qs 6s]
Seat 1: VolkovDmitri (button) (small blind) folded on the River
Seat 3: yeayeaitsME (big blind) collected ($17.64)


PokerStars Hand #167087772500:  Hold'em Limit ($3/$6 USD) - 2017/03/04 5:06:00 ET
Table 'Io' 6-max Seat #6 is the button
Seat 5: Chessnok ($228.37 in chips)
Seat 6: kudongo ($74.14 in chips)
kudongo: posts small blind $1
Pelurile: is sitting out
AzureCaper: is sitting out
Chessnok: posts big blind $3
*** HOLE CARDS ***
kudongo: raises $3 to $6
Chessnok: calls $3
*** FLOP *** [7c 5s Ac]
Chessnok: checks
AzureCaper leaves the table
kudongo: bets $3
Chessnok: calls $3
*** TURN *** [7c 5s Ac] [6s]
Chessnok: checks
kudongo: bets $6
Chessnok: calls $6
*** RIVER *** [7c 5s Ac 6s] [7s]
Chessnok: checks
kudongo: bets $6
Chessnok: calls $6
*** SHOW DOWN ***
kudongo: shows [7h Th] (three of a kind, Sevens)
Chessnok: mucks hand
kudongo collected $41.50 from pot
*** SUMMARY ***
Total pot $42 | Rake $0.50
Board [7c 5s Ac 6s 7s]
Seat 5: Chessnok (big blind) mucked
Seat 6: kudongo (button) (small blind) showed [7h Th] and won ($41.50) with three of a kind, Sevens


PokerStars Hand #167087798673:  Hold'em Limit ($3/$6 USD) - 2017/03/04 5:07:02 ET
Table 'Io' 6-max Seat #6 is the button
Seat 5: Chessnok ($228.87 in chips)
Seat 6: kudongo ($72.14 in chips)
kudongo: posts small blind $1
Chessnok: posts big blind $3
*** HOLE CARDS ***
kudongo: raises $3 to $6
Chessnok: raises $3 to $9
kudongo: calls $3
*** FLOP *** [7d 4h Ac]
Chessnok: bets $3
kudongo: raises $3 to $6
Chessnok: raises $3 to $9
kudongo: calls $3
*** TURN *** [7d 4h Ac] [6s]
Chessnok: bets $6
kudongo: folds
Uncalled bet ($6) returned to Chessnok
Chessnok collected $35.50 from pot
Chessnok: doesn't show hand
*** SUMMARY ***
Total pot $36 | Rake $0.50
Board [7d 4h Ac 6s]
Seat 5: Chessnok (big blind) collected ($35.50)
Seat 6: kudongo (button) (small blind) folded on the Turn


PokerStars Hand #167087780026:  Hold'em Limit ($3/$6 USD) - 2017/03/04 5:06:18 ET
Table 'Io' 6-max Seat #5 is the button
Seat 5: Chessnok ($207.37 in chips)
Seat 6: kudongo ($94.64 in chips)
Chessnok: posts small blind $1
kudongo: posts big blind $3
*** HOLE CARDS ***
Chessnok: raises $3 to $6
kudongo: calls $3
*** FLOP *** [7s 4s 9h]
kudongo: checks
Chessnok: bets $3
kudongo: raises $3 to $6
Chessnok: calls $3
*** TURN *** [7s 4s 9h] [5d]
kudongo: bets $6
Chessnok: raises $6 to $12
kudongo: calls $6
*** RIVER *** [7s 4s 9h 5d] [9d]
kudongo: bets $6
Chessnok: raises $6 to $12
kudongo: calls $6
*** SHOW DOWN ***
Chessnok: shows [6h 3h] (a straight, Three to Seven)
kudongo: mucks hand
Chessnok collected $71.50 from pot
*** SUMMARY ***
Total pot $72 | Rake $0.50
Board [7s 4s 9h 5d 9d]
Seat 5: Chessnok (button) (small blind) showed [6h 3h] and won ($71.50) with a straight, Three to Seven
Seat 6: kudongo (big blind) mucked


PokerStars Hand #167087788095:  Hold'em Limit ($3/$6 USD) - 2017/03/04 5:06:37 ET
Table 'Io' 6-max Seat #6 is the button
Seat 5: Chessnok ($242.87 in chips)
Seat 6: kudongo ($58.64 in chips)
kudongo: posts small blind $1
Chessnok: posts big blind $3
*** HOLE CARDS ***
kudongo: folds
Uncalled bet ($2) returned to Chessnok
Chessnok collected $2 from pot
Chessnok: doesn't show hand
*** SUMMARY ***
Total pot $2 | Rake $0
Seat 5: Chessnok (big blind) collected ($2)
Seat 6: kudongo (button) (small blind) folded before Flop


PokerStars Hand #167087806913:  Hold'em Limit ($3/$6 USD) - 2017/03/04 5:07:21 ET
Table 'Io' 6-max Seat #5 is the button
Seat 5: Chessnok ($246.37 in chips)
Seat 6: kudongo ($54.14 in chips)
Chessnok: posts small blind $1
kudongo: posts big blind $3
*** HOLE CARDS ***
Chessnok: folds
Uncalled bet ($2) returned to kudongo
kudongo collected $2 from pot
kudongo: doesn't show hand
*** SUMMARY ***
Total pot $2 | Rake $0
Seat 5: Chessnok (button) (small blind) folded before Flop
Seat 6: kudongo (big blind) collected ($2)


PokerStars Hand #167087790978:  Hold'em Limit ($3/$6 USD) - 2017/03/04 5:06:43 ET
Table 'Io' 6-max Seat #5 is the button
Seat 5: Chessnok ($243.87 in chips)
Seat 6: kudongo ($57.64 in chips)
Chessnok: posts small blind $1
kudongo: posts big blind $3
*** HOLE CARDS ***
Chessnok: raises $3 to $6
kudongo: calls $3
*** FLOP *** [As Kh 9h]
kudongo: checks
Chessnok: bets $3
kudongo: calls $3
*** TURN *** [As Kh 9h] [2s]
kudongo: checks
Chessnok: checks
*** RIVER *** [As Kh 9h 2s] [4d]
kudongo: bets $6
Chessnok: calls $6
*** SHOW DOWN ***
kudongo: shows [6s Kd] (a pair of Kings)
Chessnok: mucks hand
kudongo collected $29.50 from pot
*** SUMMARY ***
Total pot $30 | Rake $0.50
Board [As Kh 9h 2s 4d]
Seat 5: Chessnok (button) (small blind) mucked
Seat 6: kudongo (big blind) showed [6s Kd] and won ($29.50) with a pair of Kings


PokerStars Hand #167087821051:  Hold'em Limit ($3/$6 USD) - 2017/03/04 5:07:54 ET
Table 'Io' 6-max Seat #5 is the button
Seat 5: Chessnok ($224.37 in chips)
Seat 6: kudongo ($75.64 in chips)
Chessnok: posts small blind $1
kudongo: posts big blind $3
*** HOLE CARDS ***
Chessnok: folds
Uncalled bet ($2) returned to kudongo
kudongo collected $2 from pot
kudongo: doesn't show hand
*** SUMMARY ***
Total pot $2 | Rake $0
Seat 5: Chessnok (button) (small blind) folded before Flop
Seat 6: kudongo (big blind) collected ($2)


PokerStars Hand #167087808626:  Hold'em Limit ($3/$6 USD) - 2017/03/04 5:07:25 ET
Table 'Io' 6-max Seat #6 is the button
Seat 5: Chessnok ($245.37 in chips)
Seat 6: kudongo ($55.14 in chips)
kudongo: posts small blind $1
Chessnok: posts big blind $3
*** HOLE CARDS ***
kudongo: raises $3 to $6
Chessnok: calls $3
*** FLOP *** [Jc Th 4d]
Chessnok: checks
kudongo: bets $3
Chessnok: calls $3
*** TURN *** [Jc Th 4d] [4h]
Chessnok: checks
kudongo: bets $6
Chessnok: calls $6
*** RIVER *** [Jc Th 4d 4h] [4s]
Chessnok: checks
kudongo: bets $6
Chessnok: calls $6
*** SHOW DOWN ***
kudongo: shows [Ah 5h] (three of a kind, Fours)
Chessnok: mucks hand
kudongo collected $41.50 from pot
*** SUMMARY ***
Total pot $42 | Rake $0.50
Board [Jc Th 4d 4h 4s]
Seat 5: Chessnok (big blind) mucked
Seat 6: kudongo (button) (small blind) showed [Ah 5h] and won ($41.50) with three of a kind, Fours


PokerStars Hand #167087823166:  Hold'em Limit ($3/$6 USD) - 2017/03/04 5:07:59 ET
Table 'Io' 6-max Seat #6 is the button
Seat 5: Chessnok ($223.37 in chips)
Seat 6: kudongo ($76.64 in chips)
kudongo: posts small blind $1
Chessnok: posts big blind $3
*** HOLE CARDS ***
kudongo: raises $3 to $6
Chessnok: calls $3
*** FLOP *** [Kd Td 2c]
Chessnok: checks
kudongo: bets $3
Chessnok: raises $3 to $6
kudongo: raises $3 to $9
Chessnok: calls $3
*** TURN *** [Kd Td 2c] [Ts]
Chessnok: bets $6
kudongo: raises $6 to $12
Chessnok: raises $6 to $18
kudongo: raises $6 to $24
Betting is capped
Chessnok: calls $6
*** RIVER *** [Kd Td 2c Ts] [6d]
Chessnok: bets $6
kudongo: raises $6 to $12
Chessnok: raises $6 to $18
kudongo: raises $6 to $24
Betting is capped
Chessnok: calls $6
*** SHOW DOWN ***
kudongo: shows [Kc Ks] (a full house, Kings full of Tens)
Chessnok: mucks hand
kudongo collected $125.50 from pot
*** SUMMARY ***
Total pot $126 | Rake $0.50
Board [Kd Td 2c Ts 6d]
Seat 5: Chessnok (big blind) mucked
Seat 6: kudongo (button) (small blind) showed [Kc Ks] and won ($125.50) with a full house, Kings full of Tens


PokerStars Hand #167087837447:  Hold'em Limit ($3/$6 USD) - 2017/03/04 5:08:33 ET
Table 'Io' 6-max Seat #5 is the button
Seat 5: Chessnok ($160.37 in chips)
Seat 6: kudongo ($139.14 in chips)
Chessnok: posts small blind $1
kudongo: posts big blind $3
*** HOLE CARDS ***
Chessnok: raises $3 to $6
kudongo: calls $3
*** FLOP *** [Kh 7h 3s]
kudongo: checks
Chessnok: bets $3
kudongo: calls $3
*** TURN *** [Kh 7h 3s] [4s]
kudongo: checks
Chessnok: bets $6
kudongo: calls $6
*** RIVER *** [Kh 7h 3s 4s] [9d]
kudongo: checks
Chessnok: bets $6
kudongo: calls $6
*** SHOW DOWN ***
Chessnok: shows [9h 7c] (two pair, Nines and Sevens)
kudongo: mucks hand
Chessnok collected $41.50 from pot
*** SUMMARY ***
Total pot $42 | Rake $0.50
Board [Kh 7h 3s 4s 9d]
Seat 5: Chessnok (button) (small blind) showed [9h 7c] and won ($41.50) with two pair, Nines and Sevens
Seat 6: kudongo (big blind) mucked


PokerStars Hand #167087876281:  Hold'em Limit ($3/$6 USD) - 2017/03/04 5:10:03 ET
Table 'Io' 6-max Seat #6 is the button
Seat 5: Chessnok ($162.63 in chips)
Seat 6: kudongo ($135.64 in chips)
kudongo: posts small blind $1
Chessnok: posts big blind $3
*** HOLE CARDS ***
kudongo: calls $2
Chessnok: checks
*** FLOP *** [Ts Qd 9h]
Chessnok: checks
kudongo: checks
*** TURN *** [Ts Qd 9h] [4s]
Chessnok: checks
kudongo: checks
*** RIVER *** [Ts Qd 9h 4s] [Kc]
Chessnok: bets $6
kudongo: folds
Uncalled bet ($6) returned to Chessnok
Chessnok collected $5.88 from pot
Chessnok: doesn't show hand
*** SUMMARY ***
Total pot $6 | Rake $0.12
Board [Ts Qd 9h 4s Kc]
Seat 5: Chessnok (big blind) collected ($5.88)
Seat 6: kudongo (button) (small blind) folded on the River


PokerStars Hand #167087869984:  Hold'em Limit ($3/$6 USD) - 2017/03/04 5:09:49 ET
Table 'Io' 6-max Seat #5 is the button
Seat 5: Chessnok ($156.87 in chips)
Seat 6: kudongo ($141.64 in chips)
Chessnok: posts small blind $1
kudongo: posts big blind $3
*** HOLE CARDS ***
Chessnok: raises $3 to $6
kudongo: calls $3
*** FLOP *** [8s Ac 5c]
kudongo: checks
Chessnok: bets $3
kudongo: folds
Uncalled bet ($3) returned to Chessnok
Chessnok collected $11.76 from pot
Chessnok: doesn't show hand
*** SUMMARY ***
Total pot $12 | Rake $0.24
Board [8s Ac 5c]
Seat 5: Chessnok (button) (small blind) collected ($11.76)
Seat 6: kudongo (big blind) folded on the Flop


PokerStars Hand #167087864501:  Hold'em Limit ($3/$6 USD) - 2017/03/04 5:09:36 ET
Table 'Io' 6-max Seat #5 is the button
Seat 5: Chessnok ($156.87 in chips)
Seat 6: kudongo ($141.64 in chips)
Chessnok: posts small blind $1
kudongo: posts big blind $3
*** HOLE CARDS ***
Chessnok: raises $3 to $6
kudongo: folds
Uncalled bet ($3) returned to Chessnok
Chessnok collected $6 from pot
Chessnok: doesn't show hand
*** SUMMARY ***
Total pot $6 | Rake $0
Seat 5: Chessnok (button) (small blind) collected ($6)
Seat 6: kudongo (big blind) folded before Flop


PokerStars Hand #167087854472:  Hold'em Limit ($3/$6 USD) - 2017/03/04 5:09:13 ET
Table 'Io' 6-max Seat #6 is the button
Seat 5: Chessnok ($180.87 in chips)
Seat 6: kudongo ($118.14 in chips)
kudongo: posts small blind $1
Chessnok: posts big blind $3
*** HOLE CARDS ***
kudongo: raises $3 to $6
Chessnok: raises $3 to $9
kudongo: calls $3
*** FLOP *** [Th Ac 9c]
Chessnok: bets $3
kudongo: calls $3
*** TURN *** [Th Ac 9c] [As]
Chessnok: bets $6
kudongo: calls $6
*** RIVER *** [Th Ac 9c As] [3s]
Chessnok: checks
kudongo: bets $6
Chessnok: calls $6
*** SHOW DOWN ***
kudongo: shows [6h Ts] (two pair, Aces and Tens)
Chessnok: mucks hand
kudongo collected $47.50 from pot
*** SUMMARY ***
Total pot $48 | Rake $0.50
Board [Th Ac 9c As 3s]
Seat 5: Chessnok (big blind) mucked
Seat 6: kudongo (button) (small blind) showed [6h Ts] and won ($47.50) with two pair, Aces and Tens


PokerStars Hand #167087867317:  Hold'em Limit ($3/$6 USD) - 2017/03/04 5:09:43 ET
Table 'Io' 6-max Seat #6 is the button
Seat 5: Chessnok ($159.87 in chips)
Seat 6: kudongo ($138.64 in chips)
kudongo: posts small blind $1
Chessnok: posts big blind $3
*** HOLE CARDS ***
kudongo: raises $3 to $6
Chessnok: folds
Uncalled bet ($3) returned to kudongo
kudongo collected $6 from pot
kudongo: doesn't show hand
*** SUMMARY ***
Total pot $6 | Rake $0
Seat 5: Chessnok (big blind) folded before Flop
Seat 6: kudongo (button) (small blind) collected ($6)


PokerStars Hand #167087900135:  Hold'em Limit ($3/$6 USD) - 2017/03/04 5:10:59 ET
Table 'Io' 6-max Seat #5 is the button
Seat 5: Chessnok ($162.27 in chips)
Seat 6: kudongo ($135.28 in chips)
Chessnok: posts small blind $1
kudongo: posts big blind $3
*** HOLE CARDS ***
Chessnok: raises $3 to $6
kudongo: calls $3
*** FLOP *** [6s Ah Th]
kudongo: checks
Chessnok: bets $3
kudongo: folds
Uncalled bet ($3) returned to Chessnok
Chessnok collected $11.76 from pot
Chessnok: doesn't show hand
*** SUMMARY ***
Total pot $12 | Rake $0.24
Board [6s Ah Th]
Seat 5: Chessnok (button) (small blind) collected ($11.76)
Seat 6: kudongo (big blind) folded on the Flop


PokerStars Hand #167087892770:  Hold'em Limit ($3/$6 USD) - 2017/03/04 5:10:42 ET
Table 'Io' 6-max Seat #6 is the button
Seat 5: Chessnok ($156.51 in chips)
Seat 6: kudongo ($141.28 in chips)
kudongo: posts small blind $1
Chessnok: posts big blind $3
*** HOLE CARDS ***
kudongo: calls $2
Chessnok: raises $3 to $6
kudongo: calls $3
*** FLOP *** [As Ts 8s]
Chessnok: bets $3
kudongo: folds
Uncalled bet ($3) returned to Chessnok
Chessnok collected $11.76 from pot
Chessnok: doesn't show hand
*** SUMMARY ***
Total pot $12 | Rake $0.24
Board [As Ts 8s]
Seat 5: Chessnok (big blind) collected ($11.76)
Seat 6: kudongo (button) (small blind) folded on the Flop


PokerStars Hand #167087912635:  Hold'em Limit ($3/$6 USD) - 2017/03/04 5:11:28 ET
Table 'Io' 6-max Seat #6 is the button
Seat 5: Chessnok ($170.79 in chips)
Seat 6: kudongo ($126.28 in chips)
kudongo: posts small blind $1
Chessnok: posts big blind $3
*** HOLE CARDS ***
kudongo: raises $3 to $6
Chessnok: folds
Uncalled bet ($3) returned to kudongo
kudongo collected $6 from pot
kudongo: doesn't show hand
*** SUMMARY ***
Total pot $6 | Rake $0
Seat 5: Chessnok (big blind) folded before Flop
Seat 6: kudongo (button) (small blind) collected ($6)


PokerStars Hand #167087907463:  Hold'em Limit ($3/$6 USD) - 2017/03/04 5:11:16 ET
Table 'Io' 6-max Seat #5 is the button
Seat 5: Chessnok ($165.03 in chips)
Seat 6: kudongo ($132.28 in chips)
Chessnok: posts small blind $1
kudongo: posts big blind $3
*** HOLE CARDS ***
Chessnok: raises $3 to $6
kudongo: calls $3
*** FLOP *** [7c 8h Qd]
kudongo: checks
Chessnok: bets $3
kudongo: folds
Uncalled bet ($3) returned to Chessnok
Chessnok collected $11.76 from pot
Chessnok: doesn't show hand
*** SUMMARY ***
Total pot $12 | Rake $0.24
Board [7c 8h Qd]
Seat 5: Chessnok (button) (small blind) collected ($11.76)
Seat 6: kudongo (big blind) folded on the Flop


PokerStars Hand #167087905060:  Hold'em Limit ($3/$6 USD) - 2017/03/04 5:11:10 ET
Table 'Io' 6-max Seat #6 is the button
Seat 5: Chessnok ($168.03 in chips)
Seat 6: kudongo ($129.28 in chips)
kudongo: posts small blind $1
Chessnok: posts big blind $3
*** HOLE CARDS ***
kudongo: raises $3 to $6
Chessnok: folds
Uncalled bet ($3) returned to kudongo
kudongo collected $6 from pot
kudongo: doesn't show hand
*** SUMMARY ***
Total pot $6 | Rake $0
Seat 5: Chessnok (big blind) folded before Flop
Seat 6: kudongo (button) (small blind) collected ($6)


PokerStars Hand #167087883544:  Hold'em Limit ($3/$6 USD) - 2017/03/04 5:10:20 ET
Table 'Io' 6-max Seat #5 is the button
Seat 5: Chessnok ($165.51 in chips)
Seat 6: kudongo ($132.64 in chips)
Chessnok: posts small blind $1
kudongo: posts big blind $3
*** HOLE CARDS ***
Chessnok: raises $3 to $6
kudongo: calls $3
*** FLOP *** [Th 7d 4c]
kudongo: checks
Chessnok: bets $3
kudongo: calls $3
*** TURN *** [Th 7d 4c] [5s]
kudongo: checks
Chessnok: checks
*** RIVER *** [Th 7d 4c 5s] [Jc]
kudongo: checks
Chessnok: checks
*** SHOW DOWN ***
kudongo: shows [Kh 2h] (high card King)
Chessnok: mucks hand
kudongo collected $17.64 from pot
*** SUMMARY ***
Total pot $18 | Rake $0.36
Board [Th 7d 4c 5s Jc]
Seat 5: Chessnok (button) (small blind) mucked
Seat 6: kudongo (big blind) showed [Kh 2h] and won ($17.64) with high card King


PokerStars Hand #167087915331:  Hold'em Limit ($3/$6 USD) - 2017/03/04 5:11:34 ET
Table 'Io' 6-max Seat #5 is the button
Seat 5: Chessnok ($167.79 in chips)
Seat 6: kudongo ($129.28 in chips)
Chessnok: posts small blind $1
kudongo: posts big blind $3
*** HOLE CARDS ***
Chessnok: raises $3 to $6
Fabulous108 joins the table at seat #1
kudongo: calls $3
*** FLOP *** [8d 9h Ks]
kudongo: checks
Chessnok: checks
*** TURN *** [8d 9h Ks] [6s]
kudongo: checks
Chessnok: checks
*** RIVER *** [8d 9h Ks 6s] [3h]
kudongo: bets $6
Chessnok: calls $6
*** SHOW DOWN ***
kudongo: shows [As 4h] (high card Ace)
Chessnok: mucks hand
kudongo collected $23.52 from pot
*** SUMMARY ***
Total pot $24 | Rake $0.48
Board [8d 9h Ks 6s 3h]
Seat 5: Chessnok (button) (small blind) mucked
Seat 6: kudongo (big blind) showed [As 4h] and won ($23.52) with high card Ace


PokerStars Hand #167089050924:  Hold'em Limit ($3/$6 USD) - 2017/03/04 5:54:09 ET
Table 'Io' 6-max Seat #6 is the button
Seat 5: Chessnok ($168.30 in chips)
Seat 6: kudongo ($73.24 in chips)
kudongo: posts small blind $1
Agrotait: is sitting out
Pelurile: is sitting out
Chessnok: posts big blind $3
*** HOLE CARDS ***
kudongo: folds
Uncalled bet ($2) returned to Chessnok
Chessnok collected $2 from pot
Chessnok: doesn't show hand
*** SUMMARY ***
Total pot $2 | Rake $0
Seat 5: Chessnok (big blind) collected ($2)
Seat 6: kudongo (button) (small blind) folded before Flop


PokerStars Hand #167089053516:  Hold'em Limit ($3/$6 USD) - 2017/03/04 5:54:14 ET
Table 'Io' 6-max Seat #5 is the button
Seat 5: Chessnok ($169.30 in chips)
Seat 6: kudongo ($72.24 in chips)
Chessnok: posts small blind $1
kudongo: posts big blind $3
*** HOLE CARDS ***
Chessnok: raises $3 to $6
Agrotait leaves the table
kudongo: calls $3
*** FLOP *** [Qc Kd 8d]
kudongo: checks
Chessnok: bets $3
kudongo: folds
Uncalled bet ($3) returned to Chessnok
Chessnok collected $11.76 from pot
Chessnok: doesn't show hand
*** SUMMARY ***
Total pot $12 | Rake $0.24
Board [Qc Kd 8d]
Seat 5: Chessnok (button) (small blind) collected ($11.76)
Seat 6: kudongo (big blind) folded on the Flop


PokerStars Hand #167089059325:  Hold'em Limit ($3/$6 USD) - 2017/03/04 5:54:27 ET
Table 'Io' 6-max Seat #6 is the button
Seat 5: Chessnok ($175.06 in chips)
Seat 6: kudongo ($66.24 in chips)
kudongo: posts small blind $1
Chessnok: posts big blind $3
*** HOLE CARDS ***
kudongo: raises $3 to $6
Chessnok: raises $3 to $9
kudongo: raises $3 to $12
Betting is capped
Chessnok: calls $3
*** FLOP *** [4d Ts Jh]
Chessnok: checks
Boxer-Carlo leaves the table
kudongo: bets $3
Chessnok: raises $3 to $6
kudongo: calls $3
*** TURN *** [4d Ts Jh] [Jc]
Chessnok: bets $6
kudongo: folds
Uncalled bet ($6) returned to Chessnok
Chessnok collected $35.50 from pot
Chessnok: doesn't show hand
*** SUMMARY ***
Total pot $36 | Rake $0.50
Board [4d Ts Jh Jc]
Seat 5: Chessnok (big blind) collected ($35.50)
Seat 6: kudongo (button) (small blind) folded on the Turn


PokerStars Hand #167089082422:  Hold'em Limit ($3/$6 USD) - 2017/03/04 5:55:19 ET
Table 'Io' 6-max Seat #5 is the button
Seat 5: Chessnok ($169.56 in chips)
Seat 6: kudongo ($70.74 in chips)
Chessnok: posts small blind $1
kudongo: posts big blind $3
*** HOLE CARDS ***
KIT426 joins the table at seat #4
Chessnok: folds
Uncalled bet ($2) returned to kudongo
kudongo collected $2 from pot
kudongo: doesn't show hand
*** SUMMARY ***
Total pot $2 | Rake $0
Seat 5: Chessnok (button) (small blind) folded before Flop
Seat 6: kudongo (big blind) collected ($2)


PokerStars Hand #167089080228:  Hold'em Limit ($3/$6 USD) - 2017/03/04 5:55:14 ET
Table 'Io' 6-max Seat #6 is the button
Seat 5: Chessnok ($168.56 in chips)
Seat 6: kudongo ($71.74 in chips)
kudongo: posts small blind $1
Chessnok: posts big blind $3
*** HOLE CARDS ***
kudongo: folds
Uncalled bet ($2) returned to Chessnok
Chessnok collected $2 from pot
Chessnok: doesn't show hand
nimzon joins the table at seat #1
*** SUMMARY ***
Total pot $2 | Rake $0
Seat 5: Chessnok (big blind) collected ($2)
Seat 6: kudongo (button) (small blind) folded before Flop


PokerStars Hand #167089068611:  Hold'em Limit ($3/$6 USD) - 2017/03/04 5:54:47 ET
Table 'Io' 6-max Seat #5 is the button
Seat 5: Chessnok ($192.56 in chips)
Seat 6: kudongo ($48.24 in chips)
Chessnok: posts small blind $1
kudongo: posts big blind $3
*** HOLE CARDS ***
Chessnok: raises $3 to $6
kudongo: calls $3
*** FLOP *** [3d 8s 2s]
kudongo: checks
Chessnok: bets $3
kudongo: raises $3 to $6
Chessnok: calls $3
*** TURN *** [3d 8s 2s] [7s]
kudongo: bets $6
Chessnok: calls $6
*** RIVER *** [3d 8s 2s 7s] [Jh]
kudongo: checks
Chessnok: bets $6
kudongo: calls $6
*** SHOW DOWN ***
Chessnok: shows [As 7d] (a pair of Sevens)
kudongo: shows [8d Ts] (a pair of Eights)
kudongo collected $47.50 from pot
*** SUMMARY ***
Total pot $48 | Rake $0.50
Board [3d 8s 2s 7s Jh]
Seat 5: Chessnok (button) (small blind) showed [As 7d] and lost with a pair of Sevens
Seat 6: kudongo (big blind) showed [8d Ts] and won ($47.50) with a pair of Eights


PokerStars Hand #167089154568:  Hold'em Limit ($3/$6 USD) - 2017/03/04 5:58:18 ET
Table 'Io' 6-max Seat #6 is the button
Seat 5: Chessnok ($200.42 in chips)
Seat 6: kudongo ($53.18 in chips)
kudongo: posts small blind $1
Chessnok: posts big blind $3
*** HOLE CARDS ***
kudongo: folds
Uncalled bet ($2) returned to Chessnok
Chessnok collected $2 from pot
Chessnok: doesn't show hand
*** SUMMARY ***
Total pot $2 | Rake $0
Seat 5: Chessnok (big blind) collected ($2)
Seat 6: kudongo (button) (small blind) folded before Flop


PokerStars Hand #167089164774:  Hold'em Limit ($3/$6 USD) - 2017/03/04 5:58:42 ET
Table 'Io' 6-max Seat #6 is the button
Seat 5: Chessnok ($165.42 in chips)
Seat 6: kudongo ($87.68 in chips)
kudongo: posts small blind $1
Chessnok: posts big blind $3
*** HOLE CARDS ***
kudongo: raises $3 to $6
Chessnok: calls $3
*** FLOP *** [Kh 5d 6s]
Chessnok: checks
kudongo: bets $3
Chessnok: calls $3
*** TURN *** [Kh 5d 6s] [9d]
Chessnok: checks
kudongo: bets $6
Chessnok: calls $6
*** RIVER *** [Kh 5d 6s 9d] [6d]
Chessnok: checks
kudongo: checks
*** SHOW DOWN ***
Chessnok: shows [Jc Qs] (a pair of Sixes)
kudongo: shows [Qd Ah] (a pair of Sixes - Ace kicker)
kudongo collected $29.50 from pot
*** SUMMARY ***
Total pot $30 | Rake $0.50
Board [Kh 5d 6s 9d 6d]
Seat 5: Chessnok (big blind) showed [Jc Qs] and lost with a pair of Sixes
Seat 6: kudongo (button) (small blind) showed [Qd Ah] and won ($29.50) with a pair of Sixes


PokerStars Hand #167089156565:  Hold'em Limit ($3/$6 USD) - 2017/03/04 5:58:23 ET
Table 'Io' 6-max Seat #5 is the button
Seat 5: Chessnok ($201.42 in chips)
Seat 6: kudongo ($52.18 in chips)
Chessnok: posts small blind $1
kudongo: posts big blind $3
*** HOLE CARDS ***
Chessnok: raises $3 to $6
kudongo: raises $3 to $9
Chessnok: calls $3
*** FLOP *** [Qh 5s Ts]
kudongo: bets $3
Chessnok: calls $3
*** TURN *** [Qh 5s Ts] [2c]
kudongo: bets $6
Chessnok: raises $6 to $12
kudongo: raises $6 to $18
Chessnok: calls $6
*** RIVER *** [Qh 5s Ts 2c] [Ac]
kudongo: bets $6
Chessnok: calls $6
*** SHOW DOWN ***
kudongo: shows [Ah Ad] (three of a kind, Aces)
Chessnok: mucks hand
kudongo collected $71.50 from pot
*** SUMMARY ***
Total pot $72 | Rake $0.50
Board [Qh 5s Ts 2c Ac]
Seat 5: Chessnok (button) (small blind) mucked
Seat 6: kudongo (big blind) showed [Ah Ad] and won ($71.50) with three of a kind, Aces


PokerStars Hand #167089172900:  Hold'em Limit ($3/$6 USD) - 2017/03/04 5:59:02 ET
Table 'Io' 6-max Seat #5 is the button
Seat 5: Chessnok ($150.42 in chips)
Seat 6: kudongo ($102.18 in chips)
Chessnok: posts small blind $1
kudongo: posts big blind $3
*** HOLE CARDS ***
Chessnok: raises $3 to $6
kudongo: calls $3
*** FLOP *** [Td Qh 2d]
kudongo: checks
Chessnok: bets $3
Pelurile leaves the table
kudongo: calls $3
*** TURN *** [Td Qh 2d] [2h]
kudongo: checks
Chessnok: bets $6
kudongo: calls $6
*** RIVER *** [Td Qh 2d 2h] [7d]
kudongo: checks
Chessnok: bets $6
kudongo: calls $6
*** SHOW DOWN ***
Chessnok: shows [Qd Th] (two pair, Queens and Tens)
kudongo: mucks hand
Chessnok collected $41.50 from pot
*** SUMMARY ***
Total pot $42 | Rake $0.50
Board [Td Qh 2d 2h 7d]
Seat 5: Chessnok (button) (small blind) showed [Qd Th] and won ($41.50) with two pair, Queens and Tens
Seat 6: kudongo (big blind) mucked


PokerStars Hand #167089184237:  Hold'em Limit ($3/$6 USD) - 2017/03/04 5:59:30 ET
Table 'Io' 6-max Seat #6 is the button
Seat 5: Chessnok ($170.92 in chips)
Seat 6: kudongo ($81.18 in chips)
kudongo: posts small blind $1
Chessnok: posts big blind $3
*** HOLE CARDS ***
kudongo: raises $3 to $6
Chessnok: calls $3
*** FLOP *** [8d 2c 8h]
Chessnok: checks
kudongo: bets $3
Chessnok: calls $3
*** TURN *** [8d 2c 8h] [Qd]
Chessnok: checks
kudongo: checks
*** RIVER *** [8d 2c 8h Qd] [2d]
Chessnok: bets $6
kudongo: folds
Uncalled bet ($6) returned to Chessnok
Chessnok collected $17.64 from pot
Chessnok: doesn't show hand
*** SUMMARY ***
Total pot $18 | Rake $0.36
Board [8d 2c 8h Qd 2d]
Seat 5: Chessnok (big blind) collected ($17.64)
Seat 6: kudongo (button) (small blind) folded on the River


PokerStars Hand #167089191968:  Hold'em Limit ($3/$6 USD) - 2017/03/04 5:59:49 ET
Table 'Io' 6-max Seat #5 is the button
Seat 5: Chessnok ($179.56 in chips)
Seat 6: kudongo ($72.18 in chips)
Chessnok: posts small blind $1
kudongo: posts big blind $3
*** HOLE CARDS ***
Chessnok: raises $3 to $6
kudongo: calls $3
*** FLOP *** [7c 7h 2c]
kudongo: checks
Chessnok: bets $3
kudongo: folds
Uncalled bet ($3) returned to Chessnok
Chessnok collected $11.76 from pot
Chessnok: doesn't show hand
*** SUMMARY ***
Total pot $12 | Rake $0.24
Board [7c 7h 2c]
Seat 5: Chessnok (button) (small blind) collected ($11.76)
Seat 6: kudongo (big blind) folded on the Flop


PokerStars Hand #167089197343:  Hold'em Limit ($3/$6 USD) - 2017/03/04 6:00:02 ET
Table 'Io' 6-max Seat #6 is the button
Seat 5: Chessnok ($185.32 in chips)
Seat 6: kudongo ($66.18 in chips)
kudongo: posts small blind $1
Chessnok: posts big blind $3
*** HOLE CARDS ***
kudongo: raises $3 to $6
Chessnok: calls $3
*** FLOP *** [7d Th 4h]
Chessnok: checks
kudongo: bets $3
Chessnok: folds
Uncalled bet ($3) returned to kudongo
kudongo collected $11.76 from pot
kudongo: doesn't show hand
*** SUMMARY ***
Total pot $12 | Rake $0.24
Board [7d Th 4h]
Seat 5: Chessnok (big blind) folded on the Flop
Seat 6: kudongo (button) (small blind) collected ($11.76)


