PokerStars Hand #157360798607:  Hold'em Limit ($3/$6 USD) - 2016/08/16 16:05:28 ET
Table 'Ioannisiani' 6-max Seat #6 is the button
Seat 5: GoliafUa ($120 in chips)
Seat 6: Brewstar ($120 in chips)
Brewstar: posts small blind $1
GoliafUa: posts big blind $3
*** HOLE CARDS ***
Brewstar: calls $2
GoliafUa: checks
*** FLOP *** [Td Qc Jd]
GoliafUa: checks
Brewstar: checks
*** TURN *** [Td Qc Jd] [2d]
GoliafUa: checks
Brewstar: checks
*** RIVER *** [Td Qc Jd 2d] [5d]
GoliafUa: checks
Brewstar: checks
*** SHOW DOWN ***
GoliafUa: shows [3c 6c] (high card Queen)
Brewstar: shows [6h 4c] (high card Queen)
GoliafUa collected $2.94 from pot
Brewstar collected $2.94 from pot
*** SUMMARY ***
Total pot $6 | Rake $0.12
Board [Td Qc Jd 2d 5d]
Seat 5: GoliafUa (big blind) showed [3c 6c] and won ($2.94) with high card Queen
Seat 6: Brewstar (button) (small blind) showed [6h 4c] and won ($2.94) with high card Queen


PokerStars Hand #157360794368:  Hold'em Limit ($3/$6 USD) - 2016/08/16 16:05:23 ET
Table 'Ioannisiani' 6-max Seat #5 is the button
Seat 5: GoliafUa ($121 in chips)
Seat 6: Brewstar ($119 in chips)
GoliafUa: posts small blind $1
Brewstar: posts big blind $3
*** HOLE CARDS ***
GoliafUa: folds
Uncalled bet ($2) returned to Brewstar
Brewstar collected $2 from pot
*** SUMMARY ***
Total pot $2 | Rake $0
Seat 5: GoliafUa (button) (small blind) folded before Flop
Seat 6: Brewstar (big blind) collected ($2)


PokerStars Hand #157360776672:  Hold'em Limit ($3/$6 USD) - 2016/08/16 16:05:01 ET
Table 'Ioannisiani' 6-max Seat #6 is the button
Seat 5: GoliafUa ($120 in chips)
Seat 6: Brewstar ($120 in chips)
Brewstar: posts small blind $1
GoliafUa: posts big blind $3
*** HOLE CARDS ***
Brewstar: folds
Uncalled bet ($2) returned to GoliafUa
GoliafUa collected $2 from pot
GoliafUa: doesn't show hand
*** SUMMARY ***
Total pot $2 | Rake $0
Seat 5: GoliafUa (big blind) collected ($2)
Seat 6: Brewstar (button) (small blind) folded before Flop


PokerStars Hand #157360842375:  Hold'em Limit ($3/$6 USD) - 2016/08/16 16:06:21 ET
Table 'Ioannisiani' 6-max Seat #5 is the button
Seat 5: GoliafUa ($101.94 in chips)
Seat 6: Brewstar ($137.22 in chips)
GoliafUa: posts small blind $1
Brewstar: posts big blind $3
*** HOLE CARDS ***
LikeLenz joins the table at seat #3
GoliafUa: raises $3 to $6
Brewstar: calls $3
*** FLOP *** [5s Kc 6d]
Brewstar: checks
Ale4o joins the table at seat #4
GoliafUa: bets $3
Brewstar: calls $3
*** TURN *** [5s Kc 6d] [7c]
Brewstar: checks
GoliafUa: bets $6
Brewstar: calls $6
*** RIVER *** [5s Kc 6d 7c] [5c]
Brewstar: checks
GoliafUa: checks
*** SHOW DOWN ***
Brewstar: shows [As 8s] (a pair of Fives)
GoliafUa: mucks hand
Brewstar collected $29.50 from pot
*** SUMMARY ***
Total pot $30 | Rake $0.50
Board [5s Kc 6d 7c 5c]
Seat 5: GoliafUa (button) (small blind) mucked
Seat 6: Brewstar (big blind) showed [As 8s] and won ($29.50) with a pair of Fives


PokerStars Hand #157360829259:  Hold'em Limit ($3/$6 USD) - 2016/08/16 16:06:05 ET
Table 'Ioannisiani' 6-max Seat #6 is the button
Seat 5: GoliafUa ($110.94 in chips)
Seat 6: Brewstar ($128.58 in chips)
Brewstar: posts small blind $1
GoliafUa: posts big blind $3
*** HOLE CARDS ***
Brewstar: raises $3 to $6
GoliafUa: calls $3
*** FLOP *** [4h 4c 4d]
GoliafUa: checks
Brewstar: bets $3
GoliafUa: calls $3
*** TURN *** [4h 4c 4d] [9c]
GoliafUa: checks
Brewstar: bets $6
GoliafUa: folds
Uncalled bet ($6) returned to Brewstar
Brewstar collected $17.64 from pot
*** SUMMARY ***
Total pot $18 | Rake $0.36
Board [4h 4c 4d 9c]
Seat 5: GoliafUa (big blind) folded on the Turn
Seat 6: Brewstar (button) (small blind) collected ($17.64)


PokerStars Hand #157360813710:  Hold'em Limit ($3/$6 USD) - 2016/08/16 16:05:46 ET
Table 'Ioannisiani' 6-max Seat #5 is the button
Seat 5: GoliafUa ($119.94 in chips)
Seat 6: Brewstar ($119.94 in chips)
GoliafUa: posts small blind $1
Brewstar: posts big blind $3
*** HOLE CARDS ***
GoliafUa: raises $3 to $6
Brewstar: calls $3
*** FLOP *** [Jd As 4s]
Brewstar: checks
GoliafUa: bets $3
Brewstar: calls $3
*** TURN *** [Jd As 4s] [3s]
Brewstar: checks
GoliafUa: checks
*** RIVER *** [Jd As 4s 3s] [3h]
Brewstar: bets $6
GoliafUa: folds
Uncalled bet ($6) returned to Brewstar
Brewstar collected $17.64 from pot
*** SUMMARY ***
Total pot $18 | Rake $0.36
Board [Jd As 4s 3s 3h]
Seat 5: GoliafUa (button) (small blind) folded on the River
Seat 6: Brewstar (big blind) collected ($17.64)


