PokerStars Hand #164940548525:  Hold'em Limit ($3/$6 USD) - 2017/01/21 12:44:59 ET
Table 'Ioannisiani' 6-max Seat #6 is the button
Seat 1: highrise207 ($36.60 in chips)
Seat 6: RockKillerTY ($120 in chips)
Great_Kang joins the table at seat #2
RockKillerTY: posts small blind $1
highrise207: posts big blind $3
*** HOLE CARDS ***
RockKillerTY: raises $3 to $6
highrise207: calls $3
*** FLOP *** [Jh 8h 7c]
highrise207: checks
RockKillerTY: bets $3
highrise207: raises $3 to $6
RockKillerTY: calls $3
*** TURN *** [Jh 8h 7c] [2c]
highrise207: bets $6
RockKillerTY: calls $6
*** RIVER *** [Jh 8h 7c 2c] [9h]
highrise207: bets $6
RockKillerTY: folds
Uncalled bet ($6) returned to highrise207
highrise207 collected $35.50 from pot
highrise207: doesn't show hand
*** SUMMARY ***
Total pot $36 | Rake $0.50
Board [Jh 8h 7c 2c 9h]
Seat 1: highrise207 (big blind) collected ($35.50)
Seat 6: RockKillerTY (button) (small blind) folded on the River


PokerStars Hand #164940675937:  Hold'em Limit ($3/$6 USD) - 2017/01/21 12:47:07 ET
Table 'Ioannisiani' 6-max Seat #2 is the button
Seat 1: highrise207 ($63.74 in chips)
Seat 2: Great_Kang ($120 in chips)
Great_Kang: posts small blind $1
RockKillerTY: is sitting out
highrise207: posts big blind $3
*** HOLE CARDS ***
Great_Kang: raises $3 to $6
highrise207: folds
Uncalled bet ($3) returned to Great_Kang
Great_Kang collected $6 from pot
Great_Kang: doesn't show hand
*** SUMMARY ***
Total pot $6 | Rake $0
Seat 1: highrise207 (big blind) folded before Flop
Seat 2: Great_Kang (button) (small blind) collected ($6)


PokerStars Hand #164940705626:  Hold'em Limit ($3/$6 USD) - 2017/01/21 12:47:38 ET
Table 'Ioannisiani' 6-max Seat #1 is the button
Seat 1: highrise207 ($67.50 in chips)
Seat 2: Great_Kang ($120 in chips)
highrise207: posts small blind $1
volkovsky joins the table at seat #3
Great_Kang: posts big blind $3
*** HOLE CARDS ***
highrise207: raises $3 to $6
Great_Kang: raises $3 to $9
highrise207: calls $3
*** FLOP *** [Js Kh 4h]
Great_Kang: bets $3
highrise207: calls $3
*** TURN *** [Js Kh 4h] [8s]
Great_Kang: bets $6
highrise207: calls $6
*** RIVER *** [Js Kh 4h 8s] [2s]
Great_Kang: bets $6
highrise207: calls $6
*** SHOW DOWN ***
Great_Kang: shows [6d 5d] (high card King)
highrise207: shows [Jh Ts] (a pair of Jacks)
highrise207 collected $47.50 from pot
*** SUMMARY ***
Total pot $48 | Rake $0.50
Board [Js Kh 4h 8s 2s]
Seat 1: highrise207 (button) (small blind) showed [Jh Ts] and won ($47.50) with a pair of Jacks
Seat 2: Great_Kang (big blind) showed [6d 5d] and lost with high card King


PokerStars Hand #164940698900:  Hold'em Limit ($3/$6 USD) - 2017/01/21 12:47:31 ET
Table 'Ioannisiani' 6-max Seat #2 is the button
Seat 1: highrise207 ($66.50 in chips)
Seat 2: Great_Kang ($120 in chips)
Auge72 joins the table at seat #4
Great_Kang: posts small blind $1
highrise207: posts big blind $3
*** HOLE CARDS ***
Auge72 leaves the table
Great_Kang: folds
Uncalled bet ($2) returned to highrise207
highrise207 collected $2 from pot
highrise207: doesn't show hand
*** SUMMARY ***
Total pot $2 | Rake $0
Seat 1: highrise207 (big blind) collected ($2)
Seat 2: Great_Kang (button) (small blind) folded before Flop


PokerStars Hand #164940682630:  Hold'em Limit ($3/$6 USD) - 2017/01/21 12:47:14 ET
Table 'Ioannisiani' 6-max Seat #1 is the button
Seat 1: highrise207 ($60.74 in chips)
Seat 2: Great_Kang ($123 in chips)
highrise207: posts small blind $1
Great_Kang: posts big blind $3
*** HOLE CARDS ***
highrise207: raises $3 to $6
Great_Kang: calls $3
*** FLOP *** [Kd 9c 2s]
Great_Kang: checks
highrise207: bets $3
Great_Kang: folds
Uncalled bet ($3) returned to highrise207
highrise207 collected $11.76 from pot
highrise207: doesn't show hand
*** SUMMARY ***
Total pot $12 | Rake $0.24
Board [Kd 9c 2s]
Seat 1: highrise207 (button) (small blind) collected ($11.76)
Seat 2: Great_Kang (big blind) folded on the Flop


PokerStars Hand #164941039578:  Hold'em Limit ($3/$6 USD) - 2017/01/21 12:53:32 ET
Table 'Ioannisiani' 6-max Seat #2 is the button
Seat 2: Great_Kang ($135.99 in chips)
Seat 4: DePokeraap ($120.02 in chips)
Great_Kang: posts small blind $1
volkovsky: is sitting out
DePokeraap: posts big blind $3
*** HOLE CARDS ***
volkovsky leaves the table
Great_Kang: raises $3 to $6
DePokeraap: calls $3
*** FLOP *** [Qs 9d 3h]
DePokeraap: checks
Great_Kang: bets $3
DePokeraap: raises $3 to $6
Great_Kang: calls $3
*** TURN *** [Qs 9d 3h] [7s]
DePokeraap: bets $6
RockKillerTY leaves the table
Great_Kang: calls $6
*** RIVER *** [Qs 9d 3h 7s] [Js]
DePokeraap: checks
Great_Kang: bets $6
DePokeraap: calls $6
*** SHOW DOWN ***
Great_Kang: shows [Jd Ks] (a pair of Jacks)
DePokeraap: mucks hand
Great_Kang collected $47.50 from pot
*** SUMMARY ***
Total pot $48 | Rake $0.50
Board [Qs 9d 3h 7s Js]
Seat 2: Great_Kang (button) (small blind) showed [Jd Ks] and won ($47.50) with a pair of Jacks
Seat 4: DePokeraap (big blind) mucked


