PokerStars Hand #159634373565:  Hold'em Limit ($3/$6 USD) - 2016/10/08 6:38:33 ET
Table 'Iocaste' 6-max Seat #4 is the button
Seat 4: VolkovDmitri ($120 in chips)
Seat 6: SAU66 ($137.50 in chips)
VolkovDmitri: posts small blind $1
SAU66: posts big blind $3
*** HOLE CARDS ***
VolkovDmitri: raises $3 to $6
SAU66: folds
Uncalled bet ($3) returned to VolkovDmitri
VolkovDmitri collected $6 from pot
VolkovDmitri: doesn't show hand
*** SUMMARY ***
Total pot $6 | Rake $0
Seat 4: VolkovDmitri (button) (small blind) collected ($6)
Seat 6: SAU66 (big blind) folded before Flop


PokerStars Hand #159634377724:  Hold'em Limit ($3/$6 USD) - 2016/10/08 6:38:43 ET
Table 'Iocaste' 6-max Seat #6 is the button
Seat 4: VolkovDmitri ($123 in chips)
Seat 6: SAU66 ($134.50 in chips)
SAU66: posts small blind $1
VolkovDmitri: posts big blind $3
*** HOLE CARDS ***
SAU66: folds
Uncalled bet ($2) returned to VolkovDmitri
VolkovDmitri collected $2 from pot
VolkovDmitri: doesn't show hand
*** SUMMARY ***
Total pot $2 | Rake $0
Seat 4: VolkovDmitri (big blind) collected ($2)
Seat 6: SAU66 (button) (small blind) folded before Flop


PokerStars Hand #159634352965:  Hold'em Limit ($3/$6 USD) - 2016/10/08 6:37:47 ET
Table 'Iocaste' 6-max Seat #6 is the button
Seat 4: VolkovDmitri ($120 in chips)
Seat 6: SAU66 ($120 in chips)
SAU66: posts small blind $1
VolkovDmitri: posts big blind $3
*** HOLE CARDS ***
SAU66: raises $3 to $6
VolkovDmitri: calls $3
*** FLOP *** [3s Jh Jd]
VolkovDmitri: checks
SAU66: checks
*** TURN *** [3s Jh Jd] [9d]
miezemuis joins the table at seat #1
VolkovDmitri: bets $6
miezemuis leaves the table
SAU66: calls $6
*** RIVER *** [3s Jh Jd 9d] [7h]
VolkovDmitri: bets $6
SAU66: calls $6
*** SHOW DOWN ***
VolkovDmitri: shows [8h 9c] (two pair, Jacks and Nines)
SAU66: shows [9h Ac] (two pair, Jacks and Nines - Ace kicker)
SAU66 collected $35.50 from pot
*** SUMMARY ***
Total pot $36 | Rake $0.50
Board [3s Jh Jd 9d 7h]
Seat 4: VolkovDmitri (big blind) showed [8h 9c] and lost with two pair, Jacks and Nines
Seat 6: SAU66 (button) (small blind) showed [9h Ac] and won ($35.50) with two pair, Jacks and Nines


PokerStars Hand #159634380251:  Hold'em Limit ($3/$6 USD) - 2016/10/08 6:38:48 ET
Table 'Iocaste' 6-max Seat #4 is the button
Seat 4: VolkovDmitri ($124 in chips)
Seat 6: SAU66 ($133.50 in chips)
VolkovDmitri: posts small blind $1
SAU66: posts big blind $3
*** HOLE CARDS ***
VolkovDmitri: raises $3 to $6
SAU66: calls $3
*** FLOP *** [Qd 3d Qh]
SAU66: bets $3
VolkovDmitri: calls $3
*** TURN *** [Qd 3d Qh] [6h]
SAU66: bets $6
VolkovDmitri: calls $6
*** RIVER *** [Qd 3d Qh 6h] [3c]
SAU66: bets $6
VolkovDmitri: calls $6
*** SHOW DOWN ***
SAU66: shows [6s 6d] (a full house, Sixes full of Queens)
VolkovDmitri: mucks hand
SAU66 collected $41.50 from pot
*** SUMMARY ***
Total pot $42 | Rake $0.50
Board [Qd 3d Qh 6h 3c]
Seat 4: VolkovDmitri (button) (small blind) mucked
Seat 6: SAU66 (big blind) showed [6s 6d] and won ($41.50) with a full house, Sixes full of Queens


PokerStars Hand #159634412043:  Hold'em Limit ($3/$6 USD) - 2016/10/08 6:39:59 ET
Table 'Iocaste' 6-max Seat #4 is the button
Seat 4: VolkovDmitri ($120 in chips)
Seat 6: SAU66 ($165.52 in chips)
VolkovDmitri: posts small blind $1
SAU66: posts big blind $3
*** HOLE CARDS ***
VolkovDmitri: raises $3 to $6
SAU66: folds
Uncalled bet ($3) returned to VolkovDmitri
VolkovDmitri collected $6 from pot
VolkovDmitri: doesn't show hand
*** SUMMARY ***
Total pot $6 | Rake $0
Seat 4: VolkovDmitri (button) (small blind) collected ($6)
Seat 6: SAU66 (big blind) folded before Flop


PokerStars Hand #159634392981:  Hold'em Limit ($3/$6 USD) - 2016/10/08 6:39:17 ET
Table 'Iocaste' 6-max Seat #6 is the button
Seat 4: VolkovDmitri ($120 in chips)
Seat 6: SAU66 ($154 in chips)
SAU66: posts small blind $1
VolkovDmitri: posts big blind $3
*** HOLE CARDS ***
SAU66: raises $3 to $6
VolkovDmitri: calls $3
*** FLOP *** [9d 9c Ac]
VolkovDmitri: checks
SAU66: bets $3
VolkovDmitri: raises $3 to $6
SAU66: calls $3
*** TURN *** [9d 9c Ac] [9s]
VolkovDmitri: checks
SAU66: checks
*** RIVER *** [9d 9c Ac 9s] [Ts]
VolkovDmitri: checks
SAU66: bets $6
VolkovDmitri: folds
Uncalled bet ($6) returned to SAU66
SAU66 collected $23.52 from pot
SAU66: doesn't show hand
*** SUMMARY ***
Total pot $24 | Rake $0.48
Board [9d 9c Ac 9s Ts]
Seat 4: VolkovDmitri (big blind) folded on the River
Seat 6: SAU66 (button) (small blind) collected ($23.52)


PokerStars Hand #159634415390:  Hold'em Limit ($3/$6 USD) - 2016/10/08 6:40:07 ET
Table 'Iocaste' 6-max Seat #6 is the button
Seat 4: VolkovDmitri ($123 in chips)
Seat 6: SAU66 ($162.52 in chips)
SAU66: posts small blind $1
VolkovDmitri: posts big blind $3
*** HOLE CARDS ***
SAU66: folds
Uncalled bet ($2) returned to VolkovDmitri
VolkovDmitri collected $2 from pot
VolkovDmitri: doesn't show hand
*** SUMMARY ***
Total pot $2 | Rake $0
Seat 4: VolkovDmitri (big blind) collected ($2)
Seat 6: SAU66 (button) (small blind) folded before Flop


PokerStars Hand #159634417849:  Hold'em Limit ($3/$6 USD) - 2016/10/08 6:40:13 ET
Table 'Iocaste' 6-max Seat #4 is the button
Seat 4: VolkovDmitri ($124 in chips)
Seat 6: SAU66 ($161.52 in chips)
VolkovDmitri: posts small blind $1
SAU66: posts big blind $3
*** HOLE CARDS ***
VolkovDmitri: raises $3 to $6
SAU66: calls $3
*** FLOP *** [5s 7h 7d]
Vetal949 joins the table at seat #3
SAU66: bets $3
VolkovDmitri: calls $3
*** TURN *** [5s 7h 7d] [Qs]
SAU66: checks
VolkovDmitri: bets $6
iskambil joins the table at seat #5
SAU66: folds
Uncalled bet ($6) returned to VolkovDmitri
VolkovDmitri collected $17.64 from pot
VolkovDmitri: doesn't show hand
*** SUMMARY ***
Total pot $18 | Rake $0.36
Board [5s 7h 7d Qs]
Seat 4: VolkovDmitri (button) (small blind) collected ($17.64)
Seat 6: SAU66 (big blind) folded on the Turn


