PokerStars Hand #165637211572:  Hold'em Limit ($3/$6 USD) - 2017/02/03 18:10:06 ET
Table 'Iocaste II' 6-max Seat #4 is the button
Seat 4: Actionni13 ($151 in chips)
Seat 6: hairy1961 ($49 in chips)
Actionni13: posts small blind $1
hairy1961: posts big blind $3
*** HOLE CARDS ***
Actionni13: raises $3 to $6
hairy1961: folds
Uncalled bet ($3) returned to Actionni13
Actionni13 collected $6 from pot
*** SUMMARY ***
Total pot $6 | Rake $0
Seat 4: Actionni13 (button) (small blind) collected ($6)
Seat 6: hairy1961 (big blind) folded before Flop


PokerStars Hand #165637199365:  Hold'em Limit ($3/$6 USD) - 2017/02/03 18:09:52 ET
Table 'Iocaste II' 6-max Seat #6 is the button
Seat 4: Actionni13 ($150 in chips)
Seat 6: hairy1961 ($50 in chips)
hairy1961: posts small blind $1
Actionni13: posts big blind $3
*** HOLE CARDS ***
hairy1961: folds
Uncalled bet ($2) returned to Actionni13
Actionni13 collected $2 from pot
*** SUMMARY ***
Total pot $2 | Rake $0
Seat 4: Actionni13 (big blind) collected ($2)
Seat 6: hairy1961 (button) (small blind) folded before Flop


PokerStars Hand #165637230101:  Hold'em Limit ($3/$6 USD) - 2017/02/03 18:10:27 ET
Table 'Iocaste II' 6-max Seat #4 is the button
Seat 4: Actionni13 ($150 in chips)
Seat 6: hairy1961 ($51.76 in chips)
Actionni13: posts small blind $1
hairy1961: posts big blind $3
*** HOLE CARDS ***
Actionni13: folds
Uncalled bet ($2) returned to hairy1961
hairy1961 collected $2 from pot
*** SUMMARY ***
Total pot $2 | Rake $0
Seat 4: Actionni13 (button) (small blind) folded before Flop
Seat 6: hairy1961 (big blind) collected ($2)


PokerStars Hand #165637217378:  Hold'em Limit ($3/$6 USD) - 2017/02/03 18:10:13 ET
Table 'Iocaste II' 6-max Seat #6 is the button
Seat 4: Actionni13 ($154 in chips)
Seat 6: hairy1961 ($46 in chips)
hairy1961: posts small blind $1
Actionni13: posts big blind $3
*** HOLE CARDS ***
hairy1961: raises $3 to $6
Actionni13: calls $3
*** FLOP *** [8c Jc 9d]
Bakenbaster joins the table at seat #1
Actionni13: checks
hairy1961: bets $3
Actionni13: folds
Uncalled bet ($3) returned to hairy1961
hairy1961 collected $11.76 from pot
*** SUMMARY ***
Total pot $12 | Rake $0.24
Board [8c Jc 9d]
Seat 4: Actionni13 (big blind) folded on the Flop
Seat 6: hairy1961 (button) (small blind) collected ($11.76)


PokerStars Hand #165637825096:  Hold'em Limit ($3/$6 USD) - 2017/02/03 18:22:01 ET
Table 'Iocaste II' 6-max Seat #1 is the button
Seat 1: Bakenbaster ($139.44 in chips)
Seat 3: Chessnok ($60 in chips)
Bakenbaster: posts small blind $1
Chessnok: posts big blind $3
*** HOLE CARDS ***
Bakenbaster: raises $3 to $6
Chessnok: raises $3 to $9
Bakenbaster: calls $3
*** FLOP *** [6d 4h 7h]
Chessnok: bets $3
Bakenbaster: calls $3
*** TURN *** [6d 4h 7h] [5s]
Chessnok: checks
Bakenbaster: bets $6
Chessnok: calls $6
*** RIVER *** [6d 4h 7h 5s] [Jh]
Chessnok: checks
Bakenbaster: bets $6
Chessnok: calls $6
*** SHOW DOWN ***
Bakenbaster: shows [8d 9c] (a straight, Five to Nine)
Chessnok: mucks hand
Bakenbaster collected $47.50 from pot
*** SUMMARY ***
Total pot $48 | Rake $0.50
Board [6d 4h 7h 5s Jh]
Seat 1: Bakenbaster (button) (small blind) showed [8d 9c] and won ($47.50) with a straight, Five to Nine
Seat 3: Chessnok (big blind) mucked


