PokerStars Hand #159134281012:  Hold'em Limit ($3/$6 USD) - 2016/09/26 16:45:16 ET
Table 'Iolanda II' 6-max Seat #1 is the button
Seat 1: RaisemyNut$ ($273.14 in chips)
Seat 6: Hannibal2211 ($101.64 in chips)
RaisemyNut$: posts small blind $1
sim5sim5: is sitting out
Hannibal2211: posts big blind $3
*** HOLE CARDS ***
RaisemyNut$: folds
Uncalled bet ($2) returned to Hannibal2211
Hannibal2211 collected $2 from pot
*** SUMMARY ***
Total pot $2 | Rake $0
Seat 1: RaisemyNut$ (button) (small blind) folded before Flop
Seat 6: Hannibal2211 (big blind) collected ($2)


PokerStars Hand #159134297700:  Hold'em Limit ($3/$6 USD) - 2016/09/26 16:45:32 ET
Table 'Iolanda II' 6-max Seat #1 is the button
Seat 1: RaisemyNut$ ($269.14 in chips)
Seat 6: Hannibal2211 ($105.64 in chips)
RaisemyNut$: posts small blind $1
Hannibal2211: posts big blind $3
*** HOLE CARDS ***
RaisemyNut$: folds
Uncalled bet ($2) returned to Hannibal2211
Hannibal2211 collected $2 from pot
*** SUMMARY ***
Total pot $2 | Rake $0
Seat 1: RaisemyNut$ (button) (small blind) folded before Flop
Seat 6: Hannibal2211 (big blind) collected ($2)


PokerStars Hand #159134289464:  Hold'em Limit ($3/$6 USD) - 2016/09/26 16:45:22 ET
Table 'Iolanda II' 6-max Seat #6 is the button
Seat 1: RaisemyNut$ ($272.14 in chips)
Seat 6: Hannibal2211 ($102.64 in chips)
Hannibal2211: posts small blind $1
RaisemyNut$: posts big blind $3
*** HOLE CARDS ***
Hannibal2211: raises $3 to $6
sim5sim5 leaves the table
RaisemyNut$: folds
Uncalled bet ($3) returned to Hannibal2211
Hannibal2211 collected $6 from pot
*** SUMMARY ***
Total pot $6 | Rake $0
Seat 1: RaisemyNut$ (big blind) folded before Flop
Seat 6: Hannibal2211 (button) (small blind) collected ($6)


PokerStars Hand #159134302127:  Hold'em Limit ($3/$6 USD) - 2016/09/26 16:45:38 ET
Table 'Iolanda II' 6-max Seat #6 is the button
Seat 1: RaisemyNut$ ($268.14 in chips)
Seat 6: Hannibal2211 ($106.64 in chips)
Hannibal2211: posts small blind $1
RaisemyNut$: posts big blind $3
*** HOLE CARDS ***
Hannibal2211: raises $3 to $6
RaisemyNut$: calls $3
*** FLOP *** [Qd 3s Jc]
RaisemyNut$: bets $3
Hannibal2211: calls $3
*** TURN *** [Qd 3s Jc] [9d]
RaisemyNut$: bets $6
Hannibal2211: calls $6
*** RIVER *** [Qd 3s Jc 9d] [Js]
RaisemyNut$: checks
Hannibal2211: checks
*** SHOW DOWN ***
RaisemyNut$: shows [6h Kd] (a pair of Jacks)
Hannibal2211: shows [2h Qc] (two pair, Queens and Jacks)
Hannibal2211 collected $29.50 from pot
*** SUMMARY ***
Total pot $30 | Rake $0.50
Board [Qd 3s Jc 9d Js]
Seat 1: RaisemyNut$ (big blind) showed [6h Kd] and lost with a pair of Jacks
Seat 6: Hannibal2211 (button) (small blind) showed [2h Qc] and won ($29.50) with two pair, Queens and Jacks


PokerStars Hand #159134367979:  Hold'em Limit ($3/$6 USD) - 2016/09/26 16:46:55 ET
Table 'Iolanda II' 6-max Seat #1 is the button
Seat 1: RaisemyNut$ ($253.14 in chips)
Seat 3: Ultrafranke ($69.60 in chips)
RaisemyNut$: posts small blind $1
Ultrafranke: posts big blind $3
*** HOLE CARDS ***
RaisemyNut$: raises $3 to $6
Ultrafranke: calls $3
*** FLOP *** [3c Kd Kc]
Ultrafranke: checks
RaisemyNut$: bets $3
Ultrafranke: calls $3
*** TURN *** [3c Kd Kc] [8h]
Ultrafranke: checks
RaisemyNut$: bets $6
Ultrafranke: calls $6
*** RIVER *** [3c Kd Kc 8h] [2h]
Ultrafranke: checks
RaisemyNut$: bets $6
Ultrafranke: calls $6
*** SHOW DOWN ***
RaisemyNut$: shows [8c 6c] (two pair, Kings and Eights)
Ultrafranke: mucks hand
RaisemyNut$ collected $41.50 from pot
*** SUMMARY ***
Total pot $42 | Rake $0.50
Board [3c Kd Kc 8h 2h]
Seat 1: RaisemyNut$ (button) (small blind) showed [8c 6c] and won ($41.50) with two pair, Kings and Eights
Seat 3: Ultrafranke (big blind) mucked


PokerStars Hand #159134394767:  Hold'em Limit ($3/$6 USD) - 2016/09/26 16:47:21 ET
Table 'Iolanda II' 6-max Seat #3 is the button
Seat 1: RaisemyNut$ ($273.64 in chips)
Seat 3: Ultrafranke ($48.60 in chips)
Ultrafranke: posts small blind $1
RaisemyNut$: posts big blind $3
*** HOLE CARDS ***
Ultrafranke: raises $3 to $6
RaisemyNut$: calls $3
*** FLOP *** [9s 7c 6c]
RaisemyNut$: checks
Ultrafranke: bets $3
RaisemyNut$: raises $3 to $6
Ultrafranke: calls $3
*** TURN *** [9s 7c 6c] [2d]
RaisemyNut$: bets $6
Ultrafranke: calls $6
*** RIVER *** [9s 7c 6c 2d] [3c]
RaisemyNut$: bets $6
Ultrafranke: calls $6
*** SHOW DOWN ***
RaisemyNut$: shows [Qh 9c] (a pair of Nines)
Ultrafranke: mucks hand
RaisemyNut$ collected $47.50 from pot
*** SUMMARY ***
Total pot $48 | Rake $0.50
Board [9s 7c 6c 2d 3c]
Seat 1: RaisemyNut$ (big blind) showed [Qh 9c] and won ($47.50) with a pair of Nines
Seat 3: Ultrafranke (button) (small blind) mucked


PokerStars Hand #159134430597:  Hold'em Limit ($3/$6 USD) - 2016/09/26 16:47:55 ET
Table 'Iolanda II' 6-max Seat #1 is the button
Seat 1: RaisemyNut$ ($297.14 in chips)
Seat 3: Ultrafranke ($24.60 in chips)
RaisemyNut$: posts small blind $1
Ultrafranke: posts big blind $3
*** HOLE CARDS ***
RaisemyNut$: raises $3 to $6
Ultrafranke: raises $3 to $9
RaisemyNut$: calls $3
*** FLOP *** [Ad Ks 3s]
Ultrafranke: bets $3
RaisemyNut$: calls $3
*** TURN *** [Ad Ks 3s] [6c]
Ultrafranke: bets $6
RaisemyNut$: raises $6 to $12
Ultrafranke: raises $0.60 to $12.60 and is all-in
RaisemyNut$: calls $0.60
*** RIVER *** [Ad Ks 3s 6c] [2d]
*** SHOW DOWN ***
Ultrafranke: shows [4s Kc] (a pair of Kings)
RaisemyNut$: shows [4h Ah] (a pair of Aces)
RaisemyNut$ collected $48.70 from pot
*** SUMMARY ***
Total pot $49.20 | Rake $0.50
Board [Ad Ks 3s 6c 2d]
Seat 1: RaisemyNut$ (button) (small blind) showed [4h Ah] and won ($48.70) with a pair of Aces
Seat 3: Ultrafranke (big blind) showed [4s Kc] and lost with a pair of Kings


