PokerStars Hand #160425685821:  Hold'em Limit ($3/$6 USD) - 2016/10/25 13:44:16 ET
Table 'Iolanda II' 6-max Seat #3 is the button
Seat 3: slavomir9305 ($102.66 in chips)
Seat 4: AzureCaper ($80.64 in chips)
slavomir9305: posts small blind $1
AzureCaper: posts big blind $3
*** HOLE CARDS ***
slavomir9305: raises $3 to $6
AzureCaper: folds
Uncalled bet ($3) returned to slavomir9305
slavomir9305 collected $6 from pot
*** SUMMARY ***
Total pot $6 | Rake $0
Seat 3: slavomir9305 (button) (small blind) collected ($6)
Seat 4: AzureCaper (big blind) folded before Flop


PokerStars Hand #160425675004:  Hold'em Limit ($3/$6 USD) - 2016/10/25 13:44:03 ET
Table 'Iolanda II' 6-max Seat #4 is the button
Seat 3: slavomir9305 ($111.66 in chips)
Seat 4: AzureCaper ($72 in chips)
AzureCaper: posts small blind $1
slavomir9305: posts big blind $3
*** HOLE CARDS ***
AzureCaper: raises $3 to $6
slavomir9305: calls $3
*** FLOP *** [6h 5c As]
slavomir9305: checks
AzureCaper: bets $3
slavomir9305: calls $3
*** TURN *** [6h 5c As] [8s]
slavomir9305: checks
AzureCaper: bets $6
slavomir9305: folds
Uncalled bet ($6) returned to AzureCaper
AzureCaper collected $17.64 from pot
AzureCaper: doesn't show hand
*** SUMMARY ***
Total pot $18 | Rake $0.36
Board [6h 5c As 8s]
Seat 3: slavomir9305 (big blind) folded on the Turn
Seat 4: AzureCaper (button) (small blind) collected ($17.64)


PokerStars Hand #160425730249:  Hold'em Limit ($3/$6 USD) - 2016/10/25 13:45:09 ET
Table 'Iolanda II' 6-max Seat #3 is the button
Seat 3: slavomir9305 ($98.16 in chips)
Seat 4: AzureCaper ($84.14 in chips)
slavomir9305: posts small blind $1
AzureCaper: posts big blind $3
*** HOLE CARDS ***
slavomir9305: raises $3 to $6
AzureCaper: calls $3
*** FLOP *** [3s 7c 8s]
AzureCaper: checks
slavomir9305: checks
*** TURN *** [3s 7c 8s] [2s]
AzureCaper: bets $6
slavomir9305: folds
Uncalled bet ($6) returned to AzureCaper
AzureCaper collected $11.76 from pot
AzureCaper: doesn't show hand
*** SUMMARY ***
Total pot $12 | Rake $0.24
Board [3s 7c 8s 2s]
Seat 3: slavomir9305 (button) (small blind) folded on the Turn
Seat 4: AzureCaper (big blind) collected ($11.76)


PokerStars Hand #160425715987:  Hold'em Limit ($3/$6 USD) - 2016/10/25 13:44:52 ET
Table 'Iolanda II' 6-max Seat #4 is the button
Seat 3: slavomir9305 ($83.66 in chips)
Seat 4: AzureCaper ($99.14 in chips)
AzureCaper: posts small blind $1
slavomir9305: posts big blind $3
*** HOLE CARDS ***
AzureCaper: raises $3 to $6
slavomir9305: calls $3
*** FLOP *** [Ks Ad 2h]
slavomir9305: checks
AzureCaper: bets $3
slavomir9305: calls $3
*** TURN *** [Ks Ad 2h] [7s]
slavomir9305: checks
AzureCaper: bets $6
slavomir9305: calls $6
*** RIVER *** [Ks Ad 2h 7s] [6h]
slavomir9305: checks
AzureCaper: checks
*** SHOW DOWN ***
slavomir9305: shows [Kc 8d] (a pair of Kings)
AzureCaper: mucks hand
slavomir9305 collected $29.50 from pot
*** SUMMARY ***
Total pot $30 | Rake $0.50
Board [Ks Ad 2h 7s 6h]
Seat 3: slavomir9305 (big blind) showed [Kc 8d] and won ($29.50) with a pair of Kings
Seat 4: AzureCaper (button) (small blind) mucked


PokerStars Hand #160425712260:  Hold'em Limit ($3/$6 USD) - 2016/10/25 13:44:47 ET
Table 'Iolanda II' 6-max Seat #3 is the button
Seat 3: slavomir9305 ($84.66 in chips)
Seat 4: AzureCaper ($98.14 in chips)
slavomir9305: posts small blind $1
AzureCaper: posts big blind $3
*** HOLE CARDS ***
slavomir9305: folds
Uncalled bet ($2) returned to AzureCaper
AzureCaper collected $2 from pot
AzureCaper: doesn't show hand
*** SUMMARY ***
Total pot $2 | Rake $0
Seat 3: slavomir9305 (button) (small blind) folded before Flop
Seat 4: AzureCaper (big blind) collected ($2)


PokerStars Hand #160425690496:  Hold'em Limit ($3/$6 USD) - 2016/10/25 13:44:21 ET
Table 'Iolanda II' 6-max Seat #4 is the button
Seat 3: slavomir9305 ($105.66 in chips)
Seat 4: AzureCaper ($77.64 in chips)
AzureCaper: posts small blind $1
slavomir9305: posts big blind $3
*** HOLE CARDS ***
AzureCaper: raises $3 to $6
slavomir9305: calls $3
*** FLOP *** [As 2h Ah]
slavomir9305: checks
AzureCaper: bets $3
slavomir9305: calls $3
*** TURN *** [As 2h Ah] [Td]
slavomir9305: checks
AzureCaper: bets $6
slavomir9305: calls $6
*** RIVER *** [As 2h Ah Td] [5c]
slavomir9305: checks
AzureCaper: bets $6
slavomir9305: calls $6
*** SHOW DOWN ***
AzureCaper: shows [Th Qc] (two pair, Aces and Tens)
slavomir9305: mucks hand
AzureCaper collected $41.50 from pot
*** SUMMARY ***
Total pot $42 | Rake $0.50
Board [As 2h Ah Td 5c]
Seat 3: slavomir9305 (big blind) mucked
Seat 4: AzureCaper (button) (small blind) showed [Th Qc] and won ($41.50) with two pair, Aces and Tens


PokerStars Hand #160425779815:  Hold'em Limit ($3/$6 USD) - 2016/10/25 13:46:08 ET
Table 'Iolanda II' 6-max Seat #4 is the button
Seat 3: slavomir9305 ($119.96 in chips)
Seat 4: AzureCaper ($73 in chips)
AzureCaper: posts small blind $1
slavomir9305: posts big blind $3
*** HOLE CARDS ***
AzureCaper: raises $3 to $6
slavomir9305: calls $3
*** FLOP *** [7d Qc 9h]
slavomir9305: checks
AzureCaper: bets $3
slavomir9305: calls $3
*** TURN *** [7d Qc 9h] [7s]
slavomir9305: checks
AzureCaper: checks
*** RIVER *** [7d Qc 9h 7s] [Jc]
slavomir9305: checks
AzureCaper: checks
*** SHOW DOWN ***
slavomir9305: shows [3s Td] (a pair of Sevens)
AzureCaper: shows [Ac 2d] (a pair of Sevens - Ace kicker)
AzureCaper collected $17.64 from pot
*** SUMMARY ***
Total pot $18 | Rake $0.36
Board [7d Qc 9h 7s Jc]
Seat 3: slavomir9305 (big blind) showed [3s Td] and lost with a pair of Sevens
Seat 4: AzureCaper (button) (small blind) showed [Ac 2d] and won ($17.64) with a pair of Sevens


PokerStars Hand #160425776132:  Hold'em Limit ($3/$6 USD) - 2016/10/25 13:46:04 ET
Table 'Iolanda II' 6-max Seat #3 is the button
Seat 3: slavomir9305 ($120.96 in chips)
Seat 4: AzureCaper ($72 in chips)
slavomir9305: posts small blind $1
AzureCaper: posts big blind $3
*** HOLE CARDS ***
slavomir9305: folds
Uncalled bet ($2) returned to AzureCaper
AzureCaper collected $2 from pot
AzureCaper: doesn't show hand
*** SUMMARY ***
Total pot $2 | Rake $0
Seat 3: slavomir9305 (button) (small blind) folded before Flop
Seat 4: AzureCaper (big blind) collected ($2)


PokerStars Hand #160425765806:  Hold'em Limit ($3/$6 USD) - 2016/10/25 13:45:52 ET
Table 'Iolanda II' 6-max Seat #4 is the button
Seat 3: slavomir9305 ($112.32 in chips)
Seat 4: AzureCaper ($72 in chips)
AzureCaper: posts small blind $1
slavomir9305: posts big blind $3
*** HOLE CARDS ***
AzureCaper: raises $3 to $6
slavomir9305: calls $3
*** FLOP *** [Kh 7c 3c]
slavomir9305: checks
AzureCaper: bets $3
slavomir9305: calls $3
*** TURN *** [Kh 7c 3c] [2c]
slavomir9305: checks
AzureCaper: checks
*** RIVER *** [Kh 7c 3c 2c] [6s]
slavomir9305: checks
AzureCaper: checks
*** SHOW DOWN ***
slavomir9305: shows [3h 9s] (a pair of Threes)
AzureCaper: mucks hand
slavomir9305 collected $17.64 from pot
*** SUMMARY ***
Total pot $18 | Rake $0.36
Board [Kh 7c 3c 2c 6s]
Seat 3: slavomir9305 (big blind) showed [3h 9s] and won ($17.64) with a pair of Threes
Seat 4: AzureCaper (button) (small blind) mucked


PokerStars Hand #160425755076:  Hold'em Limit ($3/$6 USD) - 2016/10/25 13:45:39 ET
Table 'Iolanda II' 6-max Seat #3 is the button
Seat 3: slavomir9305 ($100.80 in chips)
Seat 4: AzureCaper ($80.90 in chips)
slavomir9305: posts small blind $1
AzureCaper: posts big blind $3
*** HOLE CARDS ***
slavomir9305: raises $3 to $6
AzureCaper: calls $3
*** FLOP *** [Ts 7c Td]
AzureCaper: checks
slavomir9305: checks
*** TURN *** [Ts 7c Td] [5h]
AzureCaper: checks
slavomir9305: checks
*** RIVER *** [Ts 7c Td 5h] [9d]
AzureCaper: checks
slavomir9305: bets $6
AzureCaper: calls $6
*** SHOW DOWN ***
slavomir9305: shows [Qd 9c] (two pair, Tens and Nines)
AzureCaper: mucks hand
slavomir9305 collected $23.52 from pot
*** SUMMARY ***
Total pot $24 | Rake $0.48
Board [Ts 7c Td 5h 9d]
Seat 3: slavomir9305 (button) (small blind) showed [Qd 9c] and won ($23.52) with two pair, Tens and Nines
Seat 4: AzureCaper (big blind) mucked


PokerStars Hand #160425826508:  Hold'em Limit ($3/$6 USD) - 2016/10/25 13:47:05 ET
Table 'Iolanda II' 6-max Seat #3 is the button
Seat 3: slavomir9305 ($93.72 in chips)
Seat 4: AzureCaper ($97.90 in chips)
slavomir9305: posts small blind $1
AzureCaper: posts big blind $3
*** HOLE CARDS ***
slavomir9305: raises $3 to $6
AzureCaper: calls $3
*** FLOP *** [2h Kh 8d]
AzureCaper: checks
slavomir9305: checks
*** TURN *** [2h Kh 8d] [Qc]
AzureCaper: checks
slavomir9305: checks
*** RIVER *** [2h Kh 8d Qc] [Ts]
AzureCaper: checks
slavomir9305: checks
*** SHOW DOWN ***
AzureCaper: shows [4s 5h] (high card King)
slavomir9305: shows [9d As] (high card Ace)
slavomir9305 collected $11.76 from pot
*** SUMMARY ***
Total pot $12 | Rake $0.24
Board [2h Kh 8d Qc Ts]
Seat 3: slavomir9305 (button) (small blind) showed [9d As] and won ($11.76) with high card Ace
Seat 4: AzureCaper (big blind) showed [4s 5h] and lost with high card King


PokerStars Hand #160425820879:  Hold'em Limit ($3/$6 USD) - 2016/10/25 13:46:58 ET
Table 'Iolanda II' 6-max Seat #4 is the button
Seat 3: slavomir9305 ($92.72 in chips)
Seat 4: AzureCaper ($98.90 in chips)
AzureCaper: posts small blind $1
slavomir9305: posts big blind $3
*** HOLE CARDS ***
AzureCaper: folds
Uncalled bet ($2) returned to slavomir9305
slavomir9305 collected $2 from pot
*** SUMMARY ***
Total pot $2 | Rake $0
Seat 3: slavomir9305 (big blind) collected ($2)
Seat 4: AzureCaper (button) (small blind) folded before Flop


PokerStars Hand #160425811291:  Hold'em Limit ($3/$6 USD) - 2016/10/25 13:46:46 ET
Table 'Iolanda II' 6-max Seat #3 is the button
Seat 3: slavomir9305 ($86.96 in chips)
Seat 4: AzureCaper ($104.90 in chips)
slavomir9305: posts small blind $1
AzureCaper: posts big blind $3
*** HOLE CARDS ***
slavomir9305: raises $3 to $6
AzureCaper: calls $3
*** FLOP *** [9d 2c Th]
AzureCaper: checks
slavomir9305: checks
*** TURN *** [9d 2c Th] [6c]
AzureCaper: checks
slavomir9305: bets $6
AzureCaper: folds
Uncalled bet ($6) returned to slavomir9305
slavomir9305 collected $11.76 from pot
*** SUMMARY ***
Total pot $12 | Rake $0.24
Board [9d 2c Th 6c]
Seat 3: slavomir9305 (button) (small blind) collected ($11.76)
Seat 4: AzureCaper (big blind) folded on the Turn


PokerStars Hand #160425803374:  Hold'em Limit ($3/$6 USD) - 2016/10/25 13:46:37 ET
Table 'Iolanda II' 6-max Seat #4 is the button
Seat 3: slavomir9305 ($92.96 in chips)
Seat 4: AzureCaper ($99.14 in chips)
AzureCaper: posts small blind $1
slavomir9305: posts big blind $3
*** HOLE CARDS ***
AzureCaper: raises $3 to $6
slavomir9305: calls $3
*** FLOP *** [8d Qs As]
slavomir9305: checks
AzureCaper: bets $3
slavomir9305: folds
Uncalled bet ($3) returned to AzureCaper
AzureCaper collected $11.76 from pot
AzureCaper: doesn't show hand
*** SUMMARY ***
Total pot $12 | Rake $0.24
Board [8d Qs As]
Seat 3: slavomir9305 (big blind) folded on the Flop
Seat 4: AzureCaper (button) (small blind) collected ($11.76)


PokerStars Hand #160425792373:  Hold'em Limit ($3/$6 USD) - 2016/10/25 13:46:24 ET
Table 'Iolanda II' 6-max Seat #3 is the button
Seat 3: slavomir9305 ($110.96 in chips)
Seat 4: AzureCaper ($81.64 in chips)
slavomir9305: posts small blind $1
AzureCaper: posts big blind $3
*** HOLE CARDS ***
slavomir9305: raises $3 to $6
AzureCaper: calls $3
*** FLOP *** [Kd 8c 4h]
AzureCaper: checks
slavomir9305: checks
*** TURN *** [Kd 8c 4h] [5s]
AzureCaper: bets $6
slavomir9305: calls $6
*** RIVER *** [Kd 8c 4h 5s] [3s]
AzureCaper: bets $6
slavomir9305: calls $6
*** SHOW DOWN ***
AzureCaper: shows [Jh 8d] (a pair of Eights)
slavomir9305: mucks hand
AzureCaper collected $35.50 from pot
*** SUMMARY ***
Total pot $36 | Rake $0.50
Board [Kd 8c 4h 5s 3s]
Seat 3: slavomir9305 (button) (small blind) mucked
Seat 4: AzureCaper (big blind) showed [Jh 8d] and won ($35.50) with a pair of Eights


PokerStars Hand #160425853453:  Hold'em Limit ($3/$6 USD) - 2016/10/25 13:47:37 ET
Table 'Iolanda II' 6-max Seat #3 is the button
Seat 3: slavomir9305 ($119.98 in chips)
Seat 4: AzureCaper ($72 in chips)
slavomir9305: posts small blind $1
AzureCaper: posts big blind $3
*** HOLE CARDS ***
slavomir9305: raises $3 to $6
AzureCaper: calls $3
*** FLOP *** [9c Ah 3d]
AzureCaper: checks
slavomir9305: bets $3
AzureCaper: folds
Uncalled bet ($3) returned to slavomir9305
slavomir9305 collected $11.76 from pot
*** SUMMARY ***
Total pot $12 | Rake $0.24
Board [9c Ah 3d]
Seat 3: slavomir9305 (button) (small blind) collected ($11.76)
Seat 4: AzureCaper (big blind) folded on the Flop


PokerStars Hand #160425840084:  Hold'em Limit ($3/$6 USD) - 2016/10/25 13:47:21 ET
Table 'Iolanda II' 6-max Seat #4 is the button
Seat 3: slavomir9305 ($99.48 in chips)
Seat 4: AzureCaper ($91.90 in chips)
AzureCaper: posts small blind $1
slavomir9305: posts big blind $3
*** HOLE CARDS ***
AzureCaper: raises $3 to $6
slavomir9305: calls $3
*** FLOP *** [5d 5h 8s]
krytalex joins the table at seat #5
slavomir9305: checks
AzureCaper: bets $3
slavomir9305: calls $3
*** TURN *** [5d 5h 8s] [7c]
slavomir9305: checks
AzureCaper: bets $6
slavomir9305: raises $6 to $12
AzureCaper: calls $6
*** RIVER *** [5d 5h 8s 7c] [2d]
slavomir9305: bets $6
AzureCaper: folds
Uncalled bet ($6) returned to slavomir9305
slavomir9305 collected $41.50 from pot
*** SUMMARY ***
Total pot $42 | Rake $0.50
Board [5d 5h 8s 7c 2d]
Seat 3: slavomir9305 (big blind) collected ($41.50)
Seat 4: AzureCaper (button) (small blind) folded on the River


PokerStars Hand #160431138642:  Hold'em Limit ($3/$6 USD) - 2016/10/25 15:29:32 ET
Table 'Iolanda II' 6-max Seat #4 is the button
Seat 2: Apanage ($230.29 in chips)
Seat 4: YseRussia ($179.47 in chips)
YseRussia: posts small blind $1
Apanage: posts big blind $3
*** HOLE CARDS ***
YseRussia: raises $3 to $6
Apanage: folds
Uncalled bet ($3) returned to YseRussia
YseRussia collected $6 from pot
YseRussia: doesn't show hand
*** SUMMARY ***
Total pot $6 | Rake $0
Seat 2: Apanage (big blind) folded before Flop
Seat 4: YseRussia (button) (small blind) collected ($6)


PokerStars Hand #160431123342:  Hold'em Limit ($3/$6 USD) - 2016/10/25 15:29:17 ET
Table 'Iolanda II' 6-max Seat #2 is the button
Seat 2: Apanage ($215.79 in chips)
Seat 4: YseRussia ($194.47 in chips)
Apanage: posts small blind $1
YseRussia: posts big blind $3
*** HOLE CARDS ***
Apanage: raises $3 to $6
YseRussia: calls $3
*** FLOP *** [Qd Ah 4s]
YseRussia: checks
Apanage: bets $3
YseRussia: calls $3
*** TURN *** [Qd Ah 4s] [6h]
YseRussia: checks
Apanage: checks
*** RIVER *** [Qd Ah 4s 6h] [8d]
YseRussia: bets $6
Apanage: raises $6 to $12
YseRussia: folds
Uncalled bet ($6) returned to Apanage
Apanage collected $29.50 from pot
Apanage: doesn't show hand
*** SUMMARY ***
Total pot $30 | Rake $0.50
Board [Qd Ah 4s 6h 8d]
Seat 2: Apanage (button) (small blind) collected ($29.50)
Seat 4: YseRussia (big blind) folded on the River


PokerStars Hand #160431108905:  Hold'em Limit ($3/$6 USD) - 2016/10/25 15:29:02 ET
Table 'Iolanda II' 6-max Seat #4 is the button
Seat 2: Apanage ($221.79 in chips)
Seat 4: YseRussia ($188.71 in chips)
YseRussia: posts small blind $1
Apanage: posts big blind $3
*** HOLE CARDS ***
YseRussia: raises $3 to $6
Apanage: calls $3
*** FLOP *** [Tc 2c 9c]
Apanage: checks
YseRussia: bets $3
Apanage: folds
Uncalled bet ($3) returned to YseRussia
YseRussia collected $11.76 from pot
YseRussia: doesn't show hand
*** SUMMARY ***
Total pot $12 | Rake $0.24
Board [Tc 2c 9c]
Seat 2: Apanage (big blind) folded on the Flop
Seat 4: YseRussia (button) (small blind) collected ($11.76)


PokerStars Hand #160431094825:  Hold'em Limit ($3/$6 USD) - 2016/10/25 15:28:47 ET
Table 'Iolanda II' 6-max Seat #2 is the button
Seat 2: Apanage ($230.79 in chips)
Seat 4: YseRussia ($180.07 in chips)
Apanage: posts small blind $1
YseRussia: posts big blind $3
*** HOLE CARDS ***
Apanage: raises $3 to $6
YseRussia: raises $3 to $9
Apanage: calls $3
*** FLOP *** [Qc Qd Ks]
YseRussia: bets $3
Apanage: folds
Uncalled bet ($3) returned to YseRussia
YseRussia collected $17.64 from pot
YseRussia: doesn't show hand
*** SUMMARY ***
Total pot $18 | Rake $0.36
Board [Qc Qd Ks]
Seat 2: Apanage (button) (small blind) folded on the Flop
Seat 4: YseRussia (big blind) collected ($17.64)


PokerStars Hand #160431078977:  Hold'em Limit ($3/$6 USD) - 2016/10/25 15:28:31 ET
Table 'Iolanda II' 6-max Seat #4 is the button
Seat 2: Apanage ($213.29 in chips)
Seat 4: YseRussia ($198.07 in chips)
YseRussia: posts small blind $1
Apanage: posts big blind $3
*** HOLE CARDS ***
YseRussia: raises $3 to $6
Apanage: calls $3
*** FLOP *** [Kc Ts 4h]
Apanage: checks
YseRussia: bets $3
Apanage: raises $3 to $6
YseRussia: calls $3
*** TURN *** [Kc Ts 4h] [7s]
Apanage: bets $6
YseRussia: calls $6
*** RIVER *** [Kc Ts 4h 7s] [2d]
Apanage: bets $6
YseRussia: folds
Uncalled bet ($6) returned to Apanage
Apanage collected $35.50 from pot
Apanage: doesn't show hand
*** SUMMARY ***
Total pot $36 | Rake $0.50
Board [Kc Ts 4h 7s 2d]
Seat 2: Apanage (big blind) collected ($35.50)
Seat 4: YseRussia (button) (small blind) folded on the River


PokerStars Hand #160431143741:  Hold'em Limit ($3/$6 USD) - 2016/10/25 15:29:37 ET
Table 'Iolanda II' 6-max Seat #2 is the button
Seat 2: Apanage ($227.29 in chips)
Seat 4: YseRussia ($182.47 in chips)
Apanage: posts small blind $1
YseRussia: posts big blind $3
*** HOLE CARDS ***
Apanage: raises $3 to $6
YseRussia: raises $3 to $9
Apanage: calls $3
*** FLOP *** [6s 4c 4s]
YseRussia: bets $3
Apanage: calls $3
*** TURN *** [6s 4c 4s] [9d]
YseRussia: checks
Apanage: bets $6
YseRussia: calls $6
*** RIVER *** [6s 4c 4s 9d] [8h]
YseRussia: checks
Apanage: bets $6
YseRussia: calls $6
*** SHOW DOWN ***
Apanage: shows [9s Ts] (two pair, Nines and Fours)
YseRussia: mucks hand
Apanage collected $47.50 from pot
*** SUMMARY ***
Total pot $48 | Rake $0.50
Board [6s 4c 4s 9d 8h]
Seat 2: Apanage (button) (small blind) showed [9s Ts] and won ($47.50) with two pair, Nines and Fours
Seat 4: YseRussia (big blind) mucked


PokerStars Hand #160431162131:  Hold'em Limit ($3/$6 USD) - 2016/10/25 15:29:56 ET
Table 'Iolanda II' 6-max Seat #4 is the button
Seat 2: Apanage ($250.79 in chips)
Seat 4: YseRussia ($158.47 in chips)
YseRussia: posts small blind $1
Apanage: posts big blind $3
*** HOLE CARDS ***
YseRussia: raises $3 to $6
Apanage: calls $3
*** FLOP *** [8s 9c 7d]
Apanage: checks
YseRussia: bets $3
Apanage: calls $3
*** TURN *** [8s 9c 7d] [Tc]
Apanage: checks
YseRussia: bets $6
Gietski joins the table at seat #6
Apanage: folds
Uncalled bet ($6) returned to YseRussia
YseRussia collected $17.64 from pot
YseRussia: doesn't show hand
*** SUMMARY ***
Total pot $18 | Rake $0.36
Board [8s 9c 7d Tc]
Seat 2: Apanage (big blind) folded on the Turn
Seat 4: YseRussia (button) (small blind) collected ($17.64)


PokerStars Hand #160431190437:  Hold'em Limit ($3/$6 USD) - 2016/10/25 15:30:25 ET
Table 'Iolanda II' 6-max Seat #2 is the button
Seat 2: Apanage ($241.79 in chips)
Seat 4: YseRussia ($167.11 in chips)
Apanage: posts small blind $1
YseRussia: posts big blind $3
*** HOLE CARDS ***
Apanage: folds
Uncalled bet ($2) returned to YseRussia
YseRussia collected $2 from pot
YseRussia: doesn't show hand
*** SUMMARY ***
Total pot $2 | Rake $0
Seat 2: Apanage (button) (small blind) folded before Flop
Seat 4: YseRussia (big blind) collected ($2)


PokerStars Hand #160436291249:  Hold'em Limit ($3/$6 USD) - 2016/10/25 17:04:36 ET
Table 'Iolanda II' 6-max Seat #6 is the button
Seat 5: sokol-max-PS ($130.59 in chips)
Seat 6: ABATAPP ($319.30 in chips)
ABATAPP: posts small blind $1
sokol-max-PS: posts big blind $3
*** HOLE CARDS ***
ABATAPP: raises $3 to $6
sokol-max-PS: calls $3
*** FLOP *** [6h Tc Jh]
sokol-max-PS: checks
ABATAPP: bets $3
sokol-max-PS: raises $3 to $6
ABATAPP: folds
Uncalled bet ($3) returned to sokol-max-PS
sokol-max-PS collected $17.64 from pot
*** SUMMARY ***
Total pot $18 | Rake $0.36
Board [6h Tc Jh]
Seat 5: sokol-max-PS (big blind) collected ($17.64)
Seat 6: ABATAPP (button) (small blind) folded on the Flop


