PokerStars Hand #149741058314:  Hold'em Limit ($3/$6 USD) - 2016/03/02 17:06:03 ET
Table 'Iphigenia III' 6-max Seat #6 is the button
Seat 5: Pandakey ($151.02 in chips)
Seat 6: ChicagoBull4 ($49.23 in chips)
ChicagoBull4: posts small blind $1
Pandakey: posts big blind $3
*** HOLE CARDS ***
ChicagoBull4: folds
Uncalled bet ($2) returned to Pandakey
Pandakey collected $2 from pot
Pandakey: doesn't show hand
*** SUMMARY ***
Total pot $2 | Rake $0
Seat 5: Pandakey (big blind) collected ($2)
Seat 6: ChicagoBull4 (button) (small blind) folded before Flop


PokerStars Hand #149741032820:  Hold'em Limit ($3/$6 USD) - 2016/03/02 17:05:36 ET
Table 'Iphigenia III' 6-max Seat #5 is the button
Seat 5: Pandakey ($139.50 in chips)
Seat 6: ChicagoBull4 ($61.23 in chips)
Pandakey: posts small blind $1
ChicagoBull4: posts big blind $3
*** HOLE CARDS ***
Pandakey: raises $3 to $6
ChicagoBull4: calls $3
*** FLOP *** [7s 4s 6s]
ChicagoBull4: checks
Pandakey: checks
*** TURN *** [7s 4s 6s] [4h]
ChicagoBull4: bets $6
Pandakey: calls $6
*** RIVER *** [7s 4s 6s 4h] [Th]
ChicagoBull4: checks
Pandakey: checks
*** SHOW DOWN ***
ChicagoBull4: shows [2c Ad] (a pair of Fours)
Pandakey: shows [9c As] (a pair of Fours - Ace+Ten+Nine kicker)
Pandakey collected $23.52 from pot
*** SUMMARY ***
Total pot $24 | Rake $0.48
Board [7s 4s 6s 4h Th]
Seat 5: Pandakey (button) (small blind) showed [9c As] and won ($23.52) with a pair of Fours
Seat 6: ChicagoBull4 (big blind) showed [2c Ad] and lost with a pair of Fours


PokerStars Hand #149741015417:  Hold'em Limit ($3/$6 USD) - 2016/03/02 17:05:18 ET
Table 'Iphigenia III' 6-max Seat #6 is the button
Seat 5: Pandakey ($148.50 in chips)
Seat 6: ChicagoBull4 ($52.59 in chips)
ChicagoBull4: posts small blind $1
Pandakey: posts big blind $3
*** HOLE CARDS ***
ChicagoBull4: raises $3 to $6
Pandakey: calls $3
*** FLOP *** [Qd Ts 6s]
Pandakey: checks
ChicagoBull4: bets $3
Pandakey: calls $3
*** TURN *** [Qd Ts 6s] [Ah]
Pandakey: checks
ChicagoBull4: bets $6
Pandakey: folds
Uncalled bet ($6) returned to ChicagoBull4
ChicagoBull4 collected $17.64 from pot
*** SUMMARY ***
Total pot $18 | Rake $0.36
Board [Qd Ts 6s Ah]
Seat 5: Pandakey (big blind) folded on the Turn
Seat 6: ChicagoBull4 (button) (small blind) collected ($17.64)


PokerStars Hand #149741063955:  Hold'em Limit ($3/$6 USD) - 2016/03/02 17:06:09 ET
Table 'Iphigenia III' 6-max Seat #5 is the button
Seat 5: Pandakey ($152.02 in chips)
Seat 6: ChicagoBull4 ($48.23 in chips)
Pandakey: posts small blind $1
ChicagoBull4: posts big blind $3
*** HOLE CARDS ***
Pandakey: raises $3 to $6
ChicagoBull4: calls $3
*** FLOP *** [6d 8s 4h]
ChicagoBull4: bets $3
Pandakey: calls $3
*** TURN *** [6d 8s 4h] [Kc]
ChicagoBull4: bets $6
Pandakey: calls $6
*** RIVER *** [6d 8s 4h Kc] [Qd]
ChicagoBull4: checks
Pandakey: bets $6
ChicagoBull4: calls $6
xlas-mariasx joins the table at seat #3
*** SHOW DOWN ***
Pandakey: shows [7d 7c] (a pair of Sevens)
ChicagoBull4: mucks hand
Pandakey collected $41.50 from pot
*** SUMMARY ***
Total pot $42 | Rake $0.50
Board [6d 8s 4h Kc Qd]
Seat 5: Pandakey (button) (small blind) showed [7d 7c] and won ($41.50) with a pair of Sevens
Seat 6: ChicagoBull4 (big blind) mucked


PokerStars Hand #149742680361:  Hold'em Limit ($3/$6 USD) - 2016/03/02 17:34:38 ET
Table 'Iphigenia III' 6-max Seat #4 is the button
Seat 3: Chessnok ($144.72 in chips)
Seat 4: vovojc ($61.16 in chips)
vovojc: posts small blind $1
Zubasa07 was removed from the table for failing to post
gazzzzzza: is sitting out
Chessnok: posts big blind $3
*** HOLE CARDS ***
vovojc: raises $3 to $6
gazzzzzza leaves the table
Chessnok: calls $3
*** FLOP *** [9c 8h 8s]
Chessnok: checks
vovojc: checks
*** TURN *** [9c 8h 8s] [Ks]
Chessnok: bets $6
vovojc: folds
Uncalled bet ($6) returned to Chessnok
Chessnok collected $11.76 from pot
Chessnok: doesn't show hand
*** SUMMARY ***
Total pot $12 | Rake $0.24
Board [9c 8h 8s Ks]
Seat 3: Chessnok (big blind) collected ($11.76)
Seat 4: vovojc (button) (small blind) folded on the Turn


