PokerStars Hand #147456495714:  Hold'em Limit ($3/$6 USD) - 2016/01/21 20:33:53 ET
Table 'Iphidamas' 2-max Seat #2 is the button
Seat 1: Truelove13 ($120 in chips)
Seat 2: Pasjeop33 ($43.71 in chips)
Pasjeop33: posts small blind $1
Truelove13: posts big blind $3
*** HOLE CARDS ***
Pasjeop33: raises $3 to $6
Truelove13: calls $3
*** FLOP *** [Kh 9d 8d]
Truelove13: checks
Pasjeop33: bets $3
Truelove13: calls $3
*** TURN *** [Kh 9d 8d] [5c]
Truelove13: checks
Pasjeop33: bets $6
Truelove13: calls $6
*** RIVER *** [Kh 9d 8d 5c] [2c]
Truelove13: checks
Pasjeop33: checks
*** SHOW DOWN ***
Truelove13: shows [Tc 8h] (a pair of Eights)
Pasjeop33: mucks hand
Truelove13 collected $29.50 from pot
*** SUMMARY ***
Total pot $30 | Rake $0.50
Board [Kh 9d 8d 5c 2c]
Seat 1: Truelove13 (big blind) showed [Tc 8h] and won ($29.50) with a pair of Eights
Seat 2: Pasjeop33 (button) (small blind) mucked


PokerStars Hand #147456532820:  Hold'em Limit ($3/$6 USD) - 2016/01/21 20:35:04 ET
Table 'Iphidamas' 2-max Seat #1 is the button
Seat 1: Truelove13 ($149.50 in chips)
Seat 2: Pasjeop33 ($26.92 in chips)
Truelove13: posts small blind $1
Pasjeop33: posts big blind $3
*** HOLE CARDS ***
Truelove13: raises $3 to $6
Pasjeop33: calls $3
*** FLOP *** [6c 8d 5h]
Pasjeop33: checks
Truelove13: bets $3
Pasjeop33: calls $3
*** TURN *** [6c 8d 5h] [9s]
Pasjeop33: checks
Truelove13: checks
*** RIVER *** [6c 8d 5h 9s] [2s]
Pasjeop33: bets $6
Truelove13: calls $6
*** SHOW DOWN ***
Pasjeop33: shows [4c Kd] (high card King)
Truelove13: shows [Ts 5s] (a pair of Fives)
Truelove13 collected $29.50 from pot
*** SUMMARY ***
Total pot $30 | Rake $0.50
Board [6c 8d 5h 9s 2s]
Seat 1: Truelove13 (button) (small blind) showed [Ts 5s] and won ($29.50) with a pair of Fives
Seat 2: Pasjeop33 (big blind) showed [4c Kd] and lost with high card King


PokerStars Hand #147456523854:  Hold'em Limit ($3/$6 USD) - 2016/01/21 20:34:47 ET
Table 'Iphidamas' 2-max Seat #2 is the button
Seat 1: Truelove13 ($120 in chips)
Seat 2: Pasjeop33 ($56.92 in chips)
Pasjeop33: posts small blind $1
Truelove13: posts big blind $3
*** HOLE CARDS ***
Pasjeop33: raises $3 to $6
Truelove13: calls $3
*** FLOP *** [3h Th 9s]
Truelove13: checks
Pasjeop33: checks
*** TURN *** [3h Th 9s] [3d]
Truelove13: bets $6
Pasjeop33: raises $6 to $12
Truelove13: raises $6 to $18
Pasjeop33: calls $6
*** RIVER *** [3h Th 9s 3d] [Ad]
Truelove13: bets $6
Pasjeop33: calls $6
*** SHOW DOWN ***
Truelove13: shows [8s 3s] (three of a kind, Threes)
Pasjeop33: mucks hand
Truelove13 collected $59.50 from pot
*** SUMMARY ***
Total pot $60 | Rake $0.50
Board [3h Th 9s 3d Ad]
Seat 1: Truelove13 (big blind) showed [8s 3s] and won ($59.50) with three of a kind, Threes
Seat 2: Pasjeop33 (button) (small blind) mucked


PokerStars Hand #147456512630:  Hold'em Limit ($3/$6 USD) - 2016/01/21 20:34:26 ET
Table 'Iphidamas' 2-max Seat #1 is the button
Seat 1: Truelove13 ($134.50 in chips)
Seat 2: Pasjeop33 ($28.71 in chips)
Truelove13: posts small blind $1
Pasjeop33: posts big blind $3
*** HOLE CARDS ***
Truelove13: raises $3 to $6
Pasjeop33: calls $3
*** FLOP *** [7c 8s 2d]
Pasjeop33: checks
Truelove13: bets $3
Pasjeop33: calls $3
*** TURN *** [7c 8s 2d] [8c]
Pasjeop33: checks
Truelove13: bets $6
Pasjeop33: raises $6 to $12
Truelove13: calls $6
*** RIVER *** [7c 8s 2d 8c] [4c]
Pasjeop33: bets $6
Truelove13: raises $6 to $12
Pasjeop33: calls $1.71 and is all-in
Uncalled bet ($4.29) returned to Truelove13
*** SHOW DOWN ***
Truelove13: shows [6h 7h] (two pair, Eights and Sevens)
Pasjeop33: shows [7s 9d] (two pair, Eights and Sevens - Nine kicker)
Pasjeop33 collected $56.92 from pot
*** SUMMARY ***
Total pot $57.42 | Rake $0.50
Board [7c 8s 2d 8c 4c]
Seat 1: Truelove13 (button) (small blind) showed [6h 7h] and lost with two pair, Eights and Sevens
Seat 2: Pasjeop33 (big blind) showed [7s 9d] and won ($56.92) with two pair, Eights and Sevens


PokerStars Hand #147456566046:  Hold'em Limit ($3/$6 USD) - 2016/01/21 20:36:08 ET
Table 'Iphidamas' 2-max Seat #1 is the button
Seat 1: Truelove13 ($148.08 in chips)
Seat 2: Pasjeop33 ($27.24 in chips)
Truelove13: posts small blind $1
Pasjeop33: posts big blind $3
*** HOLE CARDS ***
Truelove13: raises $3 to $6
Pasjeop33: calls $3
*** FLOP *** [5h Jh 9d]
Pasjeop33: checks
Truelove13: bets $3
Pasjeop33: calls $3
*** TURN *** [5h Jh 9d] [7c]
Pasjeop33: checks
Truelove13: checks
*** RIVER *** [5h Jh 9d 7c] [9h]
Pasjeop33: checks
Truelove13: checks
*** SHOW DOWN ***
Pasjeop33: shows [3d Kc] (a pair of Nines)
Truelove13: shows [6s 6d] (two pair, Nines and Sixes)
Truelove13 collected $17.64 from pot
*** SUMMARY ***
Total pot $18 | Rake $0.36
Board [5h Jh 9d 7c 9h]
Seat 1: Truelove13 (button) (small blind) showed [6s 6d] and won ($17.64) with two pair, Nines and Sixes
Seat 2: Pasjeop33 (big blind) showed [3d Kc] and lost with a pair of Nines


PokerStars Hand #147456554492:  Hold'em Limit ($3/$6 USD) - 2016/01/21 20:35:46 ET
Table 'Iphidamas' 2-max Seat #2 is the button
Seat 1: Truelove13 ($151.08 in chips)
Seat 2: Pasjeop33 ($24.36 in chips)
Pasjeop33: posts small blind $1
Truelove13: posts big blind $3
*** HOLE CARDS ***
Pasjeop33: calls $2
Truelove13: checks
*** FLOP *** [4d 9c 3s]
Truelove13: checks
Pasjeop33: checks
*** TURN *** [4d 9c 3s] [9h]
Truelove13: checks
Pasjeop33: bets $6
Truelove13: folds
Uncalled bet ($6) returned to Pasjeop33
Pasjeop33 collected $5.88 from pot
Pasjeop33: doesn't show hand
*** SUMMARY ***
Total pot $6 | Rake $0.12
Board [4d 9c 3s 9h]
Seat 1: Truelove13 (big blind) folded on the Turn
Seat 2: Pasjeop33 (button) (small blind) collected ($5.88)


PokerStars Hand #147456551463:  Hold'em Limit ($3/$6 USD) - 2016/01/21 20:35:40 ET
Table 'Iphidamas' 2-max Seat #1 is the button
Seat 1: Truelove13 ($152.08 in chips)
Seat 2: Pasjeop33 ($23.36 in chips)
Truelove13: posts small blind $1
Pasjeop33: posts big blind $3
*** HOLE CARDS ***
Truelove13: folds
Uncalled bet ($2) returned to Pasjeop33
Pasjeop33 collected $2 from pot
Pasjeop33: doesn't show hand
*** SUMMARY ***
Total pot $2 | Rake $0
Seat 1: Truelove13 (button) (small blind) folded before Flop
Seat 2: Pasjeop33 (big blind) collected ($2)


PokerStars Hand #147456540529:  Hold'em Limit ($3/$6 USD) - 2016/01/21 20:35:19 ET
Table 'Iphidamas' 2-max Seat #2 is the button
Seat 1: Truelove13 ($164 in chips)
Seat 2: Pasjeop33 ($11.92 in chips)
Pasjeop33: posts small blind $1
Truelove13: posts big blind $3
*** HOLE CARDS ***
Pasjeop33: raises $3 to $6
Truelove13: calls $3
*** FLOP *** [5h 5c 4c]
Truelove13: checks
Pasjeop33: bets $3
Truelove13: raises $3 to $6
Pasjeop33: calls $2.92 and is all-in
Uncalled bet ($0.08) returned to Truelove13
*** TURN *** [5h 5c 4c] [2c]
*** RIVER *** [5h 5c 4c 2c] [Ac]
*** SHOW DOWN ***
Truelove13: shows [3s 5s] (a straight, Ace to Five)
Pasjeop33: shows [3c Ah] (a straight flush, Ace to Five)
Pasjeop33 collected $23.36 from pot
*** SUMMARY ***
Total pot $23.84 | Rake $0.48
Board [5h 5c 4c 2c Ac]
Seat 1: Truelove13 (big blind) showed [3s 5s] and lost with a straight, Ace to Five
Seat 2: Pasjeop33 (button) (small blind) showed [3c Ah] and won ($23.36) with a straight flush, Ace to Five


PokerStars Hand #147456576977:  Hold'em Limit ($3/$6 USD) - 2016/01/21 20:36:29 ET
Table 'Iphidamas' 2-max Seat #2 is the button
Seat 1: Truelove13 ($156.72 in chips)
Seat 2: Pasjeop33 ($18.24 in chips)
Pasjeop33: posts small blind $1
Truelove13: posts big blind $3
*** HOLE CARDS ***
Pasjeop33: raises $3 to $6
Truelove13: calls $3
*** FLOP *** [3d 7d Jh]
Truelove13: checks
Pasjeop33: checks
*** TURN *** [3d 7d Jh] [4c]
Truelove13: bets $6
Pasjeop33: folds
Uncalled bet ($6) returned to Truelove13
Truelove13 collected $11.76 from pot
*** SUMMARY ***
Total pot $12 | Rake $0.24
Board [3d 7d Jh 4c]
Seat 1: Truelove13 (big blind) collected ($11.76)
Seat 2: Pasjeop33 (button) (small blind) folded on the Turn


