PokerStars Hand #155410163580:  Hold'em Limit ($3/$6 USD) - 2016/06/30 22:01:58 ET
Table 'Iphiklos II' 6-max Seat #4 is the button
Seat 3: ATMA1011 ($120 in chips)
Seat 4: AzureCaper ($72 in chips)
AzureCaper: posts small blind $1
ATMA1011: posts big blind $3
*** HOLE CARDS ***
AzureCaper: folds
Uncalled bet ($2) returned to ATMA1011
ATMA1011 collected $2 from pot
ATMA1011: doesn't show hand
*** SUMMARY ***
Total pot $2 | Rake $0
Seat 3: ATMA1011 (big blind) collected ($2)
Seat 4: AzureCaper (button) (small blind) folded before Flop


PokerStars Hand #155410166138:  Hold'em Limit ($3/$6 USD) - 2016/06/30 22:02:06 ET
Table 'Iphiklos II' 6-max Seat #3 is the button
Seat 3: ATMA1011 ($121 in chips)
Seat 4: AzureCaper ($72 in chips)
ATMA1011: posts small blind $1
AzureCaper: posts big blind $3
*** HOLE CARDS ***
ATMA1011: folds
Uncalled bet ($2) returned to AzureCaper
AzureCaper collected $2 from pot
AzureCaper: doesn't show hand
*** SUMMARY ***
Total pot $2 | Rake $0
Seat 3: ATMA1011 (button) (small blind) folded before Flop
Seat 4: AzureCaper (big blind) collected ($2)


PokerStars Hand #155410184951:  Hold'em Limit ($3/$6 USD) - 2016/06/30 22:03:00 ET
Table 'Iphiklos II' 6-max Seat #4 is the button
Seat 3: ATMA1011 ($139.50 in chips)
Seat 4: AzureCaper ($73 in chips)
AzureCaper: posts small blind $1
ATMA1011: posts big blind $3
*** HOLE CARDS ***
AzureCaper: raises $3 to $6
ATMA1011: calls $3
*** FLOP *** [Qc Ad 2d]
ATMA1011: checks
AzureCaper: bets $3
ATMA1011: folds
Uncalled bet ($3) returned to AzureCaper
AzureCaper collected $11.76 from pot
AzureCaper: doesn't show hand
*** SUMMARY ***
Total pot $12 | Rake $0.24
Board [Qc Ad 2d]
Seat 3: ATMA1011 (big blind) folded on the Flop
Seat 4: AzureCaper (button) (small blind) collected ($11.76)


PokerStars Hand #155410183068:  Hold'em Limit ($3/$6 USD) - 2016/06/30 22:02:54 ET
Table 'Iphiklos II' 6-max Seat #3 is the button
Seat 3: ATMA1011 ($140.50 in chips)
Seat 4: AzureCaper ($72 in chips)
ATMA1011: posts small blind $1
AzureCaper: posts big blind $3
*** HOLE CARDS ***
ATMA1011: folds
Uncalled bet ($2) returned to AzureCaper
AzureCaper collected $2 from pot
AzureCaper: doesn't show hand
*** SUMMARY ***
Total pot $2 | Rake $0
Seat 3: ATMA1011 (button) (small blind) folded before Flop
Seat 4: AzureCaper (big blind) collected ($2)


PokerStars Hand #155410180188:  Hold'em Limit ($3/$6 USD) - 2016/06/30 22:02:46 ET
Table 'Iphiklos II' 6-max Seat #4 is the button
Seat 3: ATMA1011 ($139.50 in chips)
Seat 4: AzureCaper ($73 in chips)
AzureCaper: posts small blind $1
ATMA1011: posts big blind $3
*** HOLE CARDS ***
AzureCaper: folds
Uncalled bet ($2) returned to ATMA1011
ATMA1011 collected $2 from pot
ATMA1011: doesn't show hand
*** SUMMARY ***
Total pot $2 | Rake $0
Seat 3: ATMA1011 (big blind) collected ($2)
Seat 4: AzureCaper (button) (small blind) folded before Flop


PokerStars Hand #155410177928:  Hold'em Limit ($3/$6 USD) - 2016/06/30 22:02:39 ET
Table 'Iphiklos II' 6-max Seat #3 is the button
Seat 3: ATMA1011 ($140.50 in chips)
Seat 4: AzureCaper ($72 in chips)
ATMA1011: posts small blind $1
AzureCaper: posts big blind $3
*** HOLE CARDS ***
ATMA1011: folds
Uncalled bet ($2) returned to AzureCaper
AzureCaper collected $2 from pot
AzureCaper: doesn't show hand
*** SUMMARY ***
Total pot $2 | Rake $0
Seat 3: ATMA1011 (button) (small blind) folded before Flop
Seat 4: AzureCaper (big blind) collected ($2)


PokerStars Hand #155410168130:  Hold'em Limit ($3/$6 USD) - 2016/06/30 22:02:11 ET
Table 'Iphiklos II' 6-max Seat #4 is the button
Seat 3: ATMA1011 ($120 in chips)
Seat 4: AzureCaper ($73 in chips)
AzureCaper: posts small blind $1
ATMA1011: posts big blind $3
*** HOLE CARDS ***
AzureCaper: raises $3 to $6
ATMA1011: calls $3
*** FLOP *** [7c 9h Td]
ATMA1011: bets $3
AzureCaper: calls $3
*** TURN *** [7c 9h Td] [2d]
ATMA1011: bets $6
AzureCaper: calls $6
*** RIVER *** [7c 9h Td 2d] [Ks]
ATMA1011: bets $6
AzureCaper: calls $6
*** SHOW DOWN ***
ATMA1011: shows [Qh Jd] (a straight, Nine to King)
AzureCaper: mucks hand
ATMA1011 collected $41.50 from pot
*** SUMMARY ***
Total pot $42 | Rake $0.50
Board [7c 9h Td 2d Ks]
Seat 3: ATMA1011 (big blind) showed [Qh Jd] and won ($41.50) with a straight, Nine to King
Seat 4: AzureCaper (button) (small blind) mucked


PokerStars Hand #155410209723:  Hold'em Limit ($3/$6 USD) - 2016/06/30 22:04:10 ET
Table 'Iphiklos II' 6-max Seat #3 is the button
Seat 3: ATMA1011 ($137.90 in chips)
Seat 4: AzureCaper ($81.64 in chips)
ATMA1011: posts small blind $1
AzureCaper: posts big blind $3
*** HOLE CARDS ***
ATMA1011: folds
Uncalled bet ($2) returned to AzureCaper
AzureCaper collected $2 from pot
AzureCaper: doesn't show hand
*** SUMMARY ***
Total pot $2 | Rake $0
Seat 3: ATMA1011 (button) (small blind) folded before Flop
Seat 4: AzureCaper (big blind) collected ($2)


PokerStars Hand #155410203467:  Hold'em Limit ($3/$6 USD) - 2016/06/30 22:03:52 ET
Table 'Iphiklos II' 6-max Seat #4 is the button
Seat 3: ATMA1011 ($146.90 in chips)
Seat 4: AzureCaper ($73 in chips)
AzureCaper: posts small blind $1
ATMA1011: posts big blind $3
*** HOLE CARDS ***
AzureCaper: raises $3 to $6
ATMA1011: calls $3
*** FLOP *** [Ah Td Ts]
ATMA1011: bets $3
AzureCaper: raises $3 to $6
ATMA1011: folds
Uncalled bet ($3) returned to AzureCaper
AzureCaper collected $17.64 from pot
AzureCaper: doesn't show hand
*** SUMMARY ***
Total pot $18 | Rake $0.36
Board [Ah Td Ts]
Seat 3: ATMA1011 (big blind) folded on the Flop
Seat 4: AzureCaper (button) (small blind) collected ($17.64)


PokerStars Hand #155410201444:  Hold'em Limit ($3/$6 USD) - 2016/06/30 22:03:46 ET
Table 'Iphiklos II' 6-max Seat #3 is the button
Seat 3: ATMA1011 ($147.90 in chips)
Seat 4: AzureCaper ($72 in chips)
ATMA1011: posts small blind $1
AzureCaper: posts big blind $3
*** HOLE CARDS ***
ATMA1011: folds
Uncalled bet ($2) returned to AzureCaper
AzureCaper collected $2 from pot
AzureCaper: doesn't show hand
*** SUMMARY ***
Total pot $2 | Rake $0
Seat 3: ATMA1011 (button) (small blind) folded before Flop
Seat 4: AzureCaper (big blind) collected ($2)


PokerStars Hand #155410196797:  Hold'em Limit ($3/$6 USD) - 2016/06/30 22:03:33 ET
Table 'Iphiklos II' 6-max Seat #4 is the button
Seat 3: ATMA1011 ($139.26 in chips)
Seat 4: AzureCaper ($72.76 in chips)
AzureCaper: posts small blind $1
ATMA1011: posts big blind $3
*** HOLE CARDS ***
AzureCaper: raises $3 to $6
ATMA1011: calls $3
*** FLOP *** [8h 6s Kd]
ATMA1011: checks
AzureCaper: bets $3
ATMA1011: raises $3 to $6
AzureCaper: folds
Uncalled bet ($3) returned to ATMA1011
ATMA1011 collected $17.64 from pot
ATMA1011: doesn't show hand
*** SUMMARY ***
Total pot $18 | Rake $0.36
Board [8h 6s Kd]
Seat 3: ATMA1011 (big blind) collected ($17.64)
Seat 4: AzureCaper (button) (small blind) folded on the Flop


PokerStars Hand #155410190871:  Hold'em Limit ($3/$6 USD) - 2016/06/30 22:03:16 ET
Table 'Iphiklos II' 6-max Seat #3 is the button
Seat 3: ATMA1011 ($133.50 in chips)
Seat 4: AzureCaper ($78.76 in chips)
ATMA1011: posts small blind $1
AzureCaper: posts big blind $3
*** HOLE CARDS ***
ATMA1011: raises $3 to $6
AzureCaper: calls $3
*** FLOP *** [7s Td Kh]
AzureCaper: checks
ATMA1011: checks
*** TURN *** [7s Td Kh] [2c]
AzureCaper: checks
ATMA1011: bets $6
AzureCaper: folds
Uncalled bet ($6) returned to ATMA1011
ATMA1011 collected $11.76 from pot
ATMA1011: doesn't show hand
*** SUMMARY ***
Total pot $12 | Rake $0.24
Board [7s Td Kh 2c]
Seat 3: ATMA1011 (button) (small blind) collected ($11.76)
Seat 4: AzureCaper (big blind) folded on the Turn


PokerStars Hand #155410227431:  Hold'em Limit ($3/$6 USD) - 2016/06/30 22:05:01 ET
Table 'Iphiklos II' 6-max Seat #3 is the button
Seat 3: ATMA1011 ($134.78 in chips)
Seat 4: AzureCaper ($84.40 in chips)
ATMA1011: posts small blind $1
AzureCaper: posts big blind $3
*** HOLE CARDS ***
ATMA1011: folds
Uncalled bet ($2) returned to AzureCaper
AzureCaper collected $2 from pot
AzureCaper: doesn't show hand
*** SUMMARY ***
Total pot $2 | Rake $0
Seat 3: ATMA1011 (button) (small blind) folded before Flop
Seat 4: AzureCaper (big blind) collected ($2)


PokerStars Hand #155410225695:  Hold'em Limit ($3/$6 USD) - 2016/06/30 22:04:56 ET
Table 'Iphiklos II' 6-max Seat #4 is the button
Seat 3: ATMA1011 ($133.78 in chips)
Seat 4: AzureCaper ($85.40 in chips)
AzureCaper: posts small blind $1
ATMA1011: posts big blind $3
*** HOLE CARDS ***
AzureCaper: folds
Uncalled bet ($2) returned to ATMA1011
ATMA1011 collected $2 from pot
ATMA1011: doesn't show hand
*** SUMMARY ***
Total pot $2 | Rake $0
Seat 3: ATMA1011 (big blind) collected ($2)
Seat 4: AzureCaper (button) (small blind) folded before Flop


PokerStars Hand #155410218384:  Hold'em Limit ($3/$6 USD) - 2016/06/30 22:04:35 ET
Table 'Iphiklos II' 6-max Seat #3 is the button
Seat 3: ATMA1011 ($130.90 in chips)
Seat 4: AzureCaper ($88.40 in chips)
ATMA1011: posts small blind $1
AzureCaper: posts big blind $3
*** HOLE CARDS ***
ATMA1011: calls $2
AzureCaper: checks
*** FLOP *** [3d 7s 4c]
AzureCaper: checks
ATMA1011: bets $3
AzureCaper: folds
Uncalled bet ($3) returned to ATMA1011
ATMA1011 collected $5.88 from pot
ATMA1011: doesn't show hand
*** SUMMARY ***
Total pot $6 | Rake $0.12
Board [3d 7s 4c]
Seat 3: ATMA1011 (button) (small blind) collected ($5.88)
Seat 4: AzureCaper (big blind) folded on the Flop


PokerStars Hand #155410211894:  Hold'em Limit ($3/$6 USD) - 2016/06/30 22:04:17 ET
Table 'Iphiklos II' 6-max Seat #4 is the button
Seat 3: ATMA1011 ($136.90 in chips)
Seat 4: AzureCaper ($82.64 in chips)
AzureCaper: posts small blind $1
ATMA1011: posts big blind $3
*** HOLE CARDS ***
AzureCaper: raises $3 to $6
ATMA1011: calls $3
*** FLOP *** [6d Kc Qs]
ATMA1011: checks
AzureCaper: bets $3
ATMA1011: folds
Uncalled bet ($3) returned to AzureCaper
AzureCaper collected $11.76 from pot
AzureCaper: doesn't show hand
*** SUMMARY ***
Total pot $12 | Rake $0.24
Board [6d Kc Qs]
Seat 3: ATMA1011 (big blind) folded on the Flop
Seat 4: AzureCaper (button) (small blind) collected ($11.76)


PokerStars Hand #155410236333:  Hold'em Limit ($3/$6 USD) - 2016/06/30 22:05:27 ET
Table 'Iphiklos II' 6-max Seat #3 is the button
Seat 3: ATMA1011 ($127.78 in chips)
Seat 4: AzureCaper ($91.16 in chips)
ATMA1011: posts small blind $1
AzureCaper: posts big blind $3
*** HOLE CARDS ***
ATMA1011: raises $3 to $6
AzureCaper: raises $3 to $9
ATMA1011: calls $3
*** FLOP *** [9h 5c 7c]
AzureCaper: bets $3
ATMA1011: calls $3
*** TURN *** [9h 5c 7c] [Jh]
AzureCaper: bets $6
ATMA1011: calls $6
*** RIVER *** [9h 5c 7c Jh] [Tc]
AzureCaper: bets $6
ATMA1011: folds
Uncalled bet ($6) returned to AzureCaper
AzureCaper collected $35.50 from pot
AzureCaper: doesn't show hand
*** SUMMARY ***
Total pot $36 | Rake $0.50
Board [9h 5c 7c Jh Tc]
Seat 3: ATMA1011 (button) (small blind) folded on the River
Seat 4: AzureCaper (big blind) collected ($35.50)


PokerStars Hand #155410229305:  Hold'em Limit ($3/$6 USD) - 2016/06/30 22:05:06 ET
Table 'Iphiklos II' 6-max Seat #4 is the button
Seat 3: ATMA1011 ($133.78 in chips)
Seat 4: AzureCaper ($85.40 in chips)
AzureCaper: posts small blind $1
ATMA1011: posts big blind $3
*** HOLE CARDS ***
AzureCaper: raises $3 to $6
ATMA1011: calls $3
*** FLOP *** [5s 5h 6d]
ATMA1011: checks
AzureCaper: bets $3
ATMA1011: folds
Uncalled bet ($3) returned to AzureCaper
AzureCaper collected $11.76 from pot
AzureCaper: doesn't show hand
*** SUMMARY ***
Total pot $12 | Rake $0.24
Board [5s 5h 6d]
Seat 3: ATMA1011 (big blind) folded on the Flop
Seat 4: AzureCaper (button) (small blind) collected ($11.76)


PokerStars Hand #155410254868:  Hold'em Limit ($3/$6 USD) - 2016/06/30 22:06:20 ET
Table 'Iphiklos II' 6-max Seat #3 is the button
Seat 3: ATMA1011 ($106.78 in chips)
Seat 4: AzureCaper ($111.66 in chips)
ATMA1011: posts small blind $1
AzureCaper: posts big blind $3
*** HOLE CARDS ***
ATMA1011: folds
Uncalled bet ($2) returned to AzureCaper
AzureCaper collected $2 from pot
AzureCaper: doesn't show hand
*** SUMMARY ***
Total pot $2 | Rake $0
Seat 3: ATMA1011 (button) (small blind) folded before Flop
Seat 4: AzureCaper (big blind) collected ($2)


PokerStars Hand #155410251915:  Hold'em Limit ($3/$6 USD) - 2016/06/30 22:06:12 ET
Table 'Iphiklos II' 6-max Seat #4 is the button
Seat 3: ATMA1011 ($109.78 in chips)
Seat 4: AzureCaper ($108.66 in chips)
AzureCaper: posts small blind $1
ATMA1011: posts big blind $3
*** HOLE CARDS ***
AzureCaper: raises $3 to $6
ATMA1011: folds
Uncalled bet ($3) returned to AzureCaper
AzureCaper collected $6 from pot
AzureCaper: doesn't show hand
*** SUMMARY ***
Total pot $6 | Rake $0
Seat 3: ATMA1011 (big blind) folded before Flop
Seat 4: AzureCaper (button) (small blind) collected ($6)


PokerStars Hand #155410257157:  Hold'em Limit ($3/$6 USD) - 2016/06/30 22:06:27 ET
Table 'Iphiklos II' 6-max Seat #4 is the button
Seat 3: ATMA1011 ($105.78 in chips)
Seat 4: AzureCaper ($112.66 in chips)
AzureCaper: posts small blind $1
ATMA1011: posts big blind $3
*** HOLE CARDS ***
AzureCaper: raises $3 to $6
ATMA1011: calls $3
*** FLOP *** [Js 4d Qs]
ATMA1011: checks
AzureCaper: bets $3
ATMA1011: raises $3 to $6
AzureCaper: folds
Uncalled bet ($3) returned to ATMA1011
ATMA1011 collected $17.64 from pot
ATMA1011: doesn't show hand
*** SUMMARY ***
Total pot $18 | Rake $0.36
Board [Js 4d Qs]
Seat 3: ATMA1011 (big blind) collected ($17.64)
Seat 4: AzureCaper (button) (small blind) folded on the Flop


PokerStars Hand #155410261892:  Hold'em Limit ($3/$6 USD) - 2016/06/30 22:06:40 ET
Table 'Iphiklos II' 6-max Seat #3 is the button
Seat 3: ATMA1011 ($114.42 in chips)
Seat 4: AzureCaper ($103.66 in chips)
ATMA1011: posts small blind $1
AzureCaper: posts big blind $3
*** HOLE CARDS ***
ATMA1011: raises $3 to $6
AzureCaper: calls $3
*** FLOP *** [Kh 9h Jh]
AzureCaper: checks
ATMA1011: bets $3
AzureCaper: folds
Uncalled bet ($3) returned to ATMA1011
ATMA1011 collected $11.76 from pot
ATMA1011: doesn't show hand
*** SUMMARY ***
Total pot $12 | Rake $0.24
Board [Kh 9h Jh]
Seat 3: ATMA1011 (button) (small blind) collected ($11.76)
Seat 4: AzureCaper (big blind) folded on the Flop


PokerStars Hand #155410265690:  Hold'em Limit ($3/$6 USD) - 2016/06/30 22:06:51 ET
Table 'Iphiklos II' 6-max Seat #4 is the button
Seat 3: ATMA1011 ($120.18 in chips)
Seat 4: AzureCaper ($97.66 in chips)
AzureCaper: posts small blind $1
ATMA1011: posts big blind $3
*** HOLE CARDS ***
AzureCaper: raises $3 to $6
ATMA1011: raises $3 to $9
AzureCaper: calls $3
*** FLOP *** [9c Jc 5s]
ATMA1011: checks
AzureCaper: checks
*** TURN *** [9c Jc 5s] [9d]
ATMA1011: checks
AzureCaper: checks
*** RIVER *** [9c Jc 5s 9d] [4c]
ATMA1011: bets $6
AzureCaper: folds
Uncalled bet ($6) returned to ATMA1011
ATMA1011 collected $17.64 from pot
ATMA1011: doesn't show hand
*** SUMMARY ***
Total pot $18 | Rake $0.36
Board [9c Jc 5s 9d 4c]
Seat 3: ATMA1011 (big blind) collected ($17.64)
Seat 4: AzureCaper (button) (small blind) folded on the River


PokerStars Hand #155410273460:  Hold'em Limit ($3/$6 USD) - 2016/06/30 22:07:14 ET
Table 'Iphiklos II' 6-max Seat #3 is the button
Seat 3: ATMA1011 ($128.82 in chips)
Seat 4: AzureCaper ($88.66 in chips)
ATMA1011: posts small blind $1
AzureCaper: posts big blind $3
*** HOLE CARDS ***
ATMA1011: folds
Uncalled bet ($2) returned to AzureCaper
AzureCaper collected $2 from pot
AzureCaper: doesn't show hand
*** SUMMARY ***
Total pot $2 | Rake $0
Seat 3: ATMA1011 (button) (small blind) folded before Flop
Seat 4: AzureCaper (big blind) collected ($2)


PokerStars Hand #155410275802:  Hold'em Limit ($3/$6 USD) - 2016/06/30 22:07:21 ET
Table 'Iphiklos II' 6-max Seat #4 is the button
Seat 3: ATMA1011 ($127.82 in chips)
Seat 4: AzureCaper ($89.66 in chips)
AzureCaper: posts small blind $1
ATMA1011: posts big blind $3
*** HOLE CARDS ***
AzureCaper: raises $3 to $6
ATMA1011: calls $3
*** FLOP *** [3s Kh Qh]
ATMA1011: checks
AzureCaper: bets $3
ATMA1011: folds
Uncalled bet ($3) returned to AzureCaper
AzureCaper collected $11.76 from pot
AzureCaper: doesn't show hand
*** SUMMARY ***
Total pot $12 | Rake $0.24
Board [3s Kh Qh]
Seat 3: ATMA1011 (big blind) folded on the Flop
Seat 4: AzureCaper (button) (small blind) collected ($11.76)


PokerStars Hand #155410286386:  Hold'em Limit ($3/$6 USD) - 2016/06/30 22:07:51 ET
Table 'Iphiklos II' 6-max Seat #4 is the button
Seat 3: ATMA1011 ($109.82 in chips)
Seat 4: AzureCaper ($106.94 in chips)
AzureCaper: posts small blind $1
ATMA1011: posts big blind $3
*** HOLE CARDS ***
AzureCaper: folds
Uncalled bet ($2) returned to ATMA1011
ATMA1011 collected $2 from pot
ATMA1011: doesn't show hand
*** SUMMARY ***
Total pot $2 | Rake $0
Seat 3: ATMA1011 (big blind) collected ($2)
Seat 4: AzureCaper (button) (small blind) folded before Flop


PokerStars Hand #155410280308:  Hold'em Limit ($3/$6 USD) - 2016/06/30 22:07:33 ET
Table 'Iphiklos II' 6-max Seat #3 is the button
Seat 3: ATMA1011 ($121.82 in chips)
Seat 4: AzureCaper ($95.42 in chips)
ATMA1011: posts small blind $1
AzureCaper: posts big blind $3
*** HOLE CARDS ***
ATMA1011: calls $2
AzureCaper: raises $3 to $6
ATMA1011: calls $3
*** FLOP *** [6d Ad Qs]
AzureCaper: bets $3
ATMA1011: raises $3 to $6
AzureCaper: raises $3 to $9
ATMA1011: folds
Uncalled bet ($3) returned to AzureCaper
AzureCaper collected $23.52 from pot
AzureCaper: doesn't show hand
*** SUMMARY ***
Total pot $24 | Rake $0.48
Board [6d Ad Qs]
Seat 3: ATMA1011 (button) (small blind) folded on the Flop
Seat 4: AzureCaper (big blind) collected ($23.52)


PokerStars Hand #155410287999:  Hold'em Limit ($3/$6 USD) - 2016/06/30 22:07:56 ET
Table 'Iphiklos II' 6-max Seat #3 is the button
Seat 3: ATMA1011 ($110.82 in chips)
Seat 4: AzureCaper ($105.94 in chips)
ATMA1011: posts small blind $1
AzureCaper: posts big blind $3
*** HOLE CARDS ***
ATMA1011: folds
Uncalled bet ($2) returned to AzureCaper
AzureCaper collected $2 from pot
AzureCaper: doesn't show hand
*** SUMMARY ***
Total pot $2 | Rake $0
Seat 3: ATMA1011 (button) (small blind) folded before Flop
Seat 4: AzureCaper (big blind) collected ($2)


PokerStars Hand #155410290216:  Hold'em Limit ($3/$6 USD) - 2016/06/30 22:08:02 ET
Table 'Iphiklos II' 6-max Seat #4 is the button
Seat 3: ATMA1011 ($109.82 in chips)
Seat 4: AzureCaper ($106.94 in chips)
AzureCaper: posts small blind $1
ATMA1011: posts big blind $3
*** HOLE CARDS ***
AzureCaper: raises $3 to $6
ATMA1011: calls $3
*** FLOP *** [4s 8h Kd]
ATMA1011: checks
AzureCaper: bets $3
ATMA1011: folds
Uncalled bet ($3) returned to AzureCaper
AzureCaper collected $11.76 from pot
AzureCaper: doesn't show hand
*** SUMMARY ***
Total pot $12 | Rake $0.24
Board [4s 8h Kd]
Seat 3: ATMA1011 (big blind) folded on the Flop
Seat 4: AzureCaper (button) (small blind) collected ($11.76)


PokerStars Hand #155410297904:  Hold'em Limit ($3/$6 USD) - 2016/06/30 22:08:24 ET
Table 'Iphiklos II' 6-max Seat #3 is the button
Seat 3: ATMA1011 ($103.82 in chips)
Seat 4: AzureCaper ($112.70 in chips)
ATMA1011: posts small blind $1
AzureCaper: posts big blind $3
*** HOLE CARDS ***
ATMA1011: calls $2
AzureCaper: checks
*** FLOP *** [5s Qc Jd]
AzureCaper: checks
ATMA1011: checks
*** TURN *** [5s Qc Jd] [8d]
AzureCaper: checks
ATMA1011: bets $6
AzureCaper: folds
Uncalled bet ($6) returned to ATMA1011
ATMA1011 collected $5.88 from pot
ATMA1011: doesn't show hand
*** SUMMARY ***
Total pot $6 | Rake $0.12
Board [5s Qc Jd 8d]
Seat 3: ATMA1011 (button) (small blind) collected ($5.88)
Seat 4: AzureCaper (big blind) folded on the Turn


PokerStars Hand #155410303054:  Hold'em Limit ($3/$6 USD) - 2016/06/30 22:08:39 ET
Table 'Iphiklos II' 6-max Seat #4 is the button
Seat 3: ATMA1011 ($106.70 in chips)
Seat 4: AzureCaper ($109.70 in chips)
AzureCaper: posts small blind $1
ATMA1011: posts big blind $3
*** HOLE CARDS ***
AzureCaper: raises $3 to $6
ATMA1011: calls $3
*** FLOP *** [8s As 8h]
ATMA1011: checks
AzureCaper: bets $3
ATMA1011: folds
Uncalled bet ($3) returned to AzureCaper
AzureCaper collected $11.76 from pot
AzureCaper: doesn't show hand
*** SUMMARY ***
Total pot $12 | Rake $0.24
Board [8s As 8h]
Seat 3: ATMA1011 (big blind) folded on the Flop
Seat 4: AzureCaper (button) (small blind) collected ($11.76)


PokerStars Hand #155410308561:  Hold'em Limit ($3/$6 USD) - 2016/06/30 22:08:55 ET
Table 'Iphiklos II' 6-max Seat #3 is the button
Seat 3: ATMA1011 ($100.70 in chips)
Seat 4: AzureCaper ($115.46 in chips)
ATMA1011: posts small blind $1
AzureCaper: posts big blind $3
*** HOLE CARDS ***
ATMA1011: calls $2
AzureCaper: checks
*** FLOP *** [3c 3d Jd]
AzureCaper: checks
ATMA1011: checks
*** TURN *** [3c 3d Jd] [Ks]
AzureCaper: checks
ATMA1011: checks
*** RIVER *** [3c 3d Jd Ks] [4h]
AzureCaper: checks
ATMA1011: bets $6
AzureCaper: calls $6
*** SHOW DOWN ***
ATMA1011: shows [5h 3h] (three of a kind, Threes)
AzureCaper: mucks hand
ATMA1011 collected $17.64 from pot
*** SUMMARY ***
Total pot $18 | Rake $0.36
Board [3c 3d Jd Ks 4h]
Seat 3: ATMA1011 (button) (small blind) showed [5h 3h] and won ($17.64) with three of a kind, Threes
Seat 4: AzureCaper (big blind) mucked


PokerStars Hand #155410326292:  Hold'em Limit ($3/$6 USD) - 2016/06/30 22:09:46 ET
Table 'Iphiklos II' 6-max Seat #3 is the button
Seat 3: ATMA1011 ($88.34 in chips)
Seat 4: AzureCaper ($126.96 in chips)
ATMA1011: posts small blind $1
AzureCaper: posts big blind $3
*** HOLE CARDS ***
ATMA1011: folds
Uncalled bet ($2) returned to AzureCaper
AzureCaper collected $2 from pot
AzureCaper: doesn't show hand
*** SUMMARY ***
Total pot $2 | Rake $0
Seat 3: ATMA1011 (button) (small blind) folded before Flop
Seat 4: AzureCaper (big blind) collected ($2)


PokerStars Hand #155410330045:  Hold'em Limit ($3/$6 USD) - 2016/06/30 22:09:57 ET
Table 'Iphiklos II' 6-max Seat #4 is the button
Seat 3: ATMA1011 ($87.34 in chips)
Seat 4: AzureCaper ($127.96 in chips)
AzureCaper: posts small blind $1
ATMA1011: posts big blind $3
*** HOLE CARDS ***
AzureCaper: raises $3 to $6
ATMA1011: raises $3 to $9
AzureCaper: calls $3
*** FLOP *** [8c Ac 3c]
ATMA1011: bets $3
AzureCaper: raises $3 to $6
ATMA1011: calls $3
*** TURN *** [8c Ac 3c] [7d]
ATMA1011: checks
AzureCaper: bets $6
ATMA1011: calls $6
*** RIVER *** [8c Ac 3c 7d] [Qh]
ATMA1011: checks
AzureCaper: bets $6
ATMA1011: calls $6
*** SHOW DOWN ***
AzureCaper: shows [2c Tc] (a flush, Ace high)
ATMA1011: mucks hand
AzureCaper collected $53.50 from pot
*** SUMMARY ***
Total pot $54 | Rake $0.50
Board [8c Ac 3c 7d Qh]
Seat 3: ATMA1011 (big blind) mucked
Seat 4: AzureCaper (button) (small blind) showed [2c Tc] and won ($53.50) with a flush, Ace high


PokerStars Hand #155410340325:  Hold'em Limit ($3/$6 USD) - 2016/06/30 22:10:27 ET
Table 'Iphiklos II' 6-max Seat #3 is the button
Seat 3: ATMA1011 ($60.34 in chips)
Seat 4: AzureCaper ($154.46 in chips)
ATMA1011: posts small blind $1
AzureCaper: posts big blind $3
*** HOLE CARDS ***
ATMA1011: folds
Uncalled bet ($2) returned to AzureCaper
AzureCaper collected $2 from pot
AzureCaper: doesn't show hand
*** SUMMARY ***
Total pot $2 | Rake $0
Seat 3: ATMA1011 (button) (small blind) folded before Flop
Seat 4: AzureCaper (big blind) collected ($2)


PokerStars Hand #155410359491:  Hold'em Limit ($3/$6 USD) - 2016/06/30 22:11:22 ET
Table 'Iphiklos II' 6-max Seat #4 is the button
Seat 3: ATMA1011 ($50.10 in chips)
Seat 4: AzureCaper ($163.96 in chips)
AzureCaper: posts small blind $1
ATMA1011: posts big blind $3
*** HOLE CARDS ***
AzureCaper: raises $3 to $6
ATMA1011: folds
Uncalled bet ($3) returned to AzureCaper
AzureCaper collected $6 from pot
AzureCaper: doesn't show hand
*** SUMMARY ***
Total pot $6 | Rake $0
Seat 3: ATMA1011 (big blind) folded before Flop
Seat 4: AzureCaper (button) (small blind) collected ($6)


PokerStars Hand #155410353664:  Hold'em Limit ($3/$6 USD) - 2016/06/30 22:11:05 ET
Table 'Iphiklos II' 6-max Seat #3 is the button
Seat 3: ATMA1011 ($44.34 in chips)
Seat 4: AzureCaper ($169.96 in chips)
ATMA1011: posts small blind $1
AzureCaper: posts big blind $3
*** HOLE CARDS ***
ATMA1011: raises $3 to $6
AzureCaper: calls $3
*** FLOP *** [Kh 3s Ad]
AzureCaper: checks
ATMA1011: checks
*** TURN *** [Kh 3s Ad] [9h]
AzureCaper: checks
ATMA1011: bets $6
AzureCaper: folds
Uncalled bet ($6) returned to ATMA1011
ATMA1011 collected $11.76 from pot
ATMA1011: doesn't show hand
*** SUMMARY ***
Total pot $12 | Rake $0.24
Board [Kh 3s Ad 9h]
Seat 3: ATMA1011 (button) (small blind) collected ($11.76)
Seat 4: AzureCaper (big blind) folded on the Turn


PokerStars Hand #155410361795:  Hold'em Limit ($3/$6 USD) - 2016/06/30 22:11:29 ET
Table 'Iphiklos II' 6-max Seat #3 is the button
Seat 3: ATMA1011 ($47.10 in chips)
Seat 4: AzureCaper ($166.96 in chips)
ATMA1011: posts small blind $1
AzureCaper: posts big blind $3
*** HOLE CARDS ***
ATMA1011: calls $2
AzureCaper: checks
*** FLOP *** [Kc 2h Ah]
AzureCaper: checks
ATMA1011: bets $3
AzureCaper: folds
Uncalled bet ($3) returned to ATMA1011
ATMA1011 collected $5.88 from pot
ATMA1011: doesn't show hand
*** SUMMARY ***
Total pot $6 | Rake $0.12
Board [Kc 2h Ah]
Seat 3: ATMA1011 (button) (small blind) collected ($5.88)
Seat 4: AzureCaper (big blind) folded on the Flop


PokerStars Hand #155410366753:  Hold'em Limit ($3/$6 USD) - 2016/06/30 22:11:43 ET
Table 'Iphiklos II' 6-max Seat #4 is the button
Seat 3: ATMA1011 ($49.98 in chips)
Seat 4: AzureCaper ($163.96 in chips)
AzureCaper: posts small blind $1
ATMA1011: posts big blind $3
*** HOLE CARDS ***
AzureCaper: raises $3 to $6
ATMA1011: folds
Uncalled bet ($3) returned to AzureCaper
AzureCaper collected $6 from pot
AzureCaper: doesn't show hand
*** SUMMARY ***
Total pot $6 | Rake $0
Seat 3: ATMA1011 (big blind) folded before Flop
Seat 4: AzureCaper (button) (small blind) collected ($6)


PokerStars Hand #155410376642:  Hold'em Limit ($3/$6 USD) - 2016/06/30 22:12:11 ET
Table 'Iphiklos II' 6-max Seat #4 is the button
Seat 3: ATMA1011 ($49.86 in chips)
Seat 4: AzureCaper ($163.96 in chips)
AzureCaper: posts small blind $1
ATMA1011: posts big blind $3
*** HOLE CARDS ***
AzureCaper: folds
Uncalled bet ($2) returned to ATMA1011
ATMA1011 collected $2 from pot
ATMA1011: doesn't show hand
*** SUMMARY ***
Total pot $2 | Rake $0
Seat 3: ATMA1011 (big blind) collected ($2)
Seat 4: AzureCaper (button) (small blind) folded before Flop


PokerStars Hand #155410370463:  Hold'em Limit ($3/$6 USD) - 2016/06/30 22:11:54 ET
Table 'Iphiklos II' 6-max Seat #3 is the button
Seat 3: ATMA1011 ($46.98 in chips)
Seat 4: AzureCaper ($166.96 in chips)
ATMA1011: posts small blind $1
AzureCaper: posts big blind $3
*** HOLE CARDS ***
ATMA1011: calls $2
AzureCaper: checks
*** FLOP *** [2h 2d Jh]
AzureCaper: checks
ATMA1011: checks
*** TURN *** [2h 2d Jh] [Kh]
AzureCaper: checks
ATMA1011: bets $6
AzureCaper: folds
Uncalled bet ($6) returned to ATMA1011
ATMA1011 collected $5.88 from pot
ATMA1011: doesn't show hand
*** SUMMARY ***
Total pot $6 | Rake $0.12
Board [2h 2d Jh Kh]
Seat 3: ATMA1011 (button) (small blind) collected ($5.88)
Seat 4: AzureCaper (big blind) folded on the Turn


PokerStars Hand #155410388241:  Hold'em Limit ($3/$6 USD) - 2016/06/30 22:12:45 ET
Table 'Iphiklos II' 6-max Seat #4 is the button
Seat 3: ATMA1011 ($29.86 in chips)
Seat 4: AzureCaper ($183.46 in chips)
AzureCaper: posts small blind $1
ATMA1011: posts big blind $3
*** HOLE CARDS ***
AzureCaper: folds
Uncalled bet ($2) returned to ATMA1011
ATMA1011 collected $2 from pot
ATMA1011: doesn't show hand
*** SUMMARY ***
Total pot $2 | Rake $0
Seat 3: ATMA1011 (big blind) collected ($2)
Seat 4: AzureCaper (button) (small blind) folded before Flop


PokerStars Hand #155410378250:  Hold'em Limit ($3/$6 USD) - 2016/06/30 22:12:16 ET
Table 'Iphiklos II' 6-max Seat #3 is the button
Seat 3: ATMA1011 ($50.86 in chips)
Seat 4: AzureCaper ($162.96 in chips)
ATMA1011: posts small blind $1
AzureCaper: posts big blind $3
*** HOLE CARDS ***
ATMA1011: raises $3 to $6
AzureCaper: calls $3
*** FLOP *** [Jh 6d Ad]
AzureCaper: checks
ATMA1011: bets $3
AzureCaper: calls $3
*** TURN *** [Jh 6d Ad] [3c]
AzureCaper: checks
ATMA1011: bets $6
AzureCaper: raises $6 to $12
ATMA1011: calls $6
*** RIVER *** [Jh 6d Ad 3c] [Qd]
AzureCaper: bets $6
ATMA1011: folds
Uncalled bet ($6) returned to AzureCaper
AzureCaper collected $41.50 from pot
AzureCaper: doesn't show hand
*** SUMMARY ***
Total pot $42 | Rake $0.50
Board [Jh 6d Ad 3c Qd]
Seat 3: ATMA1011 (button) (small blind) folded on the River
Seat 4: AzureCaper (big blind) collected ($41.50)


PokerStars Hand #155410390224:  Hold'em Limit ($3/$6 USD) - 2016/06/30 22:12:51 ET
Table 'Iphiklos II' 6-max Seat #3 is the button
Seat 3: ATMA1011 ($30.86 in chips)
Seat 4: AzureCaper ($182.46 in chips)
ATMA1011: posts small blind $1
AzureCaper: posts big blind $3
*** HOLE CARDS ***
ATMA1011: raises $3 to $6
AzureCaper: calls $3
*** FLOP *** [9h 7d Kh]
AzureCaper: checks
ATMA1011: checks
*** TURN *** [9h 7d Kh] [Ah]
AzureCaper: checks
ATMA1011: bets $6
AzureCaper: calls $6
*** RIVER *** [9h 7d Kh Ah] [Js]
AzureCaper: checks
ATMA1011: bets $6
AzureCaper: folds
Uncalled bet ($6) returned to ATMA1011
dmonr joins the table at seat #6
ATMA1011 collected $23.52 from pot
ATMA1011: doesn't show hand
*** SUMMARY ***
Total pot $24 | Rake $0.48
Board [9h 7d Kh Ah Js]
Seat 3: ATMA1011 (button) (small blind) collected ($23.52)
Seat 4: AzureCaper (big blind) folded on the River


PokerStars Hand #155410441759:  Hold'em Limit ($3/$6 USD) - 2016/06/30 22:15:19 ET
Table 'Iphiklos II' 6-max Seat #4 is the button
Seat 3: ATMA1011 ($30.88 in chips)
Seat 4: AzureCaper ($208.12 in chips)
AzureCaper: posts small blind $1
ATMA1011: posts big blind $3
*** HOLE CARDS ***
AzureCaper: raises $3 to $6
ATMA1011: raises $3 to $9
AzureCaper: calls $3
*** FLOP *** [Ah Kh 3c]
dmonr leaves the table
ATMA1011: bets $3
AzureCaper: calls $3
*** TURN *** [Ah Kh 3c] [9h]
ATMA1011: bets $6
AzureCaper: calls $6
*** RIVER *** [Ah Kh 3c 9h] [Th]
ATMA1011: checks
AzureCaper: bets $6
ATMA1011: calls $6
*** SHOW DOWN ***
AzureCaper: shows [Qh 3h] (a flush, Ace high)
ATMA1011: mucks hand
AzureCaper collected $47.50 from pot
*** SUMMARY ***
Total pot $48 | Rake $0.50
Board [Ah Kh 3c 9h Th]
Seat 3: ATMA1011 (big blind) mucked
Seat 4: AzureCaper (button) (small blind) showed [Qh 3h] and won ($47.50) with a flush, Ace high


