PokerStars Hand #161960362690:  Hold'em Limit ($3/$6 USD) - 2016/11/25 18:04:59 ET
Table 'Iphiklos' 6-max Seat #5 is the button
Seat 3: CARIS777 ($122.64 in chips)
Seat 5: GoliafUa ($116.76 in chips)
GoliafUa: posts small blind $1
CARIS777: posts big blind $3
*** HOLE CARDS ***
GoliafUa: folds
Uncalled bet ($2) returned to CARIS777
CARIS777 collected $2 from pot
CARIS777: doesn't show hand
*** SUMMARY ***
Total pot $2 | Rake $0
Seat 3: CARIS777 (big blind) collected ($2)
Seat 5: GoliafUa (button) (small blind) folded before Flop


PokerStars Hand #161960340721:  Hold'em Limit ($3/$6 USD) - 2016/11/25 18:04:34 ET
Table 'Iphiklos' 6-max Seat #3 is the button
Seat 3: CARIS777 ($116.88 in chips)
Seat 5: GoliafUa ($122.76 in chips)
CARIS777: posts small blind $1
GoliafUa: posts big blind $3
*** HOLE CARDS ***
CARIS777: calls $2
GoliafUa: checks
*** FLOP *** [Jd 2s 4h]
GoliafUa: bets $3
CARIS777: raises $3 to $6
GoliafUa: folds
Uncalled bet ($3) returned to CARIS777
CARIS777 collected $11.76 from pot
CARIS777: doesn't show hand
*** SUMMARY ***
Total pot $12 | Rake $0.24
Board [Jd 2s 4h]
Seat 3: CARIS777 (button) (small blind) collected ($11.76)
Seat 5: GoliafUa (big blind) folded on the Flop


PokerStars Hand #161960417679:  Hold'em Limit ($3/$6 USD) - 2016/11/25 18:06:02 ET
Table 'Iphiklos' 6-max Seat #3 is the button
Seat 3: CARIS777 ($111.40 in chips)
Seat 5: GoliafUa ($127.26 in chips)
CARIS777: posts small blind $1
GoliafUa: posts big blind $3
*** HOLE CARDS ***
CARIS777: folds
Uncalled bet ($2) returned to GoliafUa
GoliafUa collected $2 from pot
GoliafUa: doesn't show hand
*** SUMMARY ***
Total pot $2 | Rake $0
Seat 3: CARIS777 (button) (small blind) folded before Flop
Seat 5: GoliafUa (big blind) collected ($2)


PokerStars Hand #161960412194:  Hold'em Limit ($3/$6 USD) - 2016/11/25 18:05:56 ET
Table 'Iphiklos' 6-max Seat #5 is the button
Seat 3: CARIS777 ($110.40 in chips)
Seat 5: GoliafUa ($128.26 in chips)
GoliafUa: posts small blind $1
CARIS777: posts big blind $3
*** HOLE CARDS ***
GoliafUa: folds
Uncalled bet ($2) returned to CARIS777
CARIS777 collected $2 from pot
CARIS777: doesn't show hand
*** SUMMARY ***
Total pot $2 | Rake $0
Seat 3: CARIS777 (big blind) collected ($2)
Seat 5: GoliafUa (button) (small blind) folded before Flop


PokerStars Hand #161960407722:  Hold'em Limit ($3/$6 USD) - 2016/11/25 18:05:51 ET
Table 'Iphiklos' 6-max Seat #3 is the button
Seat 3: CARIS777 ($111.40 in chips)
Seat 5: GoliafUa ($127.26 in chips)
CARIS777: posts small blind $1
GoliafUa: posts big blind $3
*** HOLE CARDS ***
CARIS777: folds
Uncalled bet ($2) returned to GoliafUa
GoliafUa collected $2 from pot
GoliafUa: doesn't show hand
*** SUMMARY ***
Total pot $2 | Rake $0
Seat 3: CARIS777 (button) (small blind) folded before Flop
Seat 5: GoliafUa (big blind) collected ($2)


PokerStars Hand #161960399334:  Hold'em Limit ($3/$6 USD) - 2016/11/25 18:05:41 ET
Table 'Iphiklos' 6-max Seat #5 is the button
Seat 3: CARIS777 ($114.40 in chips)
Seat 5: GoliafUa ($124.26 in chips)
GoliafUa: posts small blind $1
CARIS777: posts big blind $3
*** HOLE CARDS ***
GoliafUa: raises $3 to $6
CARIS777: folds
Uncalled bet ($3) returned to GoliafUa
GoliafUa collected $6 from pot
GoliafUa: doesn't show hand
*** SUMMARY ***
Total pot $6 | Rake $0
Seat 3: CARIS777 (big blind) folded before Flop
Seat 5: GoliafUa (button) (small blind) collected ($6)


PokerStars Hand #161960390556:  Hold'em Limit ($3/$6 USD) - 2016/11/25 18:05:31 ET
Table 'Iphiklos' 6-max Seat #3 is the button
Seat 3: CARIS777 ($111.52 in chips)
Seat 5: GoliafUa ($127.26 in chips)
CARIS777: posts small blind $1
GoliafUa: posts big blind $3
*** HOLE CARDS ***
CARIS777: calls $2
GoliafUa: checks
*** FLOP *** [8s 7c Kh]
GoliafUa: checks
CARIS777: bets $3
GoliafUa: folds
Uncalled bet ($3) returned to CARIS777
CARIS777 collected $5.88 from pot
*** SUMMARY ***
Total pot $6 | Rake $0.12
Board [8s 7c Kh]
Seat 3: CARIS777 (button) (small blind) collected ($5.88)
Seat 5: GoliafUa (big blind) folded on the Flop


PokerStars Hand #161960377378:  Hold'em Limit ($3/$6 USD) - 2016/11/25 18:05:16 ET
Table 'Iphiklos' 6-max Seat #5 is the button
Seat 3: CARIS777 ($126.52 in chips)
Seat 5: GoliafUa ($112.76 in chips)
GoliafUa: posts small blind $1
CARIS777: posts big blind $3
*** HOLE CARDS ***
GoliafUa: raises $3 to $6
CARIS777: calls $3
*** FLOP *** [8c Kc Qc]
CARIS777: bets $3
GoliafUa: calls $3
*** TURN *** [8c Kc Qc] [Ks]
CARIS777: bets $6
GoliafUa: raises $6 to $12
CARIS777: folds
Uncalled bet ($6) returned to GoliafUa
GoliafUa collected $29.50 from pot
GoliafUa: doesn't show hand
*** SUMMARY ***
Total pot $30 | Rake $0.50
Board [8c Kc Qc Ks]
Seat 3: CARIS777 (big blind) folded on the Turn
Seat 5: GoliafUa (button) (small blind) collected ($29.50)


PokerStars Hand #161960367083:  Hold'em Limit ($3/$6 USD) - 2016/11/25 18:05:04 ET
Table 'Iphiklos' 6-max Seat #3 is the button
Seat 3: CARIS777 ($123.64 in chips)
Seat 5: GoliafUa ($115.76 in chips)
CARIS777: posts small blind $1
GoliafUa: posts big blind $3
*** HOLE CARDS ***
CARIS777: calls $2
GoliafUa: checks
*** FLOP *** [9h 8h Jd]
GoliafUa: checks
CARIS777: bets $3
GoliafUa: folds
Uncalled bet ($3) returned to CARIS777
CARIS777 collected $5.88 from pot
CARIS777: doesn't show hand
*** SUMMARY ***
Total pot $6 | Rake $0.12
Board [9h 8h Jd]
Seat 3: CARIS777 (button) (small blind) collected ($5.88)
Seat 5: GoliafUa (big blind) folded on the Flop


PokerStars Hand #161960448775:  Hold'em Limit ($3/$6 USD) - 2016/11/25 18:06:38 ET
Table 'Iphiklos' 6-max Seat #5 is the button
Seat 3: CARIS777 ($115.91 in chips)
Seat 5: GoliafUa ($122.01 in chips)
GoliafUa: posts small blind $1
CARIS777: posts big blind $3
*** HOLE CARDS ***
GoliafUa: raises $3 to $6
CARIS777: calls $3
*** FLOP *** [5c 5d Kc]
CARIS777: bets $3
GoliafUa: calls $3
*** TURN *** [5c 5d Kc] [6d]
CARIS777: bets $6
GoliafUa: calls $6
*** RIVER *** [5c 5d Kc 6d] [4h]
CARIS777: bets $6
GoliafUa: calls $6
*** SHOW DOWN ***
CARIS777: shows [7c Js] (a pair of Fives)
GoliafUa: shows [Ks 3c] (two pair, Kings and Fives)
GoliafUa collected $41.50 from pot
*** SUMMARY ***
Total pot $42 | Rake $0.50
Board [5c 5d Kc 6d 4h]
Seat 3: CARIS777 (big blind) showed [7c Js] and lost with a pair of Fives
Seat 5: GoliafUa (button) (small blind) showed [Ks 3c] and won ($41.50) with two pair, Kings and Fives


PokerStars Hand #161960431718:  Hold'em Limit ($3/$6 USD) - 2016/11/25 18:06:18 ET
Table 'Iphiklos' 6-max Seat #3 is the button
Seat 3: CARIS777 ($116.16 in chips)
Seat 5: GoliafUa ($122.26 in chips)
CARIS777: posts small blind $1
GoliafUa: posts big blind $3
*** HOLE CARDS ***
CARIS777: raises $3 to $6
GoliafUa: calls $3
*** FLOP *** [Tc Td 3s]
GoliafUa: checks
CARIS777: bets $3
GoliafUa: calls $3
*** TURN *** [Tc Td 3s] [Ks]
GoliafUa: checks
CARIS777: bets $6
GoliafUa: calls $6
*** RIVER *** [Tc Td 3s Ks] [Qs]
GoliafUa: checks
CARIS777: bets $6
GoliafUa: calls $6
*** SHOW DOWN ***
CARIS777: shows [Jc Qd] (two pair, Queens and Tens)
GoliafUa: shows [9h Qc] (two pair, Queens and Tens)
GoliafUa collected $20.75 from pot
CARIS777 collected $20.75 from pot
*** SUMMARY ***
Total pot $42 | Rake $0.50
Board [Tc Td 3s Ks Qs]
Seat 3: CARIS777 (button) (small blind) showed [Jc Qd] and won ($20.75) with two pair, Queens and Tens
Seat 5: GoliafUa (big blind) showed [9h Qc] and won ($20.75) with two pair, Queens and Tens


PokerStars Hand #161960422277:  Hold'em Limit ($3/$6 USD) - 2016/11/25 18:06:07 ET
Table 'Iphiklos' 6-max Seat #5 is the button
Seat 3: CARIS777 ($110.40 in chips)
Seat 5: GoliafUa ($128.26 in chips)
GoliafUa: posts small blind $1
CARIS777: posts big blind $3
*** HOLE CARDS ***
GoliafUa: raises $3 to $6
CARIS777: calls $3
*** FLOP *** [7d Kh As]
CARIS777: bets $3
GoliafUa: folds
Uncalled bet ($3) returned to CARIS777
CARIS777 collected $11.76 from pot
CARIS777: doesn't show hand
*** SUMMARY ***
Total pot $12 | Rake $0.24
Board [7d Kh As]
Seat 3: CARIS777 (big blind) collected ($11.76)
Seat 5: GoliafUa (button) (small blind) folded on the Flop


PokerStars Hand #161960472311:  Hold'em Limit ($3/$6 USD) - 2016/11/25 18:07:05 ET
Table 'Iphiklos' 6-max Seat #3 is the button
Seat 3: CARIS777 ($94.91 in chips)
Seat 5: GoliafUa ($142.51 in chips)
CARIS777: posts small blind $1
GoliafUa: posts big blind $3
*** HOLE CARDS ***
CARIS777: calls $2
GoliafUa: checks
*** FLOP *** [Th 5s Jd]
GoliafUa: checks
CARIS777: bets $3
GoliafUa: folds
Uncalled bet ($3) returned to CARIS777
CARIS777 collected $5.88 from pot
CARIS777: doesn't show hand
*** SUMMARY ***
Total pot $6 | Rake $0.12
Board [Th 5s Jd]
Seat 3: CARIS777 (button) (small blind) collected ($5.88)
Seat 5: GoliafUa (big blind) folded on the Flop


