PokerStars Hand #176288779797:  Hold'em Limit ($3/$6 USD) - 2017/09/29 19:28:45 ET
Table 'Iphidamas' 6-max Seat #2 is the button
Seat 2: libaikang ($105 in chips)
Seat 3: Ag3r0n ($86.52 in chips)
libaikang: posts small blind $1
Ag3r0n: posts big blind $3
*** HOLE CARDS ***
libaikang: folds
Uncalled bet ($2) returned to Ag3r0n
Ag3r0n collected $2 from pot
Ag3r0n: doesn't show hand
*** SUMMARY ***
Total pot $2 | Rake $0
Seat 2: libaikang (button) (small blind) folded before Flop
Seat 3: Ag3r0n (big blind) collected ($2)


PokerStars Hand #176288759766:  Hold'em Limit ($3/$6 USD) - 2017/09/29 19:28:09 ET
Table 'Iphidamas' 6-max Seat #2 is the button
Seat 2: libaikang ($120 in chips)
Seat 3: Ag3r0n ($72 in chips)
libaikang: posts small blind $1
Ag3r0n: posts big blind $3
*** HOLE CARDS ***
libaikang: calls $2
Ag3r0n: checks
*** FLOP *** [4c 5s 5d]
Ag3r0n: bets $3
libaikang: calls $3
*** TURN *** [4c 5s 5d] [8s]
Ag3r0n: bets $6
libaikang: calls $6
*** RIVER *** [4c 5s 5d 8s] [3h]
Ag3r0n: bets $6
libaikang: folds
Uncalled bet ($6) returned to Ag3r0n
Ag3r0n collected $23.52 from pot
Ag3r0n: doesn't show hand
*** SUMMARY ***
Total pot $24 | Rake $0.48
Board [4c 5s 5d 8s 3h]
Seat 2: libaikang (button) (small blind) folded on the River
Seat 3: Ag3r0n (big blind) collected ($23.52)


PokerStars Hand #176288775373:  Hold'em Limit ($3/$6 USD) - 2017/09/29 19:28:37 ET
Table 'Iphidamas' 6-max Seat #3 is the button
Seat 2: libaikang ($108 in chips)
Seat 3: Ag3r0n ($83.52 in chips)
Ag3r0n: posts small blind $1
libaikang: posts big blind $3
*** HOLE CARDS ***
Ag3r0n: raises $3 to $6
libaikang: folds
Uncalled bet ($3) returned to Ag3r0n
Ag3r0n collected $6 from pot
Ag3r0n: doesn't show hand
*** SUMMARY ***
Total pot $6 | Rake $0
Seat 2: libaikang (big blind) folded before Flop
Seat 3: Ag3r0n (button) (small blind) collected ($6)


PokerStars Hand #176288782565:  Hold'em Limit ($3/$6 USD) - 2017/09/29 19:28:50 ET
Table 'Iphidamas' 6-max Seat #3 is the button
Seat 2: libaikang ($104 in chips)
Seat 3: Ag3r0n ($87.52 in chips)
Ag3r0n: posts small blind $1
libaikang: posts big blind $3
*** HOLE CARDS ***
Ag3r0n: raises $3 to $6
libaikang: calls $3
*** FLOP *** [3d 2s 2c]
libaikang: checks
Ag3r0n: checks
*** TURN *** [3d 2s 2c] [6h]
libaikang: checks
Ag3r0n: checks
*** RIVER *** [3d 2s 2c 6h] [7d]
libaikang: bets $6
Ag3r0n: calls $6
*** SHOW DOWN ***
libaikang: shows [9s 6s] (two pair, Sixes and Deuces)
Ag3r0n: shows [7c Js] (two pair, Sevens and Deuces)
Ag3r0n collected $23.52 from pot
*** SUMMARY ***
Total pot $24 | Rake $0.48
Board [3d 2s 2c 6h 7d]
Seat 2: libaikang (big blind) showed [9s 6s] and lost with two pair, Sixes and Deuces
Seat 3: Ag3r0n (button) (small blind) showed [7c Js] and won ($23.52) with two pair, Sevens and Deuces


PokerStars Hand #176288818793:  Hold'em Limit ($3/$6 USD) - 2017/09/29 19:29:54 ET
Table 'Iphidamas' 6-max Seat #3 is the button
Seat 2: libaikang ($132.76 in chips)
Seat 3: Ag3r0n ($72 in chips)
Ag3r0n: posts small blind $1
libaikang: posts big blind $3
*** HOLE CARDS ***
Ag3r0n: raises $3 to $6
libaikang: folds
Uncalled bet ($3) returned to Ag3r0n
Ag3r0n collected $6 from pot
Ag3r0n: doesn't show hand
*** SUMMARY ***
Total pot $6 | Rake $0
Seat 2: libaikang (big blind) folded before Flop
Seat 3: Ag3r0n (button) (small blind) collected ($6)


PokerStars Hand #176288808533:  Hold'em Limit ($3/$6 USD) - 2017/09/29 19:29:36 ET
Table 'Iphidamas' 6-max Seat #2 is the button
Seat 2: libaikang ($118.26 in chips)
Seat 3: Ag3r0n ($72.04 in chips)
libaikang: posts small blind $1
Ag3r0n: posts big blind $3
*** HOLE CARDS ***
libaikang: raises $3 to $6
Ag3r0n: calls $3
*** FLOP *** [Th 3c 7c]
Ag3r0n: bets $3
libaikang: calls $3
*** TURN *** [Th 3c 7c] [8d]
Ag3r0n: bets $6
libaikang: raises $6 to $12
Ag3r0n: folds
Uncalled bet ($6) returned to libaikang
libaikang collected $29.50 from pot
libaikang: doesn't show hand
*** SUMMARY ***
Total pot $30 | Rake $0.50
Board [Th 3c 7c 8d]
Seat 2: libaikang (button) (small blind) collected ($29.50)
Seat 3: Ag3r0n (big blind) folded on the Turn


PokerStars Hand #176288791411:  Hold'em Limit ($3/$6 USD) - 2017/09/29 19:29:06 ET
Table 'Iphidamas' 6-max Seat #2 is the button
Seat 2: libaikang ($92 in chips)
Seat 3: Ag3r0n ($99.04 in chips)
libaikang: posts small blind $1
Ag3r0n: posts big blind $3
*** HOLE CARDS ***
libaikang: raises $3 to $6
Ag3r0n: raises $3 to $9
libaikang: raises $3 to $12
Betting is capped
Ag3r0n: calls $3
*** FLOP *** [9s Ah 5c]
Ag3r0n: checks
libaikang: bets $3
Ag3r0n: calls $3
*** TURN *** [9s Ah 5c] [8d]
Ag3r0n: checks
libaikang: bets $6
Ag3r0n: calls $6
*** RIVER *** [9s Ah 5c 8d] [3h]
Ag3r0n: checks
libaikang: bets $6
Ag3r0n: folds
Uncalled bet ($6) returned to libaikang
libaikang collected $41.50 from pot
libaikang: doesn't show hand
*** SUMMARY ***
Total pot $42 | Rake $0.50
Board [9s Ah 5c 8d 3h]
Seat 2: libaikang (button) (small blind) collected ($41.50)
Seat 3: Ag3r0n (big blind) folded on the River


PokerStars Hand #176288803370:  Hold'em Limit ($3/$6 USD) - 2017/09/29 19:29:27 ET
Table 'Iphidamas' 6-max Seat #3 is the button
Seat 2: libaikang ($112.50 in chips)
Seat 3: Ag3r0n ($78.04 in chips)
Ag3r0n: posts small blind $1
libaikang: posts big blind $3
*** HOLE CARDS ***
Ag3r0n: calls $2
libaikang: raises $3 to $6
Ag3r0n: calls $3
*** FLOP *** [Th Qs 8d]
libaikang: bets $3
Ag3r0n: folds
Uncalled bet ($3) returned to libaikang
libaikang collected $11.76 from pot
libaikang: doesn't show hand
*** SUMMARY ***
Total pot $12 | Rake $0.24
Board [Th Qs 8d]
Seat 2: libaikang (big blind) collected ($11.76)
Seat 3: Ag3r0n (button) (small blind) folded on the Flop


PokerStars Hand #176288834178:  Hold'em Limit ($3/$6 USD) - 2017/09/29 19:30:22 ET
Table 'Iphidamas' 6-max Seat #3 is the button
Seat 2: libaikang ($138.40 in chips)
Seat 3: Ag3r0n ($72 in chips)
Ag3r0n: posts small blind $1
libaikang: posts big blind $3
*** HOLE CARDS ***
Ag3r0n: raises $3 to $6
libaikang: calls $3
*** FLOP *** [4d Qd 8h]
libaikang: checks
Ag3r0n: bets $3
libaikang: folds
Uncalled bet ($3) returned to Ag3r0n
Ag3r0n collected $11.76 from pot
Ag3r0n: doesn't show hand
*** SUMMARY ***
Total pot $12 | Rake $0.24
Board [4d Qd 8h]
Seat 2: libaikang (big blind) folded on the Flop
Seat 3: Ag3r0n (button) (small blind) collected ($11.76)


PokerStars Hand #176288822240:  Hold'em Limit ($3/$6 USD) - 2017/09/29 19:30:01 ET
Table 'Iphidamas' 6-max Seat #2 is the button
Seat 2: libaikang ($129.76 in chips)
Seat 3: Ag3r0n ($75 in chips)
libaikang: posts small blind $1
Ag3r0n: posts big blind $3
*** HOLE CARDS ***
libaikang: raises $3 to $6
Ag3r0n: calls $3
*** FLOP *** [Ts Th 8h]
Ag3r0n: checks
libaikang: bets $3
Ag3r0n: calls $3
*** TURN *** [Ts Th 8h] [7c]
Ag3r0n: checks
libaikang: checks
*** RIVER *** [Ts Th 8h 7c] [Qd]
Ag3r0n: checks
libaikang: checks
*** SHOW DOWN ***
Ag3r0n: shows [6h Kc] (a pair of Tens)
libaikang: shows [6s As] (a pair of Tens - Ace kicker)
libaikang collected $17.64 from pot
*** SUMMARY ***
Total pot $18 | Rake $0.36
Board [Ts Th 8h 7c Qd]
Seat 2: libaikang (button) (small blind) showed [6s As] and won ($17.64) with a pair of Tens
Seat 3: Ag3r0n (big blind) showed [6h Kc] and lost with a pair of Tens


PokerStars Hand #176288840500:  Hold'em Limit ($3/$6 USD) - 2017/09/29 19:30:33 ET
Table 'Iphidamas' 6-max Seat #2 is the button
Seat 2: libaikang ($132.40 in chips)
Seat 3: Ag3r0n ($77.76 in chips)
libaikang: posts small blind $1
Ag3r0n: posts big blind $3
*** HOLE CARDS ***
libaikang: raises $3 to $6
Ag3r0n: raises $3 to $9
libaikang: calls $3
*** FLOP *** [Ac Jh 6s]
Ag3r0n: bets $3
libaikang: calls $3
*** TURN *** [Ac Jh 6s] [6h]
Ag3r0n: checks
libaikang: checks
*** RIVER *** [Ac Jh 6s 6h] [5c]
Ag3r0n: checks
libaikang: checks
*** SHOW DOWN ***
Ag3r0n: shows [8h Qh] (a pair of Sixes)
libaikang: shows [9h Kc] (a pair of Sixes - Ace+King kicker)
libaikang collected $23.52 from pot
*** SUMMARY ***
Total pot $24 | Rake $0.48
Board [Ac Jh 6s 6h 5c]
Seat 2: libaikang (button) (small blind) showed [9h Kc] and won ($23.52) with a pair of Sixes
Seat 3: Ag3r0n (big blind) showed [8h Qh] and lost with a pair of Sixes


PokerStars Hand #176288889934:  Hold'em Limit ($3/$6 USD) - 2017/09/29 19:32:01 ET
Table 'Iphidamas' 6-max Seat #2 is the button
Seat 2: libaikang ($167.94 in chips)
Seat 3: Ag3r0n ($72 in chips)
libaikang: posts small blind $1
Ag3r0n: posts big blind $3
*** HOLE CARDS ***
libaikang: folds
Uncalled bet ($2) returned to Ag3r0n
Ag3r0n collected $2 from pot
Ag3r0n: doesn't show hand
*** SUMMARY ***
Total pot $2 | Rake $0
Seat 2: libaikang (button) (small blind) folded before Flop
Seat 3: Ag3r0n (big blind) collected ($2)


PokerStars Hand #176288877395:  Hold'em Limit ($3/$6 USD) - 2017/09/29 19:31:38 ET
Table 'Iphidamas' 6-max Seat #3 is the button
Seat 2: libaikang ($156.42 in chips)
Seat 3: Ag3r0n ($77 in chips)
Ag3r0n: posts small blind $1
libaikang: posts big blind $3
*** HOLE CARDS ***
Ag3r0n: raises $3 to $6
libaikang: calls $3
*** FLOP *** [Qs 8s Qh]
libaikang: checks
Ag3r0n: bets $3
libaikang: raises $3 to $6
Ag3r0n: calls $3
*** TURN *** [Qs 8s Qh] [4d]
libaikang: checks
Ag3r0n: checks
*** RIVER *** [Qs 8s Qh 4d] [Kc]
libaikang: bets $6
Ag3r0n: folds
Uncalled bet ($6) returned to libaikang
libaikang collected $23.52 from pot
libaikang: doesn't show hand
*** SUMMARY ***
Total pot $24 | Rake $0.48
Board [Qs 8s Qh 4d Kc]
Seat 2: libaikang (big blind) collected ($23.52)
Seat 3: Ag3r0n (button) (small blind) folded on the River


PokerStars Hand #176288862381:  Hold'em Limit ($3/$6 USD) - 2017/09/29 19:31:12 ET
Table 'Iphidamas' 6-max Seat #2 is the button
Seat 2: libaikang ($161.42 in chips)
Seat 3: Ag3r0n ($72 in chips)
libaikang: posts small blind $1
Ag3r0n: posts big blind $3
*** HOLE CARDS ***
libaikang: folds
Uncalled bet ($2) returned to Ag3r0n
Ag3r0n collected $2 from pot
Ag3r0n: doesn't show hand
*** SUMMARY ***
Total pot $2 | Rake $0
Seat 2: libaikang (button) (small blind) folded before Flop
Seat 3: Ag3r0n (big blind) collected ($2)


PokerStars Hand #176288850755:  Hold'em Limit ($3/$6 USD) - 2017/09/29 19:30:51 ET
Table 'Iphidamas' 6-max Seat #3 is the button
Seat 2: libaikang ($143.92 in chips)
Seat 3: Ag3r0n ($72 in chips)
Ag3r0n: posts small blind $1
libaikang: posts big blind $3
*** HOLE CARDS ***
Ag3r0n: raises $3 to $6
libaikang: calls $3
*** FLOP *** [4s Kc 5c]
libaikang: checks
Ag3r0n: checks
*** TURN *** [4s Kc 5c] [Tc]
libaikang: bets $6
Ag3r0n: calls $6
*** RIVER *** [4s Kc 5c Tc] [3d]
libaikang: bets $6
Ag3r0n: calls $6
*** SHOW DOWN ***
libaikang: shows [Qc Ks] (a pair of Kings)
Ag3r0n: mucks hand
libaikang collected $35.50 from pot
*** SUMMARY ***
Total pot $36 | Rake $0.50
Board [4s Kc 5c Tc 3d]
Seat 2: libaikang (big blind) showed [Qc Ks] and won ($35.50) with a pair of Kings
Seat 3: Ag3r0n (button) (small blind) mucked


PokerStars Hand #176288870328:  Hold'em Limit ($3/$6 USD) - 2017/09/29 19:31:26 ET
Table 'Iphidamas' 6-max Seat #2 is the button
Seat 2: libaikang ($157.42 in chips)
Seat 3: Ag3r0n ($76 in chips)
libaikang: posts small blind $1
Ag3r0n: posts big blind $3
*** HOLE CARDS ***
libaikang: folds
Uncalled bet ($2) returned to Ag3r0n
Ag3r0n collected $2 from pot
Ag3r0n: doesn't show hand
*** SUMMARY ***
Total pot $2 | Rake $0
Seat 2: libaikang (button) (small blind) folded before Flop
Seat 3: Ag3r0n (big blind) collected ($2)


PokerStars Hand #176288892926:  Hold'em Limit ($3/$6 USD) - 2017/09/29 19:32:06 ET
Table 'Iphidamas' 6-max Seat #3 is the button
Seat 2: libaikang ($166.94 in chips)
Seat 3: Ag3r0n ($73 in chips)
Ag3r0n: posts small blind $1
libaikang: posts big blind $3
*** HOLE CARDS ***
Ag3r0n: raises $3 to $6
libaikang: folds
Uncalled bet ($3) returned to Ag3r0n
Ag3r0n collected $6 from pot
Ag3r0n: doesn't show hand
*** SUMMARY ***
Total pot $6 | Rake $0
Seat 2: libaikang (big blind) folded before Flop
Seat 3: Ag3r0n (button) (small blind) collected ($6)


PokerStars Hand #176288904389:  Hold'em Limit ($3/$6 USD) - 2017/09/29 19:32:27 ET
Table 'Iphidamas' 6-max Seat #3 is the button
Seat 2: libaikang ($162.94 in chips)
Seat 3: Ag3r0n ($77 in chips)
Ag3r0n: posts small blind $1
libaikang: posts big blind $3
*** HOLE CARDS ***
Ag3r0n: raises $3 to $6
libaikang: calls $3
*** FLOP *** [7d Ad 7c]
libaikang: checks
Ag3r0n: bets $3
libaikang: folds
Uncalled bet ($3) returned to Ag3r0n
Ag3r0n collected $11.76 from pot
Ag3r0n: doesn't show hand
*** SUMMARY ***
Total pot $12 | Rake $0.24
Board [7d Ad 7c]
Seat 2: libaikang (big blind) folded on the Flop
Seat 3: Ag3r0n (button) (small blind) collected ($11.76)


PokerStars Hand #176288896424:  Hold'em Limit ($3/$6 USD) - 2017/09/29 19:32:13 ET
Table 'Iphidamas' 6-max Seat #2 is the button
Seat 2: libaikang ($163.94 in chips)
Seat 3: Ag3r0n ($76 in chips)
libaikang: posts small blind $1
Ag3r0n: posts big blind $3
*** HOLE CARDS ***
libaikang: folds
Uncalled bet ($2) returned to Ag3r0n
Ag3r0n collected $2 from pot
Ag3r0n: doesn't show hand
*** SUMMARY ***
Total pot $2 | Rake $0
Seat 2: libaikang (button) (small blind) folded before Flop
Seat 3: Ag3r0n (big blind) collected ($2)


