PokerStars Hand #154319657209:  Hold'em Limit ($3/$6 USD) - 2016/06/05 9:09:37 ET
Table 'Iphiklos' 6-max Seat #6 is the button
Seat 4: Agrotait ($112.66 in chips)
Seat 6: 19woody58 ($106.42 in chips)
19woody58: posts small blind $1
Agrotait: posts big blind $3
*** HOLE CARDS ***
19woody58: folds
Uncalled bet ($2) returned to Agrotait
Agrotait collected $2 from pot
Agrotait: doesn't show hand
*** SUMMARY ***
Total pot $2 | Rake $0
Seat 4: Agrotait (big blind) collected ($2)
Seat 6: 19woody58 (button) (small blind) folded before Flop


PokerStars Hand #154319644187:  Hold'em Limit ($3/$6 USD) - 2016/06/05 9:09:16 ET
Table 'Iphiklos' 6-max Seat #4 is the button
Seat 4: Agrotait ($101.14 in chips)
Seat 6: 19woody58 ($118.42 in chips)
Agrotait: posts small blind $1
19woody58: posts big blind $3
*** HOLE CARDS ***
Agrotait: raises $3 to $6
19woody58: calls $3
*** FLOP *** [9d Kd Kh]
19woody58: checks
Agrotait: checks
*** TURN *** [9d Kd Kh] [7d]
19woody58: bets $6
Agrotait: raises $6 to $12
19woody58: folds
Uncalled bet ($6) returned to Agrotait
Agrotait collected $23.52 from pot
Agrotait: doesn't show hand
*** SUMMARY ***
Total pot $24 | Rake $0.48
Board [9d Kd Kh 7d]
Seat 4: Agrotait (button) (small blind) collected ($23.52)
Seat 6: 19woody58 (big blind) folded on the Turn


PokerStars Hand #154319659930:  Hold'em Limit ($3/$6 USD) - 2016/06/05 9:09:42 ET
Table 'Iphiklos' 6-max Seat #4 is the button
Seat 4: Agrotait ($113.66 in chips)
Seat 6: 19woody58 ($105.42 in chips)
Agrotait: posts small blind $1
19woody58: posts big blind $3
*** HOLE CARDS ***
tomte999 joins the table at seat #1
Agrotait: raises $3 to $6
19woody58: folds
Uncalled bet ($3) returned to Agrotait
Agrotait collected $6 from pot
Agrotait: doesn't show hand
*** SUMMARY ***
Total pot $6 | Rake $0
Seat 4: Agrotait (button) (small blind) collected ($6)
Seat 6: 19woody58 (big blind) folded before Flop


