PokerStars Hand #161829566162:  Hold'em Limit ($3/$6 USD) - 2016/11/23 5:27:32 ET
Table 'Iphiklos II' 6-max Seat #2 is the button
Seat 1: Damochka Z ($100.01 in chips)
Seat 2: B_loJkl ($150 in chips)
Ale4o joins the table at seat #3
sinsadir joins the table at seat #5
B_loJkl: posts small blind $1
Agrotait: is sitting out
Damochka Z: posts big blind $3
*** HOLE CARDS ***
B_loJkl: raises $3 to $6
Damochka Z: calls $3
*** FLOP *** [5s 4h 7d]
Damochka Z: checks
B_loJkl: bets $3
Damochka Z: calls $3
*** TURN *** [5s 4h 7d] [Ad]
Agrotait leaves the table
Damochka Z: checks
B_loJkl: bets $6
Damochka Z: folds
Uncalled bet ($6) returned to B_loJkl
B_loJkl collected $17.64 from pot
B_loJkl: doesn't show hand
*** SUMMARY ***
Total pot $18 | Rake $0.36
Board [5s 4h 7d Ad]
Seat 1: Damochka Z (big blind) folded on the Turn
Seat 2: B_loJkl (button) (small blind) collected ($17.64)


PokerStars Hand #161829584204:  Hold'em Limit ($3/$6 USD) - 2016/11/23 5:28:15 ET
Table 'Iphiklos II' 6-max Seat #1 is the button
Seat 1: Damochka Z ($91.01 in chips)
Seat 2: B_loJkl ($158.64 in chips)
Damochka Z: posts small blind $1
B_loJkl: posts big blind $3
*** HOLE CARDS ***
Damochka Z: raises $3 to $6
B_loJkl: calls $3
*** FLOP *** [Kd Jc Ts]
B_loJkl: checks
Damochka Z: bets $3
B_loJkl: calls $3
*** TURN *** [Kd Jc Ts] [7s]
B_loJkl: checks
Damochka Z: checks
*** RIVER *** [Kd Jc Ts 7s] [5d]
B_loJkl: checks
Damochka Z: checks
*** SHOW DOWN ***
B_loJkl: shows [4d Qc] (high card King)
Damochka Z: shows [9h 5s] (a pair of Fives)
Damochka Z collected $17.64 from pot
*** SUMMARY ***
Total pot $18 | Rake $0.36
Board [Kd Jc Ts 7s 5d]
Seat 1: Damochka Z (button) (small blind) showed [9h 5s] and won ($17.64) with a pair of Fives
Seat 2: B_loJkl (big blind) showed [4d Qc] and lost with high card King


