PokerStars Hand #159182412656:  Hold'em Limit ($3/$6 USD) - 2016/09/27 18:41:23 ET
Table 'Iphidamas' 6-max Seat #6 is the button
Seat 4: AzureCaper ($72 in chips)
Seat 6: Yuppy13 ($120 in chips)
Yuppy13: posts small blind $1
AzureCaper: posts big blind $3
*** HOLE CARDS ***
Yuppy13: raises $3 to $6
AzureCaper: calls $3
*** FLOP *** [3c Jc Ac]
AzureCaper: checks
Yuppy13: checks
*** TURN *** [3c Jc Ac] [Ad]
AzureCaper: checks
Yuppy13: checks
*** RIVER *** [3c Jc Ac Ad] [Qh]
AzureCaper: checks
Yuppy13: bets $6
AzureCaper: calls $6
*** SHOW DOWN ***
Yuppy13: shows [6d Qs] (two pair, Aces and Queens)
AzureCaper: mucks hand
Yuppy13 collected $23.52 from pot
*** SUMMARY ***
Total pot $24 | Rake $0.48
Board [3c Jc Ac Ad Qh]
Seat 4: AzureCaper (big blind) mucked
Seat 6: Yuppy13 (button) (small blind) showed [6d Qs] and won ($23.52) with two pair, Aces and Queens


PokerStars Hand #159182429946:  Hold'em Limit ($3/$6 USD) - 2016/09/27 18:41:50 ET
Table 'Iphidamas' 6-max Seat #6 is the button
Seat 4: AzureCaper ($72 in chips)
Seat 6: Yuppy13 ($132.52 in chips)
Yuppy13: posts small blind $1
AzureCaper: posts big blind $3
*** HOLE CARDS ***
Yuppy13: raises $3 to $6
AzureCaper: folds
Uncalled bet ($3) returned to Yuppy13
Yuppy13 collected $6 from pot
Yuppy13: doesn't show hand
*** SUMMARY ***
Total pot $6 | Rake $0
Seat 4: AzureCaper (big blind) folded before Flop
Seat 6: Yuppy13 (button) (small blind) collected ($6)


PokerStars Hand #159182426969:  Hold'em Limit ($3/$6 USD) - 2016/09/27 18:41:45 ET
Table 'Iphidamas' 6-max Seat #4 is the button
Seat 4: AzureCaper ($72 in chips)
Seat 6: Yuppy13 ($131.52 in chips)
AzureCaper: posts small blind $1
Yuppy13: posts big blind $3
*** HOLE CARDS ***
AzureCaper: folds
Uncalled bet ($2) returned to Yuppy13
Yuppy13 collected $2 from pot
Yuppy13: doesn't show hand
*** SUMMARY ***
Total pot $2 | Rake $0
Seat 4: AzureCaper (button) (small blind) folded before Flop
Seat 6: Yuppy13 (big blind) collected ($2)


PokerStars Hand #159182436961:  Hold'em Limit ($3/$6 USD) - 2016/09/27 18:42:01 ET
Table 'Iphidamas' 6-max Seat #6 is the button
Seat 4: AzureCaper ($72 in chips)
Seat 6: Yuppy13 ($136.52 in chips)
Yuppy13: posts small blind $1
AzureCaper: posts big blind $3
*** HOLE CARDS ***
Yuppy13: folds
Uncalled bet ($2) returned to AzureCaper
AzureCaper collected $2 from pot
AzureCaper: doesn't show hand
*** SUMMARY ***
Total pot $2 | Rake $0
Seat 4: AzureCaper (big blind) collected ($2)
Seat 6: Yuppy13 (button) (small blind) folded before Flop


PokerStars Hand #159182433498:  Hold'em Limit ($3/$6 USD) - 2016/09/27 18:41:56 ET
Table 'Iphidamas' 6-max Seat #4 is the button
Seat 4: AzureCaper ($72 in chips)
Seat 6: Yuppy13 ($135.52 in chips)
AzureCaper: posts small blind $1
Yuppy13: posts big blind $3
*** HOLE CARDS ***
AzureCaper: folds
Uncalled bet ($2) returned to Yuppy13
Yuppy13 collected $2 from pot
Yuppy13: doesn't show hand
*** SUMMARY ***
Total pot $2 | Rake $0
Seat 4: AzureCaper (button) (small blind) folded before Flop
Seat 6: Yuppy13 (big blind) collected ($2)


PokerStars Hand #159182442612:  Hold'em Limit ($3/$6 USD) - 2016/09/27 18:42:10 ET
Table 'Iphidamas' 6-max Seat #6 is the button
Seat 4: AzureCaper ($72 in chips)
Seat 6: Yuppy13 ($136.52 in chips)
Yuppy13: posts small blind $1
AzureCaper: posts big blind $3
*** HOLE CARDS ***
Yuppy13: folds
Uncalled bet ($2) returned to AzureCaper
AzureCaper collected $2 from pot
AzureCaper: doesn't show hand
*** SUMMARY ***
Total pot $2 | Rake $0
Seat 4: AzureCaper (big blind) collected ($2)
Seat 6: Yuppy13 (button) (small blind) folded before Flop


PokerStars Hand #159182439818:  Hold'em Limit ($3/$6 USD) - 2016/09/27 18:42:06 ET
Table 'Iphidamas' 6-max Seat #4 is the button
Seat 4: AzureCaper ($73 in chips)
Seat 6: Yuppy13 ($135.52 in chips)
AzureCaper: posts small blind $1
Yuppy13: posts big blind $3
*** HOLE CARDS ***
AzureCaper: folds
Uncalled bet ($2) returned to Yuppy13
Yuppy13 collected $2 from pot
Yuppy13: doesn't show hand
*** SUMMARY ***
Total pot $2 | Rake $0
Seat 4: AzureCaper (button) (small blind) folded before Flop
Seat 6: Yuppy13 (big blind) collected ($2)


PokerStars Hand #159182450015:  Hold'em Limit ($3/$6 USD) - 2016/09/27 18:42:22 ET
Table 'Iphidamas' 6-max Seat #6 is the button
Seat 4: AzureCaper ($78.76 in chips)
Seat 6: Yuppy13 ($129.52 in chips)
Yuppy13: posts small blind $1
AzureCaper: posts big blind $3
*** HOLE CARDS ***
Yuppy13: raises $3 to $6
AzureCaper: folds
Uncalled bet ($3) returned to Yuppy13
Yuppy13 collected $6 from pot
Yuppy13: doesn't show hand
*** SUMMARY ***
Total pot $6 | Rake $0
Seat 4: AzureCaper (big blind) folded before Flop
Seat 6: Yuppy13 (button) (small blind) collected ($6)


PokerStars Hand #159182445276:  Hold'em Limit ($3/$6 USD) - 2016/09/27 18:42:15 ET
Table 'Iphidamas' 6-max Seat #4 is the button
Seat 4: AzureCaper ($73 in chips)
Seat 6: Yuppy13 ($135.52 in chips)
AzureCaper: posts small blind $1
Yuppy13: posts big blind $3
*** HOLE CARDS ***
AzureCaper: raises $3 to $6
Yuppy13: calls $3
*** FLOP *** [As Qc Ks]
Yuppy13: checks
AzureCaper: bets $3
Yuppy13: folds
Uncalled bet ($3) returned to AzureCaper
AzureCaper collected $11.76 from pot
AzureCaper: doesn't show hand
*** SUMMARY ***
Total pot $12 | Rake $0.24
Board [As Qc Ks]
Seat 4: AzureCaper (button) (small blind) collected ($11.76)
Seat 6: Yuppy13 (big blind) folded on the Flop


PokerStars Hand #159182454183:  Hold'em Limit ($3/$6 USD) - 2016/09/27 18:42:29 ET
Table 'Iphidamas' 6-max Seat #4 is the button
Seat 4: AzureCaper ($75.76 in chips)
Seat 6: Yuppy13 ($132.52 in chips)
AzureCaper: posts small blind $1
Yuppy13: posts big blind $3
*** HOLE CARDS ***
AzureCaper: folds
Uncalled bet ($2) returned to Yuppy13
Yuppy13 collected $2 from pot
Yuppy13: doesn't show hand
*** SUMMARY ***
Total pot $2 | Rake $0
Seat 4: AzureCaper (button) (small blind) folded before Flop
Seat 6: Yuppy13 (big blind) collected ($2)


PokerStars Hand #159182463108:  Hold'em Limit ($3/$6 USD) - 2016/09/27 18:42:43 ET
Table 'Iphidamas' 6-max Seat #4 is the button
Seat 4: AzureCaper ($75.76 in chips)
Seat 6: Yuppy13 ($132.52 in chips)
AzureCaper: posts small blind $1
Yuppy13: posts big blind $3
*** HOLE CARDS ***
AzureCaper: folds
Uncalled bet ($2) returned to Yuppy13
Yuppy13 collected $2 from pot
Yuppy13: doesn't show hand
*** SUMMARY ***
Total pot $2 | Rake $0
Seat 4: AzureCaper (button) (small blind) folded before Flop
Seat 6: Yuppy13 (big blind) collected ($2)


PokerStars Hand #159182460388:  Hold'em Limit ($3/$6 USD) - 2016/09/27 18:42:38 ET
Table 'Iphidamas' 6-max Seat #6 is the button
Seat 4: AzureCaper ($74.76 in chips)
Seat 6: Yuppy13 ($133.52 in chips)
Yuppy13: posts small blind $1
AzureCaper: posts big blind $3
*** HOLE CARDS ***
Yuppy13: folds
Uncalled bet ($2) returned to AzureCaper
AzureCaper collected $2 from pot
AzureCaper: doesn't show hand
*** SUMMARY ***
Total pot $2 | Rake $0
Seat 4: AzureCaper (big blind) collected ($2)
Seat 6: Yuppy13 (button) (small blind) folded before Flop


PokerStars Hand #159182468437:  Hold'em Limit ($3/$6 USD) - 2016/09/27 18:42:51 ET
Table 'Iphidamas' 6-max Seat #4 is the button
Seat 4: AzureCaper ($75.76 in chips)
Seat 6: Yuppy13 ($132.52 in chips)
AzureCaper: posts small blind $1
Yuppy13: posts big blind $3
*** HOLE CARDS ***
AzureCaper: raises $3 to $6
Yuppy13: folds
Uncalled bet ($3) returned to AzureCaper
AzureCaper collected $6 from pot
AzureCaper: doesn't show hand
*** SUMMARY ***
Total pot $6 | Rake $0
Seat 4: AzureCaper (button) (small blind) collected ($6)
Seat 6: Yuppy13 (big blind) folded before Flop


PokerStars Hand #159182465850:  Hold'em Limit ($3/$6 USD) - 2016/09/27 18:42:47 ET
Table 'Iphidamas' 6-max Seat #6 is the button
Seat 4: AzureCaper ($74.76 in chips)
Seat 6: Yuppy13 ($133.52 in chips)
Yuppy13: posts small blind $1
AzureCaper: posts big blind $3
*** HOLE CARDS ***
Yuppy13: folds
Uncalled bet ($2) returned to AzureCaper
AzureCaper collected $2 from pot
AzureCaper: doesn't show hand
*** SUMMARY ***
Total pot $2 | Rake $0
Seat 4: AzureCaper (big blind) collected ($2)
Seat 6: Yuppy13 (button) (small blind) folded before Flop


PokerStars Hand #159182472156:  Hold'em Limit ($3/$6 USD) - 2016/09/27 18:42:57 ET
Table 'Iphidamas' 6-max Seat #6 is the button
Seat 4: AzureCaper ($78.76 in chips)
Seat 6: Yuppy13 ($129.52 in chips)
Yuppy13: posts small blind $1
AzureCaper: posts big blind $3
*** HOLE CARDS ***
Yuppy13: raises $3 to $6
AzureCaper: folds
Uncalled bet ($3) returned to Yuppy13
Yuppy13 collected $6 from pot
Yuppy13: doesn't show hand
*** SUMMARY ***
Total pot $6 | Rake $0
Seat 4: AzureCaper (big blind) folded before Flop
Seat 6: Yuppy13 (button) (small blind) collected ($6)


PokerStars Hand #159182478728:  Hold'em Limit ($3/$6 USD) - 2016/09/27 18:43:07 ET
Table 'Iphidamas' 6-max Seat #4 is the button
Seat 4: AzureCaper ($75.76 in chips)
Seat 6: Yuppy13 ($132.52 in chips)
AzureCaper: posts small blind $1
Yuppy13: posts big blind $3
*** HOLE CARDS ***
AzureCaper: raises $3 to $6
Yuppy13: folds
Uncalled bet ($3) returned to AzureCaper
Psynto joins the table at seat #1
AzureCaper collected $6 from pot
AzureCaper: doesn't show hand
*** SUMMARY ***
Total pot $6 | Rake $0
Seat 4: AzureCaper (button) (small blind) collected ($6)
Seat 6: Yuppy13 (big blind) folded before Flop


PokerStars Hand #159182585185:  Hold'em Limit ($3/$6 USD) - 2016/09/27 18:45:56 ET
Table 'Iphidamas' 6-max Seat #4 is the button
Seat 1: Psynto ($80.46 in chips)
Seat 4: AzureCaper ($72 in chips)
AzureCaper: posts small blind $1
Psynto: posts big blind $3
*** HOLE CARDS ***
AzureCaper: folds
Uncalled bet ($2) returned to Psynto
AzureCaper leaves the table
Psynto collected $2 from pot
Psynto: doesn't show hand
*** SUMMARY ***
Total pot $2 | Rake $0
Seat 1: Psynto (big blind) collected ($2)
Seat 4: AzureCaper (button) (small blind) folded before Flop


