PokerStars Hand #172054344869:  Hold'em Limit ($3/$6 USD) - 2017/06/21 9:21:49 ET
Table 'Iphidamas II' 6-max Seat #2 is the button
Seat 1: peigu ($300 in chips)
Seat 2: B_loJkl ($150 in chips)
B_loJkl: posts small blind $1
MTails has timed out
MTails: is sitting out
peigu: posts big blind $3
*** HOLE CARDS ***
B_loJkl: raises $3 to $6
peigu: calls $3
*** FLOP *** [Qd Qh Ts]
peigu: checks
B_loJkl: bets $3
peigu: calls $3
*** TURN *** [Qd Qh Ts] [Tc]
peigu: checks
B_loJkl: checks
*** RIVER *** [Qd Qh Ts Tc] [5c]
peigu: bets $6
B_loJkl: calls $6
*** SHOW DOWN ***
peigu: shows [9s Ac] (two pair, Queens and Tens)
B_loJkl: shows [Ad Kc] (two pair, Queens and Tens)
peigu collected $14.75 from pot
B_loJkl collected $14.75 from pot
*** SUMMARY ***
Total pot $30 | Rake $0.50
Board [Qd Qh Ts Tc 5c]
Seat 1: peigu (big blind) showed [9s Ac] and won ($14.75) with two pair, Queens and Tens
Seat 2: B_loJkl (button) (small blind) showed [Ad Kc] and won ($14.75) with two pair, Queens and Tens


PokerStars Hand #172054375614:  Hold'em Limit ($3/$6 USD) - 2017/06/21 9:22:49 ET
Table 'Iphidamas II' 6-max Seat #2 is the button
Seat 1: peigu ($302.75 in chips)
Seat 2: B_loJkl ($146.75 in chips)
B_loJkl: posts small blind $1
peigu: posts big blind $3
*** HOLE CARDS ***
B_loJkl: raises $3 to $6
peigu: calls $3
*** FLOP *** [3c Kc Th]
peigu: checks
B_loJkl: bets $3
peigu: calls $3
*** TURN *** [3c Kc Th] [5c]
peigu: bets $6
B_loJkl: folds
Uncalled bet ($6) returned to peigu
peigu collected $17.64 from pot
peigu: doesn't show hand
*** SUMMARY ***
Total pot $18 | Rake $0.36
Board [3c Kc Th 5c]
Seat 1: peigu (big blind) collected ($17.64)
Seat 2: B_loJkl (button) (small blind) folded on the Turn


PokerStars Hand #172054371531:  Hold'em Limit ($3/$6 USD) - 2017/06/21 9:22:41 ET
Table 'Iphidamas II' 6-max Seat #1 is the button
Seat 1: peigu ($299.75 in chips)
Seat 2: B_loJkl ($149.75 in chips)
peigu: posts small blind $1
B_loJkl: posts big blind $3
*** HOLE CARDS ***
peigu: raises $3 to $6
B_loJkl: folds
Uncalled bet ($3) returned to peigu
peigu collected $6 from pot
peigu: doesn't show hand
*** SUMMARY ***
Total pot $6 | Rake $0
Seat 1: peigu (button) (small blind) collected ($6)
Seat 2: B_loJkl (big blind) folded before Flop


PokerStars Hand #172054383976:  Hold'em Limit ($3/$6 USD) - 2017/06/21 9:23:06 ET
Table 'Iphidamas II' 6-max Seat #1 is the button
Seat 1: peigu ($311.39 in chips)
Seat 2: B_loJkl ($137.75 in chips)
peigu: posts small blind $1
B_loJkl: posts big blind $3
*** HOLE CARDS ***
peigu: raises $3 to $6
B_loJkl: folds
Uncalled bet ($3) returned to peigu
peigu collected $6 from pot
peigu: doesn't show hand
*** SUMMARY ***
Total pot $6 | Rake $0
Seat 1: peigu (button) (small blind) collected ($6)
Seat 2: B_loJkl (big blind) folded before Flop


PokerStars Hand #172054388957:  Hold'em Limit ($3/$6 USD) - 2017/06/21 9:23:16 ET
Table 'Iphidamas II' 6-max Seat #2 is the button
Seat 1: peigu ($314.39 in chips)
Seat 2: B_loJkl ($134.75 in chips)
B_loJkl: posts small blind $1
peigu: posts big blind $3
*** HOLE CARDS ***
B_loJkl: folds
Uncalled bet ($2) returned to peigu
peigu collected $2 from pot
peigu: doesn't show hand
*** SUMMARY ***
Total pot $2 | Rake $0
Seat 1: peigu (big blind) collected ($2)
Seat 2: B_loJkl (button) (small blind) folded before Flop


PokerStars Hand #172054394355:  Hold'em Limit ($3/$6 USD) - 2017/06/21 9:23:26 ET
Table 'Iphidamas II' 6-max Seat #1 is the button
Seat 1: peigu ($315.39 in chips)
Seat 2: B_loJkl ($133.75 in chips)
peigu: posts small blind $1
B_loJkl: posts big blind $3
*** HOLE CARDS ***
peigu: raises $3 to $6
B_loJkl: calls $3
*** FLOP *** [7d 5c Ts]
B_loJkl: bets $3
peigu: calls $3
*** TURN *** [7d 5c Ts] [Js]
B_loJkl: bets $6
peigu: calls $6
*** RIVER *** [7d 5c Ts Js] [3d]
B_loJkl: bets $6
andrey0709 joins the table at seat #3
peigu: folds
Uncalled bet ($6) returned to B_loJkl
B_loJkl collected $29.50 from pot
B_loJkl: doesn't show hand
*** SUMMARY ***
Total pot $30 | Rake $0.50
Board [7d 5c Ts Js 3d]
Seat 1: peigu (button) (small blind) folded on the River
Seat 2: B_loJkl (big blind) collected ($29.50)


PokerStars Hand #172058263712:  Hold'em Limit ($3/$6 USD) - 2017/06/21 11:27:12 ET
Table 'Iphidamas II' 6-max Seat #1 is the button
Seat 1: TbIP-TbIP 88 ($103.75 in chips)
Seat 6: muugiii944 ($32.48 in chips)
TbIP-TbIP 88: posts small blind $1
belik555: is sitting out
muugiii944: posts big blind $3
*** HOLE CARDS ***
TbIP-TbIP 88: raises $3 to $6
muugiii944: folds
Uncalled bet ($3) returned to TbIP-TbIP 88
TbIP-TbIP 88 collected $6 from pot
TbIP-TbIP 88: doesn't show hand
*** SUMMARY ***
Total pot $6 | Rake $0
Seat 1: TbIP-TbIP 88 (button) (small blind) collected ($6)
Seat 6: muugiii944 (big blind) folded before Flop


PokerStars Hand #172058286507:  Hold'em Limit ($3/$6 USD) - 2017/06/21 11:27:53 ET
Table 'Iphidamas II' 6-max Seat #6 is the button
Seat 1: TbIP-TbIP 88 ($103.50 in chips)
Seat 6: muugiii944 ($32.23 in chips)
muugiii944: posts small blind $1
TbIP-TbIP 88: posts big blind $3
*** HOLE CARDS ***
muugiii944: raises $3 to $6
TbIP-TbIP 88: calls $3
*** FLOP *** [8h 5s 8s]
TbIP-TbIP 88: checks
muugiii944: bets $3
TbIP-TbIP 88: calls $3
*** TURN *** [8h 5s 8s] [Ts]
TbIP-TbIP 88: checks
muugiii944: checks
*** RIVER *** [8h 5s 8s Ts] [Js]
TbIP-TbIP 88: bets $6
muugiii944: calls $6
*** SHOW DOWN ***
TbIP-TbIP 88: shows [7s Kc] (a flush, Jack high)
muugiii944: mucks hand
TbIP-TbIP 88 collected $29.50 from pot
*** SUMMARY ***
Total pot $30 | Rake $0.50
Board [8h 5s 8s Ts Js]
Seat 1: TbIP-TbIP 88 (big blind) showed [7s Kc] and won ($29.50) with a flush, Jack high
Seat 6: muugiii944 (button) (small blind) mucked


PokerStars Hand #172058273335:  Hold'em Limit ($3/$6 USD) - 2017/06/21 11:27:29 ET
Table 'Iphidamas II' 6-max Seat #1 is the button
Seat 1: TbIP-TbIP 88 ($103.75 in chips)
Seat 6: muugiii944 ($32.48 in chips)
TbIP-TbIP 88: posts small blind $1
muugiii944: posts big blind $3
*** HOLE CARDS ***
TbIP-TbIP 88: raises $3 to $6
muugiii944: calls $3
*** FLOP *** [Td As 8c]
muugiii944: checks
TbIP-TbIP 88: bets $3
muugiii944: calls $3
*** TURN *** [Td As 8c] [7d]
muugiii944: checks
TbIP-TbIP 88: bets $6
marieke19522 joins the table at seat #2
muugiii944: raises $6 to $12
TbIP-TbIP 88: calls $6
*** RIVER *** [Td As 8c 7d] [Th]
muugiii944: bets $6
TbIP-TbIP 88: calls $6
*** SHOW DOWN ***
muugiii944: shows [Ah 6c] (two pair, Aces and Tens)
TbIP-TbIP 88: shows [Ad 3d] (two pair, Aces and Tens)
muugiii944 collected $26.75 from pot
TbIP-TbIP 88 collected $26.75 from pot
*** SUMMARY ***
Total pot $54 | Rake $0.50
Board [Td As 8c 7d Th]
Seat 1: TbIP-TbIP 88 (button) (small blind) showed [Ad 3d] and won ($26.75) with two pair, Aces and Tens
Seat 6: muugiii944 (big blind) showed [Ah 6c] and won ($26.75) with two pair, Aces and Tens


PokerStars Hand #172058268252:  Hold'em Limit ($3/$6 USD) - 2017/06/21 11:27:20 ET
Table 'Iphidamas II' 6-max Seat #6 is the button
Seat 1: TbIP-TbIP 88 ($106.75 in chips)
Seat 6: muugiii944 ($29.48 in chips)
muugiii944: posts small blind $1
TbIP-TbIP 88: posts big blind $3
*** HOLE CARDS ***
belik555 leaves the table
muugiii944: raises $3 to $6
TbIP-TbIP 88: folds
Uncalled bet ($3) returned to muugiii944
muugiii944 collected $6 from pot
muugiii944: doesn't show hand
*** SUMMARY ***
Total pot $6 | Rake $0
Seat 1: TbIP-TbIP 88 (big blind) folded before Flop
Seat 6: muugiii944 (button) (small blind) collected ($6)


