PokerStars Hand #164069764623:  Hold'em Limit ($3/$6 USD) - 2017/01/05 8:19:20 ET
Table 'Iphiklos' 6-max Seat #2 is the button
Seat 2: sim5sim5 ($72 in chips)
Seat 3: Fluoronerd ($104.76 in chips)
sim5sim5: posts small blind $1
Fluoronerd: posts big blind $3
*** HOLE CARDS ***
sim5sim5: raises $3 to $6
Fluoronerd: calls $3
*** FLOP *** [3d Td 7s]
Fluoronerd: checks
sim5sim5: bets $3
Fluoronerd: calls $3
*** TURN *** [3d Td 7s] [5h]
B_loJkl joins the table at seat #4
Fluoronerd: checks
sim5sim5: bets $6
Fluoronerd: folds
Uncalled bet ($6) returned to sim5sim5
sim5sim5 collected $17.64 from pot
sim5sim5: doesn't show hand
*** SUMMARY ***
Total pot $18 | Rake $0.36
Board [3d Td 7s 5h]
Seat 2: sim5sim5 (button) (small blind) collected ($17.64)
Seat 3: Fluoronerd (big blind) folded on the Turn


PokerStars Hand #164069757060:  Hold'em Limit ($3/$6 USD) - 2017/01/05 8:19:08 ET
Table 'Iphiklos' 6-max Seat #3 is the button
Seat 2: sim5sim5 ($75 in chips)
Seat 3: Fluoronerd ($99 in chips)
Fluoronerd: posts small blind $1
sim5sim5: posts big blind $3
*** HOLE CARDS ***
Fluoronerd: raises $3 to $6
sim5sim5: calls $3
*** FLOP *** [Ac Ks 8d]
sim5sim5: checks
Fluoronerd: bets $3
sim5sim5: folds
Uncalled bet ($3) returned to Fluoronerd
Fluoronerd collected $11.76 from pot
Fluoronerd: doesn't show hand
*** SUMMARY ***
Total pot $12 | Rake $0.24
Board [Ac Ks 8d]
Seat 2: sim5sim5 (big blind) folded on the Flop
Seat 3: Fluoronerd (button) (small blind) collected ($11.76)


PokerStars Hand #164069747847:  Hold'em Limit ($3/$6 USD) - 2017/01/05 8:18:53 ET
Table 'Iphiklos' 6-max Seat #2 is the button
Seat 2: sim5sim5 ($72 in chips)
Seat 3: Fluoronerd ($102 in chips)
sim5sim5: posts small blind $1
Fluoronerd: posts big blind $3
*** HOLE CARDS ***
sim5sim5: raises $3 to $6
Fluoronerd: folds
Uncalled bet ($3) returned to sim5sim5
sim5sim5 collected $6 from pot
sim5sim5: doesn't show hand
*** SUMMARY ***
Total pot $6 | Rake $0
Seat 2: sim5sim5 (button) (small blind) collected ($6)
Seat 3: Fluoronerd (big blind) folded before Flop


PokerStars Hand #164069877704:  Hold'em Limit ($3/$6 USD) - 2017/01/05 8:22:27 ET
Table 'Iphiklos' 6-max Seat #4 is the button
Seat 1: RSA53 ($87.76 in chips)
Seat 4: B_loJkl ($141.07 in chips)
B_loJkl: posts small blind $1
RSA53: posts big blind $3
*** HOLE CARDS ***
B_loJkl: folds
Uncalled bet ($2) returned to RSA53
RSA53 collected $2 from pot
*** SUMMARY ***
Total pot $2 | Rake $0
Seat 1: RSA53 (big blind) collected ($2)
Seat 4: B_loJkl (button) (small blind) folded before Flop


PokerStars Hand #164069860148:  Hold'em Limit ($3/$6 USD) - 2017/01/05 8:21:58 ET
Table 'Iphiklos' 6-max Seat #1 is the button
Seat 1: RSA53 ($82 in chips)
Seat 4: B_loJkl ($147.07 in chips)
RSA53: posts small blind $1
sim5sim5: is sitting out
B_loJkl: posts big blind $3
*** HOLE CARDS ***
RSA53: raises $3 to $6
B_loJkl: calls $3
*** FLOP *** [5d Kc 2s]
sim5sim5 leaves the table
B_loJkl: checks
RSA53: bets $3
B_loJkl: folds
Uncalled bet ($3) returned to RSA53
RSA53 collected $11.76 from pot
*** SUMMARY ***
Total pot $12 | Rake $0.24
Board [5d Kc 2s]
Seat 1: RSA53 (button) (small blind) collected ($11.76)
Seat 4: B_loJkl (big blind) folded on the Flop


