PokerStars Hand #161269568334:  Hold'em Limit ($3/$6 USD) - 2016/11/11 23:42:35 ET
Table 'Iphidamas' 6-max Seat #3 is the button
Seat 3: KvanZy ($96 in chips)
Seat 6: Zubrik AnD ($143.50 in chips)
KvanZy: posts small blind $1
Zubrik AnD: posts big blind $3
*** HOLE CARDS ***
xRauIx joins the table at seat #1
KvanZy: calls $2
Zubrik AnD: checks
*** FLOP *** [Ts 3h 7s]
Zubrik AnD: checks
KvanZy: bets $3
Zubrik AnD: calls $3
*** TURN *** [Ts 3h 7s] [2s]
Zubrik AnD: checks
KvanZy: checks
*** RIVER *** [Ts 3h 7s 2s] [8c]
Zubrik AnD: bets $6
KvanZy: calls $6
*** SHOW DOWN ***
Zubrik AnD: shows [8h Td] (two pair, Tens and Eights)
KvanZy: mucks hand
Zubrik AnD collected $23.52 from pot
*** SUMMARY ***
Total pot $24 | Rake $0.48
Board [Ts 3h 7s 2s 8c]
Seat 3: KvanZy (button) (small blind) mucked
Seat 6: Zubrik AnD (big blind) showed [8h Td] and won ($23.52) with two pair, Tens and Eights


PokerStars Hand #161269563420:  Hold'em Limit ($3/$6 USD) - 2016/11/11 23:42:18 ET
Table 'Iphidamas' 6-max Seat #6 is the button
Seat 3: KvanZy ($120 in chips)
Seat 6: Zubrik AnD ($120 in chips)
Zubrik AnD: posts small blind $1
KvanZy: posts big blind $3
*** HOLE CARDS ***
Zubrik AnD: raises $3 to $6
KvanZy: calls $3
*** FLOP *** [Qd 7s Ac]
KvanZy: bets $3
Zubrik AnD: raises $3 to $6
KvanZy: calls $3
*** TURN *** [Qd 7s Ac] [Ks]
KvanZy: checks
Zubrik AnD: checks
*** RIVER *** [Qd 7s Ac Ks] [6d]
KvanZy: bets $6
Zubrik AnD: raises $6 to $12
KvanZy: calls $6
*** SHOW DOWN ***
Zubrik AnD: shows [6h 6c] (three of a kind, Sixes)
KvanZy: mucks hand
Zubrik AnD collected $47.50 from pot
*** SUMMARY ***
Total pot $48 | Rake $0.50
Board [Qd 7s Ac Ks 6d]
Seat 3: KvanZy (big blind) mucked
Seat 6: Zubrik AnD (button) (small blind) showed [6h 6c] and won ($47.50) with three of a kind, Sixes


PokerStars Hand #161269689390:  Hold'em Limit ($3/$6 USD) - 2016/11/11 23:49:27 ET
Table 'Iphidamas' 6-max Seat #3 is the button
Seat 1: xRauIx ($231.64 in chips)
Seat 3: KvanZy ($91.30 in chips)
KvanZy: posts small blind $1
xRauIx: posts big blind $3
*** HOLE CARDS ***
KvanZy: raises $3 to $6
xRauIx: folds
Uncalled bet ($3) returned to KvanZy
KvanZy collected $6 from pot
KvanZy: doesn't show hand
*** SUMMARY ***
Total pot $6 | Rake $0
Seat 1: xRauIx (big blind) folded before Flop
Seat 3: KvanZy (button) (small blind) collected ($6)


PokerStars Hand #161269691062:  Hold'em Limit ($3/$6 USD) - 2016/11/11 23:49:33 ET
Table 'Iphidamas' 6-max Seat #1 is the button
Seat 1: xRauIx ($228.64 in chips)
Seat 3: KvanZy ($94.30 in chips)
xRauIx: posts small blind $1
KvanZy: posts big blind $3
*** HOLE CARDS ***
xRauIx: raises $3 to $6
KvanZy: folds
Uncalled bet ($3) returned to xRauIx
xRauIx collected $6 from pot
xRauIx: doesn't show hand
*** SUMMARY ***
Total pot $6 | Rake $0
Seat 1: xRauIx (button) (small blind) collected ($6)
Seat 3: KvanZy (big blind) folded before Flop


PokerStars Hand #161270784991:  Hold'em Limit ($3/$6 USD) - 2016/11/12 0:53:34 ET
Table 'Iphidamas' 6-max Seat #6 is the button
Seat 2: pecs680 ($48.68 in chips)
Seat 6: Zubrik AnD ($334.27 in chips)
Zubrik AnD: posts small blind $1
pecs680: posts big blind $3
*** HOLE CARDS ***
Zubrik AnD: raises $3 to $6
pecs680: calls $3
*** FLOP *** [4h Kd 4s]
pecs680: checks
Zubrik AnD: bets $3
pecs680: calls $3
*** TURN *** [4h Kd 4s] [Jh]
pecs680: checks
Zubrik AnD: checks
*** RIVER *** [4h Kd 4s Jh] [4c]
pecs680: bets $6
Zubrik AnD: calls $6
*** SHOW DOWN ***
pecs680: shows [5d Ks] (a full house, Fours full of Kings)
Zubrik AnD: mucks hand
pecs680 collected $29.50 from pot
*** SUMMARY ***
Total pot $30 | Rake $0.50
Board [4h Kd 4s Jh 4c]
Seat 2: pecs680 (big blind) showed [5d Ks] and won ($29.50) with a full house, Fours full of Kings
Seat 6: Zubrik AnD (button) (small blind) mucked


PokerStars Hand #161270776558:  Hold'em Limit ($3/$6 USD) - 2016/11/12 0:53:04 ET
Table 'Iphidamas' 6-max Seat #6 is the button
Seat 2: pecs680 ($55.68 in chips)
Seat 6: Zubrik AnD ($327.51 in chips)
Zubrik AnD: posts small blind $1
pecs680: posts big blind $3
*** HOLE CARDS ***
Zubrik AnD: folds
Uncalled bet ($2) returned to pecs680
pecs680 collected $2 from pot
*** SUMMARY ***
Total pot $2 | Rake $0
Seat 2: pecs680 (big blind) collected ($2)
Seat 6: Zubrik AnD (button) (small blind) folded before Flop


PokerStars Hand #161270768842:  Hold'em Limit ($3/$6 USD) - 2016/11/12 0:52:36 ET
Table 'Iphidamas' 6-max Seat #2 is the button
Seat 2: pecs680 ($76.68 in chips)
Seat 6: Zubrik AnD ($307.01 in chips)
pecs680: posts small blind $1
zizonmusang: is sitting out
Zubrik AnD: posts big blind $3
*** HOLE CARDS ***
pecs680: raises $3 to $6
Zubrik AnD: calls $3
*** FLOP *** [4s 5d Js]
Zubrik AnD: bets $3
pecs680: calls $3
*** TURN *** [4s 5d Js] [9h]
Zubrik AnD: checks
pecs680: bets $6
Zubrik AnD: calls $6
*** RIVER *** [4s 5d Js 9h] [Td]
Zubrik AnD: checks
pecs680: bets $6
Zubrik AnD: calls $6
*** SHOW DOWN ***
pecs680: shows [6h 3h] (high card Jack)
Zubrik AnD: shows [4c Kd] (a pair of Fours)
Zubrik AnD collected $41.50 from pot
*** SUMMARY ***
Total pot $42 | Rake $0.50
Board [4s 5d Js 9h Td]
Seat 2: pecs680 (button) (small blind) showed [6h 3h] and lost with high card Jack
Seat 6: Zubrik AnD (big blind) showed [4c Kd] and won ($41.50) with a pair of Fours


PokerStars Hand #161270777926:  Hold'em Limit ($3/$6 USD) - 2016/11/12 0:53:09 ET
Table 'Iphidamas' 6-max Seat #2 is the button
Seat 2: pecs680 ($56.68 in chips)
Seat 6: Zubrik AnD ($326.51 in chips)
pecs680: posts small blind $1
Zubrik AnD: posts big blind $3
*** HOLE CARDS ***
pecs680: folds
Uncalled bet ($2) returned to Zubrik AnD
Zubrik AnD collected $2 from pot
Zubrik AnD: doesn't show hand
*** SUMMARY ***
Total pot $2 | Rake $0
Seat 2: pecs680 (button) (small blind) folded before Flop
Seat 6: Zubrik AnD (big blind) collected ($2)


PokerStars Hand #161270779396:  Hold'em Limit ($3/$6 USD) - 2016/11/12 0:53:14 ET
Table 'Iphidamas' 6-max Seat #6 is the button
Seat 2: pecs680 ($55.68 in chips)
Seat 6: Zubrik AnD ($327.51 in chips)
Zubrik AnD: posts small blind $1
pecs680: posts big blind $3
*** HOLE CARDS ***
Zubrik AnD: raises $3 to $6
pecs680: calls $3
*** FLOP *** [4c 8s 9d]
pecs680: checks
Zubrik AnD: bets $3
pecs680: folds
Uncalled bet ($3) returned to Zubrik AnD
Zubrik AnD collected $11.76 from pot
Zubrik AnD: doesn't show hand
*** SUMMARY ***
Total pot $12 | Rake $0.24
Board [4c 8s 9d]
Seat 2: pecs680 (big blind) folded on the Flop
Seat 6: Zubrik AnD (button) (small blind) collected ($11.76)


PokerStars Hand #161270783271:  Hold'em Limit ($3/$6 USD) - 2016/11/12 0:53:28 ET
Table 'Iphidamas' 6-max Seat #2 is the button
Seat 2: pecs680 ($49.68 in chips)
Seat 6: Zubrik AnD ($333.27 in chips)
pecs680: posts small blind $1
Zubrik AnD: posts big blind $3
*** HOLE CARDS ***
pecs680: folds
Uncalled bet ($2) returned to Zubrik AnD
Zubrik AnD collected $2 from pot
Zubrik AnD: doesn't show hand
*** SUMMARY ***
Total pot $2 | Rake $0
Seat 2: pecs680 (button) (small blind) folded before Flop
Seat 6: Zubrik AnD (big blind) collected ($2)


PokerStars Hand #161270793489:  Hold'em Limit ($3/$6 USD) - 2016/11/12 0:54:05 ET
Table 'Iphidamas' 6-max Seat #6 is the button
Seat 2: pecs680 ($54.18 in chips)
Seat 6: Zubrik AnD ($327.91 in chips)
Zubrik AnD: posts small blind $1
pecs680: posts big blind $3
*** HOLE CARDS ***
Zubrik AnD: folds
Uncalled bet ($2) returned to pecs680
pecs680 collected $2 from pot
*** SUMMARY ***
Total pot $2 | Rake $0
Seat 2: pecs680 (big blind) collected ($2)
Seat 6: Zubrik AnD (button) (small blind) folded before Flop


PokerStars Hand #161270789839:  Hold'em Limit ($3/$6 USD) - 2016/11/12 0:53:52 ET
Table 'Iphidamas' 6-max Seat #2 is the button
Seat 2: pecs680 ($63.18 in chips)
Seat 6: Zubrik AnD ($319.27 in chips)
pecs680: posts small blind $1
I M GOIN OFF was removed from the table for failing to post
Zubrik AnD: posts big blind $3
*** HOLE CARDS ***
pecs680: raises $3 to $6
Zubrik AnD: raises $3 to $9
pecs680: calls $3
*** FLOP *** [Ks Js 8c]
Zubrik AnD: bets $3
pecs680: folds
Uncalled bet ($3) returned to Zubrik AnD
Zubrik AnD collected $17.64 from pot
Zubrik AnD: doesn't show hand
*** SUMMARY ***
Total pot $18 | Rake $0.36
Board [Ks Js 8c]
Seat 2: pecs680 (button) (small blind) folded on the Flop
Seat 6: Zubrik AnD (big blind) collected ($17.64)


PokerStars Hand #161270814463:  Hold'em Limit ($3/$6 USD) - 2016/11/12 0:55:22 ET
Table 'Iphidamas' 6-max Seat #6 is the button
Seat 2: pecs680 ($62.10 in chips)
Seat 6: Zubrik AnD ($314.43 in chips)
Zubrik AnD: posts small blind $1
pecs680: posts big blind $3
*** HOLE CARDS ***
Zubrik AnD: folds
Uncalled bet ($2) returned to pecs680
pecs680 collected $2 from pot
*** SUMMARY ***
Total pot $2 | Rake $0
Seat 2: pecs680 (big blind) collected ($2)
Seat 6: Zubrik AnD (button) (small blind) folded before Flop


PokerStars Hand #161270808571:  Hold'em Limit ($3/$6 USD) - 2016/11/12 0:55:00 ET
Table 'Iphidamas' 6-max Seat #2 is the button
Seat 2: pecs680 ($74.10 in chips)
Seat 6: Zubrik AnD ($302.91 in chips)
pecs680: posts small blind $1
Zubrik AnD: posts big blind $3
*** HOLE CARDS ***
pecs680: raises $3 to $6
Zubrik AnD: calls $3
*** FLOP *** [4d 6s 5c]
Zubrik AnD: checks
pecs680: bets $3
Zubrik AnD: raises $3 to $6
zizonmusang leaves the table
pecs680: calls $3
*** TURN *** [4d 6s 5c] [Ah]
Zubrik AnD: checks
pecs680: checks
*** RIVER *** [4d 6s 5c Ah] [Ac]
Zubrik AnD: checks
pecs680: checks
*** SHOW DOWN ***
Zubrik AnD: shows [Jd 7c] (a pair of Aces)
pecs680: mucks hand
Zubrik AnD collected $23.52 from pot
*** SUMMARY ***
Total pot $24 | Rake $0.48
Board [4d 6s 5c Ah Ac]
Seat 2: pecs680 (button) (small blind) mucked
Seat 6: Zubrik AnD (big blind) showed [Jd 7c] and won ($23.52) with a pair of Aces


PokerStars Hand #161270821900:  Hold'em Limit ($3/$6 USD) - 2016/11/12 0:55:52 ET
Table 'Iphidamas' 6-max Seat #6 is the button
Seat 2: pecs680 ($48.10 in chips)
Seat 6: Zubrik AnD ($327.93 in chips)
Zubrik AnD: posts small blind $1
pecs680: posts big blind $3
*** HOLE CARDS ***
Zubrik AnD: folds
Uncalled bet ($2) returned to pecs680
pecs680 collected $2 from pot
*** SUMMARY ***
Total pot $2 | Rake $0
Seat 2: pecs680 (big blind) collected ($2)
Seat 6: Zubrik AnD (button) (small blind) folded before Flop


PokerStars Hand #161270816206:  Hold'em Limit ($3/$6 USD) - 2016/11/12 0:55:29 ET
Table 'Iphidamas' 6-max Seat #2 is the button
Seat 2: pecs680 ($63.10 in chips)
Seat 6: Zubrik AnD ($313.43 in chips)
pecs680: posts small blind $1
Zubrik AnD: posts big blind $3
*** HOLE CARDS ***
pecs680: raises $3 to $6
Zubrik AnD: calls $3
*** FLOP *** [5s 7h Th]
Zubrik AnD: bets $3
pecs680: calls $3
*** TURN *** [5s 7h Th] [5c]
Zubrik AnD: checks
pecs680: checks
*** RIVER *** [5s 7h Th 5c] [9s]
Zubrik AnD: bets $6
pecs680: calls $6
*** SHOW DOWN ***
Zubrik AnD: shows [Qd 5d] (three of a kind, Fives)
pecs680: mucks hand
Zubrik AnD collected $29.50 from pot
*** SUMMARY ***
Total pot $30 | Rake $0.50
Board [5s 7h Th 5c 9s]
Seat 2: pecs680 (button) (small blind) mucked
Seat 6: Zubrik AnD (big blind) showed [Qd 5d] and won ($29.50) with three of a kind, Fives


PokerStars Hand #161270827788:  Hold'em Limit ($3/$6 USD) - 2016/11/12 0:56:16 ET
Table 'Iphidamas' 6-max Seat #6 is the button
Seat 2: pecs680 ($66.60 in chips)
Seat 6: Zubrik AnD ($308.93 in chips)
Zubrik AnD: posts small blind $1
pecs680: posts big blind $3
*** HOLE CARDS ***
Zubrik AnD: folds
Uncalled bet ($2) returned to pecs680
pecs680 collected $2 from pot
*** SUMMARY ***
Total pot $2 | Rake $0
Seat 2: pecs680 (big blind) collected ($2)
Seat 6: Zubrik AnD (button) (small blind) folded before Flop


PokerStars Hand #161270823139:  Hold'em Limit ($3/$6 USD) - 2016/11/12 0:55:57 ET
Table 'Iphidamas' 6-max Seat #2 is the button
Seat 2: pecs680 ($49.10 in chips)
Seat 6: Zubrik AnD ($326.93 in chips)
pecs680: posts small blind $1
Zubrik AnD: posts big blind $3
*** HOLE CARDS ***
pecs680: raises $3 to $6
Zubrik AnD: raises $3 to $9
pecs680: calls $3
*** FLOP *** [9c 6d 8d]
Zubrik AnD: bets $3
pecs680: calls $3
*** TURN *** [9c 6d 8d] [Jc]
Zubrik AnD: checks
pecs680: checks
*** RIVER *** [9c 6d 8d Jc] [3d]
Zubrik AnD: bets $6
pecs680: calls $6
*** SHOW DOWN ***
Zubrik AnD: shows [7s 7h] (a pair of Sevens)
pecs680: shows [8c Qh] (a pair of Eights)
pecs680 collected $35.50 from pot
*** SUMMARY ***
Total pot $36 | Rake $0.50
Board [9c 6d 8d Jc 3d]
Seat 2: pecs680 (button) (small blind) showed [8c Qh] and won ($35.50) with a pair of Eights
Seat 6: Zubrik AnD (big blind) showed [7s 7h] and lost with a pair of Sevens


PokerStars Hand #161270829049:  Hold'em Limit ($3/$6 USD) - 2016/11/12 0:56:21 ET
Table 'Iphidamas' 6-max Seat #2 is the button
Seat 2: pecs680 ($67.60 in chips)
Seat 6: Zubrik AnD ($307.93 in chips)
pecs680: posts small blind $1
Zubrik AnD: posts big blind $3
*** HOLE CARDS ***
pecs680: raises $3 to $6
Zubrik AnD: calls $3
*** FLOP *** [3d Ad Qh]
Zubrik AnD: checks
pecs680: bets $3
Zubrik AnD: folds
Uncalled bet ($3) returned to pecs680
pecs680 collected $11.76 from pot
*** SUMMARY ***
Total pot $12 | Rake $0.24
Board [3d Ad Qh]
Seat 2: pecs680 (button) (small blind) collected ($11.76)
Seat 6: Zubrik AnD (big blind) folded on the Flop


PokerStars Hand #161270832070:  Hold'em Limit ($3/$6 USD) - 2016/11/12 0:56:31 ET
Table 'Iphidamas' 6-max Seat #6 is the button
Seat 2: pecs680 ($73.36 in chips)
Seat 6: Zubrik AnD ($301.93 in chips)
Zubrik AnD: posts small blind $1
pecs680: posts big blind $3
*** HOLE CARDS ***
Zubrik AnD: calls $2
pecs680: checks
*** FLOP *** [Jd Td 3h]
pecs680: checks
Zubrik AnD: checks
*** TURN *** [Jd Td 3h] [Kd]
pecs680: checks
Zubrik AnD: checks
*** RIVER *** [Jd Td 3h Kd] [6s]
pecs680: checks
Zubrik AnD: bets $6
pecs680: folds
Uncalled bet ($6) returned to Zubrik AnD
Zubrik AnD collected $5.88 from pot
Zubrik AnD: doesn't show hand
*** SUMMARY ***
Total pot $6 | Rake $0.12
Board [Jd Td 3h Kd 6s]
Seat 2: pecs680 (big blind) folded on the River
Seat 6: Zubrik AnD (button) (small blind) collected ($5.88)


PokerStars Hand #161270844115:  Hold'em Limit ($3/$6 USD) - 2016/11/12 0:57:18 ET
Table 'Iphidamas' 6-max Seat #2 is the button
Seat 2: pecs680 ($84.86 in chips)
Seat 6: Zubrik AnD ($289.81 in chips)
pecs680: posts small blind $1
Zubrik AnD: posts big blind $3
*** HOLE CARDS ***
pecs680: raises $3 to $6
Zubrik AnD: raises $3 to $9
pecs680: calls $3
*** FLOP *** [Qc 3c 5s]
Zubrik AnD: checks
manly70 joins the table at seat #5
WackoJacko13 joins the table at seat #3
pecs680: checks
*** TURN *** [Qc 3c 5s] [8c]
Zubrik AnD: checks
pecs680: bets $6
Zubrik AnD: calls $6
*** RIVER *** [Qc 3c 5s 8c] [3s]
alpha2777 joins the table at seat #4
Zubrik AnD: checks
pecs680: checks
*** SHOW DOWN ***
Zubrik AnD: shows [6d Ad] (a pair of Threes)
pecs680: mucks hand
Zubrik AnD collected $29.50 from pot
*** SUMMARY ***
Total pot $30 | Rake $0.50
Board [Qc 3c 5s 8c 3s]
Seat 2: pecs680 (button) (small blind) mucked
Seat 6: Zubrik AnD (big blind) showed [6d Ad] and won ($29.50) with a pair of Threes


PokerStars Hand #161270837053:  Hold'em Limit ($3/$6 USD) - 2016/11/12 0:56:51 ET
Table 'Iphidamas' 6-max Seat #2 is the button
Seat 2: pecs680 ($70.36 in chips)
Seat 6: Zubrik AnD ($304.81 in chips)
pecs680: posts small blind $1
Zubrik AnD: posts big blind $3
*** HOLE CARDS ***
pecs680: raises $3 to $6
Zubrik AnD: calls $3
*** FLOP *** [3d Qc 6s]
Zubrik AnD: checks
pecs680: checks
*** TURN *** [3d Qc 6s] [9c]
Zubrik AnD: checks
pecs680: bets $6
Zubrik AnD: calls $6
*** RIVER *** [3d Qc 6s 9c] [8h]
Zubrik AnD: checks
pecs680: bets $6
Zubrik AnD: calls $6
*** SHOW DOWN ***
pecs680: shows [9h Td] (a pair of Nines)
Zubrik AnD: mucks hand
pecs680 collected $35.50 from pot
*** SUMMARY ***
Total pot $36 | Rake $0.50
Board [3d Qc 6s 9c 8h]
Seat 2: pecs680 (button) (small blind) showed [9h Td] and won ($35.50) with a pair of Nines
Seat 6: Zubrik AnD (big blind) mucked


PokerStars Hand #161270842206:  Hold'em Limit ($3/$6 USD) - 2016/11/12 0:57:11 ET
Table 'Iphidamas' 6-max Seat #6 is the button
Seat 2: pecs680 ($87.86 in chips)
Seat 6: Zubrik AnD ($286.81 in chips)
Zubrik AnD: posts small blind $1
pecs680: posts big blind $3
*** HOLE CARDS ***
Zubrik AnD: raises $3 to $6
pecs680: folds
Uncalled bet ($3) returned to Zubrik AnD
Zubrik AnD collected $6 from pot
Zubrik AnD: doesn't show hand
*** SUMMARY ***
Total pot $6 | Rake $0
Seat 2: pecs680 (big blind) folded before Flop
Seat 6: Zubrik AnD (button) (small blind) collected ($6)


PokerStars Hand #161270850561:  Hold'em Limit ($3/$6 USD) - 2016/11/12 0:57:44 ET
Table 'Iphidamas' 6-max Seat #6 is the button
Seat 2: pecs680 ($69.86 in chips)
Seat 6: Zubrik AnD ($304.31 in chips)
Zubrik AnD: posts small blind $1
xRauIx was removed from the table for failing to post
pecs680: posts big blind $3
*** HOLE CARDS ***
Zubrik AnD: raises $3 to $6
pecs680: calls $3
*** FLOP *** [9d 8c Kh]
pecs680: checks
VolkovDmitri joins the table at seat #1
Zubrik AnD: bets $3
pecs680: calls $3
*** TURN *** [9d 8c Kh] [Ac]
pecs680: checks
Zubrik AnD: checks
*** RIVER *** [9d 8c Kh Ac] [4h]
pecs680: bets $6
Zubrik AnD: calls $6
*** SHOW DOWN ***
pecs680: shows [Ks Ts] (a pair of Kings)
Zubrik AnD: mucks hand
pecs680 collected $29.50 from pot
*** SUMMARY ***
Total pot $30 | Rake $0.50
Board [9d 8c Kh Ac 4h]
Seat 2: pecs680 (big blind) showed [Ks Ts] and won ($29.50) with a pair of Kings
Seat 6: Zubrik AnD (button) (small blind) mucked


PokerStars Hand #161273644611:  Hold'em Limit ($3/$6 USD) - 2016/11/12 3:34:42 ET
Table 'Iphidamas' 6-max Seat #5 is the button
Seat 1: VolkovDmitri ($140.71 in chips)
Seat 5: manly70 ($257.91 in chips)
manly70: posts small blind $1
VolkovDmitri: posts big blind $3
*** HOLE CARDS ***
manly70: raises $3 to $6
VolkovDmitri: raises $3 to $9
manly70: calls $3
*** FLOP *** [4h 7s 7c]
VolkovDmitri: bets $3
manly70: calls $3
*** TURN *** [4h 7s 7c] [Ad]
VolkovDmitri: bets $6
manly70: folds
Uncalled bet ($6) returned to VolkovDmitri
VolkovDmitri collected $23.52 from pot
VolkovDmitri: doesn't show hand
*** SUMMARY ***
Total pot $24 | Rake $0.48
Board [4h 7s 7c Ad]
Seat 1: VolkovDmitri (big blind) collected ($23.52)
Seat 5: manly70 (button) (small blind) folded on the Turn


PokerStars Hand #161273637526:  Hold'em Limit ($3/$6 USD) - 2016/11/12 3:34:21 ET
Table 'Iphidamas' 6-max Seat #1 is the button
Seat 1: VolkovDmitri ($141.71 in chips)
Seat 5: manly70 ($256.91 in chips)
VolkovDmitri: posts small blind $1
Zeeon: is sitting out
manly70: posts big blind $3
*** HOLE CARDS ***
VolkovDmitri has timed out
VolkovDmitri: folds
Uncalled bet ($2) returned to manly70
manly70 collected $2 from pot
*** SUMMARY ***
Total pot $2 | Rake $0
Seat 1: VolkovDmitri (button) (small blind) folded before Flop
Seat 5: manly70 (big blind) collected ($2)


PokerStars Hand #161273653770:  Hold'em Limit ($3/$6 USD) - 2016/11/12 3:35:09 ET
Table 'Iphidamas' 6-max Seat #1 is the button
Seat 1: VolkovDmitri ($152.23 in chips)
Seat 3: Zeeon ($178.52 in chips)
VolkovDmitri: posts small blind $1
Zeeon: posts big blind $3
*** HOLE CARDS ***
VolkovDmitri: raises $3 to $6
Zeeon: folds
Uncalled bet ($3) returned to VolkovDmitri
VolkovDmitri collected $6 from pot
VolkovDmitri: doesn't show hand
*** SUMMARY ***
Total pot $6 | Rake $0
Seat 1: VolkovDmitri (button) (small blind) collected ($6)
Seat 3: Zeeon (big blind) folded before Flop


PokerStars Hand #161275049011:  Hold'em Limit ($3/$6 USD) - 2016/11/12 4:37:54 ET
Table 'Iphidamas' 6-max Seat #1 is the button
Seat 1: VolkovDmitri ($190.02 in chips)
Seat 6: manly70 ($68.86 in chips)
VolkovDmitri: posts small blind $1
manly70: posts big blind $3
*** HOLE CARDS ***
VolkovDmitri: folds
Uncalled bet ($2) returned to manly70
manly70 collected $2 from pot
*** SUMMARY ***
Total pot $2 | Rake $0
Seat 1: VolkovDmitri (button) (small blind) folded before Flop
Seat 6: manly70 (big blind) collected ($2)


PokerStars Hand #161275046511:  Hold'em Limit ($3/$6 USD) - 2016/11/12 4:37:48 ET
Table 'Iphidamas' 6-max Seat #6 is the button
Seat 1: VolkovDmitri ($189.02 in chips)
Seat 6: manly70 ($69.86 in chips)
manly70: posts small blind $1
VolkovDmitri: posts big blind $3
*** HOLE CARDS ***
manly70: folds
Uncalled bet ($2) returned to VolkovDmitri
VolkovDmitri collected $2 from pot
VolkovDmitri: doesn't show hand
*** SUMMARY ***
Total pot $2 | Rake $0
Seat 1: VolkovDmitri (big blind) collected ($2)
Seat 6: manly70 (button) (small blind) folded before Flop


PokerStars Hand #161275020313:  Hold'em Limit ($3/$6 USD) - 2016/11/12 4:36:43 ET
Table 'Iphidamas' 6-max Seat #1 is the button
Seat 1: VolkovDmitri ($162.52 in chips)
Seat 6: manly70 ($96.86 in chips)
VolkovDmitri: posts small blind $1
manly70: posts big blind $3
*** HOLE CARDS ***
qqppii999 leaves the table
VolkovDmitri: raises $3 to $6
manly70: raises $3 to $9
VolkovDmitri: raises $3 to $12
Betting is capped
manly70: calls $3
*** FLOP *** [Ac 8s 2s]
manly70: checks
VolkovDmitri: bets $3
manly70: calls $3
*** TURN *** [Ac 8s 2s] [3s]
manly70: checks
VolkovDmitri: bets $6
manly70: calls $6
*** RIVER *** [Ac 8s 2s 3s] [Th]
manly70: checks
VolkovDmitri: bets $6
manly70: calls $6
*** SHOW DOWN ***
VolkovDmitri: shows [9s As] (a flush, Ace high)
manly70: mucks hand
VolkovDmitri collected $53.50 from pot
*** SUMMARY ***
Total pot $54 | Rake $0.50
Board [Ac 8s 2s 3s Th]
Seat 1: VolkovDmitri (button) (small blind) showed [9s As] and won ($53.50) with a flush, Ace high
Seat 6: manly70 (big blind) mucked


PokerStars Hand #161275051173:  Hold'em Limit ($3/$6 USD) - 2016/11/12 4:38:00 ET
Table 'Iphidamas' 6-max Seat #6 is the button
Seat 1: VolkovDmitri ($189.02 in chips)
Seat 6: manly70 ($69.86 in chips)
manly70: posts small blind $1
VolkovDmitri: posts big blind $3
*** HOLE CARDS ***
manly70: raises $3 to $6
VolkovDmitri: raises $3 to $9
manly70: calls $3
*** FLOP *** [2s 5c 4s]
VolkovDmitri: checks
manly70: bets $3
VolkovDmitri: calls $3
*** TURN *** [2s 5c 4s] [7c]
VolkovDmitri: checks
manly70: bets $6
VolkovDmitri: folds
Uncalled bet ($6) returned to manly70
manly70 collected $23.52 from pot
*** SUMMARY ***
Total pot $24 | Rake $0.48
Board [2s 5c 4s 7c]
Seat 1: VolkovDmitri (big blind) folded on the Turn
Seat 6: manly70 (button) (small blind) collected ($23.52)


PokerStars Hand #161275070445:  Hold'em Limit ($3/$6 USD) - 2016/11/12 4:38:48 ET
Table 'Iphidamas' 6-max Seat #1 is the button
Seat 1: VolkovDmitri ($177.02 in chips)
Seat 6: manly70 ($81.38 in chips)
VolkovDmitri: posts small blind $1
manly70: posts big blind $3
*** HOLE CARDS ***
VolkovDmitri: raises $3 to $6
manly70: calls $3
*** FLOP *** [Qs Ac 8c]
manly70: checks
VolkovDmitri: bets $3
manly70: calls $3
*** TURN *** [Qs Ac 8c] [9h]
manly70: checks
VolkovDmitri: checks
*** RIVER *** [Qs Ac 8c 9h] [4h]
manly70: checks
VolkovDmitri: checks
*** SHOW DOWN ***
manly70: shows [8d Kh] (a pair of Eights)
VolkovDmitri: mucks hand
manly70 collected $17.64 from pot
*** SUMMARY ***
Total pot $18 | Rake $0.36
Board [Qs Ac 8c 9h 4h]
Seat 1: VolkovDmitri (button) (small blind) mucked
Seat 6: manly70 (big blind) showed [8d Kh] and won ($17.64) with a pair of Eights


PokerStars Hand #161275099615:  Hold'em Limit ($3/$6 USD) - 2016/11/12 4:40:00 ET
Table 'Iphidamas' 6-max Seat #1 is the button
Seat 1: VolkovDmitri ($165.66 in chips)
Seat 3: Zeeon ($162.97 in chips)
VolkovDmitri: posts small blind $1
Zeeon: posts big blind $3
*** HOLE CARDS ***
VolkovDmitri: raises $3 to $6
Zeeon: folds
Uncalled bet ($3) returned to VolkovDmitri
VolkovDmitri collected $6 from pot
VolkovDmitri: doesn't show hand
*** SUMMARY ***
Total pot $6 | Rake $0
Seat 1: VolkovDmitri (button) (small blind) collected ($6)
Seat 3: Zeeon (big blind) folded before Flop


PokerStars Hand #161275096922:  Hold'em Limit ($3/$6 USD) - 2016/11/12 4:39:54 ET
Table 'Iphidamas' 6-max Seat #3 is the button
Seat 1: VolkovDmitri ($164.66 in chips)
Seat 3: Zeeon ($163.97 in chips)
Zeeon: posts small blind $1
VolkovDmitri: posts big blind $3
*** HOLE CARDS ***
Zeeon: folds
Uncalled bet ($2) returned to VolkovDmitri
VolkovDmitri collected $2 from pot
VolkovDmitri: doesn't show hand
*** SUMMARY ***
Total pot $2 | Rake $0
Seat 1: VolkovDmitri (big blind) collected ($2)
Seat 3: Zeeon (button) (small blind) folded before Flop


PokerStars Hand #161275109680:  Hold'em Limit ($3/$6 USD) - 2016/11/12 4:40:25 ET
Table 'Iphidamas' 6-max Seat #3 is the button
Seat 1: VolkovDmitri ($172.66 in chips)
Seat 3: Zeeon ($155.97 in chips)
Zeeon: posts small blind $1
VolkovDmitri: posts big blind $3
*** HOLE CARDS ***
Zeeon: calls $2
VolkovDmitri: raises $3 to $6
Zeeon: calls $3
*** FLOP *** [5d 4s 3h]
VolkovDmitri: checks
Zeeon: checks
*** TURN *** [5d 4s 3h] [As]
VolkovDmitri: bets $6
Zeeon: raises $6 to $12
VolkovDmitri: folds
Uncalled bet ($6) returned to Zeeon
Zeeon collected $23.52 from pot
Zeeon: doesn't show hand
*** SUMMARY ***
Total pot $24 | Rake $0.48
Board [5d 4s 3h As]
Seat 1: VolkovDmitri (big blind) folded on the Turn
Seat 3: Zeeon (button) (small blind) collected ($23.52)


PokerStars Hand #161275107546:  Hold'em Limit ($3/$6 USD) - 2016/11/12 4:40:20 ET
Table 'Iphidamas' 6-max Seat #1 is the button
Seat 1: VolkovDmitri ($169.66 in chips)
Seat 3: Zeeon ($158.97 in chips)
VolkovDmitri: posts small blind $1
Zeeon: posts big blind $3
*** HOLE CARDS ***
VolkovDmitri: raises $3 to $6
Zeeon: folds
Uncalled bet ($3) returned to VolkovDmitri
VolkovDmitri collected $6 from pot
VolkovDmitri: doesn't show hand
*** SUMMARY ***
Total pot $6 | Rake $0
Seat 1: VolkovDmitri (button) (small blind) collected ($6)
Seat 3: Zeeon (big blind) folded before Flop


PokerStars Hand #161275101801:  Hold'em Limit ($3/$6 USD) - 2016/11/12 4:40:06 ET
Table 'Iphidamas' 6-max Seat #3 is the button
Seat 1: VolkovDmitri ($168.66 in chips)
Seat 3: Zeeon ($159.97 in chips)
Zeeon: posts small blind $1
VolkovDmitri: posts big blind $3
*** HOLE CARDS ***
Zeeon: folds
Uncalled bet ($2) returned to VolkovDmitri
VolkovDmitri collected $2 from pot
VolkovDmitri: doesn't show hand
*** SUMMARY ***
Total pot $2 | Rake $0
Seat 1: VolkovDmitri (big blind) collected ($2)
Seat 3: Zeeon (button) (small blind) folded before Flop


PokerStars Hand #161275146989:  Hold'em Limit ($3/$6 USD) - 2016/11/12 4:41:58 ET
Table 'Iphidamas' 6-max Seat #3 is the button
Seat 1: VolkovDmitri ($157.16 in chips)
Seat 3: Zeeon ($169.99 in chips)
Zeeon: posts small blind $1
VolkovDmitri: posts big blind $3
*** HOLE CARDS ***
Zeeon: raises $3 to $6
VolkovDmitri: calls $3
*** FLOP *** [3c As 6s]
VolkovDmitri: checks
Zeeon: bets $3
VolkovDmitri: raises $3 to $6
Zeeon: folds
Uncalled bet ($3) returned to VolkovDmitri
VolkovDmitri collected $17.64 from pot
VolkovDmitri: doesn't show hand
*** SUMMARY ***
Total pot $18 | Rake $0.36
Board [3c As 6s]
Seat 1: VolkovDmitri (big blind) collected ($17.64)
Seat 3: Zeeon (button) (small blind) folded on the Flop


PokerStars Hand #161275132049:  Hold'em Limit ($3/$6 USD) - 2016/11/12 4:41:21 ET
Table 'Iphidamas' 6-max Seat #3 is the button
Seat 1: VolkovDmitri ($175.16 in chips)
Seat 3: Zeeon ($152.49 in chips)
Zeeon: posts small blind $1
VolkovDmitri: posts big blind $3
*** HOLE CARDS ***
Zeeon: raises $3 to $6
VolkovDmitri: folds
Uncalled bet ($3) returned to Zeeon
Zeeon collected $6 from pot
Zeeon: doesn't show hand
*** SUMMARY ***
Total pot $6 | Rake $0
Seat 1: VolkovDmitri (big blind) folded before Flop
Seat 3: Zeeon (button) (small blind) collected ($6)


PokerStars Hand #161275121859:  Hold'em Limit ($3/$6 USD) - 2016/11/12 4:40:56 ET
Table 'Iphidamas' 6-max Seat #1 is the button
Seat 1: VolkovDmitri ($160.66 in chips)
Seat 3: Zeeon ($167.49 in chips)
VolkovDmitri: posts small blind $1
Zeeon: posts big blind $3
*** HOLE CARDS ***
VolkovDmitri: raises $3 to $6
Zeeon: raises $3 to $9
VolkovDmitri: calls $3
*** FLOP *** [Th 5d 4d]
Zeeon: bets $3
VolkovDmitri: raises $3 to $6
Zeeon: calls $3
*** TURN *** [Th 5d 4d] [Ts]
Zeeon: checks
VolkovDmitri: bets $6
Zeeon: folds
Uncalled bet ($6) returned to VolkovDmitri
VolkovDmitri collected $29.50 from pot
VolkovDmitri: doesn't show hand
*** SUMMARY ***
Total pot $30 | Rake $0.50
Board [Th 5d 4d Ts]
Seat 1: VolkovDmitri (button) (small blind) collected ($29.50)
Seat 3: Zeeon (big blind) folded on the Turn


PokerStars Hand #161275134508:  Hold'em Limit ($3/$6 USD) - 2016/11/12 4:41:27 ET
Table 'Iphidamas' 6-max Seat #1 is the button
Seat 1: VolkovDmitri ($172.16 in chips)
Seat 3: Zeeon ($155.49 in chips)
VolkovDmitri: posts small blind $1
Zeeon: posts big blind $3
*** HOLE CARDS ***
VolkovDmitri: raises $3 to $6
Zeeon: calls $3
*** FLOP *** [9h Ts Kc]
Zeeon: checks
VolkovDmitri: bets $3
Zeeon: calls $3
*** TURN *** [9h Ts Kc] [2h]
Zeeon: checks
VolkovDmitri: bets $6
Zeeon: raises $6 to $12
VolkovDmitri: folds
Uncalled bet ($6) returned to Zeeon
Zeeon collected $29.50 from pot
Zeeon: doesn't show hand
*** SUMMARY ***
Total pot $30 | Rake $0.50
Board [9h Ts Kc 2h]
Seat 1: VolkovDmitri (button) (small blind) folded on the Turn
Seat 3: Zeeon (big blind) collected ($29.50)


