PokerStars Hand #154801788860:  Hold'em Limit ($3/$6 USD) - 2016/06/16 6:47:50 ET
Table 'Irenaea II' 10-max Seat #1 is the button
Seat 1: SeanPeary ($52.42 in chips)
Seat 2: Ale4o ($94.13 in chips)
SeanPeary: posts small blind $1
Ale4o: posts big blind $3
*** HOLE CARDS ***
SeanPeary: calls $2
Ale4o: raises $3 to $6
SeanPeary: calls $3
*** FLOP *** [2h 3c 5h]
Ale4o: bets $3
SeanPeary: calls $3
*** TURN *** [2h 3c 5h] [Jc]
Ale4o: bets $6
SeanPeary: calls $6
*** RIVER *** [2h 3c 5h Jc] [6d]
Ale4o: checks
SeanPeary: checks
*** SHOW DOWN ***
Ale4o: shows [8h 7c] (high card Jack)
SeanPeary: shows [Kc 2c] (a pair of Deuces)
SeanPeary collected $29.50 from pot
*** SUMMARY ***
Total pot $30 | Rake $0.50
Board [2h 3c 5h Jc 6d]
Seat 1: SeanPeary (button) (small blind) showed [Kc 2c] and won ($29.50) with a pair of Deuces
Seat 2: Ale4o (big blind) showed [8h 7c] and lost with high card Jack


PokerStars Hand #154801820009:  Hold'em Limit ($3/$6 USD) - 2016/06/16 6:49:05 ET
Table 'Irenaea II' 10-max Seat #2 is the button
Seat 1: SeanPeary ($25.92 in chips)
Seat 2: Ale4o ($119.27 in chips)
Ale4o: posts small blind $1
SeanPeary: posts big blind $3
*** HOLE CARDS ***
Ale4o: raises $3 to $6
SeanPeary: folds
Uncalled bet ($3) returned to Ale4o
Ale4o collected $6 from pot
Ale4o: doesn't show hand
*** SUMMARY ***
Total pot $6 | Rake $0
Seat 1: SeanPeary (big blind) folded before Flop
Seat 2: Ale4o (button) (small blind) collected ($6)


PokerStars Hand #154801813892:  Hold'em Limit ($3/$6 USD) - 2016/06/16 6:48:51 ET
Table 'Irenaea II' 10-max Seat #1 is the button
Seat 1: SeanPeary ($30.92 in chips)
Seat 2: Ale4o ($114.27 in chips)
SeanPeary: posts small blind $1
Ale4o: posts big blind $3
*** HOLE CARDS ***
SeanPeary: folds
Uncalled bet ($2) returned to Ale4o
Ale4o collected $2 from pot
Ale4o: doesn't show hand
*** SUMMARY ***
Total pot $2 | Rake $0
Seat 1: SeanPeary (button) (small blind) folded before Flop
Seat 2: Ale4o (big blind) collected ($2)


PokerStars Hand #154801809921:  Hold'em Limit ($3/$6 USD) - 2016/06/16 6:48:41 ET
Table 'Irenaea II' 10-max Seat #2 is the button
Seat 1: SeanPeary ($36.92 in chips)
Seat 2: Ale4o ($108.51 in chips)
Ale4o: posts small blind $1
SeanPeary: posts big blind $3
*** HOLE CARDS ***
Ale4o: raises $3 to $6
SeanPeary: calls $3
*** FLOP *** [2h Ah Ac]
SeanPeary: checks
Ale4o: bets $3
SeanPeary: folds
Uncalled bet ($3) returned to Ale4o
Ale4o collected $11.76 from pot
Ale4o: doesn't show hand
*** SUMMARY ***
Total pot $12 | Rake $0.24
Board [2h Ah Ac]
Seat 1: SeanPeary (big blind) folded on the Flop
Seat 2: Ale4o (button) (small blind) collected ($11.76)


PokerStars Hand #154801805472:  Hold'em Limit ($3/$6 USD) - 2016/06/16 6:48:30 ET
Table 'Irenaea II' 10-max Seat #1 is the button
Seat 1: SeanPeary ($39.92 in chips)
Seat 2: Ale4o ($105.63 in chips)
SeanPeary: posts small blind $1
Ale4o: posts big blind $3
*** HOLE CARDS ***
SeanPeary: calls $2
Ale4o: checks
*** FLOP *** [4c 2s Kc]
Ale4o: bets $3
SeanPeary: folds
Uncalled bet ($3) returned to Ale4o
Ale4o collected $5.88 from pot
Ale4o: doesn't show hand
*** SUMMARY ***
Total pot $6 | Rake $0.12
Board [4c 2s Kc]
Seat 1: SeanPeary (button) (small blind) folded on the Flop
Seat 2: Ale4o (big blind) collected ($5.88)


PokerStars Hand #154801818064:  Hold'em Limit ($3/$6 USD) - 2016/06/16 6:49:01 ET
Table 'Irenaea II' 10-max Seat #1 is the button
Seat 1: SeanPeary ($26.92 in chips)
Seat 2: Ale4o ($118.27 in chips)
SeanPeary: posts small blind $1
Ale4o: posts big blind $3
*** HOLE CARDS ***
SeanPeary: folds
Uncalled bet ($2) returned to Ale4o
Ale4o collected $2 from pot
Ale4o: doesn't show hand
*** SUMMARY ***
Total pot $2 | Rake $0
Seat 1: SeanPeary (button) (small blind) folded before Flop
Seat 2: Ale4o (big blind) collected ($2)


PokerStars Hand #154801815889:  Hold'em Limit ($3/$6 USD) - 2016/06/16 6:48:55 ET
Table 'Irenaea II' 10-max Seat #2 is the button
Seat 1: SeanPeary ($29.92 in chips)
Seat 2: Ale4o ($115.27 in chips)
Ale4o: posts small blind $1
SeanPeary: posts big blind $3
*** HOLE CARDS ***
Ale4o: raises $3 to $6
SeanPeary: folds
Uncalled bet ($3) returned to Ale4o
Ale4o collected $6 from pot
Ale4o: doesn't show hand
*** SUMMARY ***
Total pot $6 | Rake $0
Seat 1: SeanPeary (big blind) folded before Flop
Seat 2: Ale4o (button) (small blind) collected ($6)


PokerStars Hand #154801796551:  Hold'em Limit ($3/$6 USD) - 2016/06/16 6:48:08 ET
Table 'Irenaea II' 10-max Seat #2 is the button
Seat 1: SeanPeary ($66.92 in chips)
Seat 2: Ale4o ($79.13 in chips)
Ale4o: posts small blind $1
SeanPeary: posts big blind $3
*** HOLE CARDS ***
Ale4o: raises $3 to $6
SeanPeary: calls $3
*** FLOP *** [7d Ah 9c]
SeanPeary: checks
Ale4o: bets $3
SeanPeary: calls $3
*** TURN *** [7d Ah 9c] [6h]
SeanPeary: checks
Ale4o: bets $6
SeanPeary: calls $6
*** RIVER *** [7d Ah 9c 6h] [3s]
SeanPeary: bets $6
Ale4o: raises $6 to $12
SeanPeary: calls $6
*** SHOW DOWN ***
Ale4o: shows [3h As] (two pair, Aces and Threes)
SeanPeary: mucks hand
Ale4o collected $53.50 from pot
*** SUMMARY ***
Total pot $54 | Rake $0.50
Board [7d Ah 9c 6h 3s]
Seat 1: SeanPeary (big blind) mucked
Seat 2: Ale4o (button) (small blind) showed [3h As] and won ($53.50) with two pair, Aces and Threes


PokerStars Hand #154801831057:  Hold'em Limit ($3/$6 USD) - 2016/06/16 6:49:33 ET
Table 'Irenaea II' 10-max Seat #2 is the button
Seat 1: SeanPeary ($45.34 in chips)
Seat 2: Ale4o ($99.35 in chips)
Ale4o: posts small blind $1
SeanPeary: posts big blind $3
*** HOLE CARDS ***
Ale4o: raises $3 to $6
SeanPeary: folds
Uncalled bet ($3) returned to Ale4o
Ale4o collected $6 from pot
Ale4o: doesn't show hand
*** SUMMARY ***
Total pot $6 | Rake $0
Seat 1: SeanPeary (big blind) folded before Flop
Seat 2: Ale4o (button) (small blind) collected ($6)


PokerStars Hand #154801833147:  Hold'em Limit ($3/$6 USD) - 2016/06/16 6:49:38 ET
Table 'Irenaea II' 10-max Seat #1 is the button
Seat 1: SeanPeary ($42.34 in chips)
Seat 2: Ale4o ($102.35 in chips)
SeanPeary: posts small blind $1
Ale4o: posts big blind $3
*** HOLE CARDS ***
SeanPeary: calls $2
Ale4o: checks
*** FLOP *** [Qd Ks Tc]
Ale4o: checks
SeanPeary: checks
*** TURN *** [Qd Ks Tc] [5h]
Ale4o: bets $6
SeanPeary: folds
Uncalled bet ($6) returned to Ale4o
Ale4o collected $5.88 from pot
Ale4o: doesn't show hand
*** SUMMARY ***
Total pot $6 | Rake $0.12
Board [Qd Ks Tc 5h]
Seat 1: SeanPeary (button) (small blind) folded on the Turn
Seat 2: Ale4o (big blind) collected ($5.88)


PokerStars Hand #154801822186:  Hold'em Limit ($3/$6 USD) - 2016/06/16 6:49:11 ET
Table 'Irenaea II' 10-max Seat #1 is the button
Seat 1: SeanPeary ($22.92 in chips)
Seat 2: Ale4o ($122.27 in chips)
SeanPeary: posts small blind $1
Ale4o: posts big blind $3
*** HOLE CARDS ***
SeanPeary: raises $3 to $6
Ale4o: raises $3 to $9
SeanPeary: raises $3 to $12
Betting is capped
Ale4o: calls $3
*** FLOP *** [5c 3h 2s]
Ale4o: checks
SeanPeary: bets $3
Ale4o: raises $3 to $6
SeanPeary: raises $3 to $9
Ale4o: raises $3 to $12
Betting is capped
SeanPeary: calls $1.92 and is all-in
Uncalled bet ($1.08) returned to Ale4o
*** TURN *** [5c 3h 2s] [6d]
*** RIVER *** [5c 3h 2s 6d] [Jd]
*** SHOW DOWN ***
Ale4o: shows [As 8c] (high card Ace)
SeanPeary: shows [Kc Ah] (high card Ace - King kicker)
SeanPeary collected $45.34 from pot
*** SUMMARY ***
Total pot $45.84 | Rake $0.50
Board [5c 3h 2s 6d Jd]
Seat 1: SeanPeary (button) (small blind) showed [Kc Ah] and won ($45.34) with high card Ace
Seat 2: Ale4o (big blind) showed [As 8c] and lost with high card Ace


PokerStars Hand #154804619372:  Hold'em Limit ($3/$6 USD) - 2016/06/16 8:34:21 ET
Table 'Irenaea II' 10-max Seat #2 is the button
Seat 2: RJF1943 ($120 in chips)
Seat 7: VolkovDmitri ($120 in chips)
RJF1943: posts small blind $1
VolkovDmitri: posts big blind $3
*** HOLE CARDS ***
RJF1943: calls $2
VolkovDmitri: raises $3 to $6
RJF1943: calls $3
*** FLOP *** [Ad 2h 9c]
VolkovDmitri: bets $3
RJF1943: folds
Uncalled bet ($3) returned to VolkovDmitri
VolkovDmitri collected $11.76 from pot
VolkovDmitri: doesn't show hand
*** SUMMARY ***
Total pot $12 | Rake $0.24
Board [Ad 2h 9c]
Seat 2: RJF1943 (button) (small blind) folded on the Flop
Seat 7: VolkovDmitri (big blind) collected ($11.76)


PokerStars Hand #154804633569:  Hold'em Limit ($3/$6 USD) - 2016/06/16 8:34:50 ET
Table 'Irenaea II' 10-max Seat #7 is the button
Seat 2: RJF1943 ($114 in chips)
Seat 7: VolkovDmitri ($125.76 in chips)
VolkovDmitri: posts small blind $1
RJF1943: posts big blind $3
*** HOLE CARDS ***
VolkovDmitri: raises $3 to $6
RJF1943: raises $3 to $9
VolkovDmitri: calls $3
*** FLOP *** [Ah As 8s]
RJF1943: bets $3
VolkovDmitri: calls $3
*** TURN *** [Ah As 8s] [9c]
RJF1943: bets $6
VolkovDmitri: raises $6 to $12
B_loJkl joins the table at seat #3
RJF1943: calls $6
*** RIVER *** [Ah As 8s 9c] [2s]
RJF1943: checks
VolkovDmitri: bets $6
RJF1943: calls $6
*** SHOW DOWN ***
VolkovDmitri: shows [Ac 6c] (three of a kind, Aces)
RJF1943: mucks hand
VolkovDmitri collected $59.50 from pot
*** SUMMARY ***
Total pot $60 | Rake $0.50
Board [Ah As 8s 9c 2s]
Seat 2: RJF1943 (big blind) mucked
Seat 7: VolkovDmitri (button) (small blind) showed [Ac 6c] and won ($59.50) with three of a kind, Aces


PokerStars Hand #154805293807:  Hold'em Limit ($3/$6 USD) - 2016/06/16 8:57:25 ET
Table 'Irenaea II' 10-max Seat #7 is the button
Seat 6: ben456 ($86.74 in chips)
Seat 7: VolkovDmitri ($123.71 in chips)
VolkovDmitri: posts small blind $1
B_loJkl: is sitting out
ben456: posts big blind $3
*** HOLE CARDS ***
VolkovDmitri: raises $3 to $6
ben456: raises $3 to $9
B_loJkl leaves the table
VolkovDmitri: calls $3
*** FLOP *** [Kh 5h Td]
ben456: bets $3
B_loJkl joins the table at seat #9
VolkovDmitri: calls $3
*** TURN *** [Kh 5h Td] [Qs]
ben456: bets $6
VolkovDmitri: calls $6
*** RIVER *** [Kh 5h Td Qs] [Js]
ben456: bets $6
VolkovDmitri: folds
Uncalled bet ($6) returned to ben456
ben456 collected $35.50 from pot
*** SUMMARY ***
Total pot $36 | Rake $0.50
Board [Kh 5h Td Qs Js]
Seat 6: ben456 (big blind) collected ($35.50)
Seat 7: VolkovDmitri (button) (small blind) folded on the River


PokerStars Hand #154805335868:  Hold'em Limit ($3/$6 USD) - 2016/06/16 8:59:06 ET
Table 'Irenaea II' 10-max Seat #6 is the button
Seat 6: ben456 ($104.24 in chips)
Seat 7: VolkovDmitri ($120 in chips)
ben456: posts small blind $1
VolkovDmitri: posts big blind $3
*** HOLE CARDS ***
ben456: raises $3 to $6
VolkovDmitri: calls $3
*** FLOP *** [Qh Ts 5c]
VolkovDmitri: checks
ben456: checks
*** TURN *** [Qh Ts 5c] [6d]
VolkovDmitri: checks
ben456: bets $6
Garuda Black joins the table at seat #10
VolkovDmitri: folds
Uncalled bet ($6) returned to ben456
ben456 collected $11.76 from pot
*** SUMMARY ***
Total pot $12 | Rake $0.24
Board [Qh Ts 5c 6d]
Seat 6: ben456 (button) (small blind) collected ($11.76)
Seat 7: VolkovDmitri (big blind) folded on the Turn


PokerStars Hand #154805479623:  Hold'em Limit ($3/$6 USD) - 2016/06/16 9:04:18 ET
Table 'Irenaea II' 10-max Seat #6 is the button
Seat 6: ben456 ($96.19 in chips)
Seat 9: B_loJkl ($138.22 in chips)
ben456: posts small blind $1
B_loJkl: posts big blind $3
*** HOLE CARDS ***
ben456: raises $3 to $6
B_loJkl: calls $3
*** FLOP *** [Qc 5h Jh]
B_loJkl: checks
ben456: bets $3
B_loJkl: raises $3 to $6
ben456: calls $3
*** TURN *** [Qc 5h Jh] [Ah]
B_loJkl: bets $6
ben456: calls $6
*** RIVER *** [Qc 5h Jh Ah] [6s]
B_loJkl: bets $6
ben456: folds
Uncalled bet ($6) returned to B_loJkl
B_loJkl collected $35.50 from pot
B_loJkl: doesn't show hand
*** SUMMARY ***
Total pot $36 | Rake $0.50
Board [Qc 5h Jh Ah 6s]
Seat 6: ben456 (button) (small blind) folded on the River
Seat 9: B_loJkl (big blind) collected ($35.50)


PokerStars Hand #154805473345:  Hold'em Limit ($3/$6 USD) - 2016/06/16 9:04:05 ET
Table 'Irenaea II' 10-max Seat #9 is the button
Seat 6: ben456 ($99.19 in chips)
Seat 9: B_loJkl ($135.22 in chips)
B_loJkl: posts small blind $1
Garuda Black: is sitting out
ben456: posts big blind $3
*** HOLE CARDS ***
Garuda Black leaves the table
B_loJkl: raises $3 to $6
ben456: folds
Uncalled bet ($3) returned to B_loJkl
B_loJkl collected $6 from pot
B_loJkl: doesn't show hand
*** SUMMARY ***
Total pot $6 | Rake $0
Seat 6: ben456 (big blind) folded before Flop
Seat 9: B_loJkl (button) (small blind) collected ($6)


PokerStars Hand #154805510668:  Hold'em Limit ($3/$6 USD) - 2016/06/16 9:05:20 ET
Table 'Irenaea II' 10-max Seat #6 is the button
Seat 6: ben456 ($57.19 in chips)
Seat 9: B_loJkl ($176.22 in chips)
ben456: posts small blind $1
B_loJkl: posts big blind $3
*** HOLE CARDS ***
ben456: raises $3 to $6
B_loJkl: calls $3
*** FLOP *** [9h Ad 7d]
B_loJkl: checks
ben456: bets $3
B_loJkl: calls $3
*** TURN *** [9h Ad 7d] [Js]
B_loJkl: checks
ben456: bets $6
B_loJkl: folds
Uncalled bet ($6) returned to ben456
ben456 collected $17.64 from pot
ben456: doesn't show hand
*** SUMMARY ***
Total pot $18 | Rake $0.36
Board [9h Ad 7d Js]
Seat 6: ben456 (button) (small blind) collected ($17.64)
Seat 9: B_loJkl (big blind) folded on the Turn


PokerStars Hand #154805540364:  Hold'em Limit ($3/$6 USD) - 2016/06/16 9:06:21 ET
Table 'Irenaea II' 10-max Seat #6 is the button
Seat 6: ben456 ($95.33 in chips)
Seat 9: B_loJkl ($137.22 in chips)
ben456: posts small blind $1
B_loJkl: posts big blind $3
*** HOLE CARDS ***
ben456: raises $3 to $6
B_loJkl: calls $3
*** FLOP *** [2c Qc 5s]
B_loJkl: checks
ben456: bets $3
B_loJkl: calls $3
*** TURN *** [2c Qc 5s] [Jd]
B_loJkl: checks
ben456: checks
*** RIVER *** [2c Qc 5s Jd] [Tc]
B_loJkl: checks
ben456: bets $6
B_loJkl: folds
Uncalled bet ($6) returned to ben456
ben456 collected $17.64 from pot
ben456: doesn't show hand
*** SUMMARY ***
Total pot $18 | Rake $0.36
Board [2c Qc 5s Jd Tc]
Seat 6: ben456 (button) (small blind) collected ($17.64)
Seat 9: B_loJkl (big blind) folded on the River


PokerStars Hand #154805524591:  Hold'em Limit ($3/$6 USD) - 2016/06/16 9:05:49 ET
Table 'Irenaea II' 10-max Seat #9 is the button
Seat 6: ben456 ($65.83 in chips)
Seat 9: B_loJkl ($167.22 in chips)
B_loJkl: posts small blind $1
ben456: posts big blind $3
*** HOLE CARDS ***
B_loJkl: raises $3 to $6
ben456: raises $3 to $9
B_loJkl: calls $3
*** FLOP *** [9h 2c 5c]
ben456: bets $3
B_loJkl: raises $3 to $6
ben456: raises $3 to $9
B_loJkl: calls $3
*** TURN *** [9h 2c 5c] [2s]
ben456: bets $6
B_loJkl: calls $6
*** RIVER *** [9h 2c 5c 2s] [5d]
ben456: bets $6
B_loJkl: calls $6
*** SHOW DOWN ***
ben456: shows [9d Kc] (two pair, Nines and Fives)
B_loJkl: mucks hand
ben456 collected $59.50 from pot
*** SUMMARY ***
Total pot $60 | Rake $0.50
Board [9h 2c 5c 2s 5d]
Seat 6: ben456 (big blind) showed [9d Kc] and won ($59.50) with two pair, Nines and Fives
Seat 9: B_loJkl (button) (small blind) mucked


PokerStars Hand #154805567060:  Hold'em Limit ($3/$6 USD) - 2016/06/16 9:07:14 ET
Table 'Irenaea II' 10-max Seat #9 is the button
Seat 6: ben456 ($131.47 in chips)
Seat 9: B_loJkl ($100.22 in chips)
B_loJkl: posts small blind $1
ben456: posts big blind $3
*** HOLE CARDS ***
B_loJkl: raises $3 to $6
ben456: calls $3
*** FLOP *** [7d 9d 5c]
ben456: checks
B_loJkl: bets $3
ben456: calls $3
*** TURN *** [7d 9d 5c] [4s]
ben456: checks
B_loJkl: bets $6
ben456: calls $6
*** RIVER *** [7d 9d 5c 4s] [Ts]
ben456: checks
B_loJkl: bets $6
ben456: calls $6
*** SHOW DOWN ***
B_loJkl: shows [9s 8d] (a pair of Nines)
ben456: mucks hand
B_loJkl collected $41.50 from pot
*** SUMMARY ***
Total pot $42 | Rake $0.50
Board [7d 9d 5c 4s Ts]
Seat 6: ben456 (big blind) mucked
Seat 9: B_loJkl (button) (small blind) showed [9s 8d] and won ($41.50) with a pair of Nines


PokerStars Hand #154805555516:  Hold'em Limit ($3/$6 USD) - 2016/06/16 9:06:51 ET
Table 'Irenaea II' 10-max Seat #6 is the button
Seat 6: ben456 ($104.97 in chips)
Seat 9: B_loJkl ($127.22 in chips)
ben456: posts small blind $1
B_loJkl: posts big blind $3
*** HOLE CARDS ***
ben456: raises $3 to $6
B_loJkl: calls $3
*** FLOP *** [Qd 8h Ts]
B_loJkl: checks
ben456: bets $3
B_loJkl: calls $3
*** TURN *** [Qd 8h Ts] [9h]
B_loJkl: checks
ben456: bets $6
B_loJkl: raises $6 to $12
ben456: calls $6
*** RIVER *** [Qd 8h Ts 9h] [7c]
B_loJkl: bets $6
ben456: raises $6 to $12
B_loJkl: folds
Uncalled bet ($6) returned to ben456
ben456 collected $53.50 from pot
*** SUMMARY ***
Total pot $54 | Rake $0.50
Board [Qd 8h Ts 9h 7c]
Seat 6: ben456 (button) (small blind) collected ($53.50)
Seat 9: B_loJkl (big blind) folded on the River


PokerStars Hand #154805552919:  Hold'em Limit ($3/$6 USD) - 2016/06/16 9:06:46 ET
Table 'Irenaea II' 10-max Seat #9 is the button
Seat 6: ben456 ($103.97 in chips)
Seat 9: B_loJkl ($128.22 in chips)
B_loJkl: posts small blind $1
ben456: posts big blind $3
*** HOLE CARDS ***
B_loJkl: folds
Uncalled bet ($2) returned to ben456
ben456 collected $2 from pot
ben456: doesn't show hand
*** SUMMARY ***
Total pot $2 | Rake $0
Seat 6: ben456 (big blind) collected ($2)
Seat 9: B_loJkl (button) (small blind) folded before Flop


PokerStars Hand #154805591699:  Hold'em Limit ($3/$6 USD) - 2016/06/16 9:08:04 ET
Table 'Irenaea II' 10-max Seat #9 is the button
Seat 6: ben456 ($127.97 in chips)
Seat 9: B_loJkl ($102.72 in chips)
B_loJkl: posts small blind $1
ben456: posts big blind $3
*** HOLE CARDS ***
B_loJkl: raises $3 to $6
ben456: calls $3
*** FLOP *** [3d 5d 9s]
ben456: bets $3
B_loJkl: calls $3
*** TURN *** [3d 5d 9s] [6c]
ben456: bets $6
B_loJkl: calls $6
*** RIVER *** [3d 5d 9s 6c] [Js]
ben456: bets $6
B_loJkl: calls $6
*** SHOW DOWN ***
ben456: shows [9d Jc] (two pair, Jacks and Nines)
B_loJkl: mucks hand
ben456 collected $41.50 from pot
*** SUMMARY ***
Total pot $42 | Rake $0.50
Board [3d 5d 9s 6c Js]
Seat 6: ben456 (big blind) showed [9d Jc] and won ($41.50) with two pair, Jacks and Nines
Seat 9: B_loJkl (button) (small blind) mucked


PokerStars Hand #154805581908:  Hold'em Limit ($3/$6 USD) - 2016/06/16 9:07:44 ET
Table 'Irenaea II' 10-max Seat #6 is the button
Seat 6: ben456 ($110.47 in chips)
Seat 9: B_loJkl ($120.72 in chips)
ben456: posts small blind $1
B_loJkl: posts big blind $3
*** HOLE CARDS ***
ben456: raises $3 to $6
B_loJkl: raises $3 to $9
ben456: calls $3
*** FLOP *** [3c 2s 7s]
B_loJkl: bets $3
ben456: calls $3
*** TURN *** [3c 2s 7s] [Jc]
B_loJkl: bets $6
ben456: raises $6 to $12
B_loJkl: folds
Uncalled bet ($6) returned to ben456
ben456 collected $35.50 from pot
ben456: doesn't show hand
*** SUMMARY ***
Total pot $36 | Rake $0.50
Board [3c 2s 7s Jc]
Seat 6: ben456 (button) (small blind) collected ($35.50)
Seat 9: B_loJkl (big blind) folded on the Turn


PokerStars Hand #154805630848:  Hold'em Limit ($3/$6 USD) - 2016/06/16 9:09:22 ET
Table 'Irenaea II' 10-max Seat #9 is the button
Seat 6: ben456 ($131.23 in chips)
Seat 9: B_loJkl ($98.22 in chips)
B_loJkl: posts small blind $1
ben456: posts big blind $3
*** HOLE CARDS ***
B_loJkl: raises $3 to $6
ben456: folds
Uncalled bet ($3) returned to B_loJkl
B_loJkl collected $6 from pot
B_loJkl: doesn't show hand
*** SUMMARY ***
Total pot $6 | Rake $0
Seat 6: ben456 (big blind) folded before Flop
Seat 9: B_loJkl (button) (small blind) collected ($6)


PokerStars Hand #154805623576:  Hold'em Limit ($3/$6 USD) - 2016/06/16 9:09:08 ET
Table 'Irenaea II' 10-max Seat #6 is the button
Seat 6: ben456 ($125.47 in chips)
Seat 9: B_loJkl ($104.22 in chips)
ben456: posts small blind $1
B_loJkl: posts big blind $3
*** HOLE CARDS ***
ben456: raises $3 to $6
B_loJkl: calls $3
*** FLOP *** [Ad 9c 7d]
B_loJkl: checks
ben456: bets $3
B_loJkl: folds
Uncalled bet ($3) returned to ben456
ben456 collected $11.76 from pot
ben456: doesn't show hand
*** SUMMARY ***
Total pot $12 | Rake $0.24
Board [Ad 9c 7d]
Seat 6: ben456 (button) (small blind) collected ($11.76)
Seat 9: B_loJkl (big blind) folded on the Flop


PokerStars Hand #154805620948:  Hold'em Limit ($3/$6 USD) - 2016/06/16 9:09:02 ET
Table 'Irenaea II' 10-max Seat #9 is the button
Seat 6: ben456 ($124.47 in chips)
Seat 9: B_loJkl ($105.22 in chips)
B_loJkl: posts small blind $1
ben456: posts big blind $3
*** HOLE CARDS ***
B_loJkl: folds
Uncalled bet ($2) returned to ben456
ben456 collected $2 from pot
ben456: doesn't show hand
*** SUMMARY ***
Total pot $2 | Rake $0
Seat 6: ben456 (big blind) collected ($2)
Seat 9: B_loJkl (button) (small blind) folded before Flop


PokerStars Hand #154805607296:  Hold'em Limit ($3/$6 USD) - 2016/06/16 9:08:35 ET
Table 'Irenaea II' 10-max Seat #6 is the button
Seat 6: ben456 ($148.47 in chips)
Seat 9: B_loJkl ($81.72 in chips)
ben456: posts small blind $1
B_loJkl: posts big blind $3
*** HOLE CARDS ***
ben456: raises $3 to $6
B_loJkl: calls $3
*** FLOP *** [Td 9d 4s]
B_loJkl: checks
ben456: bets $3
B_loJkl: raises $3 to $6
ben456: calls $3
*** TURN *** [Td 9d 4s] [4h]
B_loJkl: bets $6
ben456: calls $6
*** RIVER *** [Td 9d 4s 4h] [5d]
B_loJkl: bets $6
ben456: calls $6
*** SHOW DOWN ***
B_loJkl: shows [Ts Qs] (two pair, Tens and Fours)
ben456: mucks hand
B_loJkl collected $47.50 from pot
*** SUMMARY ***
Total pot $48 | Rake $0.50
Board [Td 9d 4s 4h 5d]
Seat 6: ben456 (button) (small blind) mucked
Seat 9: B_loJkl (big blind) showed [Ts Qs] and won ($47.50) with two pair, Tens and Fours


PokerStars Hand #154805664957:  Hold'em Limit ($3/$6 USD) - 2016/06/16 9:10:31 ET
Table 'Irenaea II' 10-max Seat #9 is the button
Seat 6: ben456 ($121.99 in chips)
Seat 9: B_loJkl ($106.74 in chips)
B_loJkl: posts small blind $1
ben456: posts big blind $3
*** HOLE CARDS ***
B_loJkl: raises $3 to $6
ben456: calls $3
*** FLOP *** [Jd Ad Kd]
ben456: checks
B_loJkl: bets $3
ben456: folds
Uncalled bet ($3) returned to B_loJkl
B_loJkl collected $11.76 from pot
B_loJkl: doesn't show hand
*** SUMMARY ***
Total pot $12 | Rake $0.24
Board [Jd Ad Kd]
Seat 6: ben456 (big blind) folded on the Flop
Seat 9: B_loJkl (button) (small blind) collected ($11.76)


PokerStars Hand #154805657985:  Hold'em Limit ($3/$6 USD) - 2016/06/16 9:10:17 ET
Table 'Irenaea II' 10-max Seat #6 is the button
Seat 6: ben456 ($116.23 in chips)
Seat 9: B_loJkl ($112.74 in chips)
ben456: posts small blind $1
B_loJkl: posts big blind $3
*** HOLE CARDS ***
ben456: raises $3 to $6
B_loJkl: calls $3
*** FLOP *** [Kd 6h Qh]
B_loJkl: checks
ben456: bets $3
B_loJkl: folds
Uncalled bet ($3) returned to ben456
ben456 collected $11.76 from pot
ben456: doesn't show hand
*** SUMMARY ***
Total pot $12 | Rake $0.24
Board [Kd 6h Qh]
Seat 6: ben456 (button) (small blind) collected ($11.76)
Seat 9: B_loJkl (big blind) folded on the Flop


PokerStars Hand #154805650057:  Hold'em Limit ($3/$6 USD) - 2016/06/16 9:10:01 ET
Table 'Irenaea II' 10-max Seat #9 is the button
Seat 6: ben456 ($122.23 in chips)
Seat 9: B_loJkl ($106.98 in chips)
B_loJkl: posts small blind $1
ben456: posts big blind $3
*** HOLE CARDS ***
B_loJkl: raises $3 to $6
ben456: calls $3
*** FLOP *** [6s 4c 2s]
ben456: checks
B_loJkl: bets $3
ben456: folds
Uncalled bet ($3) returned to B_loJkl
B_loJkl collected $11.76 from pot
B_loJkl: doesn't show hand
*** SUMMARY ***
Total pot $12 | Rake $0.24
Board [6s 4c 2s]
Seat 6: ben456 (big blind) folded on the Flop
Seat 9: B_loJkl (button) (small blind) collected ($11.76)


PokerStars Hand #154805634280:  Hold'em Limit ($3/$6 USD) - 2016/06/16 9:09:29 ET
Table 'Irenaea II' 10-max Seat #6 is the button
Seat 6: ben456 ($128.23 in chips)
Seat 9: B_loJkl ($101.22 in chips)
ben456: posts small blind $1
B_loJkl: posts big blind $3
*** HOLE CARDS ***
ben456: raises $3 to $6
B_loJkl: calls $3
*** FLOP *** [Qd Ts 8c]
B_loJkl: checks
ben456: checks
*** TURN *** [Qd Ts 8c] [9d]
B_loJkl: checks
ben456: checks
*** RIVER *** [Qd Ts 8c 9d] [7h]
B_loJkl: checks
ben456: checks
*** SHOW DOWN ***
B_loJkl: shows [Th 2h] (a pair of Tens)
ben456: mucks hand
B_loJkl collected $11.76 from pot
*** SUMMARY ***
Total pot $12 | Rake $0.24
Board [Qd Ts 8c 9d 7h]
Seat 6: ben456 (button) (small blind) mucked
Seat 9: B_loJkl (big blind) showed [Th 2h] and won ($11.76) with a pair of Tens


PokerStars Hand #154805693637:  Hold'em Limit ($3/$6 USD) - 2016/06/16 9:11:29 ET
Table 'Irenaea II' 10-max Seat #9 is the button
Seat 6: ben456 ($106.99 in chips)
Seat 9: B_loJkl ($121.14 in chips)
B_loJkl: posts small blind $1
ben456: posts big blind $3
*** HOLE CARDS ***
B_loJkl: raises $3 to $6
ben456: calls $3
*** FLOP *** [5c 5h 9h]
ben456: checks
B_loJkl: checks
*** TURN *** [5c 5h 9h] [Jc]
ben456: checks
B_loJkl: bets $6
ben456: raises $6 to $12
B_loJkl: folds
Uncalled bet ($6) returned to ben456
ben456 collected $23.52 from pot
ben456: doesn't show hand
*** SUMMARY ***
Total pot $24 | Rake $0.48
Board [5c 5h 9h Jc]
Seat 6: ben456 (big blind) collected ($23.52)
Seat 9: B_loJkl (button) (small blind) folded on the Turn


PokerStars Hand #154805702610:  Hold'em Limit ($3/$6 USD) - 2016/06/16 9:11:47 ET
Table 'Irenaea II' 10-max Seat #6 is the button
Seat 6: ben456 ($118.51 in chips)
Seat 9: B_loJkl ($109.14 in chips)
ben456: posts small blind $1
B_loJkl: posts big blind $3
*** HOLE CARDS ***
ben456: raises $3 to $6
B_loJkl: calls $3
*** FLOP *** [As 3h 6s]
B_loJkl: checks
ben456: checks
*** TURN *** [As 3h 6s] [Jc]
SeanPeary joins the table at seat #1
B_loJkl: checks
ben456: checks
*** RIVER *** [As 3h 6s Jc] [3d]
B_loJkl: checks
ben456: bets $6
B_loJkl: folds
Uncalled bet ($6) returned to ben456
ben456 collected $11.76 from pot
*** SUMMARY ***
Total pot $12 | Rake $0.24
Board [As 3h 6s Jc 3d]
Seat 6: ben456 (button) (small blind) collected ($11.76)
Seat 9: B_loJkl (big blind) folded on the River


PokerStars Hand #154805930162:  Hold'em Limit ($3/$6 USD) - 2016/06/16 9:19:15 ET
Table 'Irenaea II' 10-max Seat #1 is the button
Seat 1: SeanPeary ($88.42 in chips)
Seat 9: B_loJkl ($82.42 in chips)
SeanPeary: posts small blind $1
B_loJkl: posts big blind $3
*** HOLE CARDS ***
SeanPeary: folds
Uncalled bet ($2) returned to B_loJkl
B_loJkl collected $2 from pot
B_loJkl: doesn't show hand
*** SUMMARY ***
Total pot $2 | Rake $0
Seat 1: SeanPeary (button) (small blind) folded before Flop
Seat 9: B_loJkl (big blind) collected ($2)


