PokerStars Hand #167137685080:  Hold'em Limit ($3/$6 USD) - 2017/03/05 5:32:05 ET
Table 'Irene II' 6-max Seat #4 is the button
Seat 4: MTails ($120 in chips)
Seat 5: tilion22 ($120 in chips)
MTails: posts small blind $1
tilion22: posts big blind $3
*** HOLE CARDS ***
MTails: raises $3 to $6
tilion22: calls $3
*** FLOP *** [Ts Ac Jc]
tilion22: checks
MTails: bets $3
tilion22: calls $3
*** TURN *** [Ts Ac Jc] [9c]
tilion22: checks
MTails: bets $6
tilion22: folds
Uncalled bet ($6) returned to MTails
MTails collected $17.64 from pot
*** SUMMARY ***
Total pot $18 | Rake $0.36
Board [Ts Ac Jc 9c]
Seat 4: MTails (button) (small blind) collected ($17.64)
Seat 5: tilion22 (big blind) folded on the Turn


PokerStars Hand #167137700486:  Hold'em Limit ($3/$6 USD) - 2017/03/05 5:32:38 ET
Table 'Irene II' 6-max Seat #4 is the button
Seat 4: MTails ($137.28 in chips)
Seat 5: tilion22 ($102 in chips)
MTails: posts small blind $1
tilion22: posts big blind $3
*** HOLE CARDS ***
MTails: raises $3 to $6
tilion22: raises $3 to $9
MTails: calls $3
*** FLOP *** [Td 7s 5h]
tilion22: bets $3
MTails: calls $3
*** TURN *** [Td 7s 5h] [2c]
tilion22: bets $6
MTails: raises $6 to $12
tilion22: calls $6
*** RIVER *** [Td 7s 5h 2c] [Tc]
tilion22: checks
MTails: bets $6
tilion22: calls $6
*** SHOW DOWN ***
MTails: shows [Th Js] (three of a kind, Tens)
tilion22: mucks hand
MTails collected $59.50 from pot
*** SUMMARY ***
Total pot $60 | Rake $0.50
Board [Td 7s 5h 2c Tc]
Seat 4: MTails (button) (small blind) showed [Th Js] and won ($59.50) with three of a kind, Tens
Seat 5: tilion22 (big blind) mucked


PokerStars Hand #167137709289:  Hold'em Limit ($3/$6 USD) - 2017/03/05 5:32:57 ET
Table 'Irene II' 6-max Seat #5 is the button
Seat 4: MTails ($166.78 in chips)
Seat 5: tilion22 ($72 in chips)
tilion22: posts small blind $1
MTails: posts big blind $3
*** HOLE CARDS ***
tilion22: raises $3 to $6
MTails: calls $3
*** FLOP *** [8c Jc 7d]
MTails: checks
tilion22: bets $3
MTails: calls $3
*** TURN *** [8c Jc 7d] [5c]
MTails: checks
tilion22: bets $6
MTails: calls $6
*** RIVER *** [8c Jc 7d 5c] [Jh]
MTails: checks
tilion22: checks
*** SHOW DOWN ***
MTails: shows [9s 4s] (a pair of Jacks)
tilion22: shows [6h Qd] (a pair of Jacks - Queen kicker)
tilion22 collected $29.50 from pot
*** SUMMARY ***
Total pot $30 | Rake $0.50
Board [8c Jc 7d 5c Jh]
Seat 4: MTails (big blind) showed [9s 4s] and lost with a pair of Jacks
Seat 5: tilion22 (button) (small blind) showed [6h Qd] and won ($29.50) with a pair of Jacks


PokerStars Hand #167137695149:  Hold'em Limit ($3/$6 USD) - 2017/03/05 5:32:27 ET
Table 'Irene II' 6-max Seat #5 is the button
Seat 4: MTails ($128.64 in chips)
Seat 5: tilion22 ($111 in chips)
tilion22: posts small blind $1
MTails: posts big blind $3
*** HOLE CARDS ***
tilion22: raises $3 to $6
MTails: raises $3 to $9
tilion22: calls $3
*** FLOP *** [6d Ac 7h]
MTails: bets $3
tilion22: folds
Uncalled bet ($3) returned to MTails
MTails collected $17.64 from pot
*** SUMMARY ***
Total pot $18 | Rake $0.36
Board [6d Ac 7h]
Seat 4: MTails (big blind) collected ($17.64)
Seat 5: tilion22 (button) (small blind) folded on the Flop


PokerStars Hand #167137732901:  Hold'em Limit ($3/$6 USD) - 2017/03/05 5:33:47 ET
Table 'Irene II' 6-max Seat #4 is the button
Seat 4: MTails ($178.28 in chips)
Seat 5: tilion22 ($59.50 in chips)
MTails: posts small blind $1
tilion22: posts big blind $3
*** HOLE CARDS ***
MTails: raises $3 to $6
tilion22: calls $3
*** FLOP *** [2h 3c 2c]
tilion22: checks
MTails: bets $3
tilion22: calls $3
*** TURN *** [2h 3c 2c] [6s]
tilion22: checks
MTails: bets $6
tilion22: raises $6 to $12
MTails: raises $6 to $18
tilion22: calls $6
*** RIVER *** [2h 3c 2c 6s] [Ad]
tilion22: checks
MTails: bets $6
tilion22: calls $6
*** SHOW DOWN ***
MTails: shows [2d Kh] (three of a kind, Deuces)
tilion22: mucks hand
MTails collected $65.50 from pot
*** SUMMARY ***
Total pot $66 | Rake $0.50
Board [2h 3c 2c 6s Ad]
Seat 4: MTails (button) (small blind) showed [2d Kh] and won ($65.50) with three of a kind, Deuces
Seat 5: tilion22 (big blind) mucked


PokerStars Hand #167137717156:  Hold'em Limit ($3/$6 USD) - 2017/03/05 5:33:14 ET
Table 'Irene II' 6-max Seat #4 is the button
Seat 4: MTails ($151.78 in chips)
Seat 5: tilion22 ($86.50 in chips)
MTails: posts small blind $1
tilion22: posts big blind $3
*** HOLE CARDS ***
MTails: raises $3 to $6
tilion22: folds
Uncalled bet ($3) returned to MTails
MTails collected $6 from pot
*** SUMMARY ***
Total pot $6 | Rake $0
Seat 4: MTails (button) (small blind) collected ($6)
Seat 5: tilion22 (big blind) folded before Flop


PokerStars Hand #167137721091:  Hold'em Limit ($3/$6 USD) - 2017/03/05 5:33:22 ET
Table 'Irene II' 6-max Seat #5 is the button
Seat 4: MTails ($154.78 in chips)
Seat 5: tilion22 ($83.50 in chips)
tilion22: posts small blind $1
MTails: posts big blind $3
*** HOLE CARDS ***
tilion22: raises $3 to $6
MTails: calls $3
*** FLOP *** [6c Kd 5s]
MTails: checks
tilion22: bets $3
MTails: raises $3 to $6
tilion22: calls $3
*** TURN *** [6c Kd 5s] [8s]
MTails: bets $6
tilion22: calls $6
*** RIVER *** [6c Kd 5s 8s] [Ac]
MTails: bets $6
tilion22: calls $6
*** SHOW DOWN ***
MTails: shows [5c Ah] (two pair, Aces and Fives)
tilion22: mucks hand
MTails collected $47.50 from pot
Chessnok joins the table at seat #6
*** SUMMARY ***
Total pot $48 | Rake $0.50
Board [6c Kd 5s 8s Ac]
Seat 4: MTails (big blind) showed [5c Ah] and won ($47.50) with two pair, Aces and Fives
Seat 5: tilion22 (button) (small blind) mucked


PokerStars Hand #167137770150:  Hold'em Limit ($3/$6 USD) - 2017/03/05 5:35:06 ET
Table 'Irene II' 6-max Seat #6 is the button
Seat 5: tilion22 ($48.03 in chips)
Seat 6: Chessnok ($117 in chips)
Chessnok: posts small blind $1
MTails: is sitting out
tilion22: posts big blind $3
*** HOLE CARDS ***
Chessnok: folds
Uncalled bet ($2) returned to tilion22
MTails leaves the table
tilion22 collected $2 from pot
tilion22: doesn't show hand
*** SUMMARY ***
Total pot $2 | Rake $0
Seat 5: tilion22 (big blind) collected ($2)
Seat 6: Chessnok (button) (small blind) folded before Flop


PokerStars Hand #167137772305:  Hold'em Limit ($3/$6 USD) - 2017/03/05 5:35:11 ET
Table 'Irene II' 6-max Seat #5 is the button
Seat 5: tilion22 ($49.03 in chips)
Seat 6: Chessnok ($116 in chips)
tilion22: posts small blind $1
Chessnok: posts big blind $3
*** HOLE CARDS ***
tilion22: raises $3 to $6
Chessnok: calls $3
*** FLOP *** [Tc 3c 6s]
Chessnok: checks
tilion22: bets $3
Chessnok: calls $3
*** TURN *** [Tc 3c 6s] [3s]
Chessnok: checks
tilion22: bets $6
Chessnok: calls $6
*** RIVER *** [Tc 3c 6s 3s] [4c]
Chessnok: checks
tilion22: bets $6
Chessnok: calls $6
*** SHOW DOWN ***
tilion22: shows [4h Qs] (two pair, Fours and Threes)
Chessnok: mucks hand
tilion22 collected $41.50 from pot
*** SUMMARY ***
Total pot $42 | Rake $0.50
Board [Tc 3c 6s 3s 4c]
Seat 5: tilion22 (button) (small blind) showed [4h Qs] and won ($41.50) with two pair, Fours and Threes
Seat 6: Chessnok (big blind) mucked


PokerStars Hand #167137783469:  Hold'em Limit ($3/$6 USD) - 2017/03/05 5:35:34 ET
Table 'Irene II' 6-max Seat #6 is the button
Seat 5: tilion22 ($69.53 in chips)
Seat 6: Chessnok ($95 in chips)
Chessnok: posts small blind $1
tilion22: posts big blind $3
*** HOLE CARDS ***
Chessnok: raises $3 to $6
tilion22: raises $3 to $9
Chessnok: calls $3
*** FLOP *** [6d Td Kd]
tilion22: bets $3
Chessnok: calls $3
*** TURN *** [6d Td Kd] [Jd]
tilion22: bets $6
Chessnok: folds
Uncalled bet ($6) returned to tilion22
tilion22 collected $23.52 from pot
tilion22: doesn't show hand
*** SUMMARY ***
Total pot $24 | Rake $0.48
Board [6d Td Kd Jd]
Seat 5: tilion22 (big blind) collected ($23.52)
Seat 6: Chessnok (button) (small blind) folded on the Turn


PokerStars Hand #167137792056:  Hold'em Limit ($3/$6 USD) - 2017/03/05 5:35:53 ET
Table 'Irene II' 6-max Seat #5 is the button
Seat 5: tilion22 ($81.05 in chips)
Seat 6: Chessnok ($83 in chips)
tilion22: posts small blind $1
Chessnok: posts big blind $3
*** HOLE CARDS ***
tilion22: raises $3 to $6
Fetish73 joins the table at seat #4
Chessnok: calls $3
*** FLOP *** [2c Qh 5s]
Chessnok: checks
tilion22: bets $3
Chessnok: calls $3
*** TURN *** [2c Qh 5s] [As]
Chessnok: checks
tilion22: bets $6
Chessnok: calls $6
*** RIVER *** [2c Qh 5s As] [4h]
Chessnok: checks
tilion22: checks
*** SHOW DOWN ***
Chessnok: shows [Qs 4d] (two pair, Queens and Fours)
tilion22: mucks hand
Chessnok collected $29.50 from pot
*** SUMMARY ***
Total pot $30 | Rake $0.50
Board [2c Qh 5s As 4h]
Seat 5: tilion22 (button) (small blind) mucked
Seat 6: Chessnok (big blind) showed [Qs 4d] and won ($29.50) with two pair, Queens and Fours


PokerStars Hand #167138124819:  Hold'em Limit ($3/$6 USD) - 2017/03/05 5:47:32 ET
Table 'Irene II' 6-max Seat #5 is the button
Seat 5: tilion22 ($93.26 in chips)
Seat 6: Chessnok ($78.19 in chips)
tilion22: posts small blind $1
Chessnok: posts big blind $3
*** HOLE CARDS ***
tilion22: raises $3 to $6
Chessnok: calls $3
*** FLOP *** [Qd 6d 2c]
Chessnok: checks
tilion22: bets $3
Chessnok: calls $3
*** TURN *** [Qd 6d 2c] [Qc]
Chessnok: checks
tilion22: bets $6
Chessnok: calls $6
*** RIVER *** [Qd 6d 2c Qc] [3s]
Chessnok: checks
tilion22: bets $6
Chessnok: calls $6
*** SHOW DOWN ***
tilion22: shows [As 8c] (a pair of Queens)
Chessnok: shows [2h Jh] (two pair, Queens and Deuces)
Chessnok collected $41.50 from pot
*** SUMMARY ***
Total pot $42 | Rake $0.50
Board [Qd 6d 2c Qc 3s]
Seat 5: tilion22 (button) (small blind) showed [As 8c] and lost with a pair of Queens
Seat 6: Chessnok (big blind) showed [2h Jh] and won ($41.50) with two pair, Queens and Deuces


PokerStars Hand #167138251645:  Hold'em Limit ($3/$6 USD) - 2017/03/05 5:51:57 ET
Table 'Irene II' 6-max Seat #5 is the button
Seat 5: tilion22 ($98.71 in chips)
Seat 6: Chessnok ($65.76 in chips)
tilion22: posts small blind $1
Chessnok: posts big blind $3
*** HOLE CARDS ***
tilion22: raises $3 to $6
Chessnok: calls $3
*** FLOP *** [6s 9c Kh]
Chessnok: checks
tilion22: bets $3
Chessnok: raises $3 to $6
tilion22: calls $3
*** TURN *** [6s 9c Kh] [2c]
Chessnok: checks
tilion22: bets $6
Chessnok: folds
Uncalled bet ($6) returned to tilion22
tilion22 collected $23.52 from pot
tilion22: doesn't show hand
*** SUMMARY ***
Total pot $24 | Rake $0.48
Board [6s 9c Kh 2c]
Seat 5: tilion22 (button) (small blind) collected ($23.52)
Seat 6: Chessnok (big blind) folded on the Turn


PokerStars Hand #167138233202:  Hold'em Limit ($3/$6 USD) - 2017/03/05 5:51:18 ET
Table 'Irene II' 6-max Seat #6 is the button
Seat 5: tilion22 ($104.71 in chips)
Seat 6: Chessnok ($60 in chips)
Chessnok: posts small blind $1
Fetish73 is disconnected
Fetish73 has timed out while disconnected
Fetish73: is sitting out
tilion22: posts big blind $3
*** HOLE CARDS ***
Chessnok: raises $3 to $6
tilion22: calls $3
*** FLOP *** [Ac 9h Kh]
tilion22: checks
Chessnok: bets $3
tilion22: folds
Uncalled bet ($3) returned to Chessnok
Chessnok collected $11.76 from pot
Chessnok: doesn't show hand
*** SUMMARY ***
Total pot $12 | Rake $0.24
Board [Ac 9h Kh]
Seat 5: tilion22 (big blind) folded on the Flop
Seat 6: Chessnok (button) (small blind) collected ($11.76)


PokerStars Hand #167138290897:  Hold'em Limit ($3/$6 USD) - 2017/03/05 5:53:19 ET
Table 'Irene II' 6-max Seat #6 is the button
Seat 5: tilion22 ($91.63 in chips)
Seat 6: Chessnok ($77.14 in chips)
Chessnok: posts small blind $1
tilion22: posts big blind $3
*** HOLE CARDS ***
Chessnok: folds
Uncalled bet ($2) returned to tilion22
tilion22 collected $2 from pot
tilion22: doesn't show hand
*** SUMMARY ***
Total pot $2 | Rake $0
Seat 5: tilion22 (big blind) collected ($2)
Seat 6: Chessnok (button) (small blind) folded before Flop


PokerStars Hand #167138284494:  Hold'em Limit ($3/$6 USD) - 2017/03/05 5:53:06 ET
Table 'Irene II' 6-max Seat #5 is the button
Seat 5: tilion22 ($82.99 in chips)
Seat 6: Chessnok ($86.14 in chips)
tilion22: posts small blind $1
Chessnok: posts big blind $3
*** HOLE CARDS ***
tilion22: raises $3 to $6
Chessnok: calls $3
*** FLOP *** [3s Tc 5c]
Chessnok: checks
tilion22: bets $3
Chessnok: calls $3
*** TURN *** [3s Tc 5c] [9s]
Chessnok: checks
tilion22: bets $6
Chessnok: folds
Uncalled bet ($6) returned to tilion22
tilion22 collected $17.64 from pot
tilion22: doesn't show hand
*** SUMMARY ***
Total pot $18 | Rake $0.36
Board [3s Tc 5c 9s]
Seat 5: tilion22 (button) (small blind) collected ($17.64)
Seat 6: Chessnok (big blind) folded on the Turn


PokerStars Hand #167138270858:  Hold'em Limit ($3/$6 USD) - 2017/03/05 5:52:37 ET
Table 'Irene II' 6-max Seat #5 is the button
Seat 5: tilion22 ($86.23 in chips)
Seat 6: Chessnok ($83.50 in chips)
tilion22: posts small blind $1
Chessnok: posts big blind $3
*** HOLE CARDS ***
tilion22: raises $3 to $6
Chessnok: calls $3
*** FLOP *** [Js Qs 7s]
Chessnok: checks
tilion22: bets $3
Chessnok: folds
Uncalled bet ($3) returned to tilion22
tilion22 collected $11.76 from pot
tilion22: doesn't show hand
*** SUMMARY ***
Total pot $12 | Rake $0.24
Board [Js Qs 7s]
Seat 5: tilion22 (button) (small blind) collected ($11.76)
Seat 6: Chessnok (big blind) folded on the Flop


PokerStars Hand #167138260898:  Hold'em Limit ($3/$6 USD) - 2017/03/05 5:52:16 ET
Table 'Irene II' 6-max Seat #6 is the button
Seat 5: tilion22 ($110.23 in chips)
Seat 6: Chessnok ($60 in chips)
Chessnok: posts small blind $1
tilion22: posts big blind $3
*** HOLE CARDS ***
Chessnok: raises $3 to $6
tilion22: calls $3
*** FLOP *** [Ts 8h 9s]
tilion22: checks
Chessnok: bets $3
tilion22: raises $3 to $6
Chessnok: calls $3
*** TURN *** [Ts 8h 9s] [7c]
tilion22: bets $6
Chessnok: calls $6
*** RIVER *** [Ts 8h 9s 7c] [7d]
tilion22: checks
Chessnok: bets $6
tilion22: calls $6
*** SHOW DOWN ***
Chessnok: shows [Tc Kd] (two pair, Tens and Sevens)
tilion22: mucks hand
Chessnok collected $47.50 from pot
*** SUMMARY ***
Total pot $48 | Rake $0.50
Board [Ts 8h 9s 7c 7d]
Seat 5: tilion22 (big blind) mucked
Seat 6: Chessnok (button) (small blind) showed [Tc Kd] and won ($47.50) with two pair, Tens and Sevens


PokerStars Hand #167138277776:  Hold'em Limit ($3/$6 USD) - 2017/03/05 5:52:52 ET
Table 'Irene II' 6-max Seat #6 is the button
Seat 5: tilion22 ($91.99 in chips)
Seat 6: Chessnok ($77.50 in chips)
Chessnok: posts small blind $1
tilion22: posts big blind $3
*** HOLE CARDS ***
Chessnok: raises $3 to $6
tilion22: calls $3
*** FLOP *** [2h 6d 5d]
tilion22: checks
Chessnok: bets $3
tilion22: calls $3
*** TURN *** [2h 6d 5d] [As]
tilion22: checks
Chessnok: bets $6
tilion22: folds
Uncalled bet ($6) returned to Chessnok
Chessnok collected $17.64 from pot
Chessnok: doesn't show hand
*** SUMMARY ***
Total pot $18 | Rake $0.36
Board [2h 6d 5d As]
Seat 5: tilion22 (big blind) folded on the Turn
Seat 6: Chessnok (button) (small blind) collected ($17.64)


PokerStars Hand #167138293445:  Hold'em Limit ($3/$6 USD) - 2017/03/05 5:53:24 ET
Table 'Irene II' 6-max Seat #5 is the button
Seat 5: tilion22 ($92.63 in chips)
Seat 6: Chessnok ($76.14 in chips)
tilion22: posts small blind $1
Chessnok: posts big blind $3
*** HOLE CARDS ***
tilion22: raises $3 to $6
Chessnok: calls $3
*** FLOP *** [8s 9h Qd]
Chessnok: checks
tilion22: bets $3
Chessnok: calls $3
*** TURN *** [8s 9h Qd] [3s]
Chessnok: checks
tilion22: bets $6
Chessnok: folds
Uncalled bet ($6) returned to tilion22
tilion22 collected $17.64 from pot
tilion22: doesn't show hand
*** SUMMARY ***
Total pot $18 | Rake $0.36
Board [8s 9h Qd 3s]
Seat 5: tilion22 (button) (small blind) collected ($17.64)
Seat 6: Chessnok (big blind) folded on the Turn


PokerStars Hand #167139267937:  Hold'em Limit ($3/$6 USD) - 2017/03/05 6:27:16 ET
Table 'Irene II' 6-max Seat #6 is the button
Seat 2: TbIP-TbIP 88 ($72 in chips)
Seat 6: Chessnok ($104.79 in chips)
Chessnok: posts small blind $1
TbIP-TbIP 88: posts big blind $3
*** HOLE CARDS ***
Chessnok: raises $3 to $6
TbIP-TbIP 88: calls $3
*** FLOP *** [4d Td Qc]
TbIP-TbIP 88: checks
Chessnok: bets $3
TbIP-TbIP 88: folds
Uncalled bet ($3) returned to Chessnok
Chessnok collected $11.76 from pot
Chessnok: doesn't show hand
*** SUMMARY ***
Total pot $12 | Rake $0.24
Board [4d Td Qc]
Seat 2: TbIP-TbIP 88 (big blind) folded on the Flop
Seat 6: Chessnok (button) (small blind) collected ($11.76)


