PokerStars Hand #175776579634:  Hold'em Limit ($3/$6 USD) - 2017/09/17 15:49:04 ET
Table 'Irene II' 6-max Seat #3 is the button
Seat 3: Ag3r0n ($73 in chips)
Seat 6: sienvan ($29 in chips)
Ag3r0n: posts small blind $1
sienvan: posts big blind $3
*** HOLE CARDS ***
vestimokrec joins the table at seat #1
Ag3r0n: folds
Uncalled bet ($2) returned to sienvan
sienvan collected $2 from pot
sienvan: doesn't show hand
*** SUMMARY ***
Total pot $2 | Rake $0
Seat 3: Ag3r0n (button) (small blind) folded before Flop
Seat 6: sienvan (big blind) collected ($2)


PokerStars Hand #175776766097:  Hold'em Limit ($3/$6 USD) - 2017/09/17 15:52:28 ET
Table 'Irene II' 6-max Seat #6 is the button
Seat 3: Ag3r0n ($113.66 in chips)
Seat 6: sienvan ($5.27 in chips)
sienvan: posts small blind $1
vestimokrec: is sitting out
Ag3r0n: posts big blind $3
*** HOLE CARDS ***
sienvan: raises $2.27 to $5.27 and is all-in
Ag3r0n: folds
Uncalled bet ($2.27) returned to sienvan
sienvan collected $6 from pot
sienvan: doesn't show hand
*** SUMMARY ***
Total pot $6 | Rake $0
Seat 3: Ag3r0n (big blind) folded before Flop
Seat 6: sienvan (button) (small blind) collected ($6)


PokerStars Hand #175776775290:  Hold'em Limit ($3/$6 USD) - 2017/09/17 15:52:38 ET
Table 'Irene II' 6-max Seat #6 is the button
Seat 3: Ag3r0n ($109.66 in chips)
Seat 6: sienvan ($9.27 in chips)
sienvan: posts small blind $1
Ag3r0n: posts big blind $3
*** HOLE CARDS ***
sienvan: folds
Uncalled bet ($2) returned to Ag3r0n
Ag3r0n collected $2 from pot
Ag3r0n: doesn't show hand
*** SUMMARY ***
Total pot $2 | Rake $0
Seat 3: Ag3r0n (big blind) collected ($2)
Seat 6: sienvan (button) (small blind) folded before Flop


PokerStars Hand #175776770667:  Hold'em Limit ($3/$6 USD) - 2017/09/17 15:52:33 ET
Table 'Irene II' 6-max Seat #3 is the button
Seat 3: Ag3r0n ($110.66 in chips)
Seat 6: sienvan ($8.27 in chips)
Ag3r0n: posts small blind $1
sienvan: posts big blind $3
*** HOLE CARDS ***
Ag3r0n: folds
Uncalled bet ($2) returned to sienvan
sienvan collected $2 from pot
sienvan: doesn't show hand
*** SUMMARY ***
Total pot $2 | Rake $0
Seat 3: Ag3r0n (button) (small blind) folded before Flop
Seat 6: sienvan (big blind) collected ($2)


PokerStars Hand #175776779670:  Hold'em Limit ($3/$6 USD) - 2017/09/17 15:52:43 ET
Table 'Irene II' 6-max Seat #3 is the button
Seat 3: Ag3r0n ($110.66 in chips)
Seat 6: sienvan ($8.27 in chips)
Ag3r0n: posts small blind $1
sienvan: posts big blind $3
*** HOLE CARDS ***
Ag3r0n is disconnected
Ag3r0n has timed out while disconnected
Ag3r0n: folds
Uncalled bet ($2) returned to sienvan
sienvan collected $2 from pot
sienvan: doesn't show hand
*** SUMMARY ***
Total pot $2 | Rake $0
Seat 3: Ag3r0n (button) (small blind) folded before Flop
Seat 6: sienvan (big blind) collected ($2)


