PokerStars Hand #144733136887:  Hold'em Limit ($3/$6 USD) - 2015/12/02 17:40:06 ET
Table 'Irene' 6-max Seat #6 is the button
Seat 3: artiZzt ($121.83 in chips)
Seat 6: bentinck113 ($122.70 in chips)
bentinck113: posts small blind $1
alexslep: is sitting out
alexslep leaves the table
artiZzt: posts big blind $3
*** HOLE CARDS ***
eurooppa50 joins the table at seat #5
bentinck113 has timed out
bentinck113: folds
Uncalled bet ($2) returned to artiZzt
artiZzt collected $2 from pot
artiZzt: doesn't show hand
*** SUMMARY ***
Total pot $2 | Rake $0
Seat 3: artiZzt (big blind) collected ($2)
Seat 6: bentinck113 (button) (small blind) folded before Flop


PokerStars Hand #144733210119:  Hold'em Limit ($3/$6 USD) - 2015/12/02 17:41:32 ET
Table 'Irene' 6-max Seat #5 is the button
Seat 3: artiZzt ($113.83 in chips)
Seat 5: eurooppa50 ($308.64 in chips)
eurooppa50: posts small blind $1
artiZzt: posts big blind $3
*** HOLE CARDS ***
eurooppa50: folds
Uncalled bet ($2) returned to artiZzt
artiZzt collected $2 from pot
artiZzt: doesn't show hand
*** SUMMARY ***
Total pot $2 | Rake $0
Seat 3: artiZzt (big blind) collected ($2)
Seat 5: eurooppa50 (button) (small blind) folded before Flop


PokerStars Hand #144733180064:  Hold'em Limit ($3/$6 USD) - 2015/12/02 17:40:57 ET
Table 'Irene' 6-max Seat #3 is the button
Seat 3: artiZzt ($122.83 in chips)
Seat 5: eurooppa50 ($300 in chips)
artiZzt: posts small blind $1
eurooppa50: posts big blind $3
*** HOLE CARDS ***
artiZzt: raises $3 to $6
eurooppa50: raises $3 to $9
artiZzt: calls $3
*** FLOP *** [7s Th Qs]
eurooppa50: bets $3
3Princesses joins the table at seat #4
artiZzt: folds
Uncalled bet ($3) returned to eurooppa50
eurooppa50 collected $17.64 from pot
eurooppa50: doesn't show hand
*** SUMMARY ***
Total pot $18 | Rake $0.36
Board [7s Th Qs]
Seat 3: artiZzt (button) (small blind) folded on the Flop
Seat 5: eurooppa50 (big blind) collected ($17.64)


PokerStars Hand #144734718362:  Hold'em Limit ($3/$6 USD) - 2015/12/02 18:13:19 ET
Table 'Irene' 6-max Seat #5 is the button
Seat 1: karambakilla ($120 in chips)
Seat 5: eurooppa50 ($258.15 in chips)
eurooppa50: posts small blind $1
karambakilla: posts big blind $3
*** HOLE CARDS ***
eurooppa50: raises $3 to $6
karambakilla: folds
Uncalled bet ($3) returned to eurooppa50
eurooppa50 collected $6 from pot
eurooppa50: doesn't show hand
bentinck113 leaves the table
*** SUMMARY ***
Total pot $6 | Rake $0
Seat 1: karambakilla (big blind) folded before Flop
Seat 5: eurooppa50 (button) (small blind) collected ($6)


PokerStars Hand #144734694980:  Hold'em Limit ($3/$6 USD) - 2015/12/02 18:12:49 ET
Table 'Irene' 6-max Seat #6 is the button
Seat 5: eurooppa50 ($257.15 in chips)
Seat 6: bentinck113 ($188.53 in chips)
bentinck113: posts small blind $1
ValeryRon: is sitting out
artiZzt: is sitting out
eurooppa50: posts big blind $3
*** HOLE CARDS ***
ValeryRon leaves the table
3Princesses leaves the table
karambakilla joins the table at seat #1
Avereem leaves the table
bentinck113 has timed out
bentinck113: folds
Uncalled bet ($2) returned to eurooppa50
eurooppa50 collected $2 from pot
eurooppa50: doesn't show hand
*** SUMMARY ***
Total pot $2 | Rake $0
Seat 5: eurooppa50 (big blind) collected ($2)
Seat 6: bentinck113 (button) (small blind) folded before Flop


PokerStars Hand #144734725040:  Hold'em Limit ($3/$6 USD) - 2015/12/02 18:13:27 ET
Table 'Irene' 6-max Seat #1 is the button
Seat 1: karambakilla ($117 in chips)
Seat 5: eurooppa50 ($261.15 in chips)
karambakilla: posts small blind $1
eurooppa50: posts big blind $3
*** HOLE CARDS ***
karambakilla: raises $3 to $6
eurooppa50: calls $3
*** FLOP *** [Qc Qd 2c]
eurooppa50: checks
karambakilla: bets $3
eurooppa50: calls $3
*** TURN *** [Qc Qd 2c] [2s]
eurooppa50: checks
karambakilla: checks
*** RIVER *** [Qc Qd 2c 2s] [6s]
eurooppa50: bets $6
karambakilla: folds
Uncalled bet ($6) returned to eurooppa50
eurooppa50 collected $17.64 from pot
eurooppa50: doesn't show hand
*** SUMMARY ***
Total pot $18 | Rake $0.36
Board [Qc Qd 2c 2s 6s]
Seat 1: karambakilla (button) (small blind) folded on the River
Seat 5: eurooppa50 (big blind) collected ($17.64)


