PokerStars Hand #173144771621:  Hold'em Limit ($3/$6 USD) - 2017/07/17 7:32:44 ET
Table 'Irene' 6-max Seat #4 is the button
Seat 4: VolkovDmitri ($120 in chips)
Seat 6: JHJ25 ($129.93 in chips)
VolkovDmitri: posts small blind $1
JHJ25: posts big blind $3
*** HOLE CARDS ***
VolkovDmitri: raises $3 to $6
JHJ25: calls $3
*** FLOP *** [4h 3d 9s]
JHJ25: checks
VolkovDmitri: bets $3
JHJ25: calls $3
*** TURN *** [4h 3d 9s] [Kd]
JHJ25: checks
VolkovDmitri: checks
*** RIVER *** [4h 3d 9s Kd] [6d]
JHJ25: bets $6
VolkovDmitri: folds
Uncalled bet ($6) returned to JHJ25
JHJ25 collected $17.64 from pot
JHJ25: doesn't show hand
*** SUMMARY ***
Total pot $18 | Rake $0.36
Board [4h 3d 9s Kd 6d]
Seat 4: VolkovDmitri (button) (small blind) folded on the River
Seat 6: JHJ25 (big blind) collected ($17.64)


PokerStars Hand #173144766501:  Hold'em Limit ($3/$6 USD) - 2017/07/17 7:32:32 ET
Table 'Irene' 6-max Seat #6 is the button
Seat 4: VolkovDmitri ($120 in chips)
Seat 6: JHJ25 ($126.93 in chips)
JHJ25: posts small blind $1
VolkovDmitri: posts big blind $3
*** HOLE CARDS ***
JHJ25: raises $3 to $6
VolkovDmitri: folds
Uncalled bet ($3) returned to JHJ25
JHJ25 collected $6 from pot
JHJ25: doesn't show hand
*** SUMMARY ***
Total pot $6 | Rake $0
Seat 4: VolkovDmitri (big blind) folded before Flop
Seat 6: JHJ25 (button) (small blind) collected ($6)


PokerStars Hand #173144799324:  Hold'em Limit ($3/$6 USD) - 2017/07/17 7:33:48 ET
Table 'Irene' 6-max Seat #6 is the button
Seat 4: VolkovDmitri ($120 in chips)
Seat 6: JHJ25 ($159.07 in chips)
JHJ25: posts small blind $1
VolkovDmitri: posts big blind $3
*** HOLE CARDS ***
JHJ25: raises $3 to $6
VolkovDmitri: raises $3 to $9
JHJ25: raises $3 to $12
Betting is capped
VolkovDmitri: calls $3
*** FLOP *** [3c 4d 6s]
VolkovDmitri: checks
JHJ25: checks
*** TURN *** [3c 4d 6s] [Kh]
VolkovDmitri: bets $6
JHJ25: calls $6
*** RIVER *** [3c 4d 6s Kh] [Ts]
patrikskjold joins the table at seat #1
VolkovDmitri: bets $6
JHJ25: calls $6
*** SHOW DOWN ***
VolkovDmitri: shows [Kc As] (a pair of Kings)
JHJ25: mucks hand
VolkovDmitri collected $47.50 from pot
*** SUMMARY ***
Total pot $48 | Rake $0.50
Board [3c 4d 6s Kh Ts]
Seat 4: VolkovDmitri (big blind) showed [Kc As] and won ($47.50) with a pair of Kings
Seat 6: JHJ25 (button) (small blind) mucked


PokerStars Hand #173144788674:  Hold'em Limit ($3/$6 USD) - 2017/07/17 7:33:24 ET
Table 'Irene' 6-max Seat #4 is the button
Seat 4: VolkovDmitri ($120 in chips)
Seat 6: JHJ25 ($141.57 in chips)
VolkovDmitri: posts small blind $1
JHJ25: posts big blind $3
*** HOLE CARDS ***
VolkovDmitri: raises $3 to $6
JHJ25: calls $3
*** FLOP *** [2c Kd Kc]
JHJ25: checks
VolkovDmitri: bets $3
JHJ25: raises $3 to $6
VolkovDmitri: calls $3
*** TURN *** [2c Kd Kc] [Tc]
JHJ25: checks
VolkovDmitri: checks
*** RIVER *** [2c Kd Kc Tc] [Qc]
JHJ25: bets $6
VolkovDmitri: calls $6
*** SHOW DOWN ***
JHJ25: shows [9c Kh] (a flush, King high)
VolkovDmitri: mucks hand
JHJ25 collected $35.50 from pot
*** SUMMARY ***
Total pot $36 | Rake $0.50
Board [2c Kd Kc Tc Qc]
Seat 4: VolkovDmitri (button) (small blind) mucked
Seat 6: JHJ25 (big blind) showed [9c Kh] and won ($35.50) with a flush, King high


PokerStars Hand #173144785783:  Hold'em Limit ($3/$6 USD) - 2017/07/17 7:33:17 ET
Table 'Irene' 6-max Seat #6 is the button
Seat 4: VolkovDmitri ($120 in chips)
Seat 6: JHJ25 ($138.57 in chips)
JHJ25: posts small blind $1
VolkovDmitri: posts big blind $3
*** HOLE CARDS ***
JHJ25: raises $3 to $6
VolkovDmitri: folds
Uncalled bet ($3) returned to JHJ25
JHJ25 collected $6 from pot
JHJ25: doesn't show hand
*** SUMMARY ***
Total pot $6 | Rake $0
Seat 4: VolkovDmitri (big blind) folded before Flop
Seat 6: JHJ25 (button) (small blind) collected ($6)


PokerStars Hand #173144808723:  Hold'em Limit ($3/$6 USD) - 2017/07/17 7:34:10 ET
Table 'Irene' 6-max Seat #4 is the button
Seat 4: VolkovDmitri ($143.50 in chips)
Seat 6: JHJ25 ($135.07 in chips)
VolkovDmitri: posts small blind $1
JHJ25: posts big blind $3
*** HOLE CARDS ***
VolkovDmitri: raises $3 to $6
JHJ25: raises $3 to $9
VolkovDmitri: calls $3
*** FLOP *** [3c Qc Js]
JHJ25: bets $3
VolkovDmitri: calls $3
*** TURN *** [3c Qc Js] [7h]
JHJ25: bets $6
VolkovDmitri: raises $6 to $12
JHJ25: calls $6
*** RIVER *** [3c Qc Js 7h] [6c]
JHJ25: checks
VolkovDmitri: bets $6
JHJ25: raises $6 to $12
VolkovDmitri: calls $6
*** SHOW DOWN ***
JHJ25: shows [Jc Ac] (a flush, Ace high)
VolkovDmitri: mucks hand
JHJ25 collected $71.50 from pot
*** SUMMARY ***
Total pot $72 | Rake $0.50
Board [3c Qc Js 7h 6c]
Seat 4: VolkovDmitri (button) (small blind) mucked
Seat 6: JHJ25 (big blind) showed [Jc Ac] and won ($71.50) with a flush, Ace high


