PokerStars Hand #155097817811:  Hold'em Limit ($3/$6 USD) - 2016/06/23 10:09:20 ET
Table 'Iridium' 6-max Seat #3 is the button
Seat 3: Acidstorm200 ($64 in chips)
Seat 4: TbIP-TbIP 88 ($72 in chips)
Acidstorm200: posts small blind $1
TbIP-TbIP 88: posts big blind $3
*** HOLE CARDS ***
skilledyou joins the table at seat #6
Acidstorm200: folds
Uncalled bet ($2) returned to TbIP-TbIP 88
Acidstorm200 leaves the table
TbIP-TbIP 88 collected $2 from pot
TbIP-TbIP 88: doesn't show hand
*** SUMMARY ***
Total pot $2 | Rake $0
Seat 3: Acidstorm200 (button) (small blind) folded before Flop
Seat 4: TbIP-TbIP 88 (big blind) collected ($2)


PokerStars Hand #155097806145:  Hold'em Limit ($3/$6 USD) - 2016/06/23 10:08:58 ET
Table 'Iridium' 6-max Seat #4 is the button
Seat 3: Acidstorm200 ($40.50 in chips)
Seat 4: TbIP-TbIP 88 ($87.52 in chips)
TbIP-TbIP 88: posts small blind $1
Acidstorm200: posts big blind $3
*** HOLE CARDS ***
TbIP-TbIP 88: raises $3 to $6
Acidstorm200: calls $3
*** FLOP *** [4c Js 3c]
Acidstorm200: checks
TbIP-TbIP 88: bets $3
Acidstorm200: raises $3 to $6
TbIP-TbIP 88: calls $3
*** TURN *** [4c Js 3c] [7h]
Acidstorm200: bets $6
TbIP-TbIP 88: calls $6
*** RIVER *** [4c Js 3c 7h] [4h]
Acidstorm200: bets $6
TbIP-TbIP 88: calls $6
*** SHOW DOWN ***
Acidstorm200: shows [Jh Qd] (two pair, Jacks and Fours)
TbIP-TbIP 88: mucks hand
Acidstorm200 collected $47.50 from pot
*** SUMMARY ***
Total pot $48 | Rake $0.50
Board [4c Js 3c 7h 4h]
Seat 3: Acidstorm200 (big blind) showed [Jh Qd] and won ($47.50) with two pair, Jacks and Fours
Seat 4: TbIP-TbIP 88 (button) (small blind) mucked


PokerStars Hand #155097824400:  Hold'em Limit ($3/$6 USD) - 2016/06/23 10:09:33 ET
Table 'Iridium' 6-max Seat #4 is the button
Seat 4: TbIP-TbIP 88 ($73 in chips)
Seat 6: skilledyou ($84 in chips)
vovojc joins the table at seat #1
TbIP-TbIP 88: posts small blind $1
skilledyou: posts big blind $3
*** HOLE CARDS ***
TbIP-TbIP 88: raises $3 to $6
skilledyou: calls $3
*** FLOP *** [3c Js 9c]
skilledyou: checks
TbIP-TbIP 88: bets $3
skilledyou: raises $3 to $6
TbIP-TbIP 88: calls $3
*** TURN *** [3c Js 9c] [8d]
Wiebe25 joins the table at seat #3
skilledyou: bets $6
TbIP-TbIP 88: calls $6
*** RIVER *** [3c Js 9c 8d] [Tc]
skilledyou: bets $6
TbIP-TbIP 88: folds
Uncalled bet ($6) returned to skilledyou
skilledyou collected $35.50 from pot
skilledyou: doesn't show hand
*** SUMMARY ***
Total pot $36 | Rake $0.50
Board [3c Js 9c 8d Tc]
Seat 4: TbIP-TbIP 88 (button) (small blind) folded on the River
Seat 6: skilledyou (big blind) collected ($35.50)


PokerStars Hand #155101000763:  Hold'em Limit ($3/$6 USD) - 2016/06/23 11:46:49 ET
Table 'Iridium' 6-max Seat #6 is the button
Seat 5: BrownieSpy ($78.89 in chips)
Seat 6: skilledyou ($383.14 in chips)
skilledyou: posts small blind $1
GRAILKO: is sitting out
BrownieSpy: posts big blind $3
*** HOLE CARDS ***
GRAILKO leaves the table
skilledyou: raises $3 to $6
BrownieSpy: calls $3
*** FLOP *** [9h Jd 8d]
BrownieSpy: checks
skilledyou: bets $3
BrownieSpy: calls $3
*** TURN *** [9h Jd 8d] [3s]
BrownieSpy: checks
skilledyou: bets $6
BrownieSpy: calls $6
*** RIVER *** [9h Jd 8d 3s] [3d]
BrownieSpy: checks
skilledyou: bets $6
BrownieSpy: calls $6
*** SHOW DOWN ***
skilledyou: shows [3c Kh] (three of a kind, Threes)
BrownieSpy: mucks hand
skilledyou collected $41.50 from pot
*** SUMMARY ***
Total pot $42 | Rake $0.50
Board [9h Jd 8d 3s 3d]
Seat 5: BrownieSpy (big blind) mucked
Seat 6: skilledyou (button) (small blind) showed [3c Kh] and won ($41.50) with three of a kind, Threes


