PokerStars Hand #145488547193:  Hold'em Limit ($3/$6 USD) - 2015/12/17 12:37:14 ET
Table 'Iridium' 2-max Seat #1 is the button
Seat 1: PelonCabelao ($80.64 in chips)
Seat 2: v13kurbatov ($115 in chips)
PelonCabelao: posts small blind $1
v13kurbatov: posts big blind $3
*** HOLE CARDS ***
PelonCabelao: raises $3 to $6
v13kurbatov: raises $3 to $9
PelonCabelao: calls $3
*** FLOP *** [Td 2h As]
v13kurbatov: bets $3
PelonCabelao: raises $3 to $6
v13kurbatov: calls $3
*** TURN *** [Td 2h As] [9h]
v13kurbatov: bets $6
PelonCabelao: calls $6
*** RIVER *** [Td 2h As 9h] [2c]
v13kurbatov: bets $6
PelonCabelao: calls $6
*** SHOW DOWN ***
v13kurbatov: shows [7s Qs] (a pair of Deuces)
PelonCabelao: shows [9s Js] (two pair, Nines and Deuces)
PelonCabelao collected $53.50 from pot
*** SUMMARY ***
Total pot $54 | Rake $0.50
Board [Td 2h As 9h 2c]
Seat 1: PelonCabelao (button) (small blind) showed [9s Js] and won ($53.50) with two pair, Nines and Deuces
Seat 2: v13kurbatov (big blind) showed [7s Qs] and lost with a pair of Deuces


PokerStars Hand #145488529901:  Hold'em Limit ($3/$6 USD) - 2015/12/17 12:36:53 ET
Table 'Iridium' 2-max Seat #2 is the button
Seat 1: PelonCabelao ($72 in chips)
Seat 2: v13kurbatov ($124 in chips)
v13kurbatov: posts small blind $1
PelonCabelao: posts big blind $3
*** HOLE CARDS ***
v13kurbatov: raises $3 to $6
PelonCabelao: raises $3 to $9
v13kurbatov: calls $3
*** FLOP *** [Kc 4d Td]
PelonCabelao: bets $3
v13kurbatov: folds
Uncalled bet ($3) returned to PelonCabelao
PelonCabelao collected $17.64 from pot
*** SUMMARY ***
Total pot $18 | Rake $0.36
Board [Kc 4d Td]
Seat 1: PelonCabelao (big blind) collected ($17.64)
Seat 2: v13kurbatov (button) (small blind) folded on the Flop


PokerStars Hand #145488613518:  Hold'em Limit ($3/$6 USD) - 2015/12/17 12:38:36 ET
Table 'Iridium' 2-max Seat #2 is the button
Seat 1: PelonCabelao ($105.66 in chips)
Seat 2: v13kurbatov ($88.64 in chips)
v13kurbatov: posts small blind $1
PelonCabelao: posts big blind $3
*** HOLE CARDS ***
v13kurbatov: raises $3 to $6
PelonCabelao: raises $3 to $9
v13kurbatov: calls $3
*** FLOP *** [Ks 4d Ah]
PelonCabelao: bets $3
v13kurbatov: folds
Uncalled bet ($3) returned to PelonCabelao
PelonCabelao collected $17.64 from pot
PelonCabelao: doesn't show hand
*** SUMMARY ***
Total pot $18 | Rake $0.36
Board [Ks 4d Ah]
Seat 1: PelonCabelao (big blind) collected ($17.64)
Seat 2: v13kurbatov (button) (small blind) folded on the Flop


PokerStars Hand #145488593198:  Hold'em Limit ($3/$6 USD) - 2015/12/17 12:38:11 ET
Table 'Iridium' 2-max Seat #1 is the button
Seat 1: PelonCabelao ($114.66 in chips)
Seat 2: v13kurbatov ($80 in chips)
PelonCabelao: posts small blind $1
v13kurbatov: posts big blind $3
*** HOLE CARDS ***
PelonCabelao: raises $3 to $6
v13kurbatov: calls $3
*** FLOP *** [5s Qs Kc]
v13kurbatov: checks
PelonCabelao: bets $3
v13kurbatov: calls $3
*** TURN *** [5s Qs Kc] [Js]
v13kurbatov: checks
PelonCabelao: checks
*** RIVER *** [5s Qs Kc Js] [4c]
v13kurbatov: checks
PelonCabelao: checks
*** SHOW DOWN ***
v13kurbatov: shows [5h 2h] (a pair of Fives)
PelonCabelao: mucks hand
v13kurbatov collected $17.64 from pot
*** SUMMARY ***
Total pot $18 | Rake $0.36
Board [5s Qs Kc Js 4c]
Seat 1: PelonCabelao (button) (small blind) mucked
Seat 2: v13kurbatov (big blind) showed [5h 2h] and won ($17.64) with a pair of Fives


PokerStars Hand #145488588477:  Hold'em Limit ($3/$6 USD) - 2015/12/17 12:38:05 ET
Table 'Iridium' 2-max Seat #2 is the button
Seat 1: PelonCabelao ($117.66 in chips)
Seat 2: v13kurbatov ($77 in chips)
v13kurbatov: posts small blind $1
PelonCabelao: posts big blind $3
*** HOLE CARDS ***
v13kurbatov: raises $3 to $6
PelonCabelao: folds
Uncalled bet ($3) returned to v13kurbatov
v13kurbatov collected $6 from pot
*** SUMMARY ***
Total pot $6 | Rake $0
Seat 1: PelonCabelao (big blind) folded before Flop
Seat 2: v13kurbatov (button) (small blind) collected ($6)


PokerStars Hand #145488584699:  Hold'em Limit ($3/$6 USD) - 2015/12/17 12:38:00 ET
Table 'Iridium' 2-max Seat #1 is the button
Seat 1: PelonCabelao ($118.66 in chips)
Seat 2: v13kurbatov ($76 in chips)
PelonCabelao: posts small blind $1
v13kurbatov: posts big blind $3
*** HOLE CARDS ***
PelonCabelao: folds
Uncalled bet ($2) returned to v13kurbatov
v13kurbatov collected $2 from pot
*** SUMMARY ***
Total pot $2 | Rake $0
Seat 1: PelonCabelao (button) (small blind) folded before Flop
Seat 2: v13kurbatov (big blind) collected ($2)


PokerStars Hand #145488570563:  Hold'em Limit ($3/$6 USD) - 2015/12/17 12:37:43 ET
Table 'Iridium' 2-max Seat #2 is the button
Seat 1: PelonCabelao ($107.14 in chips)
Seat 2: v13kurbatov ($88 in chips)
v13kurbatov: posts small blind $1
PelonCabelao: posts big blind $3
*** HOLE CARDS ***
v13kurbatov: raises $3 to $6
PelonCabelao: calls $3
*** FLOP *** [6d 5d 8h]
PelonCabelao: checks
v13kurbatov: checks
*** TURN *** [6d 5d 8h] [9d]
PelonCabelao: checks
v13kurbatov: checks
*** RIVER *** [6d 5d 8h 9d] [Jh]
PelonCabelao: bets $6
v13kurbatov: calls $6
*** SHOW DOWN ***
PelonCabelao: shows [7s Qc] (a straight, Five to Nine)
v13kurbatov: mucks hand
PelonCabelao collected $23.52 from pot
*** SUMMARY ***
Total pot $24 | Rake $0.48
Board [6d 5d 8h 9d Jh]
Seat 1: PelonCabelao (big blind) showed [7s Qc] and won ($23.52) with a straight, Five to Nine
Seat 2: v13kurbatov (button) (small blind) mucked


PokerStars Hand #145488633504:  Hold'em Limit ($3/$6 USD) - 2015/12/17 12:39:00 ET
Table 'Iridium' 2-max Seat #2 is the button
Seat 1: PelonCabelao ($113.30 in chips)
Seat 2: v13kurbatov ($80.64 in chips)
v13kurbatov: posts small blind $1
PelonCabelao: posts big blind $3
*** HOLE CARDS ***
v13kurbatov: raises $3 to $6
PelonCabelao: calls $3
*** FLOP *** [Ks 8c 7c]
PelonCabelao: checks
v13kurbatov: bets $3
PelonCabelao: folds
Uncalled bet ($3) returned to v13kurbatov
v13kurbatov collected $11.76 from pot
*** SUMMARY ***
Total pot $12 | Rake $0.24
Board [Ks 8c 7c]
Seat 1: PelonCabelao (big blind) folded on the Flop
Seat 2: v13kurbatov (button) (small blind) collected ($11.76)


PokerStars Hand #145488625376:  Hold'em Limit ($3/$6 USD) - 2015/12/17 12:38:51 ET
Table 'Iridium' 2-max Seat #1 is the button
Seat 1: PelonCabelao ($114.30 in chips)
Seat 2: v13kurbatov ($79.64 in chips)
PelonCabelao: posts small blind $1
v13kurbatov: posts big blind $3
*** HOLE CARDS ***
PelonCabelao: folds
Uncalled bet ($2) returned to v13kurbatov
v13kurbatov collected $2 from pot
*** SUMMARY ***
Total pot $2 | Rake $0
Seat 1: PelonCabelao (button) (small blind) folded before Flop
Seat 2: v13kurbatov (big blind) collected ($2)


PokerStars Hand #145488691400:  Hold'em Limit ($3/$6 USD) - 2015/12/17 12:40:11 ET
Table 'Iridium' 2-max Seat #2 is the button
Seat 1: PelonCabelao ($136.80 in chips)
Seat 2: v13kurbatov ($56.40 in chips)
v13kurbatov: posts small blind $1
PelonCabelao: posts big blind $3
*** HOLE CARDS ***
v13kurbatov: raises $3 to $6
PelonCabelao: calls $3
*** FLOP *** [5h 8d 8c]
PelonCabelao: checks
v13kurbatov: bets $3
PelonCabelao: calls $3
*** TURN *** [5h 8d 8c] [Kc]
PelonCabelao: checks
v13kurbatov: bets $6
PelonCabelao: calls $6
*** RIVER *** [5h 8d 8c Kc] [2c]
PelonCabelao: checks
v13kurbatov: bets $6
PelonCabelao: calls $6
*** SHOW DOWN ***
v13kurbatov: shows [3s 4d] (a pair of Eights)
PelonCabelao: shows [7d Qc] (a pair of Eights - King+Queen kicker)
PelonCabelao collected $41.50 from pot
*** SUMMARY ***
Total pot $42 | Rake $0.50
Board [5h 8d 8c Kc 2c]
Seat 1: PelonCabelao (big blind) showed [7d Qc] and won ($41.50) with a pair of Eights
Seat 2: v13kurbatov (button) (small blind) showed [3s 4d] and lost with a pair of Eights


PokerStars Hand #145488652581:  Hold'em Limit ($3/$6 USD) - 2015/12/17 12:39:24 ET
Table 'Iridium' 2-max Seat #1 is the button
Seat 1: PelonCabelao ($107.30 in chips)
Seat 2: v13kurbatov ($86.40 in chips)
PelonCabelao: posts small blind $1
v13kurbatov: posts big blind $3
*** HOLE CARDS ***
PelonCabelao: raises $3 to $6
v13kurbatov: raises $3 to $9
PelonCabelao: calls $3
*** FLOP *** [Ks 3c Js]
v13kurbatov: bets $3
PelonCabelao: calls $3
*** TURN *** [Ks 3c Js] [8d]
v13kurbatov: bets $6
PelonCabelao: raises $6 to $12
v13kurbatov: calls $6
*** RIVER *** [Ks 3c Js 8d] [4d]
v13kurbatov: checks
PelonCabelao: bets $6
v13kurbatov: calls $6
*** SHOW DOWN ***
PelonCabelao: shows [8h 3h] (two pair, Eights and Threes)
v13kurbatov: mucks hand
PelonCabelao collected $59.50 from pot
*** SUMMARY ***
Total pot $60 | Rake $0.50
Board [Ks 3c Js 8d 4d]
Seat 1: PelonCabelao (button) (small blind) showed [8h 3h] and won ($59.50) with two pair, Eights and Threes
Seat 2: v13kurbatov (big blind) mucked


PokerStars Hand #145488731364:  Hold'em Limit ($3/$6 USD) - 2015/12/17 12:41:00 ET
Table 'Iridium' 2-max Seat #2 is the button
Seat 1: PelonCabelao ($156.30 in chips)
Seat 2: v13kurbatov ($36.40 in chips)
v13kurbatov: posts small blind $1
PelonCabelao: posts big blind $3
*** HOLE CARDS ***
v13kurbatov: raises $3 to $6
PelonCabelao: raises $3 to $9
v13kurbatov: raises $3 to $12
Betting is capped
PelonCabelao: calls $3
*** FLOP *** [Qh 6h 7c]
PelonCabelao: checks
v13kurbatov: checks
*** TURN *** [Qh 6h 7c] [Js]
PelonCabelao: bets $6
v13kurbatov: calls $6
*** RIVER *** [Qh 6h 7c Js] [Jd]
PelonCabelao: bets $6
v13kurbatov: calls $6
*** SHOW DOWN ***
PelonCabelao: shows [8c 9h] (a pair of Jacks)
v13kurbatov: shows [2d Ks] (a pair of Jacks - King kicker)
v13kurbatov collected $47.50 from pot
*** SUMMARY ***
Total pot $48 | Rake $0.50
Board [Qh 6h 7c Js Jd]
Seat 1: PelonCabelao (big blind) showed [8c 9h] and lost with a pair of Jacks
Seat 2: v13kurbatov (button) (small blind) showed [2d Ks] and won ($47.50) with a pair of Jacks


PokerStars Hand #145488721475:  Hold'em Limit ($3/$6 USD) - 2015/12/17 12:40:49 ET
Table 'Iridium' 2-max Seat #1 is the button
Seat 1: PelonCabelao ($157.30 in chips)
Seat 2: v13kurbatov ($35.40 in chips)
PelonCabelao: posts small blind $1
v13kurbatov: posts big blind $3
*** HOLE CARDS ***
PelonCabelao: folds
Uncalled bet ($2) returned to v13kurbatov
v13kurbatov collected $2 from pot
*** SUMMARY ***
Total pot $2 | Rake $0
Seat 1: PelonCabelao (button) (small blind) folded before Flop
Seat 2: v13kurbatov (big blind) collected ($2)


PokerStars Hand #145488802231:  Hold'em Limit ($3/$6 USD) - 2015/12/17 12:42:25 ET
Table 'Iridium' 2-max Seat #2 is the button
Seat 1: PelonCabelao ($134.80 in chips)
Seat 2: v13kurbatov ($56.40 in chips)
v13kurbatov: posts small blind $1
PelonCabelao: posts big blind $3
*** HOLE CARDS ***
v13kurbatov: raises $3 to $6
PelonCabelao: raises $3 to $9
v13kurbatov: raises $3 to $12
Betting is capped
PelonCabelao: calls $3
*** FLOP *** [Ah 8d 2c]
PelonCabelao: checks
v13kurbatov: bets $3
PelonCabelao: calls $3
*** TURN *** [Ah 8d 2c] [Qd]
PelonCabelao: checks
v13kurbatov: bets $6
PelonCabelao: calls $6
*** RIVER *** [Ah 8d 2c Qd] [Tc]
PelonCabelao: bets $6
v13kurbatov: raises $6 to $12
PelonCabelao: raises $6 to $18
v13kurbatov: calls $6
*** SHOW DOWN ***
PelonCabelao: shows [Jh Kd] (a straight, Ten to Ace)
v13kurbatov: mucks hand
PelonCabelao collected $77.50 from pot
*** SUMMARY ***
Total pot $78 | Rake $0.50
Board [Ah 8d 2c Qd Tc]
Seat 1: PelonCabelao (big blind) showed [Jh Kd] and won ($77.50) with a straight, Ten to Ace
Seat 2: v13kurbatov (button) (small blind) mucked


PokerStars Hand #145488796170:  Hold'em Limit ($3/$6 USD) - 2015/12/17 12:42:18 ET
Table 'Iridium' 2-max Seat #1 is the button
Seat 1: PelonCabelao ($131.80 in chips)
Seat 2: v13kurbatov ($59.40 in chips)
PelonCabelao: posts small blind $1
v13kurbatov: posts big blind $3
*** HOLE CARDS ***
PelonCabelao: raises $3 to $6
v13kurbatov: folds
Uncalled bet ($3) returned to PelonCabelao
PelonCabelao collected $6 from pot
PelonCabelao: doesn't show hand
*** SUMMARY ***
Total pot $6 | Rake $0
Seat 1: PelonCabelao (button) (small blind) collected ($6)
Seat 2: v13kurbatov (big blind) folded before Flop


PokerStars Hand #145488776240:  Hold'em Limit ($3/$6 USD) - 2015/12/17 12:41:55 ET
Table 'Iridium' 2-max Seat #2 is the button
Seat 1: PelonCabelao ($114.30 in chips)
Seat 2: v13kurbatov ($77.40 in chips)
v13kurbatov: posts small blind $1
PelonCabelao: posts big blind $3
*** HOLE CARDS ***
v13kurbatov: raises $3 to $6
PelonCabelao: raises $3 to $9
v13kurbatov: calls $3
*** FLOP *** [5d 3h Js]
PelonCabelao: bets $3
v13kurbatov: calls $3
*** TURN *** [5d 3h Js] [6h]
PelonCabelao: checks
v13kurbatov: checks
*** RIVER *** [5d 3h Js 6h] [Ac]
PelonCabelao: bets $6
v13kurbatov: calls $6
*** SHOW DOWN ***
PelonCabelao: shows [As 9d] (a pair of Aces)
v13kurbatov: mucks hand
PelonCabelao collected $35.50 from pot
*** SUMMARY ***
Total pot $36 | Rake $0.50
Board [5d 3h Js 6h Ac]
Seat 1: PelonCabelao (big blind) showed [As 9d] and won ($35.50) with a pair of Aces
Seat 2: v13kurbatov (button) (small blind) mucked


PokerStars Hand #145488751325:  Hold'em Limit ($3/$6 USD) - 2015/12/17 12:41:25 ET
Table 'Iridium' 2-max Seat #1 is the button
Seat 1: PelonCabelao ($132.30 in chips)
Seat 2: v13kurbatov ($59.90 in chips)
PelonCabelao: posts small blind $1
v13kurbatov: posts big blind $3
*** HOLE CARDS ***
PelonCabelao: raises $3 to $6
v13kurbatov: raises $3 to $9
PelonCabelao: calls $3
*** FLOP *** [9d 8d 9h]
v13kurbatov: bets $3
PelonCabelao: calls $3
*** TURN *** [9d 8d 9h] [2d]
v13kurbatov: checks
PelonCabelao: bets $6
v13kurbatov: calls $6
*** RIVER *** [9d 8d 9h 2d] [Qd]
v13kurbatov: bets $6
PelonCabelao: folds
Uncalled bet ($6) returned to v13kurbatov
v13kurbatov collected $35.50 from pot
*** SUMMARY ***
Total pot $36 | Rake $0.50
Board [9d 8d 9h 2d Qd]
Seat 1: PelonCabelao (button) (small blind) folded on the River
Seat 2: v13kurbatov (big blind) collected ($35.50)


PokerStars Hand #145488850338:  Hold'em Limit ($3/$6 USD) - 2015/12/17 12:43:22 ET
Table 'Iridium' 2-max Seat #2 is the button
Seat 1: PelonCabelao ($190.20 in chips)
Seat 2: v13kurbatov ($120 in chips)
v13kurbatov: posts small blind $1
PelonCabelao: posts big blind $3
*** HOLE CARDS ***
v13kurbatov: raises $3 to $6
PelonCabelao: calls $3
*** FLOP *** [Jh Ad Th]
PelonCabelao: checks
v13kurbatov: checks
*** TURN *** [Jh Ad Th] [4d]
PelonCabelao: bets $6
v13kurbatov: calls $6
*** RIVER *** [Jh Ad Th 4d] [Jd]
PelonCabelao: bets $6
v13kurbatov: folds
Uncalled bet ($6) returned to PelonCabelao
PelonCabelao collected $23.52 from pot
PelonCabelao: doesn't show hand
*** SUMMARY ***
Total pot $24 | Rake $0.48
Board [Jh Ad Th 4d Jd]
Seat 1: PelonCabelao (big blind) collected ($23.52)
Seat 2: v13kurbatov (button) (small blind) folded on the River


PokerStars Hand #145488826267:  Hold'em Limit ($3/$6 USD) - 2015/12/17 12:42:54 ET
Table 'Iridium' 2-max Seat #1 is the button
Seat 1: PelonCabelao ($173.30 in chips)
Seat 2: v13kurbatov ($17.40 in chips)
PelonCabelao: posts small blind $1
v13kurbatov: posts big blind $3
*** HOLE CARDS ***
PelonCabelao: raises $3 to $6
v13kurbatov: raises $3 to $9
PelonCabelao: calls $3
*** FLOP *** [8d 3d 6d]
v13kurbatov: bets $3
PelonCabelao: raises $3 to $6
v13kurbatov: raises $2.40 to $8.40 and is all-in
PelonCabelao: calls $2.40
*** TURN *** [8d 3d 6d] [As]
*** RIVER *** [8d 3d 6d As] [Ks]
*** SHOW DOWN ***
v13kurbatov: shows [Ts 5d] (high card Ace)
PelonCabelao: shows [Kc 9h] (a pair of Kings)
PelonCabelao collected $34.30 from pot
*** SUMMARY ***
Total pot $34.80 | Rake $0.50
Board [8d 3d 6d As Ks]
Seat 1: PelonCabelao (button) (small blind) showed [Kc 9h] and won ($34.30) with a pair of Kings
Seat 2: v13kurbatov (big blind) showed [Ts 5d] and lost with high card Ace


PokerStars Hand #145488902897:  Hold'em Limit ($3/$6 USD) - 2015/12/17 12:44:23 ET
Table 'Iridium' 2-max Seat #2 is the button
Seat 1: PelonCabelao ($201.47 in chips)
Seat 2: v13kurbatov ($107.75 in chips)
v13kurbatov: posts small blind $1
PelonCabelao: posts big blind $3
*** HOLE CARDS ***
v13kurbatov: raises $3 to $6
PelonCabelao: raises $3 to $9
v13kurbatov: calls $3
*** FLOP *** [Qh 4s 4c]
PelonCabelao: bets $3
v13kurbatov: calls $3
*** TURN *** [Qh 4s 4c] [5c]
PelonCabelao: bets $6
v13kurbatov: calls $6
*** RIVER *** [Qh 4s 4c 5c] [3d]
PelonCabelao: bets $6
v13kurbatov: raises $6 to $12
PelonCabelao: calls $6
*** SHOW DOWN ***
v13kurbatov: shows [Kd 3h] (two pair, Fours and Threes)
PelonCabelao: shows [Qc Jc] (two pair, Queens and Fours)
PelonCabelao collected $59.50 from pot
*** SUMMARY ***
Total pot $60 | Rake $0.50
Board [Qh 4s 4c 5c 3d]
Seat 1: PelonCabelao (big blind) showed [Qc Jc] and won ($59.50) with two pair, Queens and Fours
Seat 2: v13kurbatov (button) (small blind) showed [Kd 3h] and lost with two pair, Fours and Threes


PokerStars Hand #145488867820:  Hold'em Limit ($3/$6 USD) - 2015/12/17 12:43:42 ET
Table 'Iridium' 2-max Seat #1 is the button
Seat 1: PelonCabelao ($201.72 in chips)
Seat 2: v13kurbatov ($108 in chips)
PelonCabelao: posts small blind $1
v13kurbatov: posts big blind $3
*** HOLE CARDS ***
PelonCabelao: raises $3 to $6
v13kurbatov: raises $3 to $9
PelonCabelao: calls $3
*** FLOP *** [Td Ac Js]
v13kurbatov: bets $3
PelonCabelao: calls $3
*** TURN *** [Td Ac Js] [Qc]
v13kurbatov: bets $6
PelonCabelao: raises $6 to $12
v13kurbatov: raises $6 to $18
PelonCabelao: raises $6 to $24
Betting is capped
v13kurbatov: calls $6
*** RIVER *** [Td Ac Js Qc] [6c]
v13kurbatov: checks
PelonCabelao: bets $6
v13kurbatov: calls $6
*** SHOW DOWN ***
PelonCabelao: shows [Ks 6h] (a straight, Ten to Ace)
v13kurbatov: shows [3h Kh] (a straight, Ten to Ace)
v13kurbatov collected $41.75 from pot
PelonCabelao collected $41.75 from pot
*** SUMMARY ***
Total pot $84 | Rake $0.50
Board [Td Ac Js Qc 6c]
Seat 1: PelonCabelao (button) (small blind) showed [Ks 6h] and won ($41.75) with a straight, Ten to Ace
Seat 2: v13kurbatov (big blind) showed [3h Kh] and won ($41.75) with a straight, Ten to Ace


PokerStars Hand #145488944546:  Hold'em Limit ($3/$6 USD) - 2015/12/17 12:45:12 ET
Table 'Iridium' 2-max Seat #1 is the button
Seat 1: PelonCabelao ($238.61 in chips)
Seat 2: v13kurbatov ($69.75 in chips)
PelonCabelao: posts small blind $1
v13kurbatov: posts big blind $3
*** HOLE CARDS ***
PelonCabelao: raises $3 to $6
v13kurbatov: calls $3
*** FLOP *** [9d 5h 6s]
v13kurbatov: checks
PelonCabelao: bets $3
v13kurbatov: folds
Uncalled bet ($3) returned to PelonCabelao
PelonCabelao collected $11.76 from pot
PelonCabelao: doesn't show hand
v13kurbatov leaves the table
*** SUMMARY ***
Total pot $12 | Rake $0.24
Board [9d 5h 6s]
Seat 1: PelonCabelao (button) (small blind) collected ($11.76)
Seat 2: v13kurbatov (big blind) folded on the Flop


PokerStars Hand #145488932135:  Hold'em Limit ($3/$6 USD) - 2015/12/17 12:44:57 ET
Table 'Iridium' 2-max Seat #2 is the button
Seat 1: PelonCabelao ($229.97 in chips)
Seat 2: v13kurbatov ($78.75 in chips)
v13kurbatov: posts small blind $1
PelonCabelao: posts big blind $3
*** HOLE CARDS ***
v13kurbatov: raises $3 to $6
PelonCabelao: raises $3 to $9
v13kurbatov: calls $3
*** FLOP *** [7d Js 8c]
PelonCabelao: bets $3
v13kurbatov: folds
Uncalled bet ($3) returned to PelonCabelao
PelonCabelao collected $17.64 from pot
PelonCabelao: doesn't show hand
*** SUMMARY ***
Total pot $18 | Rake $0.36
Board [7d Js 8c]
Seat 1: PelonCabelao (big blind) collected ($17.64)
Seat 2: v13kurbatov (button) (small blind) folded on the Flop


PokerStars Hand #145488927316:  Hold'em Limit ($3/$6 USD) - 2015/12/17 12:44:52 ET
Table 'Iridium' 2-max Seat #1 is the button
Seat 1: PelonCabelao ($230.97 in chips)
Seat 2: v13kurbatov ($77.75 in chips)
PelonCabelao: posts small blind $1
v13kurbatov: posts big blind $3
*** HOLE CARDS ***
PelonCabelao: folds
Uncalled bet ($2) returned to v13kurbatov
v13kurbatov collected $2 from pot
*** SUMMARY ***
Total pot $2 | Rake $0
Seat 1: PelonCabelao (button) (small blind) folded before Flop
Seat 2: v13kurbatov (big blind) collected ($2)


