PokerStars Hand #165522990634:  Hold'em Limit ($3/$6 USD) - 2017/02/01 15:18:11 ET
Table 'Iridium' 6-max Seat #4 is the button
Seat 3: squish007 ($124.59 in chips)
Seat 4: Actionni13 ($190.26 in chips)
Actionni13: posts small blind $1
squish007: posts big blind $3
*** HOLE CARDS ***
Actionni13: folds
Uncalled bet ($2) returned to squish007
squish007 collected $2 from pot
squish007: doesn't show hand
*** SUMMARY ***
Total pot $2 | Rake $0
Seat 3: squish007 (big blind) collected ($2)
Seat 4: Actionni13 (button) (small blind) folded before Flop


PokerStars Hand #165522986488:  Hold'em Limit ($3/$6 USD) - 2017/02/01 15:18:07 ET
Table 'Iridium' 6-max Seat #3 is the button
Seat 3: squish007 ($125.59 in chips)
Seat 4: Actionni13 ($189.26 in chips)
squish007: posts small blind $1
Actionni13: posts big blind $3
*** HOLE CARDS ***
squish007: folds
Uncalled bet ($2) returned to Actionni13
Actionni13 collected $2 from pot
*** SUMMARY ***
Total pot $2 | Rake $0
Seat 3: squish007 (button) (small blind) folded before Flop
Seat 4: Actionni13 (big blind) collected ($2)


PokerStars Hand #165522980452:  Hold'em Limit ($3/$6 USD) - 2017/02/01 15:18:01 ET
Table 'Iridium' 6-max Seat #4 is the button
Seat 3: squish007 ($128.59 in chips)
Seat 4: Actionni13 ($186.26 in chips)
Actionni13: posts small blind $1
squish007: posts big blind $3
*** HOLE CARDS ***
Actionni13: raises $3 to $6
squish007: folds
Uncalled bet ($3) returned to Actionni13
Actionni13 collected $6 from pot
*** SUMMARY ***
Total pot $6 | Rake $0
Seat 3: squish007 (big blind) folded before Flop
Seat 4: Actionni13 (button) (small blind) collected ($6)


PokerStars Hand #165522959275:  Hold'em Limit ($3/$6 USD) - 2017/02/01 15:17:39 ET
Table 'Iridium' 6-max Seat #3 is the button
Seat 3: squish007 ($158.59 in chips)
Seat 4: Actionni13 ($156.76 in chips)
squish007: posts small blind $1
Actionni13: posts big blind $3
*** HOLE CARDS ***
squish007: raises $3 to $6
Actionni13: raises $3 to $9
squish007: calls $3
*** FLOP *** [3d 8h Kd]
Actionni13: bets $3
squish007: calls $3
*** TURN *** [3d 8h Kd] [5h]
Actionni13: checks
squish007: bets $6
Actionni13: raises $6 to $12
squish007: calls $6
*** RIVER *** [3d 8h Kd 5h] [Kh]
Actionni13: bets $6
squish007: calls $6
*** SHOW DOWN ***
Actionni13: shows [Kc Td] (three of a kind, Kings)
squish007: mucks hand
Actionni13 collected $59.50 from pot
*** SUMMARY ***
Total pot $60 | Rake $0.50
Board [3d 8h Kd 5h Kh]
Seat 3: squish007 (button) (small blind) mucked
Seat 4: Actionni13 (big blind) showed [Kc Td] and won ($59.50) with three of a kind, Kings


PokerStars Hand #165522949224:  Hold'em Limit ($3/$6 USD) - 2017/02/01 15:17:29 ET
Table 'Iridium' 6-max Seat #4 is the button
Seat 3: squish007 ($164.59 in chips)
Seat 4: Actionni13 ($151 in chips)
Actionni13: posts small blind $1
squish007: posts big blind $3
*** HOLE CARDS ***
Actionni13: raises $3 to $6
squish007: calls $3
*** FLOP *** [9s Ad Th]
squish007: checks
Actionni13: bets $3
squish007: folds
Uncalled bet ($3) returned to Actionni13
Actionni13 collected $11.76 from pot
*** SUMMARY ***
Total pot $12 | Rake $0.24
Board [9s Ad Th]
Seat 3: squish007 (big blind) folded on the Flop
Seat 4: Actionni13 (button) (small blind) collected ($11.76)


PokerStars Hand #165522942376:  Hold'em Limit ($3/$6 USD) - 2017/02/01 15:17:21 ET
Table 'Iridium' 6-max Seat #3 is the button
Seat 3: squish007 ($165.59 in chips)
Seat 4: Actionni13 ($150 in chips)
squish007: posts small blind $1
Actionni13: posts big blind $3
*** HOLE CARDS ***
squish007: folds
Uncalled bet ($2) returned to Actionni13
Actionni13 collected $2 from pot
*** SUMMARY ***
Total pot $2 | Rake $0
Seat 3: squish007 (button) (small blind) folded before Flop
Seat 4: Actionni13 (big blind) collected ($2)


PokerStars Hand #165522926632:  Hold'em Limit ($3/$6 USD) - 2017/02/01 15:17:05 ET
Table 'Iridium' 6-max Seat #4 is the button
Seat 3: squish007 ($154.07 in chips)
Seat 4: Actionni13 ($151 in chips)
Actionni13: posts small blind $1
Zubasa07: is sitting out
squish007: posts big blind $3
*** HOLE CARDS ***
Actionni13: raises $3 to $6
squish007: calls $3
*** FLOP *** [3s Qd 7s]
squish007: checks
Actionni13: bets $3
squish007: raises $3 to $6
Actionni13: calls $3
*** TURN *** [3s Qd 7s] [8h]
squish007: bets $6
Actionni13: folds
Uncalled bet ($6) returned to squish007
squish007 collected $23.52 from pot
squish007: doesn't show hand
*** SUMMARY ***
Total pot $24 | Rake $0.48
Board [3s Qd 7s 8h]
Seat 3: squish007 (big blind) collected ($23.52)
Seat 4: Actionni13 (button) (small blind) folded on the Turn


PokerStars Hand #165522995723:  Hold'em Limit ($3/$6 USD) - 2017/02/01 15:18:17 ET
Table 'Iridium' 6-max Seat #3 is the button
Seat 3: squish007 ($125.59 in chips)
Seat 4: Actionni13 ($189.26 in chips)
squish007: posts small blind $1
Actionni13: posts big blind $3
*** HOLE CARDS ***
squish007: raises $3 to $6
Actionni13: calls $3
*** FLOP *** [Td 6d 4s]
Actionni13: checks
squish007: bets $3
Actionni13: raises $3 to $6
squish007: calls $3
*** TURN *** [Td 6d 4s] [2d]
Actionni13: bets $6
squish007: folds
Uncalled bet ($6) returned to Actionni13
Actionni13 collected $23.52 from pot
*** SUMMARY ***
Total pot $24 | Rake $0.48
Board [Td 6d 4s 2d]
Seat 3: squish007 (button) (small blind) folded on the Turn
Seat 4: Actionni13 (big blind) collected ($23.52)


PokerStars Hand #165523216641:  Hold'em Limit ($3/$6 USD) - 2017/02/01 15:22:04 ET
Table 'Iridium' 6-max Seat #4 is the button
Seat 3: squish007 ($111.80 in chips)
Seat 4: Actionni13 ($177.29 in chips)
Actionni13: posts small blind $1
squish007: posts big blind $3
*** HOLE CARDS ***
Actionni13: folds
Uncalled bet ($2) returned to squish007
squish007 collected $2 from pot
squish007: doesn't show hand
*** SUMMARY ***
Total pot $2 | Rake $0
Seat 3: squish007 (big blind) collected ($2)
Seat 4: Actionni13 (button) (small blind) folded before Flop


PokerStars Hand #165523203855:  Hold'em Limit ($3/$6 USD) - 2017/02/01 15:21:51 ET
Table 'Iridium' 6-max Seat #3 is the button
Seat 3: squish007 ($108.80 in chips)
Seat 4: Actionni13 ($180.29 in chips)
squish007: posts small blind $1
Actionni13: posts big blind $3
*** HOLE CARDS ***
squish007: raises $3 to $6
Actionni13: folds
Uncalled bet ($3) returned to squish007
squish007 collected $6 from pot
squish007: doesn't show hand
*** SUMMARY ***
Total pot $6 | Rake $0
Seat 3: squish007 (button) (small blind) collected ($6)
Seat 4: Actionni13 (big blind) folded before Flop


PokerStars Hand #165523182501:  Hold'em Limit ($3/$6 USD) - 2017/02/01 15:21:29 ET
Table 'Iridium' 6-max Seat #4 is the button
Seat 3: squish007 ($109.05 in chips)
Seat 4: Actionni13 ($180.54 in chips)
Actionni13: posts small blind $1
squish007: posts big blind $3
*** HOLE CARDS ***
Actionni13: raises $3 to $6
squish007: raises $3 to $9
Actionni13: calls $3
*** FLOP *** [5h 4s 2s]
squish007: bets $3
Actionni13: calls $3
*** TURN *** [5h 4s 2s] [3d]
squish007: bets $6
Actionni13: raises $6 to $12
squish007: calls $6
*** RIVER *** [5h 4s 2s 3d] [Th]
squish007: checks
Actionni13: bets $6
squish007: calls $6
*** SHOW DOWN ***
Actionni13: shows [2d Ah] (a straight, Ace to Five)
squish007: shows [As 5s] (a straight, Ace to Five)
squish007 collected $29.75 from pot
Actionni13 collected $29.75 from pot
*** SUMMARY ***
Total pot $60 | Rake $0.50
Board [5h 4s 2s 3d Th]
Seat 3: squish007 (big blind) showed [As 5s] and won ($29.75) with a straight, Ace to Five
Seat 4: Actionni13 (button) (small blind) showed [2d Ah] and won ($29.75) with a straight, Ace to Five


PokerStars Hand #165523176528:  Hold'em Limit ($3/$6 USD) - 2017/02/01 15:21:23 ET
Table 'Iridium' 6-max Seat #3 is the button
Seat 3: squish007 ($106.05 in chips)
Seat 4: Actionni13 ($183.54 in chips)
squish007: posts small blind $1
Actionni13: posts big blind $3
*** HOLE CARDS ***
squish007: raises $3 to $6
Actionni13: folds
Uncalled bet ($3) returned to squish007
squish007 collected $6 from pot
squish007: doesn't show hand
*** SUMMARY ***
Total pot $6 | Rake $0
Seat 3: squish007 (button) (small blind) collected ($6)
Seat 4: Actionni13 (big blind) folded before Flop


PokerStars Hand #165523162107:  Hold'em Limit ($3/$6 USD) - 2017/02/01 15:21:08 ET
Table 'Iridium' 6-max Seat #4 is the button
Seat 3: squish007 ($112.05 in chips)
Seat 4: Actionni13 ($177.78 in chips)
Actionni13: posts small blind $1
Zubasa07: is sitting out
squish007: posts big blind $3
*** HOLE CARDS ***
Actionni13: raises $3 to $6
Zubasa07 leaves the table
squish007: calls $3
*** FLOP *** [3h 5d 2s]
squish007: checks
Actionni13: checks
*** TURN *** [3h 5d 2s] [Qh]
squish007: checks
Actionni13: bets $6
squish007: folds
Uncalled bet ($6) returned to Actionni13
Actionni13 collected $11.76 from pot
*** SUMMARY ***
Total pot $12 | Rake $0.24
Board [3h 5d 2s Qh]
Seat 3: squish007 (big blind) folded on the Turn
Seat 4: Actionni13 (button) (small blind) collected ($11.76)


PokerStars Hand #165523230910:  Hold'em Limit ($3/$6 USD) - 2017/02/01 15:22:19 ET
Table 'Iridium' 6-max Seat #4 is the button
Seat 3: squish007 ($115.80 in chips)
Seat 4: Actionni13 ($173.29 in chips)
Actionni13: posts small blind $1
squish007: posts big blind $3
*** HOLE CARDS ***
Actionni13: folds
Uncalled bet ($2) returned to squish007
squish007 collected $2 from pot
squish007: doesn't show hand
*** SUMMARY ***
Total pot $2 | Rake $0
Seat 3: squish007 (big blind) collected ($2)
Seat 4: Actionni13 (button) (small blind) folded before Flop


PokerStars Hand #165523221911:  Hold'em Limit ($3/$6 USD) - 2017/02/01 15:22:09 ET
Table 'Iridium' 6-max Seat #3 is the button
Seat 3: squish007 ($112.80 in chips)
Seat 4: Actionni13 ($176.29 in chips)
squish007: posts small blind $1
Actionni13: posts big blind $3
*** HOLE CARDS ***
squish007: raises $3 to $6
Actionni13: folds
Uncalled bet ($3) returned to squish007
squish007 collected $6 from pot
squish007: doesn't show hand
*** SUMMARY ***
Total pot $6 | Rake $0
Seat 3: squish007 (button) (small blind) collected ($6)
Seat 4: Actionni13 (big blind) folded before Flop


PokerStars Hand #165523237023:  Hold'em Limit ($3/$6 USD) - 2017/02/01 15:22:26 ET
Table 'Iridium' 6-max Seat #3 is the button
Seat 3: squish007 ($116.80 in chips)
Seat 4: Actionni13 ($172.29 in chips)
squish007: posts small blind $1
Actionni13: posts big blind $3
*** HOLE CARDS ***
squish007: raises $3 to $6
Actionni13: raises $3 to $9
squish007: calls $3
*** FLOP *** [2c Kd Kh]
Actionni13: bets $3
squish007: calls $3
*** TURN *** [2c Kd Kh] [9s]
Actionni13: bets $6
squish007: calls $6
*** RIVER *** [2c Kd Kh 9s] [Qc]
Actionni13: bets $6
squish007: raises $6 to $12
Actionni13: raises $6 to $18
squish007: raises $6 to $24
Betting is capped
Actionni13: calls $6
*** SHOW DOWN ***
squish007: shows [Js Th] (a straight, Nine to King)
Actionni13: shows [Jc Tc] (a straight, Nine to King)
Actionni13 collected $41.75 from pot
squish007 collected $41.75 from pot
*** SUMMARY ***
Total pot $84 | Rake $0.50
Board [2c Kd Kh 9s Qc]
Seat 3: squish007 (button) (small blind) showed [Js Th] and won ($41.75) with a straight, Nine to King
Seat 4: Actionni13 (big blind) showed [Jc Tc] and won ($41.75) with a straight, Nine to King


PokerStars Hand #165523280043:  Hold'em Limit ($3/$6 USD) - 2017/02/01 15:23:10 ET
Table 'Iridium' 6-max Seat #3 is the button
Seat 3: squish007 ($92.55 in chips)
Seat 4: Actionni13 ($195.54 in chips)
squish007: posts small blind $1
Actionni13: posts big blind $3
*** HOLE CARDS ***
squish007: folds
Uncalled bet ($2) returned to Actionni13
Actionni13 collected $2 from pot
*** SUMMARY ***
Total pot $2 | Rake $0
Seat 3: squish007 (button) (small blind) folded before Flop
Seat 4: Actionni13 (big blind) collected ($2)


PokerStars Hand #165523256881:  Hold'em Limit ($3/$6 USD) - 2017/02/01 15:22:46 ET
Table 'Iridium' 6-max Seat #4 is the button
Seat 3: squish007 ($116.55 in chips)
Seat 4: Actionni13 ($172.04 in chips)
Actionni13: posts small blind $1
squish007: posts big blind $3
*** HOLE CARDS ***
Actionni13: raises $3 to $6
squish007: calls $3
*** FLOP *** [As 4d 2h]
squish007: checks
Actionni13: bets $3
squish007: raises $3 to $6
Actionni13: calls $3
*** TURN *** [As 4d 2h] [4c]
squish007: bets $6
Actionni13: calls $6
*** RIVER *** [As 4d 2h 4c] [Jd]
squish007: bets $6
Actionni13: calls $6
*** SHOW DOWN ***
squish007: shows [5c Qh] (a pair of Fours)
Actionni13: shows [8c Js] (two pair, Jacks and Fours)
Actionni13 collected $47.50 from pot
*** SUMMARY ***
Total pot $48 | Rake $0.50
Board [As 4d 2h 4c Jd]
Seat 3: squish007 (big blind) showed [5c Qh] and lost with a pair of Fours
Seat 4: Actionni13 (button) (small blind) showed [8c Js] and won ($47.50) with two pair, Jacks and Fours


PokerStars Hand #165523318577:  Hold'em Limit ($3/$6 USD) - 2017/02/01 15:23:49 ET
Table 'Iridium' 6-max Seat #3 is the button
Seat 3: squish007 ($61.55 in chips)
Seat 4: Actionni13 ($226.04 in chips)
squish007: posts small blind $1
Actionni13: posts big blind $3
*** HOLE CARDS ***
squish007: folds
Uncalled bet ($2) returned to Actionni13
Actionni13 collected $2 from pot
*** SUMMARY ***
Total pot $2 | Rake $0
Seat 3: squish007 (button) (small blind) folded before Flop
Seat 4: Actionni13 (big blind) collected ($2)


PokerStars Hand #165523284667:  Hold'em Limit ($3/$6 USD) - 2017/02/01 15:23:14 ET
Table 'Iridium' 6-max Seat #4 is the button
Seat 3: squish007 ($91.55 in chips)
Seat 4: Actionni13 ($196.54 in chips)
Actionni13: posts small blind $1
squish007: posts big blind $3
*** HOLE CARDS ***
Actionni13: raises $3 to $6
squish007: calls $3
*** FLOP *** [5c 7c 4d]
squish007: checks
Actionni13: bets $3
squish007: raises $3 to $6
Actionni13: calls $3
*** TURN *** [5c 7c 4d] [7h]
squish007: bets $6
Actionni13: raises $6 to $12
squish007: calls $6
*** RIVER *** [5c 7c 4d 7h] [Qh]
squish007: checks
Actionni13: bets $6
squish007: calls $6
*** SHOW DOWN ***
Actionni13: shows [Ah Ac] (two pair, Aces and Sevens)
squish007: mucks hand
Actionni13 collected $59.50 from pot
*** SUMMARY ***
Total pot $60 | Rake $0.50
Board [5c 7c 4d 7h Qh]
Seat 3: squish007 (big blind) mucked
Seat 4: Actionni13 (button) (small blind) showed [Ah Ac] and won ($59.50) with two pair, Aces and Sevens


PokerStars Hand #165523330736:  Hold'em Limit ($3/$6 USD) - 2017/02/01 15:24:01 ET
Table 'Iridium' 6-max Seat #3 is the button
Seat 3: squish007 ($57.55 in chips)
Seat 4: Actionni13 ($230.04 in chips)
squish007: posts small blind $1
Actionni13: posts big blind $3
*** HOLE CARDS ***
squish007: folds
Uncalled bet ($2) returned to Actionni13
Actionni13 collected $2 from pot
*** SUMMARY ***
Total pot $2 | Rake $0
Seat 3: squish007 (button) (small blind) folded before Flop
Seat 4: Actionni13 (big blind) collected ($2)


PokerStars Hand #165523323062:  Hold'em Limit ($3/$6 USD) - 2017/02/01 15:23:54 ET
Table 'Iridium' 6-max Seat #4 is the button
Seat 3: squish007 ($60.55 in chips)
Seat 4: Actionni13 ($227.04 in chips)
Actionni13: posts small blind $1
squish007: posts big blind $3
*** HOLE CARDS ***
Actionni13: raises $3 to $6
squish007: folds
Uncalled bet ($3) returned to Actionni13
Actionni13 collected $6 from pot
*** SUMMARY ***
Total pot $6 | Rake $0
Seat 3: squish007 (big blind) folded before Flop
Seat 4: Actionni13 (button) (small blind) collected ($6)


PokerStars Hand #165523350466:  Hold'em Limit ($3/$6 USD) - 2017/02/01 15:24:22 ET
Table 'Iridium' 6-max Seat #3 is the button
Seat 3: squish007 ($65.19 in chips)
Seat 4: Actionni13 ($222.04 in chips)
squish007: posts small blind $1
Actionni13: posts big blind $3
*** HOLE CARDS ***
squish007: folds
Uncalled bet ($2) returned to Actionni13
Actionni13 collected $2 from pot
*** SUMMARY ***
Total pot $2 | Rake $0
Seat 3: squish007 (button) (small blind) folded before Flop
Seat 4: Actionni13 (big blind) collected ($2)


PokerStars Hand #165523335153:  Hold'em Limit ($3/$6 USD) - 2017/02/01 15:24:06 ET
Table 'Iridium' 6-max Seat #4 is the button
Seat 3: squish007 ($56.55 in chips)
Seat 4: Actionni13 ($231.04 in chips)
Actionni13: posts small blind $1
squish007: posts big blind $3
*** HOLE CARDS ***
Actionni13: raises $3 to $6
squish007: calls $3
*** FLOP *** [7c 4h Kd]
squish007: checks
Actionni13: bets $3
squish007: calls $3
*** TURN *** [7c 4h Kd] [Ks]
squish007: checks
Actionni13: checks
*** RIVER *** [7c 4h Kd Ks] [9h]
squish007: bets $6
Actionni13: folds
Uncalled bet ($6) returned to squish007
squish007 collected $17.64 from pot
squish007: doesn't show hand
*** SUMMARY ***
Total pot $18 | Rake $0.36
Board [7c 4h Kd Ks 9h]
Seat 3: squish007 (big blind) collected ($17.64)
Seat 4: Actionni13 (button) (small blind) folded on the River


PokerStars Hand #165523355510:  Hold'em Limit ($3/$6 USD) - 2017/02/01 15:24:27 ET
Table 'Iridium' 6-max Seat #4 is the button
Seat 3: squish007 ($64.19 in chips)
Seat 4: Actionni13 ($223.04 in chips)
Actionni13: posts small blind $1
squish007: posts big blind $3
*** HOLE CARDS ***
Actionni13: raises $3 to $6
squish007: calls $3
*** FLOP *** [Th 4s 9d]
squish007: checks
Actionni13: checks
*** TURN *** [Th 4s 9d] [Js]
squish007: bets $6
Actionni13: folds
Uncalled bet ($6) returned to squish007
squish007 collected $11.76 from pot
squish007: doesn't show hand
*** SUMMARY ***
Total pot $12 | Rake $0.24
Board [Th 4s 9d Js]
Seat 3: squish007 (big blind) collected ($11.76)
Seat 4: Actionni13 (button) (small blind) folded on the Turn


PokerStars Hand #165523365921:  Hold'em Limit ($3/$6 USD) - 2017/02/01 15:24:38 ET
Table 'Iridium' 6-max Seat #3 is the button
Seat 3: squish007 ($69.95 in chips)
Seat 4: Actionni13 ($217.04 in chips)
squish007: posts small blind $1
Actionni13: posts big blind $3
*** HOLE CARDS ***
squish007: raises $3 to $6
Actionni13: folds
Uncalled bet ($3) returned to squish007
squish007 collected $6 from pot
squish007: doesn't show hand
*** SUMMARY ***
Total pot $6 | Rake $0
Seat 3: squish007 (button) (small blind) collected ($6)
Seat 4: Actionni13 (big blind) folded before Flop


PokerStars Hand #165523372455:  Hold'em Limit ($3/$6 USD) - 2017/02/01 15:24:44 ET
Table 'Iridium' 6-max Seat #4 is the button
Seat 3: squish007 ($72.95 in chips)
Seat 4: Actionni13 ($214.04 in chips)
Actionni13: posts small blind $1
squish007: posts big blind $3
*** HOLE CARDS ***
Actionni13: folds
Uncalled bet ($2) returned to squish007
squish007 collected $2 from pot
squish007: doesn't show hand
*** SUMMARY ***
Total pot $2 | Rake $0
Seat 3: squish007 (big blind) collected ($2)
Seat 4: Actionni13 (button) (small blind) folded before Flop


PokerStars Hand #165523376774:  Hold'em Limit ($3/$6 USD) - 2017/02/01 15:24:49 ET
Table 'Iridium' 6-max Seat #3 is the button
Seat 3: squish007 ($73.95 in chips)
Seat 4: Actionni13 ($213.04 in chips)
squish007: posts small blind $1
Actionni13: posts big blind $3
*** HOLE CARDS ***
squish007: raises $3 to $6
Actionni13: calls $3
*** FLOP *** [3h Kc 3s]
Actionni13: checks
squish007: bets $3
Actionni13: calls $3
*** TURN *** [3h Kc 3s] [9s]
Actionni13: checks
squish007: bets $6
Actionni13: raises $6 to $12
squish007: raises $6 to $18
Actionni13: calls $6
*** RIVER *** [3h Kc 3s 9s] [Ac]
Actionni13: checks
squish007: bets $6
Actionni13: folds
Uncalled bet ($6) returned to squish007
squish007 collected $53.50 from pot
squish007: doesn't show hand
*** SUMMARY ***
Total pot $54 | Rake $0.50
Board [3h Kc 3s 9s Ac]
Seat 3: squish007 (button) (small blind) collected ($53.50)
Seat 4: Actionni13 (big blind) folded on the River


PokerStars Hand #165523417542:  Hold'em Limit ($3/$6 USD) - 2017/02/01 15:25:31 ET
Table 'Iridium' 6-max Seat #3 is the button
Seat 3: squish007 ($109.09 in chips)
Seat 4: Actionni13 ($177.04 in chips)
squish007: posts small blind $1
Actionni13: posts big blind $3
*** HOLE CARDS ***
millchar joins the table at seat #2
squish007: folds
Uncalled bet ($2) returned to Actionni13
Actionni13 collected $2 from pot
*** SUMMARY ***
Total pot $2 | Rake $0
Seat 3: squish007 (button) (small blind) folded before Flop
Seat 4: Actionni13 (big blind) collected ($2)


PokerStars Hand #165523400174:  Hold'em Limit ($3/$6 USD) - 2017/02/01 15:25:13 ET
Table 'Iridium' 6-max Seat #4 is the button
Seat 3: squish007 ($100.45 in chips)
Seat 4: Actionni13 ($186.04 in chips)
Actionni13: posts small blind $1
squish007: posts big blind $3
*** HOLE CARDS ***
Actionni13: raises $3 to $6
squish007: raises $3 to $9
Actionni13: calls $3
*** FLOP *** [4s Qs 6s]
squish007: bets $3
Actionni13: folds
Uncalled bet ($3) returned to squish007
squish007 collected $17.64 from pot
squish007: doesn't show hand
*** SUMMARY ***
Total pot $18 | Rake $0.36
Board [4s Qs 6s]
Seat 3: squish007 (big blind) collected ($17.64)
Seat 4: Actionni13 (button) (small blind) folded on the Flop


