PokerStars Hand #151245651846:  Hold'em Limit ($3/$6 USD) - 2016/03/31 20:28:49 ET
Table 'Iridium' 6-max Seat #3 is the button
Seat 3: septernic ($92.38 in chips)
Seat 4: AzureCaper ($72 in chips)
septernic: posts small blind $1
AzureCaper: posts big blind $3
*** HOLE CARDS ***
septernic: raises $3 to $6
AzureCaper: folds
Uncalled bet ($3) returned to septernic
septernic collected $6 from pot
septernic: doesn't show hand
*** SUMMARY ***
Total pot $6 | Rake $0
Seat 3: septernic (button) (small blind) collected ($6)
Seat 4: AzureCaper (big blind) folded before Flop


PokerStars Hand #151245649222:  Hold'em Limit ($3/$6 USD) - 2016/03/31 20:28:43 ET
Table 'Iridium' 6-max Seat #4 is the button
Seat 3: septernic ($91.38 in chips)
Seat 4: AzureCaper ($72 in chips)
AzureCaper: posts small blind $1
septernic: posts big blind $3
*** HOLE CARDS ***
AzureCaper: folds
Uncalled bet ($2) returned to septernic
septernic collected $2 from pot
septernic: doesn't show hand
*** SUMMARY ***
Total pot $2 | Rake $0
Seat 3: septernic (big blind) collected ($2)
Seat 4: AzureCaper (button) (small blind) folded before Flop


PokerStars Hand #151245643604:  Hold'em Limit ($3/$6 USD) - 2016/03/31 20:28:33 ET
Table 'Iridium' 6-max Seat #3 is the button
Seat 3: septernic ($88.50 in chips)
Seat 4: AzureCaper ($72 in chips)
septernic: posts small blind $1
AzureCaper: posts big blind $3
*** HOLE CARDS ***
septernic: calls $2
AzureCaper: checks
*** FLOP *** [9d 8s Ac]
AzureCaper: checks
septernic: bets $3
AzureCaper: folds
Uncalled bet ($3) returned to septernic
septernic collected $5.88 from pot
septernic: doesn't show hand
*** SUMMARY ***
Total pot $6 | Rake $0.12
Board [9d 8s Ac]
Seat 3: septernic (button) (small blind) collected ($5.88)
Seat 4: AzureCaper (big blind) folded on the Flop


PokerStars Hand #151245624495:  Hold'em Limit ($3/$6 USD) - 2016/03/31 20:27:56 ET
Table 'Iridium' 6-max Seat #4 is the button
Seat 3: septernic ($71 in chips)
Seat 4: AzureCaper ($73 in chips)
AzureCaper: posts small blind $1
septernic: posts big blind $3
*** HOLE CARDS ***
AzureCaper: raises $3 to $6
septernic: raises $3 to $9
AzureCaper: calls $3
*** FLOP *** [7d 2d Th]
septernic: bets $3
AzureCaper: calls $3
*** TURN *** [7d 2d Th] [5d]
septernic: checks
AzureCaper: checks
*** RIVER *** [7d 2d Th 5d] [3h]
GoliafUa joins the table at seat #5
septernic: bets $6
AzureCaper: calls $6
*** SHOW DOWN ***
septernic: shows [4h Ah] (a straight, Ace to Five)
AzureCaper: mucks hand
septernic collected $35.50 from pot
*** SUMMARY ***
Total pot $36 | Rake $0.50
Board [7d 2d Th 5d 3h]
Seat 3: septernic (big blind) showed [4h Ah] and won ($35.50) with a straight, Ace to Five
Seat 4: AzureCaper (button) (small blind) mucked


PokerStars Hand #151248543006:  Hold'em Limit ($3/$6 USD) - 2016/03/31 22:17:23 ET
Table 'Iridium' 6-max Seat #2 is the button
Seat 2: DirtyDouble2 ($143.88 in chips)
Seat 6: JACKan_11 ($214.70 in chips)
DirtyDouble2: posts small blind $1
MissEKAmouse: is sitting out
JACKan_11: posts big blind $3
*** HOLE CARDS ***
DirtyDouble2: raises $3 to $6
JACKan_11: calls $3
*** FLOP *** [3d Th 6h]
JACKan_11: bets $3
DirtyDouble2: raises $3 to $6
JACKan_11: calls $3
*** TURN *** [3d Th 6h] [Ad]
JACKan_11: bets $6
DirtyDouble2: folds
Uncalled bet ($6) returned to JACKan_11
JACKan_11 collected $23.52 from pot
JACKan_11: doesn't show hand
*** SUMMARY ***
Total pot $24 | Rake $0.48
Board [3d Th 6h Ad]
Seat 2: DirtyDouble2 (button) (small blind) folded on the Turn
Seat 6: JACKan_11 (big blind) collected ($23.52)


