PokerStars Hand #149150700770:  Hold'em Limit ($3/$6 USD) - 2016/02/20 19:48:38 ET
Table 'Iridium' 10-max Seat #7 is the button
Seat 5: sirray2016 ($91.17 in chips)
Seat 7: BuzovaPro ($72 in chips)
BuzovaPro: posts small blind $1
sirray2016: posts big blind $3
*** HOLE CARDS ***
thekiing80 joins the table at seat #1
BuzovaPro: folds
Uncalled bet ($2) returned to sirray2016
sirray2016 collected $2 from pot
*** SUMMARY ***
Total pot $2 | Rake $0
Seat 5: sirray2016 (big blind) collected ($2)
Seat 7: BuzovaPro (button) (small blind) folded before Flop


PokerStars Hand #149150679072:  Hold'em Limit ($3/$6 USD) - 2016/02/20 19:48:04 ET
Table 'Iridium' 10-max Seat #5 is the button
Seat 5: sirray2016 ($70.67 in chips)
Seat 7: BuzovaPro ($72 in chips)
sirray2016: posts small blind $1
BuzovaPro: posts big blind $3
*** HOLE CARDS ***
sirray2016: calls $2
BuzovaPro: raises $3 to $6
sirray2016: calls $3
*** FLOP *** [3s Qh 5h]
BuzovaPro: bets $3
sirray2016: calls $3
*** TURN *** [3s Qh 5h] [2h]
BuzovaPro: bets $6
sirray2016: raises $6 to $12
BuzovaPro: calls $6
*** RIVER *** [3s Qh 5h 2h] [Ah]
BuzovaPro: checks
sirray2016: bets $6
BuzovaPro: folds
Uncalled bet ($6) returned to sirray2016
sirray2016 collected $41.50 from pot
*** SUMMARY ***
Total pot $42 | Rake $0.50
Board [3s Qh 5h 2h Ah]
Seat 5: sirray2016 (button) (small blind) collected ($41.50)
Seat 7: BuzovaPro (big blind) folded on the River


PokerStars Hand #149150705109:  Hold'em Limit ($3/$6 USD) - 2016/02/20 19:48:45 ET
Table 'Iridium' 10-max Seat #5 is the button
Seat 5: sirray2016 ($92.17 in chips)
Seat 7: BuzovaPro ($72 in chips)
sirray2016: posts small blind $1
BuzovaPro: posts big blind $3
*** HOLE CARDS ***
sirray2016: calls $2
BuzovaPro: checks
*** FLOP *** [4d 6c Jd]
BuzovaPro: checks
sirray2016: checks
*** TURN *** [4d 6c Jd] [4c]
BuzovaPro: checks
sirray2016: bets $6
BuzovaPro: folds
Uncalled bet ($6) returned to sirray2016
sirray2016 collected $5.88 from pot
*** SUMMARY ***
Total pot $6 | Rake $0.12
Board [4d 6c Jd 4c]
Seat 5: sirray2016 (button) (small blind) collected ($5.88)
Seat 7: BuzovaPro (big blind) folded on the Turn


PokerStars Hand #149150792717:  Hold'em Limit ($3/$6 USD) - 2016/02/20 19:51:04 ET
Table 'Iridium' 10-max Seat #5 is the button
Seat 5: sirray2016 ($131.72 in chips)
Seat 7: BuzovaPro ($94.65 in chips)
sirray2016: posts small blind $1
BuzovaPro: posts big blind $3
*** HOLE CARDS ***
sirray2016: calls $2
BuzovaPro: raises $3 to $6
sirray2016: calls $3
*** FLOP *** [Kc 9c 3h]
BuzovaPro: bets $3
sirray2016: calls $3
*** TURN *** [Kc 9c 3h] [4h]
BuzovaPro: bets $6
sirray2016: calls $6
*** RIVER *** [Kc 9c 3h 4h] [2c]
BuzovaPro: bets $6
sirray2016: calls $6
*** SHOW DOWN ***
BuzovaPro: shows [Th Kh] (a pair of Kings)
sirray2016: mucks hand
BuzovaPro collected $41.50 from pot
*** SUMMARY ***
Total pot $42 | Rake $0.50
Board [Kc 9c 3h 4h 2c]
Seat 5: sirray2016 (button) (small blind) mucked
Seat 7: BuzovaPro (big blind) showed [Th Kh] and won ($41.50) with a pair of Kings


PokerStars Hand #149150824792:  Hold'em Limit ($3/$6 USD) - 2016/02/20 19:51:56 ET
Table 'Iridium' 10-max Seat #7 is the button
Seat 1: thekiing80 ($50 in chips)
Seat 7: BuzovaPro ($115.15 in chips)
BuzovaPro: posts small blind $1
thekiing80: posts big blind $3
*** HOLE CARDS ***
BuzovaPro: raises $3 to $6
thekiing80: calls $3
*** FLOP *** [4d Ts 2h]
thekiing80: checks
BuzovaPro: checks
*** TURN *** [4d Ts 2h] [9d]
thekiing80: checks
BuzovaPro: bets $6
thekiing80: calls $6
*** RIVER *** [4d Ts 2h 9d] [Jd]
thekiing80: checks
BuzovaPro: bets $6
thekiing80: folds
Uncalled bet ($6) returned to BuzovaPro
BuzovaPro collected $23.52 from pot
BuzovaPro: doesn't show hand
*** SUMMARY ***
Total pot $24 | Rake $0.48
Board [4d Ts 2h 9d Jd]
Seat 1: thekiing80 (big blind) folded on the River
Seat 7: BuzovaPro (button) (small blind) collected ($23.52)


PokerStars Hand #149151051679:  Hold'em Limit ($3/$6 USD) - 2016/02/20 19:58:25 ET
Table 'Iridium' 10-max Seat #5 is the button
Seat 1: thekiing80 ($30.01 in chips)
Seat 5: sirray2016 ($46.70 in chips)
sirray2016: posts small blind $1
thekiing80: posts big blind $3
*** HOLE CARDS ***
sirray2016: raises $3 to $6
thekiing80: calls $3
*** FLOP *** [2d Td 8s]
thekiing80: checks
sirray2016: checks
*** TURN *** [2d Td 8s] [4s]
thekiing80: bets $6
sirray2016: raises $6 to $12
thekiing80: raises $6 to $18
sirray2016: raises $6 to $24
Betting is capped
thekiing80: calls $6
*** RIVER *** [2d Td 8s 4s] [As]
thekiing80: bets $0.01 and is all-in
sirray2016: calls $0.01
*** SHOW DOWN ***
thekiing80: shows [Qc 3h] (high card Ace)
sirray2016: shows [2h Kh] (a pair of Deuces)
sirray2016 collected $59.52 from pot
thekiing80 leaves the table
*** SUMMARY ***
Total pot $60.02 | Rake $0.50
Board [2d Td 8s 4s As]
Seat 1: thekiing80 (big blind) showed [Qc 3h] and lost with high card Ace
Seat 5: sirray2016 (button) (small blind) showed [2h Kh] and won ($59.52) with a pair of Deuces


PokerStars Hand #149151069767:  Hold'em Limit ($3/$6 USD) - 2016/02/20 19:58:58 ET
Table 'Iridium' 10-max Seat #6 is the button
Seat 5: sirray2016 ($76.21 in chips)
Seat 6: BuzovaPro ($72 in chips)
sirray2016 said, "hi"
BuzovaPro said, ""
BuzovaPro said, "hi"
BuzovaPro: posts small blind $1
sirray2016: posts big blind $3
*** HOLE CARDS ***
BuzovaPro: raises $3 to $6
sirray2016: calls $3
*** FLOP *** [7s 6c 2h]
sirray2016: checks
BuzovaPro: bets $3
sirray2016: calls $3
*** TURN *** [7s 6c 2h] [8s]
sirray2016: bets $6
thekiing80 joins the table at seat #7
BuzovaPro: calls $6
*** RIVER *** [7s 6c 2h 8s] [Jc]
sirray2016: bets $6
BuzovaPro: calls $6
*** SHOW DOWN ***
sirray2016: shows [9c Kh] (high card King)
BuzovaPro: shows [8d 7d] (two pair, Eights and Sevens)
BuzovaPro collected $41.50 from pot
*** SUMMARY ***
Total pot $42 | Rake $0.50
Board [7s 6c 2h 8s Jc]
Seat 5: sirray2016 (big blind) showed [9c Kh] and lost with high card King
Seat 6: BuzovaPro (button) (small blind) showed [8d 7d] and won ($41.50) with two pair, Eights and Sevens


PokerStars Hand #149151048355:  Hold'em Limit ($3/$6 USD) - 2016/02/20 19:58:21 ET
Table 'Iridium' 10-max Seat #1 is the button
Seat 1: thekiing80 ($31.01 in chips)
Seat 5: sirray2016 ($45.70 in chips)
thekiing80: posts small blind $1
sirray2016: posts big blind $3
*** HOLE CARDS ***
thekiing80: folds
Uncalled bet ($2) returned to sirray2016
sirray2016 collected $2 from pot
*** SUMMARY ***
Total pot $2 | Rake $0
Seat 1: thekiing80 (button) (small blind) folded before Flop
Seat 5: sirray2016 (big blind) collected ($2)


PokerStars Hand #149151033624:  Hold'em Limit ($3/$6 USD) - 2016/02/20 19:58:03 ET
Table 'Iridium' 10-max Seat #5 is the button
Seat 1: thekiing80 ($54.11 in chips)
Seat 5: sirray2016 ($23.10 in chips)
sirray2016: posts small blind $1
BuzovaPro: is sitting out
thekiing80: posts big blind $3
*** HOLE CARDS ***
sirray2016: raises $3 to $6
thekiing80: raises $3 to $9
BuzovaPro leaves the table
sirray2016: calls $3
*** FLOP *** [6c Ts 6s]
thekiing80: bets $3
sirray2016: calls $3
*** TURN *** [6c Ts 6s] [3s]
thekiing80: bets $6
sirray2016: calls $6
*** RIVER *** [6c Ts 6s 3s] [6h]
thekiing80: bets $6
sirray2016: calls $5.10 and is all-in
Uncalled bet ($0.90) returned to thekiing80
*** SHOW DOWN ***
thekiing80: shows [8d Ah] (three of a kind, Sixes)
sirray2016: shows [4h 4d] (a full house, Sixes full of Fours)
sirray2016 collected $45.70 from pot
*** SUMMARY ***
Total pot $46.20 | Rake $0.50
Board [6c Ts 6s 3s 6h]
Seat 1: thekiing80 (big blind) showed [8d Ah] and lost with three of a kind, Sixes
Seat 5: sirray2016 (button) (small blind) showed [4h 4d] and won ($45.70) with a full house, Sixes full of Fours


PokerStars Hand #149151134179:  Hold'em Limit ($3/$6 USD) - 2016/02/20 20:00:58 ET
Table 'Iridium' 10-max Seat #7 is the button
Seat 5: sirray2016 ($49.21 in chips)
Seat 7: thekiing80 ($71.76 in chips)
thekiing80: posts small blind $1
sirray2016: posts big blind $3
*** HOLE CARDS ***
thekiing80: raises $3 to $6
sirray2016: folds
Uncalled bet ($3) returned to thekiing80
thekiing80 collected $6 from pot
thekiing80: doesn't show hand
*** SUMMARY ***
Total pot $6 | Rake $0
Seat 5: sirray2016 (big blind) folded before Flop
Seat 7: thekiing80 (button) (small blind) collected ($6)


PokerStars Hand #149151096546:  Hold'em Limit ($3/$6 USD) - 2016/02/20 19:59:49 ET
Table 'Iridium' 10-max Seat #5 is the button
Seat 5: sirray2016 ($55.21 in chips)
Seat 7: thekiing80 ($66 in chips)
sirray2016: posts small blind $1
thekiing80: posts big blind $3
*** HOLE CARDS ***
sirray2016: calls $2
thekiing80 said, "why doeshe/she always leave?"
sirray2016 said, "no idea"
thekiing80: checks
*** FLOP *** [Qh Qd Kh]
thekiing80: checks
sirray2016: bets $3
thekiing80: calls $3
*** TURN *** [Qh Qd Kh] [3s]
thekiing80: checks
sirray2016: checks
*** RIVER *** [Qh Qd Kh 3s] [5s]
thekiing80: bets $6
sirray2016: folds
Uncalled bet ($6) returned to thekiing80
thekiing80 collected $11.76 from pot
thekiing80: doesn't show hand
*** SUMMARY ***
Total pot $12 | Rake $0.24
Board [Qh Qd Kh 3s 5s]
Seat 5: sirray2016 (button) (small blind) folded on the River
Seat 7: thekiing80 (big blind) collected ($11.76)


PokerStars Hand #149151155373:  Hold'em Limit ($3/$6 USD) - 2016/02/20 20:01:34 ET
Table 'Iridium' 10-max Seat #7 is the button
Seat 5: sirray2016 ($31.21 in chips)
Seat 7: thekiing80 ($89.26 in chips)
thekiing80: posts small blind $1
sirray2016: posts big blind $3
*** HOLE CARDS ***
thekiing80: folds
Uncalled bet ($2) returned to sirray2016
sirray2016 collected $2 from pot
*** SUMMARY ***
Total pot $2 | Rake $0
Seat 5: sirray2016 (big blind) collected ($2)
Seat 7: thekiing80 (button) (small blind) folded before Flop


PokerStars Hand #149151158311:  Hold'em Limit ($3/$6 USD) - 2016/02/20 20:01:39 ET
Table 'Iridium' 10-max Seat #5 is the button
Seat 5: sirray2016 ($32.21 in chips)
Seat 7: thekiing80 ($88.26 in chips)
sirray2016: posts small blind $1
thekiing80: posts big blind $3
*** HOLE CARDS ***
sirray2016: calls $2
thekiing80: checks
*** FLOP *** [9h Kc Ad]
thekiing80: checks
sirray2016: checks
*** TURN *** [9h Kc Ad] [Jd]
thekiing80: checks
sirray2016: bets $6
thekiing80: folds
Uncalled bet ($6) returned to sirray2016
sirray2016 collected $5.88 from pot
*** SUMMARY ***
Total pot $6 | Rake $0.12
Board [9h Kc Ad Jd]
Seat 5: sirray2016 (button) (small blind) collected ($5.88)
Seat 7: thekiing80 (big blind) folded on the Turn


PokerStars Hand #149151138221:  Hold'em Limit ($3/$6 USD) - 2016/02/20 20:01:05 ET
Table 'Iridium' 10-max Seat #5 is the button
Seat 5: sirray2016 ($46.21 in chips)
Seat 7: thekiing80 ($74.76 in chips)
sirray2016: posts small blind $1
thekiing80: posts big blind $3
*** HOLE CARDS ***
sirray2016: raises $3 to $6
thekiing80: calls $3
*** FLOP *** [Ah 5c 8s]
thekiing80: checks
sirray2016: bets $3
thekiing80: calls $3
*** TURN *** [Ah 5c 8s] [Jd]
thekiing80: checks
sirray2016: checks
*** RIVER *** [Ah 5c 8s Jd] [3d]
thekiing80: bets $6
sirray2016: calls $6
*** SHOW DOWN ***
thekiing80: shows [Js 5s] (two pair, Jacks and Fives)
sirray2016: mucks hand
thekiing80 collected $29.50 from pot
*** SUMMARY ***
Total pot $30 | Rake $0.50
Board [Ah 5c 8s Jd 3d]
Seat 5: sirray2016 (button) (small blind) mucked
Seat 7: thekiing80 (big blind) showed [Js 5s] and won ($29.50) with two pair, Jacks and Fives


PokerStars Hand #149151186779:  Hold'em Limit ($3/$6 USD) - 2016/02/20 20:02:26 ET
Table 'Iridium' 10-max Seat #7 is the button
Seat 5: sirray2016 ($55.59 in chips)
Seat 7: thekiing80 ($64.26 in chips)
thekiing80: posts small blind $1
sirray2016: posts big blind $3
*** HOLE CARDS ***
thekiing80: raises $3 to $6
sirray2016: raises $3 to $9
thekiing80: raises $3 to $12
Betting is capped
sirray2016: calls $3
*** FLOP *** [Ts 4h 5s]
sirray2016: checks
thekiing80: bets $3
sirray2016: calls $3
*** TURN *** [Ts 4h 5s] [4s]
sirray2016: checks
thekiing80: bets $6
sirray2016: calls $6
*** RIVER *** [Ts 4h 5s 4s] [3h]
sirray2016: checks
thekiing80: bets $6
sirray2016: calls $6
*** SHOW DOWN ***
thekiing80: shows [6c 6h] (two pair, Sixes and Fours)
sirray2016: mucks hand
thekiing80 collected $53.50 from pot
*** SUMMARY ***
Total pot $54 | Rake $0.50
Board [Ts 4h 5s 4s 3h]
Seat 5: sirray2016 (big blind) mucked
Seat 7: thekiing80 (button) (small blind) showed [6c 6h] and won ($53.50) with two pair, Sixes and Fours


PokerStars Hand #149151201250:  Hold'em Limit ($3/$6 USD) - 2016/02/20 20:02:50 ET
Table 'Iridium' 10-max Seat #5 is the button
Seat 5: sirray2016 ($28.59 in chips)
Seat 7: thekiing80 ($90.76 in chips)
sirray2016: posts small blind $1
thekiing80: posts big blind $3
*** HOLE CARDS ***
sirray2016: calls $2
thekiing80: checks
*** FLOP *** [Kh 7h 9h]
thekiing80: checks
sirray2016: bets $3
thekiing80: folds
Uncalled bet ($3) returned to sirray2016
sirray2016 collected $5.88 from pot
*** SUMMARY ***
Total pot $6 | Rake $0.12
Board [Kh 7h 9h]
Seat 5: sirray2016 (button) (small blind) collected ($5.88)
Seat 7: thekiing80 (big blind) folded on the Flop


PokerStars Hand #149151183357:  Hold'em Limit ($3/$6 USD) - 2016/02/20 20:02:20 ET
Table 'Iridium' 10-max Seat #5 is the button
Seat 5: sirray2016 ($52.59 in chips)
Seat 7: thekiing80 ($67.26 in chips)
sirray2016: posts small blind $1
thekiing80: posts big blind $3
*** HOLE CARDS ***
sirray2016: raises $3 to $6
thekiing80: folds
Uncalled bet ($3) returned to sirray2016
sirray2016 collected $6 from pot
*** SUMMARY ***
Total pot $6 | Rake $0
Seat 5: sirray2016 (button) (small blind) collected ($6)
Seat 7: thekiing80 (big blind) folded before Flop


PokerStars Hand #149151169614:  Hold'em Limit ($3/$6 USD) - 2016/02/20 20:01:58 ET
Table 'Iridium' 10-max Seat #7 is the button
Seat 5: sirray2016 ($35.09 in chips)
Seat 7: thekiing80 ($85.26 in chips)
thekiing80: posts small blind $1
sirray2016: posts big blind $3
*** HOLE CARDS ***
thekiing80: raises $3 to $6
sirray2016: raises $3 to $9
thekiing80: calls $3
*** FLOP *** [Ks Th 8c]
sirray2016: bets $3
thekiing80: calls $3
*** TURN *** [Ks Th 8c] [4d]
sirray2016: bets $6
thekiing80: calls $6
*** RIVER *** [Ks Th 8c 4d] [Td]
sirray2016: bets $6
thekiing80: folds
Uncalled bet ($6) returned to sirray2016
sirray2016 collected $35.50 from pot
*** SUMMARY ***
Total pot $36 | Rake $0.50
Board [Ks Th 8c 4d Td]
Seat 5: sirray2016 (big blind) collected ($35.50)
Seat 7: thekiing80 (button) (small blind) folded on the River


PokerStars Hand #149151211385:  Hold'em Limit ($3/$6 USD) - 2016/02/20 20:03:06 ET
Table 'Iridium' 10-max Seat #7 is the button
Seat 5: sirray2016 ($31.47 in chips)
Seat 7: thekiing80 ($87.76 in chips)
thekiing80: posts small blind $1
sirray2016 is disconnected
sirray2016 is connected
sirray2016: posts big blind $3
*** HOLE CARDS ***
thekiing80: calls $2
sirray2016: raises $3 to $6
thekiing80: calls $3
*** FLOP *** [9c 3d Kh]
sirray2016: bets $3
thekiing80: calls $3
*** TURN *** [9c 3d Kh] [As]
sirray2016: bets $6
thekiing80: folds
Uncalled bet ($6) returned to sirray2016
sirray2016 collected $17.64 from pot
*** SUMMARY ***
Total pot $18 | Rake $0.36
Board [9c 3d Kh As]
Seat 5: sirray2016 (big blind) collected ($17.64)
Seat 7: thekiing80 (button) (small blind) folded on the Turn


PokerStars Hand #149151250586:  Hold'em Limit ($3/$6 USD) - 2016/02/20 20:04:10 ET
Table 'Iridium' 10-max Seat #7 is the button
Seat 5: sirray2016 ($43.11 in chips)
Seat 7: thekiing80 ($75.76 in chips)
thekiing80: posts small blind $1
sirray2016: posts big blind $3
*** HOLE CARDS ***
thekiing80: raises $3 to $6
sirray2016: calls $3
*** FLOP *** [Tc 7d 5h]
sirray2016: checks
thekiing80: bets $3
sirray2016: calls $3
*** TURN *** [Tc 7d 5h] [7h]
sirray2016: checks
thekiing80: checks
*** RIVER *** [Tc 7d 5h 7h] [Jc]
sirray2016: bets $6
thekiing80: calls $6
*** SHOW DOWN ***
sirray2016: shows [9s 4c] (a pair of Sevens)
thekiing80: shows [2h Ad] (a pair of Sevens - Ace kicker)
thekiing80 collected $29.50 from pot
*** SUMMARY ***
Total pot $30 | Rake $0.50
Board [Tc 7d 5h 7h Jc]
Seat 5: sirray2016 (big blind) showed [9s 4c] and lost with a pair of Sevens
Seat 7: thekiing80 (button) (small blind) showed [2h Ad] and won ($29.50) with a pair of Sevens


PokerStars Hand #149151267478:  Hold'em Limit ($3/$6 USD) - 2016/02/20 20:04:38 ET
Table 'Iridium' 10-max Seat #5 is the button
Seat 5: sirray2016 ($28.11 in chips)
Seat 7: thekiing80 ($90.26 in chips)
sirray2016: posts small blind $1
thekiing80: posts big blind $3
*** HOLE CARDS ***
sirray2016: raises $3 to $6
thekiing80: raises $3 to $9
sirray2016: raises $3 to $12
Betting is capped
thekiing80: calls $3
*** FLOP *** [As 6d Qc]
thekiing80: checks
sirray2016: bets $3
thekiing80: calls $3
*** TURN *** [As 6d Qc] [Ad]
thekiing80: checks
sirray2016: bets $6
thekiing80: calls $6
*** RIVER *** [As 6d Qc Ad] [3d]
thekiing80: checks
sirray2016: bets $6
thekiing80: raises $6 to $12
sirray2016: calls $1.11 and is all-in
Uncalled bet ($4.89) returned to thekiing80
*** SHOW DOWN ***
thekiing80: shows [Th Ah] (three of a kind, Aces)
sirray2016: shows [Kc Qh] (two pair, Aces and Queens)
thekiing80 collected $55.72 from pot
*** SUMMARY ***
Total pot $56.22 | Rake $0.50
Board [As 6d Qc Ad 3d]
Seat 5: sirray2016 (button) (small blind) showed [Kc Qh] and lost with two pair, Aces and Queens
Seat 7: thekiing80 (big blind) showed [Th Ah] and won ($55.72) with three of a kind, Aces


PokerStars Hand #149151247339:  Hold'em Limit ($3/$6 USD) - 2016/02/20 20:04:05 ET
Table 'Iridium' 10-max Seat #5 is the button
Seat 5: sirray2016 ($40.11 in chips)
Seat 7: thekiing80 ($78.76 in chips)
sirray2016: posts small blind $1
thekiing80: posts big blind $3
*** HOLE CARDS ***
sirray2016: raises $3 to $6
thekiing80: folds
Uncalled bet ($3) returned to sirray2016
sirray2016 collected $6 from pot
*** SUMMARY ***
Total pot $6 | Rake $0
Seat 5: sirray2016 (button) (small blind) collected ($6)
Seat 7: thekiing80 (big blind) folded before Flop


PokerStars Hand #149163688864:  Hold'em Limit ($3/$6 USD) - 2016/02/21 4:50:19 ET
Table 'Iridium' 10-max Seat #5 is the button
Seat 1: VolkovDmitri ($134.50 in chips)
Seat 5: kulinichvm ($34.34 in chips)
kulinichvm: posts small blind $1
VolkovDmitri: posts big blind $3
*** HOLE CARDS ***
kulinichvm: calls $2
VolkovDmitri: checks
*** FLOP *** [Js 2h 8c]
VolkovDmitri: checks
kulinichvm: checks
*** TURN *** [Js 2h 8c] [Th]
VolkovDmitri: bets $6
kulinichvm: raises $6 to $12
kolaz03 joins the table at seat #6
VolkovDmitri: calls $6
*** RIVER *** [Js 2h 8c Th] [9d]
VolkovDmitri: checks
kulinichvm: bets $6
VolkovDmitri: folds
Uncalled bet ($6) returned to kulinichvm
kulinichvm collected $29.50 from pot
*** SUMMARY ***
Total pot $30 | Rake $0.50
Board [Js 2h 8c Th 9d]
Seat 1: VolkovDmitri (big blind) folded on the River
Seat 5: kulinichvm (button) (small blind) collected ($29.50)


PokerStars Hand #149163705137:  Hold'em Limit ($3/$6 USD) - 2016/02/21 4:50:50 ET
Table 'Iridium' 10-max Seat #1 is the button
Seat 1: VolkovDmitri ($120 in chips)
Seat 5: kulinichvm ($48.84 in chips)
VolkovDmitri: posts small blind $1
kulinichvm: posts big blind $3
*** HOLE CARDS ***
VolkovDmitri: raises $3 to $6
kulinichvm: calls $3
*** FLOP *** [9c Ts Jc]
kulinichvm: checks
VolkovDmitri: bets $3
kulinichvm: raises $3 to $6
VolkovDmitri: folds
Uncalled bet ($3) returned to kulinichvm
kulinichvm collected $17.64 from pot
*** SUMMARY ***
Total pot $18 | Rake $0.36
Board [9c Ts Jc]
Seat 1: VolkovDmitri (button) (small blind) folded on the Flop
Seat 5: kulinichvm (big blind) collected ($17.64)


PokerStars Hand #149163887851:  Hold'em Limit ($3/$6 USD) - 2016/02/21 4:56:47 ET
Table 'Iridium' 10-max Seat #4 is the button
Seat 4: michehh5 ($50.53 in chips)
Seat 6: kolaz03 ($77.50 in chips)
michehh5: posts small blind $1
kolaz03: posts big blind $3
*** HOLE CARDS ***
michehh5: folds
Uncalled bet ($2) returned to kolaz03
kolaz03 collected $2 from pot
kolaz03: doesn't show hand
*** SUMMARY ***
Total pot $2 | Rake $0
Seat 4: michehh5 (button) (small blind) folded before Flop
Seat 6: kolaz03 (big blind) collected ($2)


PokerStars Hand #149163875951:  Hold'em Limit ($3/$6 USD) - 2016/02/21 4:56:22 ET
Table 'Iridium' 10-max Seat #6 is the button
Seat 4: michehh5 ($39.01 in chips)
Seat 6: kolaz03 ($89.50 in chips)
kolaz03: posts small blind $1
michehh5: posts big blind $3
*** HOLE CARDS ***
kolaz03: raises $3 to $6
michehh5: raises $3 to $9
kolaz03: calls $3
*** FLOP *** [7c 7h Qc]
michehh5: bets $3
kolaz03: calls $3
*** TURN *** [7c 7h Qc] [8h]
michehh5: bets $6
kolaz03: folds
Uncalled bet ($6) returned to michehh5
michehh5 collected $23.52 from pot
michehh5: doesn't show hand
*** SUMMARY ***
Total pot $24 | Rake $0.48
Board [7c 7h Qc 8h]
Seat 4: michehh5 (big blind) collected ($23.52)
Seat 6: kolaz03 (button) (small blind) folded on the Turn


PokerStars Hand #149163863348:  Hold'em Limit ($3/$6 USD) - 2016/02/21 4:55:56 ET
Table 'Iridium' 10-max Seat #4 is the button
Seat 4: michehh5 ($57.01 in chips)
Seat 6: kolaz03 ($72 in chips)
michehh5: posts small blind $1
kolaz03: posts big blind $3
*** HOLE CARDS ***
michehh5: calls $2
kolaz03: raises $3 to $6
michehh5: raises $3 to $9
kolaz03: calls $3
*** FLOP *** [Qc 9h Kh]
kolaz03: checks
michehh5: bets $3
kolaz03: calls $3
*** TURN *** [Qc 9h Kh] [8s]
kolaz03: checks
michehh5: checks
*** RIVER *** [Qc 9h Kh 8s] [Qh]
kolaz03: checks
michehh5: bets $6
kolaz03: calls $6
*** SHOW DOWN ***
michehh5: shows [Ac 4h] (a pair of Queens)
kolaz03: shows [Ts Tc] (two pair, Queens and Tens)
kolaz03 collected $35.50 from pot
*** SUMMARY ***
Total pot $36 | Rake $0.50
Board [Qc 9h Kh 8s Qh]
Seat 4: michehh5 (button) (small blind) showed [Ac 4h] and lost with a pair of Queens
Seat 6: kolaz03 (big blind) showed [Ts Tc] and won ($35.50) with two pair, Queens and Tens


PokerStars Hand #149163859833:  Hold'em Limit ($3/$6 USD) - 2016/02/21 4:55:48 ET
Table 'Iridium' 10-max Seat #6 is the button
Seat 4: michehh5 ($56.01 in chips)
Seat 6: kolaz03 ($72 in chips)
kolaz03: posts small blind $1
El Fumador: is sitting out
michehh5: posts big blind $3
*** HOLE CARDS ***
El Fumador leaves the table
kolaz03: folds
Uncalled bet ($2) returned to michehh5
michehh5 collected $2 from pot
michehh5: doesn't show hand
*** SUMMARY ***
Total pot $2 | Rake $0
Seat 4: michehh5 (big blind) collected ($2)
Seat 6: kolaz03 (button) (small blind) folded before Flop


PokerStars Hand #149163890304:  Hold'em Limit ($3/$6 USD) - 2016/02/21 4:56:52 ET
Table 'Iridium' 10-max Seat #6 is the button
Seat 4: michehh5 ($49.53 in chips)
Seat 6: kolaz03 ($78.50 in chips)
kolaz03: posts small blind $1
michehh5: posts big blind $3
*** HOLE CARDS ***
kolaz03: raises $3 to $6
michehh5: calls $3
*** FLOP *** [9s 6s Jh]
michehh5: checks
kolaz03: bets $3
michehh5: calls $3
*** TURN *** [9s 6s Jh] [Ts]
michehh5: checks
kolaz03: bets $6
michehh5: calls $6
*** RIVER *** [9s 6s Jh Ts] [Ad]
michehh5: checks
kolaz03: bets $6
michehh5: raises $6 to $12
kolaz03: raises $6 to $18
michehh5: calls $6
*** SHOW DOWN ***
kolaz03: shows [Qc 8h] (a straight, Eight to Queen)
michehh5: mucks hand
kolaz03 collected $65.50 from pot
*** SUMMARY ***
Total pot $66 | Rake $0.50
Board [9s 6s Jh Ts Ad]
Seat 4: michehh5 (big blind) mucked
Seat 6: kolaz03 (button) (small blind) showed [Qc 8h] and won ($65.50) with a straight, Eight to Queen


PokerStars Hand #149163911501:  Hold'em Limit ($3/$6 USD) - 2016/02/21 4:57:36 ET
Table 'Iridium' 10-max Seat #4 is the button
Seat 4: michehh5 ($16.53 in chips)
Seat 6: kolaz03 ($111 in chips)
michehh5: posts small blind $1
kolaz03: posts big blind $3
*** HOLE CARDS ***
michehh5: raises $3 to $6
kolaz03: raises $3 to $9
michehh5: calls $3
*** FLOP *** [5d 7s 5c]
kolaz03: bets $3
michehh5: calls $3
*** TURN *** [5d 7s 5c] [Kd]
kolaz03: bets $6
michehh5: calls $4.53 and is all-in
Uncalled bet ($1.47) returned to kolaz03
*** RIVER *** [5d 7s 5c Kd] [4c]
*** SHOW DOWN ***
kolaz03: shows [9h Qs] (a pair of Fives)
michehh5: shows [Kh Qd] (two pair, Kings and Fives)
michehh5 collected $32.56 from pot
*** SUMMARY ***
Total pot $33.06 | Rake $0.50
Board [5d 7s 5c Kd 4c]
Seat 4: michehh5 (button) (small blind) showed [Kh Qd] and won ($32.56) with two pair, Kings and Fives
Seat 6: kolaz03 (big blind) showed [9h Qs] and lost with a pair of Fives


PokerStars Hand #149163957313:  Hold'em Limit ($3/$6 USD) - 2016/02/21 4:58:47 ET
Table 'Iridium' 10-max Seat #6 is the button
Seat 4: michehh5 ($55.94 in chips)
Seat 6: kolaz03 ($72 in chips)
kolaz03: posts small blind $1
michehh5: posts big blind $3
*** HOLE CARDS ***
kolaz03: folds
Uncalled bet ($2) returned to michehh5
michehh5 collected $2 from pot
michehh5: doesn't show hand
*** SUMMARY ***
Total pot $2 | Rake $0
Seat 4: michehh5 (big blind) collected ($2)
Seat 6: kolaz03 (button) (small blind) folded before Flop


PokerStars Hand #149163944535:  Hold'em Limit ($3/$6 USD) - 2016/02/21 4:58:26 ET
Table 'Iridium' 10-max Seat #4 is the button
Seat 4: michehh5 ($53.06 in chips)
Seat 6: kolaz03 ($73.47 in chips)
michehh5: posts small blind $1
kolaz03: posts big blind $3
*** HOLE CARDS ***
michehh5: calls $2
Ale4o joins the table at seat #5
kolaz03: checks
*** FLOP *** [Jc Tc 2h]
kolaz03: checks
michehh5: checks
*** TURN *** [Jc Tc 2h] [5h]
kolaz03: checks
michehh5: checks
*** RIVER *** [Jc Tc 2h 5h] [Ac]
kolaz03: checks
michehh5: checks
*** SHOW DOWN ***
kolaz03: shows [Kd 6s] (high card Ace)
michehh5: shows [Ks 8h] (high card Ace - King+Jack+Ten+Eight kicker)
michehh5 collected $5.88 from pot
*** SUMMARY ***
Total pot $6 | Rake $0.12
Board [Jc Tc 2h 5h Ac]
Seat 4: michehh5 (button) (small blind) showed [Ks 8h] and won ($5.88) with high card Ace
Seat 6: kolaz03 (big blind) showed [Kd 6s] and lost with high card Ace


PokerStars Hand #149163920128:  Hold'em Limit ($3/$6 USD) - 2016/02/21 4:57:54 ET
Table 'Iridium' 10-max Seat #6 is the button
Seat 4: michehh5 ($32.56 in chips)
Seat 6: kolaz03 ($94.47 in chips)
kolaz03: posts small blind $1
michehh5: posts big blind $3
*** HOLE CARDS ***
kolaz03: raises $3 to $6
michehh5: calls $3
*** FLOP *** [2c 3c 6c]
michehh5: checks
kolaz03: bets $3
michehh5: calls $3
*** TURN *** [2c 3c 6c] [4h]
michehh5: checks
kolaz03: bets $6
michehh5: raises $6 to $12
kolaz03: calls $6
*** RIVER *** [2c 3c 6c 4h] [9c]
michehh5: bets $6
kolaz03: folds
Uncalled bet ($6) returned to michehh5
michehh5 collected $41.50 from pot
michehh5: doesn't show hand
*** SUMMARY ***
Total pot $42 | Rake $0.50
Board [2c 3c 6c 4h 9c]
Seat 4: michehh5 (big blind) collected ($41.50)
Seat 6: kolaz03 (button) (small blind) folded on the River


PokerStars Hand #149163970079:  Hold'em Limit ($3/$6 USD) - 2016/02/21 4:59:13 ET
Table 'Iridium' 10-max Seat #5 is the button
Seat 4: michehh5 ($62.58 in chips)
Seat 5: Ale4o ($114 in chips)
Ale4o: posts small blind $1
michehh5: posts big blind $3
*** HOLE CARDS ***
Ale4o: folds
Uncalled bet ($2) returned to michehh5
michehh5 collected $2 from pot
michehh5: doesn't show hand
*** SUMMARY ***
Total pot $2 | Rake $0
Seat 4: michehh5 (big blind) collected ($2)
Seat 5: Ale4o (button) (small blind) folded before Flop


PokerStars Hand #149163982068:  Hold'em Limit ($3/$6 USD) - 2016/02/21 4:59:37 ET
Table 'Iridium' 10-max Seat #5 is the button
Seat 4: michehh5 ($66.46 in chips)
Seat 5: Ale4o ($110 in chips)
Ale4o: posts small blind $1
michehh5: posts big blind $3
*** HOLE CARDS ***
Ale4o: raises $3 to $6
michehh5: folds
Uncalled bet ($3) returned to Ale4o
Ale4o collected $6 from pot
Ale4o: doesn't show hand
*** SUMMARY ***
Total pot $6 | Rake $0
Seat 4: michehh5 (big blind) folded before Flop
Seat 5: Ale4o (button) (small blind) collected ($6)


PokerStars Hand #149163973794:  Hold'em Limit ($3/$6 USD) - 2016/02/21 4:59:20 ET
Table 'Iridium' 10-max Seat #4 is the button
Seat 4: michehh5 ($63.58 in chips)
Seat 5: Ale4o ($113 in chips)
michehh5: posts small blind $1
Ale4o: posts big blind $3
*** HOLE CARDS ***
michehh5: calls $2
Ale4o: checks
*** FLOP *** [Jh Ah Qs]
Ale4o: checks
michehh5: checks
*** TURN *** [Jh Ah Qs] [9c]
Ale4o: checks
michehh5: checks
*** RIVER *** [Jh Ah Qs 9c] [7d]
Ale4o: checks
michehh5: bets $6
Ale4o: folds
Uncalled bet ($6) returned to michehh5
michehh5 collected $5.88 from pot
michehh5: doesn't show hand
*** SUMMARY ***
Total pot $6 | Rake $0.12
Board [Jh Ah Qs 9c 7d]
Seat 4: michehh5 (button) (small blind) collected ($5.88)
Seat 5: Ale4o (big blind) folded on the River


PokerStars Hand #149163987606:  Hold'em Limit ($3/$6 USD) - 2016/02/21 4:59:49 ET
Table 'Iridium' 10-max Seat #5 is the button
Seat 4: michehh5 ($62.46 in chips)
Seat 5: Ale4o ($114 in chips)
Ale4o: posts small blind $1
michehh5: posts big blind $3
*** HOLE CARDS ***
Ale4o: raises $3 to $6
michehh5: folds
Uncalled bet ($3) returned to Ale4o
Ale4o collected $6 from pot
Ale4o: doesn't show hand
*** SUMMARY ***
Total pot $6 | Rake $0
Seat 4: michehh5 (big blind) folded before Flop
Seat 5: Ale4o (button) (small blind) collected ($6)


PokerStars Hand #149163990262:  Hold'em Limit ($3/$6 USD) - 2016/02/21 4:59:54 ET
Table 'Iridium' 10-max Seat #4 is the button
Seat 4: michehh5 ($59.46 in chips)
Seat 5: Ale4o ($117 in chips)
michehh5: posts small blind $1
Ale4o: posts big blind $3
*** HOLE CARDS ***
michehh5: calls $2
Ale4o: raises $3 to $6
michehh5: raises $3 to $9
Ale4o: raises $3 to $12
Betting is capped
michehh5: calls $3
*** FLOP *** [3h 2s 2h]
Ale4o: bets $3
michehh5: raises $3 to $6
Ale4o: calls $3
*** TURN *** [3h 2s 2h] [Qh]
Ale4o: checks
michehh5: bets $6
Ale4o: calls $6
*** RIVER *** [3h 2s 2h Qh] [Ks]
Ale4o: checks
michehh5: bets $6
Ale4o: calls $6
*** SHOW DOWN ***
michehh5: shows [Kc Kh] (a full house, Kings full of Deuces)
Ale4o: mucks hand
michehh5 collected $59.50 from pot
*** SUMMARY ***
Total pot $60 | Rake $0.50
Board [3h 2s 2h Qh Ks]
Seat 4: michehh5 (button) (small blind) showed [Kc Kh] and won ($59.50) with a full house, Kings full of Deuces
Seat 5: Ale4o (big blind) mucked


PokerStars Hand #149164025228:  Hold'em Limit ($3/$6 USD) - 2016/02/21 5:01:04 ET
Table 'Iridium' 10-max Seat #4 is the button
Seat 4: michehh5 ($113.98 in chips)
Seat 5: Ale4o ($61 in chips)
michehh5: posts small blind $1
Ale4o: posts big blind $3
*** HOLE CARDS ***
michehh5: raises $3 to $6
VolkovDmitri leaves the table
Ale4o: raises $3 to $9
michehh5: calls $3
*** FLOP *** [5s 6c 7s]
Ale4o: bets $3
michehh5: calls $3
*** TURN *** [5s 6c 7s] [Jc]
Ale4o: bets $6
michehh5: calls $6
*** RIVER *** [5s 6c 7s Jc] [Ac]
Ale4o: checks
michehh5: checks
*** SHOW DOWN ***
Ale4o: shows [Kc Qh] (high card Ace)
michehh5: mucks hand
Ale4o collected $35.50 from pot
*** SUMMARY ***
Total pot $36 | Rake $0.50
Board [5s 6c 7s Jc Ac]
Seat 4: michehh5 (button) (small blind) mucked
Seat 5: Ale4o (big blind) showed [Kc Qh] and won ($35.50) with high card Ace


PokerStars Hand #149164047713:  Hold'em Limit ($3/$6 USD) - 2016/02/21 5:01:47 ET
Table 'Iridium' 10-max Seat #4 is the button
Seat 4: michehh5 ($62.98 in chips)
Seat 5: Ale4o ($111 in chips)
michehh5: posts small blind $1
Ale4o: posts big blind $3
*** HOLE CARDS ***
michehh5: raises $3 to $6
Ale4o: folds
Uncalled bet ($3) returned to michehh5
michehh5 collected $6 from pot
michehh5: doesn't show hand
*** SUMMARY ***
Total pot $6 | Rake $0
Seat 4: michehh5 (button) (small blind) collected ($6)
Seat 5: Ale4o (big blind) folded before Flop


PokerStars Hand #149164035117:  Hold'em Limit ($3/$6 USD) - 2016/02/21 5:01:23 ET
Table 'Iridium' 10-max Seat #5 is the button
Seat 4: michehh5 ($95.98 in chips)
Seat 5: Ale4o ($78.50 in chips)
Ale4o: posts small blind $1
michehh5: posts big blind $3
*** HOLE CARDS ***
Ale4o: raises $3 to $6
michehh5: calls $3
*** FLOP *** [Jh 2d Ks]
michehh5: checks
Ale4o: bets $3
michehh5: calls $3
*** TURN *** [Jh 2d Ks] [4s]
michehh5: checks
Ale4o: bets $6
michehh5: raises $6 to $12
Ale4o: calls $6
*** RIVER *** [Jh 2d Ks 4s] [As]
michehh5: bets $6
Ale4o: raises $6 to $12
michehh5: calls $6
*** SHOW DOWN ***
Ale4o: shows [8s 5s] (a flush, Ace high)
michehh5: mucks hand
Ale4o collected $65.50 from pot
*** SUMMARY ***
Total pot $66 | Rake $0.50
Board [Jh 2d Ks 4s As]
Seat 4: michehh5 (big blind) mucked
Seat 5: Ale4o (button) (small blind) showed [8s 5s] and won ($65.50) with a flush, Ace high


PokerStars Hand #149164013497:  Hold'em Limit ($3/$6 USD) - 2016/02/21 5:00:41 ET
Table 'Iridium' 10-max Seat #5 is the button
Seat 4: michehh5 ($99.48 in chips)
Seat 5: Ale4o ($76 in chips)
Ale4o: posts small blind $1
michehh5: posts big blind $3
*** HOLE CARDS ***
Ale4o: raises $3 to $6
michehh5: calls $3
*** FLOP *** [Ah 6h 9c]
michehh5: checks
Ale4o: bets $3
michehh5: calls $3
*** TURN *** [Ah 6h 9c] [Th]
michehh5: checks
Ale4o: bets $6
michehh5: calls $6
*** RIVER *** [Ah 6h 9c Th] [8h]
michehh5: checks
Ale4o: checks
*** SHOW DOWN ***
michehh5: shows [8d 9h] (a flush, Ace high)
Ale4o: mucks hand
michehh5 collected $29.50 from pot
*** SUMMARY ***
Total pot $30 | Rake $0.50
Board [Ah 6h 9c Th 8h]
Seat 4: michehh5 (big blind) showed [8d 9h] and won ($29.50) with a flush, Ace high
Seat 5: Ale4o (button) (small blind) mucked


PokerStars Hand #149164069528:  Hold'em Limit ($3/$6 USD) - 2016/02/21 5:02:27 ET
Table 'Iridium' 10-max Seat #4 is the button
Seat 4: michehh5 ($86.48 in chips)
Seat 5: Ale4o ($87 in chips)
michehh5: posts small blind $1
Ale4o: posts big blind $3
*** HOLE CARDS ***
michehh5: calls $2
Ale4o: checks
*** FLOP *** [Js Jc 9s]
Ale4o: checks
michehh5: checks
*** TURN *** [Js Jc 9s] [9c]
Ale4o: checks
michehh5: bets $6
Ale4o: folds
Uncalled bet ($6) returned to michehh5
michehh5 collected $5.88 from pot
michehh5: doesn't show hand
*** SUMMARY ***
Total pot $6 | Rake $0.12
Board [Js Jc 9s 9c]
Seat 4: michehh5 (button) (small blind) collected ($5.88)
Seat 5: Ale4o (big blind) folded on the Turn


PokerStars Hand #149164056958:  Hold'em Limit ($3/$6 USD) - 2016/02/21 5:02:03 ET
Table 'Iridium' 10-max Seat #5 is the button
Seat 4: michehh5 ($65.98 in chips)
Seat 5: Ale4o ($108 in chips)
Ale4o: posts small blind $1
michehh5: posts big blind $3
*** HOLE CARDS ***
Ale4o: raises $3 to $6
michehh5: raises $3 to $9
Ale4o: calls $3
*** FLOP *** [4h Qh Tc]
michehh5: checks
Ale4o: checks
*** TURN *** [4h Qh Tc] [Ah]
gazzzzzza joins the table at seat #6
michehh5: bets $6
Ale4o: calls $6
*** RIVER *** [4h Qh Tc Ah] [6h]
michehh5: bets $6
Ale4o: calls $6
*** SHOW DOWN ***
michehh5: shows [9h 9d] (a flush, Ace high)
Ale4o: mucks hand
michehh5 collected $41.50 from pot
*** SUMMARY ***
Total pot $42 | Rake $0.50
Board [4h Qh Tc Ah 6h]
Seat 4: michehh5 (big blind) showed [9h 9d] and won ($41.50) with a flush, Ace high
Seat 5: Ale4o (button) (small blind) mucked


PokerStars Hand #149164051948:  Hold'em Limit ($3/$6 USD) - 2016/02/21 5:01:54 ET
Table 'Iridium' 10-max Seat #5 is the button
Seat 4: michehh5 ($65.98 in chips)
Seat 5: Ale4o ($108 in chips)
Ale4o: posts small blind $1
michehh5: posts big blind $3
*** HOLE CARDS ***
Ale4o: folds
Uncalled bet ($2) returned to michehh5
michehh5 collected $2 from pot
michehh5: doesn't show hand
*** SUMMARY ***
Total pot $2 | Rake $0
Seat 4: michehh5 (big blind) collected ($2)
Seat 5: Ale4o (button) (small blind) folded before Flop


PokerStars Hand #149164396722:  Hold'em Limit ($3/$6 USD) - 2016/02/21 5:12:08 ET
Table 'Iridium' 10-max Seat #9 is the button
Seat 1: VolkovDmitri ($158.21 in chips)
Seat 9: veterankwu ($36.31 in chips)
veterankwu: posts small blind $1
VolkovDmitri: posts big blind $3
*** HOLE CARDS ***
veterankwu: raises $3 to $6
VolkovDmitri: calls $3
*** FLOP *** [8s Qc 3d]
VolkovDmitri: checks
veterankwu: bets $3
VolkovDmitri: folds
Uncalled bet ($3) returned to veterankwu
veterankwu collected $11.76 from pot
veterankwu: doesn't show hand
*** SUMMARY ***
Total pot $12 | Rake $0.24
Board [8s Qc 3d]
Seat 1: VolkovDmitri (big blind) folded on the Flop
Seat 9: veterankwu (button) (small blind) collected ($11.76)


