PokerStars Hand #156886881701:  Hold'em Limit ($3/$6 USD) - 2016/08/05 6:02:49 ET
Table 'Iris' 10-max Seat #10 is the button
Seat 1: Ag3r0n ($72 in chips)
Seat 10: Piparipoker ($129.64 in chips)
Piparipoker: posts small blind $1
Ag3r0n: posts big blind $3
*** HOLE CARDS ***
Piparipoker: folds
Uncalled bet ($2) returned to Ag3r0n
Ag3r0n collected $2 from pot
*** SUMMARY ***
Total pot $2 | Rake $0
Seat 1: Ag3r0n (big blind) collected ($2)
Seat 10: Piparipoker (button) (small blind) folded before Flop


PokerStars Hand #156886880049:  Hold'em Limit ($3/$6 USD) - 2016/08/05 6:02:45 ET
Table 'Iris' 10-max Seat #1 is the button
Seat 1: Ag3r0n ($72 in chips)
Seat 10: Piparipoker ($128.64 in chips)
Ag3r0n: posts small blind $1
Piparipoker: posts big blind $3
*** HOLE CARDS ***
Ag3r0n: folds
Uncalled bet ($2) returned to Piparipoker
Piparipoker collected $2 from pot
Piparipoker: doesn't show hand
*** SUMMARY ***
Total pot $2 | Rake $0
Seat 1: Ag3r0n (button) (small blind) folded before Flop
Seat 10: Piparipoker (big blind) collected ($2)


PokerStars Hand #156886869768:  Hold'em Limit ($3/$6 USD) - 2016/08/05 6:02:17 ET
Table 'Iris' 10-max Seat #10 is the button
Seat 1: Ag3r0n ($72 in chips)
Seat 10: Piparipoker ($120 in chips)
Piparipoker: posts small blind $1
Ag3r0n: posts big blind $3
*** HOLE CARDS ***
Piparipoker: raises $3 to $6
Ag3r0n: calls $3
*** FLOP *** [6c 8h Tc]
Ag3r0n: checks
Piparipoker: bets $3
Ag3r0n: calls $3
*** TURN *** [6c 8h Tc] [9c]
Ag3r0n: checks
Piparipoker: bets $6
Ag3r0n: folds
Uncalled bet ($6) returned to Piparipoker
Piparipoker collected $17.64 from pot
Piparipoker: doesn't show hand
*** SUMMARY ***
Total pot $18 | Rake $0.36
Board [6c 8h Tc 9c]
Seat 1: Ag3r0n (big blind) folded on the Turn
Seat 10: Piparipoker (button) (small blind) collected ($17.64)


PokerStars Hand #156886896122:  Hold'em Limit ($3/$6 USD) - 2016/08/05 6:03:28 ET
Table 'Iris' 10-max Seat #10 is the button
Seat 1: Ag3r0n ($72 in chips)
Seat 10: Piparipoker ($137.28 in chips)
Piparipoker: posts small blind $1
Ag3r0n: posts big blind $3
*** HOLE CARDS ***
Piparipoker: folds
Uncalled bet ($2) returned to Ag3r0n
Ag3r0n collected $2 from pot
*** SUMMARY ***
Total pot $2 | Rake $0
Seat 1: Ag3r0n (big blind) collected ($2)
Seat 10: Piparipoker (button) (small blind) folded before Flop


PokerStars Hand #156886894516:  Hold'em Limit ($3/$6 USD) - 2016/08/05 6:03:23 ET
Table 'Iris' 10-max Seat #1 is the button
Seat 1: Ag3r0n ($73 in chips)
Seat 10: Piparipoker ($136.28 in chips)
Ag3r0n: posts small blind $1
Piparipoker: posts big blind $3
*** HOLE CARDS ***
Ag3r0n: folds
Uncalled bet ($2) returned to Piparipoker
Piparipoker collected $2 from pot
Piparipoker: doesn't show hand
*** SUMMARY ***
Total pot $2 | Rake $0
Seat 1: Ag3r0n (button) (small blind) folded before Flop
Seat 10: Piparipoker (big blind) collected ($2)


PokerStars Hand #156886892552:  Hold'em Limit ($3/$6 USD) - 2016/08/05 6:03:18 ET
Table 'Iris' 10-max Seat #10 is the button
Seat 1: Ag3r0n ($72 in chips)
Seat 10: Piparipoker ($137.28 in chips)
Piparipoker: posts small blind $1
Ag3r0n: posts big blind $3
*** HOLE CARDS ***
Piparipoker: folds
Uncalled bet ($2) returned to Ag3r0n
Ag3r0n collected $2 from pot
*** SUMMARY ***
Total pot $2 | Rake $0
Seat 1: Ag3r0n (big blind) collected ($2)
Seat 10: Piparipoker (button) (small blind) folded before Flop


PokerStars Hand #156886890815:  Hold'em Limit ($3/$6 USD) - 2016/08/05 6:03:14 ET
Table 'Iris' 10-max Seat #1 is the button
Seat 1: Ag3r0n ($73 in chips)
Seat 10: Piparipoker ($136.28 in chips)
Ag3r0n: posts small blind $1
Piparipoker: posts big blind $3
*** HOLE CARDS ***
Ag3r0n: folds
Uncalled bet ($2) returned to Piparipoker
Piparipoker collected $2 from pot
Piparipoker: doesn't show hand
*** SUMMARY ***
Total pot $2 | Rake $0
Seat 1: Ag3r0n (button) (small blind) folded before Flop
Seat 10: Piparipoker (big blind) collected ($2)


PokerStars Hand #156886888887:  Hold'em Limit ($3/$6 USD) - 2016/08/05 6:03:08 ET
Table 'Iris' 10-max Seat #10 is the button
Seat 1: Ag3r0n ($72 in chips)
Seat 10: Piparipoker ($137.28 in chips)
Piparipoker: posts small blind $1
Ag3r0n: posts big blind $3
*** HOLE CARDS ***
Piparipoker: folds
Uncalled bet ($2) returned to Ag3r0n
Ag3r0n collected $2 from pot
*** SUMMARY ***
Total pot $2 | Rake $0
Seat 1: Ag3r0n (big blind) collected ($2)
Seat 10: Piparipoker (button) (small blind) folded before Flop


PokerStars Hand #156886883640:  Hold'em Limit ($3/$6 USD) - 2016/08/05 6:02:54 ET
Table 'Iris' 10-max Seat #1 is the button
Seat 1: Ag3r0n ($73 in chips)
Seat 10: Piparipoker ($128.64 in chips)
Ag3r0n: posts small blind $1
Piparipoker: posts big blind $3
*** HOLE CARDS ***
Ag3r0n: raises $3 to $6
Piparipoker: calls $3
*** FLOP *** [Jc 9c 7d]
Piparipoker: checks
Ag3r0n: bets $3
Piparipoker: calls $3
*** TURN *** [Jc 9c 7d] [6h]
Piparipoker: checks
Ag3r0n: checks
*** RIVER *** [Jc 9c 7d 6h] [6c]
Piparipoker: bets $6
Ag3r0n: folds
Uncalled bet ($6) returned to Piparipoker
Piparipoker collected $17.64 from pot
Piparipoker: doesn't show hand
*** SUMMARY ***
Total pot $18 | Rake $0.36
Board [Jc 9c 7d 6h 6c]
Seat 1: Ag3r0n (button) (small blind) folded on the River
Seat 10: Piparipoker (big blind) collected ($17.64)


PokerStars Hand #156886897995:  Hold'em Limit ($3/$6 USD) - 2016/08/05 6:03:33 ET
Table 'Iris' 10-max Seat #1 is the button
Seat 1: Ag3r0n ($73 in chips)
Seat 10: Piparipoker ($136.28 in chips)
Ag3r0n: posts small blind $1
Piparipoker: posts big blind $3
*** HOLE CARDS ***
Ag3r0n: raises $3 to $6
Piparipoker: raises $3 to $9
Ag3r0n: calls $3
*** FLOP *** [Ks 8c 7c]
Piparipoker: bets $3
Ag3r0n: calls $3
*** TURN *** [Ks 8c 7c] [4s]
Piparipoker: checks
Ag3r0n: bets $6
Piparipoker: calls $6
*** RIVER *** [Ks 8c 7c 4s] [3s]
Piparipoker: checks
Ag3r0n: checks
*** SHOW DOWN ***
Piparipoker: shows [Ad 6d] (high card Ace)
Ag3r0n: shows [7d 5s] (a pair of Sevens)
Ag3r0n collected $35.50 from pot
*** SUMMARY ***
Total pot $36 | Rake $0.50
Board [Ks 8c 7c 4s 3s]
Seat 1: Ag3r0n (button) (small blind) showed [7d 5s] and won ($35.50) with a pair of Sevens
Seat 10: Piparipoker (big blind) showed [Ad 6d] and lost with high card Ace


PokerStars Hand #156886927332:  Hold'em Limit ($3/$6 USD) - 2016/08/05 6:04:51 ET
Table 'Iris' 10-max Seat #10 is the button
Seat 1: Ag3r0n ($76.76 in chips)
Seat 10: Piparipoker ($143.54 in chips)
Piparipoker: posts small blind $1
Ag3r0n: posts big blind $3
*** HOLE CARDS ***
Piparipoker: folds
Uncalled bet ($2) returned to Ag3r0n
Ag3r0n collected $2 from pot
*** SUMMARY ***
Total pot $2 | Rake $0
Seat 1: Ag3r0n (big blind) collected ($2)
Seat 10: Piparipoker (button) (small blind) folded before Flop


PokerStars Hand #156886925443:  Hold'em Limit ($3/$6 USD) - 2016/08/05 6:04:46 ET
Table 'Iris' 10-max Seat #1 is the button
Seat 1: Ag3r0n ($77.76 in chips)
Seat 10: Piparipoker ($142.54 in chips)
Ag3r0n: posts small blind $1
Piparipoker: posts big blind $3
*** HOLE CARDS ***
Ag3r0n: folds
Uncalled bet ($2) returned to Piparipoker
Piparipoker collected $2 from pot
Piparipoker: doesn't show hand
*** SUMMARY ***
Total pot $2 | Rake $0
Seat 1: Ag3r0n (button) (small blind) folded before Flop
Seat 10: Piparipoker (big blind) collected ($2)


PokerStars Hand #156886903813:  Hold'em Limit ($3/$6 USD) - 2016/08/05 6:03:48 ET
Table 'Iris' 10-max Seat #10 is the button
Seat 1: Ag3r0n ($90.50 in chips)
Seat 10: Piparipoker ($118.28 in chips)
Piparipoker: posts small blind $1
Ag3r0n: posts big blind $3
*** HOLE CARDS ***
Piparipoker: raises $3 to $6
Ag3r0n: calls $3
*** FLOP *** [As Qc 9h]
Ag3r0n: checks
Piparipoker: bets $3
Ag3r0n: folds
Uncalled bet ($3) returned to Piparipoker
Piparipoker collected $11.76 from pot
Piparipoker: doesn't show hand
*** SUMMARY ***
Total pot $12 | Rake $0.24
Board [As Qc 9h]
Seat 1: Ag3r0n (big blind) folded on the Flop
Seat 10: Piparipoker (button) (small blind) collected ($11.76)


PokerStars Hand #156886920270:  Hold'em Limit ($3/$6 USD) - 2016/08/05 6:04:32 ET
Table 'Iris' 10-max Seat #10 is the button
Seat 1: Ag3r0n ($72 in chips)
Seat 10: Piparipoker ($148.54 in chips)
Piparipoker: posts small blind $1
Ag3r0n: posts big blind $3
*** HOLE CARDS ***
Piparipoker: raises $3 to $6
Ag3r0n: calls $3
*** FLOP *** [Td Ts 9s]
Ag3r0n: checks
Piparipoker: checks
*** TURN *** [Td Ts 9s] [7h]
Ag3r0n: bets $6
Piparipoker: folds
Uncalled bet ($6) returned to Ag3r0n
Ag3r0n collected $11.76 from pot
*** SUMMARY ***
Total pot $12 | Rake $0.24
Board [Td Ts 9s 7h]
Seat 1: Ag3r0n (big blind) collected ($11.76)
Seat 10: Piparipoker (button) (small blind) folded on the Turn


PokerStars Hand #156886916023:  Hold'em Limit ($3/$6 USD) - 2016/08/05 6:04:21 ET
Table 'Iris' 10-max Seat #10 is the button
Seat 1: Ag3r0n ($72 in chips)
Seat 10: Piparipoker ($144.54 in chips)
Piparipoker: posts small blind $1
Ag3r0n: posts big blind $3
*** HOLE CARDS ***
Piparipoker: raises $3 to $6
Ag3r0n: folds
Uncalled bet ($3) returned to Piparipoker
Piparipoker collected $6 from pot
Piparipoker: doesn't show hand
*** SUMMARY ***
Total pot $6 | Rake $0
Seat 1: Ag3r0n (big blind) folded before Flop
Seat 10: Piparipoker (button) (small blind) collected ($6)


PokerStars Hand #156886910167:  Hold'em Limit ($3/$6 USD) - 2016/08/05 6:04:05 ET
Table 'Iris' 10-max Seat #1 is the button
Seat 1: Ag3r0n ($84.50 in chips)
Seat 10: Piparipoker ($124.04 in chips)
Ag3r0n: posts small blind $1
Piparipoker: posts big blind $3
*** HOLE CARDS ***
Ag3r0n: raises $3 to $6
Piparipoker: calls $3
*** FLOP *** [2s 9s Qs]
Piparipoker: bets $3
Ag3r0n: calls $3
*** TURN *** [2s 9s Qs] [9h]
Piparipoker: bets $6
Ag3r0n: calls $6
*** RIVER *** [2s 9s Qs 9h] [Ac]
Piparipoker: bets $6
Ag3r0n: calls $6
*** SHOW DOWN ***
Piparipoker: shows [Jh 9c] (three of a kind, Nines)
Ag3r0n: mucks hand
Piparipoker collected $41.50 from pot
*** SUMMARY ***
Total pot $42 | Rake $0.50
Board [2s 9s Qs 9h Ac]
Seat 1: Ag3r0n (button) (small blind) mucked
Seat 10: Piparipoker (big blind) showed [Jh 9c] and won ($41.50) with three of a kind, Nines


PokerStars Hand #156886918389:  Hold'em Limit ($3/$6 USD) - 2016/08/05 6:04:27 ET
Table 'Iris' 10-max Seat #1 is the button
Seat 1: Ag3r0n ($72 in chips)
Seat 10: Piparipoker ($147.54 in chips)
Ag3r0n: posts small blind $1
Piparipoker: posts big blind $3
*** HOLE CARDS ***
Ag3r0n: folds
Uncalled bet ($2) returned to Piparipoker
Piparipoker collected $2 from pot
Piparipoker: doesn't show hand
*** SUMMARY ***
Total pot $2 | Rake $0
Seat 1: Ag3r0n (button) (small blind) folded before Flop
Seat 10: Piparipoker (big blind) collected ($2)


PokerStars Hand #156886943583:  Hold'em Limit ($3/$6 USD) - 2016/08/05 6:05:34 ET
Table 'Iris' 10-max Seat #1 is the button
Seat 1: Ag3r0n ($77.76 in chips)
Seat 10: Piparipoker ($160.80 in chips)
Ag3r0n: posts small blind $1
Piparipoker: posts big blind $3
*** HOLE CARDS ***
Ag3r0n: raises $3 to $6
Piparipoker: raises $3 to $9
Ag3r0n: calls $3
*** FLOP *** [3d 6s 2d]
Piparipoker: bets $3
Ag3r0n: calls $3
*** TURN *** [3d 6s 2d] [Kc]
Piparipoker: checks
Ag3r0n: bets $6
Piparipoker: calls $6
*** RIVER *** [3d 6s 2d Kc] [9s]
Piparipoker: checks
Ag3r0n: checks
*** SHOW DOWN ***
Piparipoker: shows [Ah Tc] (high card Ace)
Ag3r0n: mucks hand
Piparipoker collected $35.50 from pot
*** SUMMARY ***
Total pot $36 | Rake $0.50
Board [3d 6s 2d Kc 9s]
Seat 1: Ag3r0n (button) (small blind) mucked
Seat 10: Piparipoker (big blind) showed [Ah Tc] and won ($35.50) with high card Ace


PokerStars Hand #156886940114:  Hold'em Limit ($3/$6 USD) - 2016/08/05 6:05:25 ET
Table 'Iris' 10-max Seat #10 is the button
Seat 1: Ag3r0n ($72 in chips)
Seat 10: Piparipoker ($166.80 in chips)
Piparipoker: posts small blind $1
Ag3r0n: posts big blind $3
*** HOLE CARDS ***
Piparipoker: raises $3 to $6
Ag3r0n: calls $3
*** FLOP *** [5d 4s Qs]
Ag3r0n: checks
Piparipoker: checks
*** TURN *** [5d 4s Qs] [4d]
Ag3r0n: bets $6
Piparipoker: folds
Uncalled bet ($6) returned to Ag3r0n
Ag3r0n collected $11.76 from pot
*** SUMMARY ***
Total pot $12 | Rake $0.24
Board [5d 4s Qs 4d]
Seat 1: Ag3r0n (big blind) collected ($11.76)
Seat 10: Piparipoker (button) (small blind) folded on the Turn


PokerStars Hand #156886938420:  Hold'em Limit ($3/$6 USD) - 2016/08/05 6:05:20 ET
Table 'Iris' 10-max Seat #1 is the button
Seat 1: Ag3r0n ($72 in chips)
Seat 10: Piparipoker ($165.80 in chips)
Ag3r0n: posts small blind $1
Piparipoker: posts big blind $3
*** HOLE CARDS ***
Ag3r0n: folds
Uncalled bet ($2) returned to Piparipoker
Piparipoker collected $2 from pot
Piparipoker: doesn't show hand
*** SUMMARY ***
Total pot $2 | Rake $0
Seat 1: Ag3r0n (button) (small blind) folded before Flop
Seat 10: Piparipoker (big blind) collected ($2)


PokerStars Hand #156886934932:  Hold'em Limit ($3/$6 USD) - 2016/08/05 6:05:11 ET
Table 'Iris' 10-max Seat #10 is the button
Seat 1: Ag3r0n ($72 in chips)
Seat 10: Piparipoker ($160.04 in chips)
Piparipoker: posts small blind $1
Ag3r0n: posts big blind $3
*** HOLE CARDS ***
Piparipoker: raises $3 to $6
Ag3r0n: calls $3
*** FLOP *** [8h Qh 7d]
Ag3r0n: checks
Piparipoker: bets $3
Ag3r0n: folds
Uncalled bet ($3) returned to Piparipoker
Piparipoker collected $11.76 from pot
Piparipoker: doesn't show hand
*** SUMMARY ***
Total pot $12 | Rake $0.24
Board [8h Qh 7d]
Seat 1: Ag3r0n (big blind) folded on the Flop
Seat 10: Piparipoker (button) (small blind) collected ($11.76)


PokerStars Hand #156886929314:  Hold'em Limit ($3/$6 USD) - 2016/08/05 6:04:56 ET
Table 'Iris' 10-max Seat #1 is the button
Seat 1: Ag3r0n ($77.76 in chips)
Seat 10: Piparipoker ($142.54 in chips)
Ag3r0n: posts small blind $1
Piparipoker: posts big blind $3
*** HOLE CARDS ***
Ag3r0n: raises $3 to $6
Piparipoker: raises $3 to $9
Ag3r0n: calls $3
*** FLOP *** [8s Td 8d]
Piparipoker: bets $3
Ag3r0n: calls $3
*** TURN *** [8s Td 8d] [6d]
Piparipoker: bets $6
Ag3r0n: calls $6
*** RIVER *** [8s Td 8d 6d] [9c]
Piparipoker: bets $6
Ag3r0n: folds
Uncalled bet ($6) returned to Piparipoker
Piparipoker collected $35.50 from pot
Piparipoker: doesn't show hand
*** SUMMARY ***
Total pot $36 | Rake $0.50
Board [8s Td 8d 6d 9c]
Seat 1: Ag3r0n (button) (small blind) folded on the River
Seat 10: Piparipoker (big blind) collected ($35.50)


PokerStars Hand #156886950061:  Hold'em Limit ($3/$6 USD) - 2016/08/05 6:05:51 ET
Table 'Iris' 10-max Seat #1 is the button
Seat 1: Ag3r0n ($72 in chips)
Seat 10: Piparipoker ($181.30 in chips)
Ag3r0n: posts small blind $1
Piparipoker: posts big blind $3
*** HOLE CARDS ***
Ag3r0n: raises $3 to $6
Piparipoker: raises $3 to $9
Ag3r0n: calls $3
*** FLOP *** [Ks Jd 4d]
Piparipoker: bets $3
Ag3r0n: folds
Uncalled bet ($3) returned to Piparipoker
Piparipoker collected $17.64 from pot
Piparipoker: doesn't show hand
*** SUMMARY ***
Total pot $18 | Rake $0.36
Board [Ks Jd 4d]
Seat 1: Ag3r0n (button) (small blind) folded on the Flop
Seat 10: Piparipoker (big blind) collected ($17.64)


PokerStars Hand #156886948092:  Hold'em Limit ($3/$6 USD) - 2016/08/05 6:05:46 ET
Table 'Iris' 10-max Seat #10 is the button
Seat 1: Ag3r0n ($72 in chips)
Seat 10: Piparipoker ($178.30 in chips)
Piparipoker: posts small blind $1
Ag3r0n: posts big blind $3
*** HOLE CARDS ***
Piparipoker: raises $3 to $6
Ag3r0n: folds
Uncalled bet ($3) returned to Piparipoker
Piparipoker collected $6 from pot
Piparipoker: doesn't show hand
*** SUMMARY ***
Total pot $6 | Rake $0
Seat 1: Ag3r0n (big blind) folded before Flop
Seat 10: Piparipoker (button) (small blind) collected ($6)


PokerStars Hand #156886962084:  Hold'em Limit ($3/$6 USD) - 2016/08/05 6:06:22 ET
Table 'Iris' 10-max Seat #10 is the button
Seat 1: Ag3r0n ($72 in chips)
Seat 10: Piparipoker ($203.44 in chips)
Piparipoker: posts small blind $1
Ag3r0n: posts big blind $3
*** HOLE CARDS ***
Piparipoker: raises $3 to $6
Ag3r0n: folds
Uncalled bet ($3) returned to Piparipoker
Piparipoker collected $6 from pot
Piparipoker: doesn't show hand
*** SUMMARY ***
Total pot $6 | Rake $0
Seat 1: Ag3r0n (big blind) folded before Flop
Seat 10: Piparipoker (button) (small blind) collected ($6)


PokerStars Hand #156886955232:  Hold'em Limit ($3/$6 USD) - 2016/08/05 6:06:05 ET
Table 'Iris' 10-max Seat #1 is the button
Seat 1: Ag3r0n ($73 in chips)
Seat 10: Piparipoker ($188.94 in chips)
Ag3r0n: posts small blind $1
Piparipoker: posts big blind $3
*** HOLE CARDS ***
Ag3r0n: raises $3 to $6
Piparipoker: calls $3
*** FLOP *** [5c 6h Jd]
Piparipoker: checks
Ag3r0n: bets $3
Piparipoker: calls $3
*** TURN *** [5c 6h Jd] [8h]
Piparipoker: checks
Ag3r0n: checks
*** RIVER *** [5c 6h Jd 8h] [Jh]
Piparipoker: bets $6
Ag3r0n: calls $6
*** SHOW DOWN ***
Piparipoker: shows [Jc 9d] (three of a kind, Jacks)
Ag3r0n: mucks hand
Piparipoker collected $29.50 from pot
*** SUMMARY ***
Total pot $30 | Rake $0.50
Board [5c 6h Jd 8h Jh]
Seat 1: Ag3r0n (button) (small blind) mucked
Seat 10: Piparipoker (big blind) showed [Jc 9d] and won ($29.50) with three of a kind, Jacks


PokerStars Hand #156886963995:  Hold'em Limit ($3/$6 USD) - 2016/08/05 6:06:28 ET
Table 'Iris' 10-max Seat #1 is the button
Seat 1: Ag3r0n ($72 in chips)
Seat 10: Piparipoker ($206.44 in chips)
Ag3r0n: posts small blind $1
Piparipoker: posts big blind $3
*** HOLE CARDS ***
Ag3r0n: folds
Uncalled bet ($2) returned to Piparipoker
Piparipoker collected $2 from pot
Piparipoker: doesn't show hand
*** SUMMARY ***
Total pot $2 | Rake $0
Seat 1: Ag3r0n (button) (small blind) folded before Flop
Seat 10: Piparipoker (big blind) collected ($2)


PokerStars Hand #156886953506:  Hold'em Limit ($3/$6 USD) - 2016/08/05 6:06:00 ET
Table 'Iris' 10-max Seat #10 is the button
Seat 1: Ag3r0n ($72 in chips)
Seat 10: Piparipoker ($189.94 in chips)
Piparipoker: posts small blind $1
Ag3r0n: posts big blind $3
*** HOLE CARDS ***
Piparipoker: folds
Uncalled bet ($2) returned to Ag3r0n
Ag3r0n collected $2 from pot
*** SUMMARY ***
Total pot $2 | Rake $0
Seat 1: Ag3r0n (big blind) collected ($2)
Seat 10: Piparipoker (button) (small blind) folded before Flop


PokerStars Hand #156886965948:  Hold'em Limit ($3/$6 USD) - 2016/08/05 6:06:33 ET
Table 'Iris' 10-max Seat #10 is the button
Seat 1: Ag3r0n ($72 in chips)
Seat 10: Piparipoker ($207.44 in chips)
Piparipoker: posts small blind $1
Ag3r0n: posts big blind $3
*** HOLE CARDS ***
Piparipoker: raises $3 to $6
Ag3r0n: raises $3 to $9
Piparipoker: calls $3
*** FLOP *** [Js 6h Qc]
Ag3r0n: bets $3
Piparipoker: calls $3
*** TURN *** [Js 6h Qc] [As]
Ag3r0n: bets $6
Piparipoker: calls $6
*** RIVER *** [Js 6h Qc As] [9c]
Ag3r0n: bets $6
Piparipoker: folds
Uncalled bet ($6) returned to Ag3r0n
Ag3r0n collected $35.50 from pot
*** SUMMARY ***
Total pot $36 | Rake $0.50
Board [Js 6h Qc As 9c]
Seat 1: Ag3r0n (big blind) collected ($35.50)
Seat 10: Piparipoker (button) (small blind) folded on the River


PokerStars Hand #156886990047:  Hold'em Limit ($3/$6 USD) - 2016/08/05 6:07:36 ET
Table 'Iris' 10-max Seat #10 is the button
Seat 1: Ag3r0n ($128.50 in chips)
Seat 10: Piparipoker ($149.44 in chips)
Piparipoker: posts small blind $1
Ag3r0n: posts big blind $3
*** HOLE CARDS ***
Piparipoker: raises $3 to $6
Ag3r0n: raises $3 to $9
Piparipoker: calls $3
*** FLOP *** [8s 5s Kh]
Ag3r0n: bets $3
Piparipoker: calls $3
*** TURN *** [8s 5s Kh] [4c]
Ag3r0n: bets $6
Piparipoker: calls $6
*** RIVER *** [8s 5s Kh 4c] [7h]
Ag3r0n: bets $6
Piparipoker: folds
Uncalled bet ($6) returned to Ag3r0n
Ag3r0n collected $35.50 from pot
*** SUMMARY ***
Total pot $36 | Rake $0.50
Board [8s 5s Kh 4c 7h]
Seat 1: Ag3r0n (big blind) collected ($35.50)
Seat 10: Piparipoker (button) (small blind) folded on the River


PokerStars Hand #156886977475:  Hold'em Limit ($3/$6 USD) - 2016/08/05 6:07:03 ET
Table 'Iris' 10-max Seat #10 is the button
Seat 1: Ag3r0n ($104 in chips)
Seat 10: Piparipoker ($174.44 in chips)
Piparipoker: posts small blind $1
Ag3r0n: posts big blind $3
*** HOLE CARDS ***
Piparipoker: folds
Uncalled bet ($2) returned to Ag3r0n
Ag3r0n collected $2 from pot
*** SUMMARY ***
Total pot $2 | Rake $0
Seat 1: Ag3r0n (big blind) collected ($2)
Seat 10: Piparipoker (button) (small blind) folded before Flop


PokerStars Hand #156886972140:  Hold'em Limit ($3/$6 USD) - 2016/08/05 6:06:49 ET
Table 'Iris' 10-max Seat #1 is the button
Seat 1: Ag3r0n ($89.50 in chips)
Seat 10: Piparipoker ($189.44 in chips)
Ag3r0n: posts small blind $1
Piparipoker: posts big blind $3
*** HOLE CARDS ***
Ag3r0n: raises $3 to $6
Piparipoker: calls $3
*** FLOP *** [5c 4h 9h]
Piparipoker: checks
Ag3r0n: bets $3
Piparipoker: calls $3
*** TURN *** [5c 4h 9h] [8d]
Piparipoker: checks
Ag3r0n: checks
*** RIVER *** [5c 4h 9h 8d] [Ad]
Piparipoker: bets $6
Ag3r0n: calls $6
*** SHOW DOWN ***
Piparipoker: shows [Ts 7h] (high card Ace)
Ag3r0n: shows [Kh 2h] (high card Ace - King kicker)
Ag3r0n collected $29.50 from pot
*** SUMMARY ***
Total pot $30 | Rake $0.50
Board [5c 4h 9h 8d Ad]
Seat 1: Ag3r0n (button) (small blind) showed [Kh 2h] and won ($29.50) with high card Ace
Seat 10: Piparipoker (big blind) showed [Ts 7h] and lost with high card Ace


PokerStars Hand #156886983043:  Hold'em Limit ($3/$6 USD) - 2016/08/05 6:07:18 ET
Table 'Iris' 10-max Seat #1 is the button
Seat 1: Ag3r0n ($105 in chips)
Seat 10: Piparipoker ($173.44 in chips)
Ag3r0n: posts small blind $1
Piparipoker: posts big blind $3
*** HOLE CARDS ***
Ag3r0n: raises $3 to $6
Piparipoker: calls $3
*** FLOP *** [Kd Ts 8s]
Piparipoker: checks
Ag3r0n: bets $3
Piparipoker: raises $3 to $6
Ag3r0n: calls $3
*** TURN *** [Kd Ts 8s] [Js]
Piparipoker: bets $6
Ag3r0n: raises $6 to $12
Piparipoker: calls $6
*** RIVER *** [Kd Ts 8s Js] [7c]
Piparipoker: checks
Ag3r0n: bets $6
Piparipoker: folds
Uncalled bet ($6) returned to Ag3r0n
Ag3r0n collected $47.50 from pot
*** SUMMARY ***
Total pot $48 | Rake $0.50
Board [Kd Ts 8s Js 7c]
Seat 1: Ag3r0n (button) (small blind) collected ($47.50)
Seat 10: Piparipoker (big blind) folded on the River


PokerStars Hand #156886981102:  Hold'em Limit ($3/$6 USD) - 2016/08/05 6:07:13 ET
Table 'Iris' 10-max Seat #10 is the button
Seat 1: Ag3r0n ($104 in chips)
Seat 10: Piparipoker ($174.44 in chips)
Piparipoker: posts small blind $1
Ag3r0n: posts big blind $3
*** HOLE CARDS ***
Piparipoker: folds
Uncalled bet ($2) returned to Ag3r0n
Ag3r0n collected $2 from pot
*** SUMMARY ***
Total pot $2 | Rake $0
Seat 1: Ag3r0n (big blind) collected ($2)
Seat 10: Piparipoker (button) (small blind) folded before Flop


PokerStars Hand #156886979276:  Hold'em Limit ($3/$6 USD) - 2016/08/05 6:07:08 ET
Table 'Iris' 10-max Seat #1 is the button
Seat 1: Ag3r0n ($105 in chips)
Seat 10: Piparipoker ($173.44 in chips)
Ag3r0n: posts small blind $1
Piparipoker: posts big blind $3
*** HOLE CARDS ***
Ag3r0n: folds
Uncalled bet ($2) returned to Piparipoker
Piparipoker collected $2 from pot
Piparipoker: doesn't show hand
*** SUMMARY ***
Total pot $2 | Rake $0
Seat 1: Ag3r0n (button) (small blind) folded before Flop
Seat 10: Piparipoker (big blind) collected ($2)


PokerStars Hand #156887014770:  Hold'em Limit ($3/$6 USD) - 2016/08/05 6:08:43 ET
Table 'Iris' 10-max Seat #10 is the button
Seat 1: Ag3r0n ($213.50 in chips)
Seat 10: Piparipoker ($62.44 in chips)
Piparipoker: posts small blind $1
Ag3r0n: posts big blind $3
*** HOLE CARDS ***
Piparipoker: raises $3 to $6
Ag3r0n: calls $3
*** FLOP *** [6h As 2d]
Ag3r0n: checks
Piparipoker: checks
*** TURN *** [6h As 2d] [7h]
Ag3r0n: checks
Piparipoker: bets $6
Ag3r0n: folds
Uncalled bet ($6) returned to Piparipoker
Piparipoker collected $11.76 from pot
Piparipoker: doesn't show hand
*** SUMMARY ***
Total pot $12 | Rake $0.24
Board [6h As 2d 7h]
Seat 1: Ag3r0n (big blind) folded on the Turn
Seat 10: Piparipoker (button) (small blind) collected ($11.76)


PokerStars Hand #156886995893:  Hold'em Limit ($3/$6 USD) - 2016/08/05 6:07:52 ET
Table 'Iris' 10-max Seat #1 is the button
Seat 1: Ag3r0n ($146 in chips)
Seat 10: Piparipoker ($131.44 in chips)
Ag3r0n: posts small blind $1
Piparipoker: posts big blind $3
*** HOLE CARDS ***
Ag3r0n: raises $3 to $6
Piparipoker: raises $3 to $9
Ag3r0n: calls $3
*** FLOP *** [8c Ts 7c]
Piparipoker: bets $3
Ag3r0n: calls $3
*** TURN *** [8c Ts 7c] [7s]
Piparipoker: checks
Ag3r0n: bets $6
Piparipoker: calls $6
*** RIVER *** [8c Ts 7c 7s] [6s]
Piparipoker: checks
Ag3r0n: bets $6
Piparipoker: calls $6
*** SHOW DOWN ***
Ag3r0n: shows [Tc 4d] (two pair, Tens and Sevens)
Piparipoker: mucks hand
Ag3r0n collected $47.50 from pot
*** SUMMARY ***
Total pot $48 | Rake $0.50
Board [8c Ts 7c 7s 6s]
Seat 1: Ag3r0n (button) (small blind) showed [Tc 4d] and won ($47.50) with two pair, Tens and Sevens
Seat 10: Piparipoker (big blind) mucked


PokerStars Hand #156887009058:  Hold'em Limit ($3/$6 USD) - 2016/08/05 6:08:27 ET
Table 'Iris' 10-max Seat #1 is the button
Seat 1: Ag3r0n ($187 in chips)
Seat 10: Piparipoker ($89.44 in chips)
Ag3r0n: posts small blind $1
Piparipoker: posts big blind $3
*** HOLE CARDS ***
Ag3r0n: raises $3 to $6
Piparipoker: raises $3 to $9
Ag3r0n: raises $3 to $12
Betting is capped
Piparipoker: calls $3
*** FLOP *** [4s 9c 7h]
Piparipoker: checks
Ag3r0n: bets $3
Piparipoker: calls $3
*** TURN *** [4s 9c 7h] [8h]
Piparipoker: checks
Ag3r0n: bets $6
Piparipoker: calls $6
*** RIVER *** [4s 9c 7h 8h] [6c]
Piparipoker: checks
Ag3r0n: bets $6
Piparipoker: calls $6
*** SHOW DOWN ***
Ag3r0n: shows [8s 8d] (three of a kind, Eights)
Piparipoker: mucks hand
Ag3r0n collected $53.50 from pot
*** SUMMARY ***
Total pot $54 | Rake $0.50
Board [4s 9c 7h 8h 6c]
Seat 1: Ag3r0n (button) (small blind) showed [8s 8d] and won ($53.50) with three of a kind, Eights
Seat 10: Piparipoker (big blind) mucked


PokerStars Hand #156887027579:  Hold'em Limit ($3/$6 USD) - 2016/08/05 6:09:16 ET
Table 'Iris' 10-max Seat #10 is the button
Seat 1: Ag3r0n ($216.14 in chips)
Seat 10: Piparipoker ($59.20 in chips)
Piparipoker: posts small blind $1
Ag3r0n: posts big blind $3
*** HOLE CARDS ***
Piparipoker: raises $3 to $6
Ag3r0n: calls $3
*** FLOP *** [4c Ts 9d]
Ag3r0n: checks
Piparipoker: checks
*** TURN *** [4c Ts 9d] [9h]
Ag3r0n: checks
Piparipoker: bets $6
Ag3r0n: calls $6
*** RIVER *** [4c Ts 9d 9h] [2h]
Ag3r0n: checks
Piparipoker: bets $6
Ag3r0n: calls $6
*** SHOW DOWN ***
Piparipoker: shows [4s Td] (two pair, Tens and Nines)
Ag3r0n: mucks hand
Piparipoker collected $35.50 from pot
*** SUMMARY ***
Total pot $36 | Rake $0.50
Board [4c Ts 9d 9h 2h]
Seat 1: Ag3r0n (big blind) mucked
Seat 10: Piparipoker (button) (small blind) showed [4s Td] and won ($35.50) with two pair, Tens and Nines


PokerStars Hand #156887019195:  Hold'em Limit ($3/$6 USD) - 2016/08/05 6:08:54 ET
Table 'Iris' 10-max Seat #1 is the button
Seat 1: Ag3r0n ($207.50 in chips)
Seat 10: Piparipoker ($68.20 in chips)
Ag3r0n: posts small blind $1
Piparipoker: posts big blind $3
*** HOLE CARDS ***
Ag3r0n: raises $3 to $6
Piparipoker: calls $3
*** FLOP *** [Kh 3s 6h]
Piparipoker: checks
Ag3r0n: bets $3
Piparipoker: calls $3
*** TURN *** [Kh 3s 6h] [8h]
Piparipoker: checks
Ag3r0n: bets $6
Piparipoker: folds
Uncalled bet ($6) returned to Ag3r0n
Ag3r0n collected $17.64 from pot
*** SUMMARY ***
Total pot $18 | Rake $0.36
Board [Kh 3s 6h 8h]
Seat 1: Ag3r0n (button) (small blind) collected ($17.64)
Seat 10: Piparipoker (big blind) folded on the Turn


PokerStars Hand #156887025753:  Hold'em Limit ($3/$6 USD) - 2016/08/05 6:09:12 ET
Table 'Iris' 10-max Seat #1 is the button
Seat 1: Ag3r0n ($217.14 in chips)
Seat 10: Piparipoker ($58.20 in chips)
Ag3r0n: posts small blind $1
Piparipoker: posts big blind $3
*** HOLE CARDS ***
Ag3r0n: folds
Uncalled bet ($2) returned to Piparipoker
Piparipoker collected $2 from pot
Piparipoker: doesn't show hand
*** SUMMARY ***
Total pot $2 | Rake $0
Seat 1: Ag3r0n (button) (small blind) folded before Flop
Seat 10: Piparipoker (big blind) collected ($2)


PokerStars Hand #156887023777:  Hold'em Limit ($3/$6 USD) - 2016/08/05 6:09:06 ET
Table 'Iris' 10-max Seat #10 is the button
Seat 1: Ag3r0n ($216.14 in chips)
Seat 10: Piparipoker ($59.20 in chips)
Piparipoker: posts small blind $1
Ag3r0n: posts big blind $3
*** HOLE CARDS ***
Piparipoker: folds
Uncalled bet ($2) returned to Ag3r0n
Ag3r0n collected $2 from pot
*** SUMMARY ***
Total pot $2 | Rake $0
Seat 1: Ag3r0n (big blind) collected ($2)
Seat 10: Piparipoker (button) (small blind) folded before Flop


PokerStars Hand #156887038616:  Hold'em Limit ($3/$6 USD) - 2016/08/05 6:09:45 ET
Table 'Iris' 10-max Seat #10 is the button
Seat 1: Ag3r0n ($186.14 in chips)
Seat 10: Piparipoker ($88.22 in chips)
Piparipoker: posts small blind $1
Ag3r0n: posts big blind $3
*** HOLE CARDS ***
Piparipoker: folds
Uncalled bet ($2) returned to Ag3r0n
Ag3r0n collected $2 from pot
*** SUMMARY ***
Total pot $2 | Rake $0
Seat 1: Ag3r0n (big blind) collected ($2)
Seat 10: Piparipoker (button) (small blind) folded before Flop


PokerStars Hand #156887032658:  Hold'em Limit ($3/$6 USD) - 2016/08/05 6:09:30 ET
Table 'Iris' 10-max Seat #1 is the button
Seat 1: Ag3r0n ($198.14 in chips)
Seat 10: Piparipoker ($76.70 in chips)
Ag3r0n: posts small blind $1
Piparipoker: posts big blind $3
*** HOLE CARDS ***
Ag3r0n: raises $3 to $6
Piparipoker: calls $3
*** FLOP *** [5d Tc 8c]
Piparipoker: checks
Ag3r0n: bets $3
Piparipoker: raises $3 to $6
Ag3r0n: calls $3
*** TURN *** [5d Tc 8c] [Ks]
Piparipoker: checks
Ag3r0n: checks
*** RIVER *** [5d Tc 8c Ks] [6c]
Piparipoker: bets $6
Ag3r0n: folds
Uncalled bet ($6) returned to Piparipoker
Piparipoker collected $23.52 from pot
Piparipoker: doesn't show hand
*** SUMMARY ***
Total pot $24 | Rake $0.48
Board [5d Tc 8c Ks 6c]
Seat 1: Ag3r0n (button) (small blind) folded on the River
Seat 10: Piparipoker (big blind) collected ($23.52)


PokerStars Hand #156887058832:  Hold'em Limit ($3/$6 USD) - 2016/08/05 6:10:39 ET
Table 'Iris' 10-max Seat #1 is the button
Seat 1: Ag3r0n ($205.16 in chips)
Seat 10: Piparipoker ($67.86 in chips)
Ag3r0n: posts small blind $1
Piparipoker: posts big blind $3
*** HOLE CARDS ***
Ag3r0n: raises $3 to $6
Piparipoker: calls $3
*** FLOP *** [6s Ts 3c]
Piparipoker: checks
Ag3r0n: bets $3
Piparipoker: calls $3
*** TURN *** [6s Ts 3c] [Th]
Piparipoker: checks
Ag3r0n: bets $6
Piparipoker: folds
Uncalled bet ($6) returned to Ag3r0n
Ag3r0n collected $17.64 from pot
*** SUMMARY ***
Total pot $18 | Rake $0.36
Board [6s Ts 3c Th]
Seat 1: Ag3r0n (button) (small blind) collected ($17.64)
Seat 10: Piparipoker (big blind) folded on the Turn


PokerStars Hand #156887057019:  Hold'em Limit ($3/$6 USD) - 2016/08/05 6:10:34 ET
Table 'Iris' 10-max Seat #10 is the button
Seat 1: Ag3r0n ($204.16 in chips)
Seat 10: Piparipoker ($68.86 in chips)
Piparipoker: posts small blind $1
Ag3r0n: posts big blind $3
*** HOLE CARDS ***
Piparipoker: folds
Uncalled bet ($2) returned to Ag3r0n
Ag3r0n collected $2 from pot
*** SUMMARY ***
Total pot $2 | Rake $0
Seat 1: Ag3r0n (big blind) collected ($2)
Seat 10: Piparipoker (button) (small blind) folded before Flop


PokerStars Hand #156887051509:  Hold'em Limit ($3/$6 USD) - 2016/08/05 6:10:20 ET
Table 'Iris' 10-max Seat #1 is the button
Seat 1: Ag3r0n ($213.16 in chips)
Seat 10: Piparipoker ($60.22 in chips)
Ag3r0n: posts small blind $1
Piparipoker: posts big blind $3
*** HOLE CARDS ***
Ag3r0n: raises $3 to $6
Piparipoker: calls $3
*** FLOP *** [Qs Jc Td]
Piparipoker: checks
Ag3r0n: bets $3
Piparipoker: calls $3
*** TURN *** [Qs Jc Td] [5h]
Piparipoker: checks
Ag3r0n: checks
*** RIVER *** [Qs Jc Td 5h] [2h]
Piparipoker: bets $6
Ag3r0n: folds
Uncalled bet ($6) returned to Piparipoker
Piparipoker collected $17.64 from pot
Piparipoker: doesn't show hand
*** SUMMARY ***
Total pot $18 | Rake $0.36
Board [Qs Jc Td 5h 2h]
Seat 1: Ag3r0n (button) (small blind) folded on the River
Seat 10: Piparipoker (big blind) collected ($17.64)


PokerStars Hand #156887040485:  Hold'em Limit ($3/$6 USD) - 2016/08/05 6:09:50 ET
Table 'Iris' 10-max Seat #1 is the button
Seat 1: Ag3r0n ($187.14 in chips)
Seat 10: Piparipoker ($87.22 in chips)
Ag3r0n: posts small blind $1
Piparipoker: posts big blind $3
*** HOLE CARDS ***
Ag3r0n: raises $3 to $6
Piparipoker: calls $3
*** FLOP *** [7d Qh 7s]
Piparipoker: checks
Ag3r0n: bets $3
Piparipoker: calls $3
*** TURN *** [7d Qh 7s] [Jd]
Piparipoker: checks
Ag3r0n: checks
*** RIVER *** [7d Qh 7s Jd] [5s]
Piparipoker: bets $6
Ag3r0n: calls $6
*** SHOW DOWN ***
Piparipoker: shows [Tc Ah] (a pair of Sevens)
Ag3r0n: shows [Ac Ks] (a pair of Sevens - Ace+King kicker)
Ag3r0n collected $29.50 from pot
*** SUMMARY ***
Total pot $30 | Rake $0.50
Board [7d Qh 7s Jd 5s]
Seat 1: Ag3r0n (button) (small blind) showed [Ac Ks] and won ($29.50) with a pair of Sevens
Seat 10: Piparipoker (big blind) showed [Tc Ah] and lost with a pair of Sevens


PokerStars Hand #156887046750:  Hold'em Limit ($3/$6 USD) - 2016/08/05 6:10:07 ET
Table 'Iris' 10-max Seat #10 is the button
Seat 1: Ag3r0n ($201.64 in chips)
Seat 10: Piparipoker ($72.22 in chips)
Piparipoker: posts small blind $1
Ag3r0n: posts big blind $3
*** HOLE CARDS ***
Piparipoker: raises $3 to $6
Ag3r0n: raises $3 to $9
Piparipoker: calls $3
*** FLOP *** [8h 8s Js]
Ag3r0n: bets $3
Piparipoker: calls $3
*** TURN *** [8h 8s Js] [8d]
Ag3r0n: bets $6
Piparipoker: folds
Uncalled bet ($6) returned to Ag3r0n
Ag3r0n collected $23.52 from pot
*** SUMMARY ***
Total pot $24 | Rake $0.48
Board [8h 8s Js 8d]
Seat 1: Ag3r0n (big blind) collected ($23.52)
Seat 10: Piparipoker (button) (small blind) folded on the Turn


PokerStars Hand #156887071316:  Hold'em Limit ($3/$6 USD) - 2016/08/05 6:11:12 ET
Table 'Iris' 10-max Seat #10 is the button
Seat 1: Ag3r0n ($225.44 in chips)
Seat 10: Piparipoker ($46.86 in chips)
Piparipoker: posts small blind $1
Ag3r0n: posts big blind $3
*** HOLE CARDS ***
Piparipoker: folds
Uncalled bet ($2) returned to Ag3r0n
Ag3r0n collected $2 from pot
*** SUMMARY ***
Total pot $2 | Rake $0
Seat 1: Ag3r0n (big blind) collected ($2)
Seat 10: Piparipoker (button) (small blind) folded before Flop


PokerStars Hand #156887069237:  Hold'em Limit ($3/$6 USD) - 2016/08/05 6:11:07 ET
Table 'Iris' 10-max Seat #1 is the button
Seat 1: Ag3r0n ($222.44 in chips)
Seat 10: Piparipoker ($49.86 in chips)
Ag3r0n: posts small blind $1
Piparipoker: posts big blind $3
*** HOLE CARDS ***
Ag3r0n: raises $3 to $6
Piparipoker: folds
Uncalled bet ($3) returned to Ag3r0n
Ag3r0n collected $6 from pot
*** SUMMARY ***
Total pot $6 | Rake $0
Seat 1: Ag3r0n (button) (small blind) collected ($6)
Seat 10: Piparipoker (big blind) folded before Flop


PokerStars Hand #156887063969:  Hold'em Limit ($3/$6 USD) - 2016/08/05 6:10:53 ET
Table 'Iris' 10-max Seat #10 is the button
Seat 1: Ag3r0n ($213.80 in chips)
Seat 10: Piparipoker ($58.86 in chips)
Piparipoker: posts small blind $1
Ag3r0n: posts big blind $3
*** HOLE CARDS ***
Piparipoker: raises $3 to $6
Ag3r0n: calls $3
*** FLOP *** [Qc Kh Ac]
Ag3r0n: checks
Piparipoker: bets $3
Ag3r0n: calls $3
*** TURN *** [Qc Kh Ac] [Qs]
Ag3r0n: checks
Piparipoker: checks
*** RIVER *** [Qc Kh Ac Qs] [6c]
Ag3r0n: checks
Piparipoker: checks
*** SHOW DOWN ***
Ag3r0n: shows [9c Jd] (a pair of Queens)
Piparipoker: mucks hand
Ag3r0n collected $17.64 from pot
*** SUMMARY ***
Total pot $18 | Rake $0.36
Board [Qc Kh Ac Qs 6c]
Seat 1: Ag3r0n (big blind) showed [9c Jd] and won ($17.64) with a pair of Queens
Seat 10: Piparipoker (button) (small blind) mucked


PokerStars Hand #156887081302:  Hold'em Limit ($3/$6 USD) - 2016/08/05 6:11:39 ET
Table 'Iris' 10-max Seat #10 is the button
Seat 1: Ag3r0n ($246.94 in chips)
Seat 10: Piparipoker ($24.86 in chips)
Piparipoker: posts small blind $1
Ag3r0n: posts big blind $3
*** HOLE CARDS ***
Piparipoker: folds
Uncalled bet ($2) returned to Ag3r0n
Ag3r0n collected $2 from pot
*** SUMMARY ***
Total pot $2 | Rake $0
Seat 1: Ag3r0n (big blind) collected ($2)
Seat 10: Piparipoker (button) (small blind) folded before Flop


PokerStars Hand #156887100746:  Hold'em Limit ($3/$6 USD) - 2016/08/05 6:12:30 ET
Table 'Iris' 10-max Seat #7 is the button
Seat 1: Ag3r0n ($213.94 in chips)
Seat 7: HannaSss ($175.29 in chips)
HannaSss: posts small blind $1
Ag3r0n: posts big blind $3
*** HOLE CARDS ***
HannaSss: raises $3 to $6
Ag3r0n: calls $3
*** FLOP *** [Qs Qd 5h]
Ag3r0n: checks
Piparipoker leaves the table
HannaSss: bets $3
Ag3r0n: folds
Uncalled bet ($3) returned to HannaSss
HannaSss collected $11.76 from pot
*** SUMMARY ***
Total pot $12 | Rake $0.24
Board [Qs Qd 5h]
Seat 1: Ag3r0n (big blind) folded on the Flop
Seat 7: HannaSss (button) (small blind) collected ($11.76)


PokerStars Hand #156887109506:  Hold'em Limit ($3/$6 USD) - 2016/08/05 6:12:53 ET
Table 'Iris' 10-max Seat #7 is the button
Seat 1: Ag3r0n ($213.70 in chips)
Seat 7: HannaSss ($175.05 in chips)
HannaSss: posts small blind $1
Ag3r0n: posts big blind $3
*** HOLE CARDS ***
HannaSss: raises $3 to $6
Ag3r0n: folds
Uncalled bet ($3) returned to HannaSss
HannaSss collected $6 from pot
*** SUMMARY ***
Total pot $6 | Rake $0
Seat 1: Ag3r0n (big blind) folded before Flop
Seat 7: HannaSss (button) (small blind) collected ($6)


PokerStars Hand #156887106443:  Hold'em Limit ($3/$6 USD) - 2016/08/05 6:12:45 ET
Table 'Iris' 10-max Seat #1 is the button
Seat 1: Ag3r0n ($207.94 in chips)
Seat 7: HannaSss ($181.05 in chips)
Ag3r0n: posts small blind $1
HannaSss: posts big blind $3
*** HOLE CARDS ***
Ag3r0n: raises $3 to $6
HannaSss: calls $3
*** FLOP *** [2s Jh 4h]
HannaSss: checks
Ag3r0n: bets $3
HannaSss: folds
Uncalled bet ($3) returned to Ag3r0n
Ag3r0n collected $11.76 from pot
*** SUMMARY ***
Total pot $12 | Rake $0.24
Board [2s Jh 4h]
Seat 1: Ag3r0n (button) (small blind) collected ($11.76)
Seat 7: HannaSss (big blind) folded on the Flop


PokerStars Hand #156887115435:  Hold'em Limit ($3/$6 USD) - 2016/08/05 6:13:09 ET
Table 'Iris' 10-max Seat #7 is the button
Seat 1: Ag3r0n ($201.70 in chips)
Seat 7: HannaSss ($186.69 in chips)
HannaSss: posts small blind $1
Ag3r0n: posts big blind $3
*** HOLE CARDS ***
HannaSss: raises $3 to $6
Ag3r0n: calls $3
*** FLOP *** [9s 2d Kc]
Ag3r0n: checks
HannaSss: bets $3
Ag3r0n: folds
Uncalled bet ($3) returned to HannaSss
HannaSss collected $11.76 from pot
*** SUMMARY ***
Total pot $12 | Rake $0.24
Board [9s 2d Kc]
Seat 1: Ag3r0n (big blind) folded on the Flop
Seat 7: HannaSss (button) (small blind) collected ($11.76)


PokerStars Hand #156887112164:  Hold'em Limit ($3/$6 USD) - 2016/08/05 6:13:00 ET
Table 'Iris' 10-max Seat #1 is the button
Seat 1: Ag3r0n ($210.70 in chips)
Seat 7: HannaSss ($178.05 in chips)
Ag3r0n: posts small blind $1
HannaSss: posts big blind $3
*** HOLE CARDS ***
Ag3r0n: raises $3 to $6
HannaSss: raises $3 to $9
Ag3r0n: calls $3
*** FLOP *** [2d Jc Td]
HannaSss: bets $3
Ag3r0n: folds
Uncalled bet ($3) returned to HannaSss
HannaSss collected $17.64 from pot
*** SUMMARY ***
Total pot $18 | Rake $0.36
Board [2d Jc Td]
Seat 1: Ag3r0n (button) (small blind) folded on the Flop
Seat 7: HannaSss (big blind) collected ($17.64)


PokerStars Hand #156887133439:  Hold'em Limit ($3/$6 USD) - 2016/08/05 6:13:56 ET
Table 'Iris' 10-max Seat #7 is the button
Seat 1: Ag3r0n ($183.70 in chips)
Seat 7: HannaSss ($203.85 in chips)
HannaSss: posts small blind $1
Ag3r0n: posts big blind $3
*** HOLE CARDS ***
HannaSss: folds
Uncalled bet ($2) returned to Ag3r0n
Ag3r0n collected $2 from pot
*** SUMMARY ***
Total pot $2 | Rake $0
Seat 1: Ag3r0n (big blind) collected ($2)
Seat 7: HannaSss (button) (small blind) folded before Flop


PokerStars Hand #156887131282:  Hold'em Limit ($3/$6 USD) - 2016/08/05 6:13:51 ET
Table 'Iris' 10-max Seat #1 is the button
Seat 1: Ag3r0n ($180.70 in chips)
Seat 7: HannaSss ($206.85 in chips)
Ag3r0n: posts small blind $1
HannaSss: posts big blind $3
*** HOLE CARDS ***
Ag3r0n: raises $3 to $6
HannaSss: folds
Uncalled bet ($3) returned to Ag3r0n
Ag3r0n collected $6 from pot
*** SUMMARY ***
Total pot $6 | Rake $0
Seat 1: Ag3r0n (button) (small blind) collected ($6)
Seat 7: HannaSss (big blind) folded before Flop


PokerStars Hand #156887126632:  Hold'em Limit ($3/$6 USD) - 2016/08/05 6:13:39 ET
Table 'Iris' 10-max Seat #7 is the button
Seat 1: Ag3r0n ($186.70 in chips)
Seat 7: HannaSss ($201.09 in chips)
HannaSss: posts small blind $1
Ag3r0n: posts big blind $3
*** HOLE CARDS ***
HannaSss: raises $3 to $6
Ag3r0n: calls $3
*** FLOP *** [Ac Qh 9s]
Ag3r0n: checks
HannaSss: bets $3
Ag3r0n: folds
Uncalled bet ($3) returned to HannaSss
HannaSss collected $11.76 from pot
*** SUMMARY ***
Total pot $12 | Rake $0.24
Board [Ac Qh 9s]
Seat 1: Ag3r0n (big blind) folded on the Flop
Seat 7: HannaSss (button) (small blind) collected ($11.76)


PokerStars Hand #156887119999:  Hold'em Limit ($3/$6 USD) - 2016/08/05 6:13:21 ET
Table 'Iris' 10-max Seat #1 is the button
Seat 1: Ag3r0n ($195.70 in chips)
Seat 7: HannaSss ($192.45 in chips)
Ag3r0n: posts small blind $1
HannaSss: posts big blind $3
*** HOLE CARDS ***
Ag3r0n: raises $3 to $6
HannaSss: calls $3
*** FLOP *** [3c Kd 3s]
HannaSss: checks
Ag3r0n: bets $3
HannaSss: calls $3
*** TURN *** [3c Kd 3s] [Th]
HannaSss: checks
Ag3r0n: checks
*** RIVER *** [3c Kd 3s Th] [3h]
HannaSss: bets $6
Ag3r0n: folds
Uncalled bet ($6) returned to HannaSss
HannaSss collected $17.64 from pot
*** SUMMARY ***
Total pot $18 | Rake $0.36
Board [3c Kd 3s Th 3h]
Seat 1: Ag3r0n (button) (small blind) folded on the River
Seat 7: HannaSss (big blind) collected ($17.64)


PokerStars Hand #156887148999:  Hold'em Limit ($3/$6 USD) - 2016/08/05 6:14:37 ET
Table 'Iris' 10-max Seat #1 is the button
Seat 1: Ag3r0n ($205.20 in chips)
Seat 7: HannaSss ($181.73 in chips)
Ag3r0n: posts small blind $1
HannaSss: posts big blind $3
*** HOLE CARDS ***
Ag3r0n: folds
Uncalled bet ($2) returned to HannaSss
HannaSss collected $2 from pot
*** SUMMARY ***
Total pot $2 | Rake $0
Seat 1: Ag3r0n (button) (small blind) folded before Flop
Seat 7: HannaSss (big blind) collected ($2)


PokerStars Hand #156887142974:  Hold'em Limit ($3/$6 USD) - 2016/08/05 6:14:21 ET
Table 'Iris' 10-max Seat #7 is the button
Seat 1: Ag3r0n ($208.20 in chips)
Seat 7: HannaSss ($178.85 in chips)
HannaSss: posts small blind $1
Ag3r0n: posts big blind $3
*** HOLE CARDS ***
HannaSss: calls $2
Ag3r0n: checks
*** FLOP *** [5c 8c 9h]
Ag3r0n: checks
HannaSss: checks
*** TURN *** [5c 8c 9h] [5s]
Ag3r0n: checks
HannaSss: bets $6
Ag3r0n: folds
Uncalled bet ($6) returned to HannaSss
HannaSss collected $5.88 from pot
*** SUMMARY ***
Total pot $6 | Rake $0.12
Board [5c 8c 9h 5s]
Seat 1: Ag3r0n (big blind) folded on the Turn
Seat 7: HannaSss (button) (small blind) collected ($5.88)


PokerStars Hand #156887135369:  Hold'em Limit ($3/$6 USD) - 2016/08/05 6:14:01 ET
Table 'Iris' 10-max Seat #1 is the button
Seat 1: Ag3r0n ($184.70 in chips)
Seat 7: HannaSss ($202.85 in chips)
Ag3r0n: posts small blind $1
HannaSss: posts big blind $3
*** HOLE CARDS ***
Ag3r0n: raises $3 to $6
HannaSss: raises $3 to $9
Ag3r0n: calls $3
*** FLOP *** [Qd Js Jc]
HannaSss: bets $3
Ag3r0n: calls $3
*** TURN *** [Qd Js Jc] [7d]
HannaSss: bets $6
Ag3r0n: calls $6
*** RIVER *** [Qd Js Jc 7d] [6c]
HannaSss: checks
Ag3r0n: bets $6
HannaSss: calls $6
*** SHOW DOWN ***
Ag3r0n: shows [Qh 2d] (two pair, Queens and Jacks)
HannaSss: mucks hand
Ag3r0n collected $47.50 from pot
*** SUMMARY ***
Total pot $48 | Rake $0.50
Board [Qd Js Jc 7d 6c]
Seat 1: Ag3r0n (button) (small blind) showed [Qh 2d] and won ($47.50) with two pair, Queens and Jacks
Seat 7: HannaSss (big blind) mucked


PokerStars Hand #156887170679:  Hold'em Limit ($3/$6 USD) - 2016/08/05 6:15:34 ET
Table 'Iris' 10-max Seat #7 is the button
Seat 1: Ag3r0n ($224.70 in chips)
Seat 7: HannaSss ($161.37 in chips)
HannaSss: posts small blind $1
Ag3r0n: posts big blind $3
*** HOLE CARDS ***
HannaSss: raises $3 to $6
Ag3r0n: folds
Uncalled bet ($3) returned to HannaSss
HannaSss collected $6 from pot
*** SUMMARY ***
Total pot $6 | Rake $0
Seat 1: Ag3r0n (big blind) folded before Flop
Seat 7: HannaSss (button) (small blind) collected ($6)


PokerStars Hand #156887163170:  Hold'em Limit ($3/$6 USD) - 2016/08/05 6:15:14 ET
Table 'Iris' 10-max Seat #1 is the button
Seat 1: Ag3r0n ($233.70 in chips)
Seat 7: HannaSss ($152.73 in chips)
Ag3r0n: posts small blind $1
HannaSss: posts big blind $3
*** HOLE CARDS ***
Ag3r0n: raises $3 to $6
HannaSss: calls $3
*** FLOP *** [Th 9c 6h]
HannaSss: checks
Ag3r0n said, "shlyapu ponuhai"
Ag3r0n: bets $3
HannaSss: calls $3
*** TURN *** [Th 9c 6h] [Jh]
HannaSss: checks
Ag3r0n: checks
*** RIVER *** [Th 9c 6h Jh] [8s]
HannaSss: bets $6
Ag3r0n: folds
Uncalled bet ($6) returned to HannaSss
HannaSss collected $17.64 from pot
*** SUMMARY ***
Total pot $18 | Rake $0.36
Board [Th 9c 6h Jh 8s]
Seat 1: Ag3r0n (button) (small blind) folded on the River
Seat 7: HannaSss (big blind) collected ($17.64)


PokerStars Hand #156887152141:  Hold'em Limit ($3/$6 USD) - 2016/08/05 6:14:46 ET
Table 'Iris' 10-max Seat #7 is the button
Seat 1: Ag3r0n ($204.20 in chips)
Seat 7: HannaSss ($182.73 in chips)
HannaSss: posts small blind $1
Ag3r0n: posts big blind $3
*** HOLE CARDS ***
HannaSss: raises $3 to $6
Ag3r0n: raises $3 to $9
HannaSss: calls $3
*** FLOP *** [Jh 9s 6s]
Ag3r0n: bets $3
HannaSss: calls $3
*** TURN *** [Jh 9s 6s] [6c]
Ag3r0n: bets $6
HannaSss: raises $6 to $12
Ag3r0n: calls $6
*** RIVER *** [Jh 9s 6s 6c] [Kc]
Ag3r0n: checks
HannaSss: bets $6
Ag3r0n: calls $6
*** SHOW DOWN ***
HannaSss: shows [7s Tc] (a pair of Sixes)
Ag3r0n: shows [2h 2d] (two pair, Sixes and Deuces)
Ag3r0n collected $59.50 from pot
*** SUMMARY ***
Total pot $60 | Rake $0.50
Board [Jh 9s 6s 6c Kc]
Seat 1: Ag3r0n (big blind) showed [2h 2d] and won ($59.50) with two pair, Sixes and Deuces
Seat 7: HannaSss (button) (small blind) showed [7s Tc] and lost with a pair of Sixes


PokerStars Hand #156887172441:  Hold'em Limit ($3/$6 USD) - 2016/08/05 6:15:39 ET
Table 'Iris' 10-max Seat #1 is the button
Seat 1: Ag3r0n ($221.70 in chips)
Seat 7: HannaSss ($164.37 in chips)
Ag3r0n: posts small blind $1
HannaSss: posts big blind $3
*** HOLE CARDS ***
Ag3r0n: raises $3 to $6
HannaSss: calls $3
*** FLOP *** [2s 9c 8h]
HannaSss: checks
Ag3r0n: bets $3
HannaSss: calls $3
*** TURN *** [2s 9c 8h] [3c]
HannaSss: checks
Ag3r0n: bets $6
HannaSss: raises $6 to $12
Ag3r0n: folds
Uncalled bet ($6) returned to HannaSss
HannaSss collected $29.50 from pot
*** SUMMARY ***
Total pot $30 | Rake $0.50
Board [2s 9c 8h 3c]
Seat 1: Ag3r0n (button) (small blind) folded on the Turn
Seat 7: HannaSss (big blind) collected ($29.50)


PokerStars Hand #156887187280:  Hold'em Limit ($3/$6 USD) - 2016/08/05 6:16:18 ET
Table 'Iris' 10-max Seat #1 is the button
Seat 1: Ag3r0n ($218.22 in chips)
Seat 7: HannaSss ($166.87 in chips)
Ag3r0n: posts small blind $1
HannaSss: posts big blind $3
*** HOLE CARDS ***
Ag3r0n: raises $3 to $6
HannaSss: calls $3
*** FLOP *** [Js 7s 7h]
HannaSss: checks
Ag3r0n: bets $3
HannaSss: folds
Uncalled bet ($3) returned to Ag3r0n
Ag3r0n collected $11.76 from pot
*** SUMMARY ***
Total pot $12 | Rake $0.24
Board [Js 7s 7h]
Seat 1: Ag3r0n (button) (small blind) collected ($11.76)
Seat 7: HannaSss (big blind) folded on the Flop


PokerStars Hand #156887202928:  Hold'em Limit ($3/$6 USD) - 2016/08/05 6:16:59 ET
Table 'Iris' 10-max Seat #7 is the button
Seat 1: Ag3r0n ($208.74 in chips)
Seat 7: HannaSss ($175.37 in chips)
HannaSss: posts small blind $1
Ag3r0n: posts big blind $3
*** HOLE CARDS ***
HannaSss: folds
Uncalled bet ($2) returned to Ag3r0n
Ag3r0n collected $2 from pot
*** SUMMARY ***
Total pot $2 | Rake $0
Seat 1: Ag3r0n (big blind) collected ($2)
Seat 7: HannaSss (button) (small blind) folded before Flop


PokerStars Hand #156887198995:  Hold'em Limit ($3/$6 USD) - 2016/08/05 6:16:49 ET
Table 'Iris' 10-max Seat #1 is the button
Seat 1: Ag3r0n ($202.98 in chips)
Seat 7: HannaSss ($181.37 in chips)
Ag3r0n: posts small blind $1
HannaSss: posts big blind $3
*** HOLE CARDS ***
Ag3r0n: raises $3 to $6
HannaSss: calls $3
*** FLOP *** [9c 4d 2s]
HannaSss: checks
Ag3r0n: bets $3
HannaSss: folds
Uncalled bet ($3) returned to Ag3r0n
Ag3r0n collected $11.76 from pot
*** SUMMARY ***
Total pot $12 | Rake $0.24
Board [9c 4d 2s]
Seat 1: Ag3r0n (button) (small blind) collected ($11.76)
Seat 7: HannaSss (big blind) folded on the Flop


PokerStars Hand #156887190765:  Hold'em Limit ($3/$6 USD) - 2016/08/05 6:16:27 ET
Table 'Iris' 10-max Seat #7 is the button
Seat 1: Ag3r0n ($223.98 in chips)
Seat 7: HannaSss ($160.87 in chips)
HannaSss: posts small blind $1
Ag3r0n: posts big blind $3
*** HOLE CARDS ***
HannaSss: raises $3 to $6
Ag3r0n: calls $3
*** FLOP *** [Jh 2s 5c]
Ag3r0n: checks
HannaSss: bets $3
Ag3r0n: calls $3
*** TURN *** [Jh 2s 5c] [7h]
Ag3r0n: checks
HannaSss: bets $6
Ag3r0n: calls $6
*** RIVER *** [Jh 2s 5c 7h] [Th]
Ag3r0n: checks
HannaSss: bets $6
Ag3r0n: calls $6
*** SHOW DOWN ***
HannaSss: shows [Qs Qh] (a pair of Queens)
Ag3r0n: mucks hand
HannaSss collected $41.50 from pot
*** SUMMARY ***
Total pot $42 | Rake $0.50
Board [Jh 2s 5c 7h Th]
Seat 1: Ag3r0n (big blind) mucked
Seat 7: HannaSss (button) (small blind) showed [Qs Qh] and won ($41.50) with a pair of Queens


PokerStars Hand #156887223154:  Hold'em Limit ($3/$6 USD) - 2016/08/05 6:17:51 ET
Table 'Iris' 10-max Seat #7 is the button
Seat 1: Ag3r0n ($220.24 in chips)
Seat 7: HannaSss ($163.37 in chips)
HannaSss: posts small blind $1
Ag3r0n: posts big blind $3
*** HOLE CARDS ***
HannaSss: raises $3 to $6
Ag3r0n: folds
Uncalled bet ($3) returned to HannaSss
HannaSss collected $6 from pot
*** SUMMARY ***
Total pot $6 | Rake $0
Seat 1: Ag3r0n (big blind) folded before Flop
Seat 7: HannaSss (button) (small blind) collected ($6)


PokerStars Hand #156887204730:  Hold'em Limit ($3/$6 USD) - 2016/08/05 6:17:04 ET
Table 'Iris' 10-max Seat #1 is the button
Seat 1: Ag3r0n ($209.74 in chips)
Seat 7: HannaSss ($174.37 in chips)
Ag3r0n: posts small blind $1
HannaSss: posts big blind $3
*** HOLE CARDS ***
Ag3r0n: folds
Uncalled bet ($2) returned to HannaSss
HannaSss collected $2 from pot
*** SUMMARY ***
Total pot $2 | Rake $0
Seat 1: Ag3r0n (button) (small blind) folded before Flop
Seat 7: HannaSss (big blind) collected ($2)


PokerStars Hand #156887211257:  Hold'em Limit ($3/$6 USD) - 2016/08/05 6:17:21 ET
Table 'Iris' 10-max Seat #1 is the button
Seat 1: Ag3r0n ($205.74 in chips)
Seat 7: HannaSss ($178.37 in chips)
Ag3r0n: posts small blind $1
HannaSss: posts big blind $3
*** HOLE CARDS ***
Ag3r0n: raises $3 to $6
HannaSss: calls $3
*** FLOP *** [Jd Kc Qc]
HannaSss: checks
Ag3r0n: bets $3
HannaSss: calls $3
*** TURN *** [Jd Kc Qc] [2c]
HannaSss: checks
Ag3r0n: bets $6
HannaSss: calls $6
*** RIVER *** [Jd Kc Qc 2c] [Qd]
HannaSss: checks
Ag3r0n: bets $6
HannaSss: folds
Uncalled bet ($6) returned to Ag3r0n
Ag3r0n collected $29.50 from pot
*** SUMMARY ***
Total pot $30 | Rake $0.50
Board [Jd Kc Qc 2c Qd]
Seat 1: Ag3r0n (button) (small blind) collected ($29.50)
Seat 7: HannaSss (big blind) folded on the River


PokerStars Hand #156887208025:  Hold'em Limit ($3/$6 USD) - 2016/08/05 6:17:12 ET
Table 'Iris' 10-max Seat #7 is the button
Seat 1: Ag3r0n ($208.74 in chips)
Seat 7: HannaSss ($175.37 in chips)
HannaSss: posts small blind $1
Ag3r0n: posts big blind $3
*** HOLE CARDS ***
HannaSss: raises $3 to $6
Ag3r0n: folds
Uncalled bet ($3) returned to HannaSss
HannaSss collected $6 from pot
*** SUMMARY ***
Total pot $6 | Rake $0
Seat 1: Ag3r0n (big blind) folded before Flop
Seat 7: HannaSss (button) (small blind) collected ($6)


PokerStars Hand #156887235179:  Hold'em Limit ($3/$6 USD) - 2016/08/05 6:18:23 ET
Table 'Iris' 10-max Seat #1 is the button
Seat 1: Ag3r0n ($209.24 in chips)
Seat 7: HannaSss ($174.01 in chips)
Ag3r0n: posts small blind $1
HannaSss: posts big blind $3
*** HOLE CARDS ***
Ag3r0n: raises $3 to $6
HannaSss: calls $3
*** FLOP *** [Jh 3h 7s]
HannaSss: checks
Ag3r0n: bets $3
HannaSss: folds
Uncalled bet ($3) returned to Ag3r0n
Ag3r0n collected $11.76 from pot
*** SUMMARY ***
Total pot $12 | Rake $0.24
Board [Jh 3h 7s]
Seat 1: Ag3r0n (button) (small blind) collected ($11.76)
Seat 7: HannaSss (big blind) folded on the Flop


PokerStars Hand #156887245588:  Hold'em Limit ($3/$6 USD) - 2016/08/05 6:18:50 ET
Table 'Iris' 10-max Seat #1 is the button
Seat 1: Ag3r0n ($206 in chips)
Seat 7: HannaSss ($176.65 in chips)
Ag3r0n: posts small blind $1
HannaSss: posts big blind $3
*** HOLE CARDS ***
Ag3r0n: folds
Uncalled bet ($2) returned to HannaSss
HannaSss collected $2 from pot
*** SUMMARY ***
Total pot $2 | Rake $0
Seat 1: Ag3r0n (button) (small blind) folded before Flop
Seat 7: HannaSss (big blind) collected ($2)


PokerStars Hand #156887233134:  Hold'em Limit ($3/$6 USD) - 2016/08/05 6:18:17 ET
Table 'Iris' 10-max Seat #7 is the button
Seat 1: Ag3r0n ($208.24 in chips)
Seat 7: HannaSss ($175.01 in chips)
HannaSss: posts small blind $1
Ag3r0n: posts big blind $3
*** HOLE CARDS ***
HannaSss: folds
Uncalled bet ($2) returned to Ag3r0n
Ag3r0n collected $2 from pot
*** SUMMARY ***
Total pot $2 | Rake $0
Seat 1: Ag3r0n (big blind) collected ($2)
Seat 7: HannaSss (button) (small blind) folded before Flop


PokerStars Hand #156887226640:  Hold'em Limit ($3/$6 USD) - 2016/08/05 6:18:01 ET
Table 'Iris' 10-max Seat #1 is the button
Seat 1: Ag3r0n ($217.24 in chips)
Seat 7: HannaSss ($166.37 in chips)
Ag3r0n: posts small blind $1
HannaSss: posts big blind $3
*** HOLE CARDS ***
Ag3r0n: raises $3 to $6
HannaSss: raises $3 to $9
Ag3r0n: calls $3
*** FLOP *** [2s Qh 9d]
HannaSss: bets $3
Ag3r0n: folds
Uncalled bet ($3) returned to HannaSss
HannaSss collected $17.64 from pot
*** SUMMARY ***
Total pot $18 | Rake $0.36
Board [2s Qh 9d]
Seat 1: Ag3r0n (button) (small blind) folded on the Flop
Seat 7: HannaSss (big blind) collected ($17.64)


PokerStars Hand #156887247697:  Hold'em Limit ($3/$6 USD) - 2016/08/05 6:18:55 ET
Table 'Iris' 10-max Seat #7 is the button
Seat 1: Ag3r0n ($205 in chips)
Seat 7: HannaSss ($177.65 in chips)
HannaSss: posts small blind $1
Ag3r0n: posts big blind $3
*** HOLE CARDS ***
HannaSss: raises $3 to $6
Ag3r0n: calls $3
*** FLOP *** [4s 6c Tc]
Ag3r0n: checks
HannaSss: bets $3
Ag3r0n: calls $3
*** TURN *** [4s 6c Tc] [3h]
Ag3r0n: checks
HannaSss: checks
*** RIVER *** [4s 6c Tc 3h] [Ah]
Ag3r0n: bets $6
HannaSss: folds
Uncalled bet ($6) returned to Ag3r0n
Ag3r0n collected $17.64 from pot
*** SUMMARY ***
Total pot $18 | Rake $0.36
Board [4s 6c Tc 3h Ah]
Seat 1: Ag3r0n (big blind) collected ($17.64)
Seat 7: HannaSss (button) (small blind) folded on the River


PokerStars Hand #156887261229:  Hold'em Limit ($3/$6 USD) - 2016/08/05 6:19:30 ET
Table 'Iris' 10-max Seat #7 is the button
Seat 1: Ag3r0n ($186.64 in chips)
Seat 7: HannaSss ($195.15 in chips)
HannaSss: posts small blind $1
Ag3r0n: posts big blind $3
*** HOLE CARDS ***
HannaSss: raises $3 to $6
Ag3r0n: calls $3
*** FLOP *** [Th Qd Ks]
Ag3r0n: checks
HannaSss: bets $3
Ag3r0n: folds
Uncalled bet ($3) returned to HannaSss
HannaSss collected $11.76 from pot
*** SUMMARY ***
Total pot $12 | Rake $0.24
Board [Th Qd Ks]
Seat 1: Ag3r0n (big blind) folded on the Flop
Seat 7: HannaSss (button) (small blind) collected ($11.76)


PokerStars Hand #156887265417:  Hold'em Limit ($3/$6 USD) - 2016/08/05 6:19:41 ET
Table 'Iris' 10-max Seat #1 is the button
Seat 1: Ag3r0n ($180.64 in chips)
Seat 7: HannaSss ($200.91 in chips)
Ag3r0n: posts small blind $1
HannaSss: posts big blind $3
*** HOLE CARDS ***
Ag3r0n: folds
Uncalled bet ($2) returned to HannaSss
HannaSss collected $2 from pot
*** SUMMARY ***
Total pot $2 | Rake $0
Seat 1: Ag3r0n (button) (small blind) folded before Flop
Seat 7: HannaSss (big blind) collected ($2)


PokerStars Hand #156887254711:  Hold'em Limit ($3/$6 USD) - 2016/08/05 6:19:13 ET
Table 'Iris' 10-max Seat #1 is the button
Seat 1: Ag3r0n ($213.64 in chips)
Seat 7: HannaSss ($168.65 in chips)
Ag3r0n: posts small blind $1
HannaSss: posts big blind $3
*** HOLE CARDS ***
Ag3r0n: raises $3 to $6
HannaSss: calls $3
*** FLOP *** [6h Jh 4c]
HannaSss: checks
Ag3r0n: bets $3
HannaSss: calls $3
*** TURN *** [6h Jh 4c] [Jc]
HannaSss: checks
Ag3r0n: bets $6
HannaSss: raises $6 to $12
Ag3r0n: calls $6
*** RIVER *** [6h Jh 4c Jc] [3c]
HannaSss: bets $6
Ag3r0n: calls $6
*** SHOW DOWN ***
HannaSss: shows [Th Ts] (two pair, Jacks and Tens)
Ag3r0n: mucks hand
HannaSss collected $53.50 from pot
*** SUMMARY ***
Total pot $54 | Rake $0.50
Board [6h Jh 4c Jc 3c]
Seat 1: Ag3r0n (button) (small blind) mucked
Seat 7: HannaSss (big blind) showed [Th Ts] and won ($53.50) with two pair, Jacks and Tens


PokerStars Hand #156887283407:  Hold'em Limit ($3/$6 USD) - 2016/08/05 6:20:28 ET
Table 'Iris' 10-max Seat #1 is the button
Seat 1: Ag3r0n ($161.64 in chips)
Seat 7: HannaSss ($219.41 in chips)
Ag3r0n: posts small blind $1
HannaSss: posts big blind $3
*** HOLE CARDS ***
Ag3r0n: raises $3 to $6
HannaSss: calls $3
*** FLOP *** [Ah 4d 2s]
HannaSss: checks
Ag3r0n: bets $3
HannaSss: calls $3
*** TURN *** [Ah 4d 2s] [3c]
HannaSss: checks
Ag3r0n: checks
*** RIVER *** [Ah 4d 2s 3c] [9h]
HannaSss: checks
Ag3r0n: checks
*** SHOW DOWN ***
HannaSss: shows [4h 6c] (a pair of Fours)
Ag3r0n: mucks hand
HannaSss collected $17.64 from pot
*** SUMMARY ***
Total pot $18 | Rake $0.36
Board [Ah 4d 2s 3c 9h]
Seat 1: Ag3r0n (button) (small blind) mucked
Seat 7: HannaSss (big blind) showed [4h 6c] and won ($17.64) with a pair of Fours


PokerStars Hand #156887302472:  Hold'em Limit ($3/$6 USD) - 2016/08/05 6:21:18 ET
Table 'Iris' 10-max Seat #7 is the button
Seat 1: Ag3r0n ($134.40 in chips)
Seat 7: HannaSss ($245.55 in chips)
HannaSss: posts small blind $1
Ag3r0n: posts big blind $3
*** HOLE CARDS ***
HannaSss: raises $3 to $6
Ag3r0n: calls $3
*** FLOP *** [8s Qs Kd]
Ag3r0n: checks
HannaSss: bets $3
Ag3r0n: folds
Uncalled bet ($3) returned to HannaSss
HannaSss collected $11.76 from pot
*** SUMMARY ***
Total pot $12 | Rake $0.24
Board [8s Qs Kd]
Seat 1: Ag3r0n (big blind) folded on the Flop
Seat 7: HannaSss (button) (small blind) collected ($11.76)


PokerStars Hand #156887290577:  Hold'em Limit ($3/$6 USD) - 2016/08/05 6:20:47 ET
Table 'Iris' 10-max Seat #7 is the button
Seat 1: Ag3r0n ($152.64 in chips)
Seat 7: HannaSss ($228.05 in chips)
HannaSss: posts small blind $1
Ag3r0n: posts big blind $3
*** HOLE CARDS ***
HannaSss: raises $3 to $6
Ag3r0n: raises $3 to $9
HannaSss: calls $3
*** FLOP *** [4d 8s 3c]
Ag3r0n: bets $3
HannaSss: calls $3
*** TURN *** [4d 8s 3c] [Tc]
Ag3r0n: bets $6
HannaSss: calls $6
*** RIVER *** [4d 8s 3c Tc] [Th]
Ag3r0n: bets $6
HannaSss: calls $6
*** SHOW DOWN ***
Ag3r0n: shows [9c As] (a pair of Tens)
HannaSss: shows [3h 5d] (two pair, Tens and Threes)
HannaSss collected $47.50 from pot
*** SUMMARY ***
Total pot $48 | Rake $0.50
Board [4d 8s 3c Tc Th]
Seat 1: Ag3r0n (big blind) showed [9c As] and lost with a pair of Tens
Seat 7: HannaSss (button) (small blind) showed [3h 5d] and won ($47.50) with two pair, Tens and Threes


PokerStars Hand #156887307292:  Hold'em Limit ($3/$6 USD) - 2016/08/05 6:21:31 ET
Table 'Iris' 10-max Seat #1 is the button
Seat 1: Ag3r0n ($128.40 in chips)
Seat 7: HannaSss ($251.31 in chips)
Ag3r0n: posts small blind $1
HannaSss: posts big blind $3
*** HOLE CARDS ***
Ag3r0n: raises $3 to $6
HannaSss: calls $3
*** FLOP *** [Jd 6c 2h]
HannaSss: checks
Ag3r0n: bets $3
HannaSss: calls $3
*** TURN *** [Jd 6c 2h] [Js]
HannaSss: checks
Ag3r0n: bets $6
HannaSss: raises $6 to $12
Ag3r0n: folds
Uncalled bet ($6) returned to HannaSss
HannaSss collected $29.50 from pot
*** SUMMARY ***
Total pot $30 | Rake $0.50
Board [Jd 6c 2h Js]
Seat 1: Ag3r0n (button) (small blind) folded on the Turn
Seat 7: HannaSss (big blind) collected ($29.50)


PokerStars Hand #156887298743:  Hold'em Limit ($3/$6 USD) - 2016/08/05 6:21:09 ET
Table 'Iris' 10-max Seat #1 is the button
Seat 1: Ag3r0n ($128.64 in chips)
Seat 7: HannaSss ($251.55 in chips)
Ag3r0n: posts small blind $1
HannaSss: posts big blind $3
*** HOLE CARDS ***
Ag3r0n: raises $3 to $6
HannaSss: calls $3
*** FLOP *** [Ah Jh Ts]
HannaSss: checks
Ag3r0n: bets $3
HannaSss: folds
Uncalled bet ($3) returned to Ag3r0n
Ag3r0n collected $11.76 from pot
*** SUMMARY ***
Total pot $12 | Rake $0.24
Board [Ah Jh Ts]
Seat 1: Ag3r0n (button) (small blind) collected ($11.76)
Seat 7: HannaSss (big blind) folded on the Flop


PokerStars Hand #156887317675:  Hold'em Limit ($3/$6 USD) - 2016/08/05 6:21:58 ET
Table 'Iris' 10-max Seat #7 is the button
Seat 1: Ag3r0n ($113.40 in chips)
Seat 7: HannaSss ($265.81 in chips)
HannaSss: posts small blind $1
Ag3r0n: posts big blind $3
*** HOLE CARDS ***
HannaSss: raises $3 to $6
Ag3r0n: raises $3 to $9
HannaSss: calls $3
*** FLOP *** [6h 9c 3h]
Ag3r0n: bets $3
HannaSss: calls $3
*** TURN *** [6h 9c 3h] [Td]
Ag3r0n: bets $6
HannaSss: raises $6 to $12
Ag3r0n: calls $6
*** RIVER *** [6h 9c 3h Td] [Ks]
Ag3r0n: checks
HannaSss: bets $6
Ag3r0n: calls $6
*** SHOW DOWN ***
HannaSss: shows [Qh Th] (a pair of Tens)
Ag3r0n: mucks hand
HannaSss collected $59.50 from pot
*** SUMMARY ***
Total pot $60 | Rake $0.50
Board [6h 9c 3h Td Ks]
Seat 1: Ag3r0n (big blind) mucked
Seat 7: HannaSss (button) (small blind) showed [Qh Th] and won ($59.50) with a pair of Tens


PokerStars Hand #156887339419:  Hold'em Limit ($3/$6 USD) - 2016/08/05 6:22:54 ET
Table 'Iris' 10-max Seat #7 is the button
Seat 1: Ag3r0n ($100.90 in chips)
Seat 7: HannaSss ($277.31 in chips)
HannaSss: posts small blind $1
Ag3r0n: posts big blind $3
*** HOLE CARDS ***
HannaSss: raises $3 to $6
Ag3r0n: folds
Uncalled bet ($3) returned to HannaSss
HannaSss collected $6 from pot
*** SUMMARY ***
Total pot $6 | Rake $0
Seat 1: Ag3r0n (big blind) folded before Flop
Seat 7: HannaSss (button) (small blind) collected ($6)


PokerStars Hand #156887358798:  Hold'em Limit ($3/$6 USD) - 2016/08/05 6:23:44 ET
Table 'Iris' 10-max Seat #7 is the button
Seat 1: Ag3r0n ($72 in chips)
Seat 7: HannaSss ($309.21 in chips)
HannaSss: posts small blind $1
Ag3r0n: posts big blind $3
*** HOLE CARDS ***
HannaSss: raises $3 to $6
Ag3r0n: calls $3
*** FLOP *** [8h 2h Ac]
Ag3r0n: checks
HannaSss: bets $3
Ag3r0n: calls $3
*** TURN *** [8h 2h Ac] [Kh]
Ag3r0n: checks
HannaSss: checks
*** RIVER *** [8h 2h Ac Kh] [7c]
Ag3r0n: checks
HannaSss: checks
*** SHOW DOWN ***
Ag3r0n: shows [Qs 2s] (a pair of Deuces)
HannaSss: mucks hand
Ag3r0n collected $17.64 from pot
*** SUMMARY ***
Total pot $18 | Rake $0.36
Board [8h 2h Ac Kh 7c]
Seat 1: Ag3r0n (big blind) showed [Qs 2s] and won ($17.64) with a pair of Deuces
Seat 7: HannaSss (button) (small blind) mucked


PokerStars Hand #156887351009:  Hold'em Limit ($3/$6 USD) - 2016/08/05 6:23:24 ET
Table 'Iris' 10-max Seat #1 is the button
Seat 1: Ag3r0n ($82.90 in chips)
Seat 7: HannaSss ($294.71 in chips)
Ag3r0n: posts small blind $1
HannaSss: posts big blind $3
*** HOLE CARDS ***
Ag3r0n: raises $3 to $6
HannaSss: raises $3 to $9
Ag3r0n: calls $3
*** FLOP *** [8d 7d 6h]
HannaSss: bets $3
Ag3r0n: raises $3 to $6
HannaSss: calls $3
*** TURN *** [8d 7d 6h] [Js]
HannaSss: checks
Ag3r0n: checks
*** RIVER *** [8d 7d 6h Js] [7s]
HannaSss: checks
Ag3r0n: checks
*** SHOW DOWN ***
HannaSss: shows [Jc Qc] (two pair, Jacks and Sevens)
Ag3r0n: mucks hand
HannaSss collected $29.50 from pot
*** SUMMARY ***
Total pot $30 | Rake $0.50
Board [8d 7d 6h Js 7s]
Seat 1: Ag3r0n (button) (small blind) mucked
Seat 7: HannaSss (big blind) showed [Jc Qc] and won ($29.50) with two pair, Jacks and Sevens


PokerStars Hand #156887348012:  Hold'em Limit ($3/$6 USD) - 2016/08/05 6:23:16 ET
Table 'Iris' 10-max Seat #7 is the button
Seat 1: Ag3r0n ($88.90 in chips)
Seat 7: HannaSss ($288.95 in chips)
HannaSss: posts small blind $1
Ag3r0n: posts big blind $3
*** HOLE CARDS ***
HannaSss: raises $3 to $6
Ag3r0n: calls $3
*** FLOP *** [Ac Ts Th]
Ag3r0n: checks
HannaSss: bets $3
Ag3r0n: folds
Uncalled bet ($3) returned to HannaSss
HannaSss collected $11.76 from pot
*** SUMMARY ***
Total pot $12 | Rake $0.24
Board [Ac Ts Th]
Seat 1: Ag3r0n (big blind) folded on the Flop
Seat 7: HannaSss (button) (small blind) collected ($11.76)


PokerStars Hand #156887341414:  Hold'em Limit ($3/$6 USD) - 2016/08/05 6:22:59 ET
Table 'Iris' 10-max Seat #1 is the button
Seat 1: Ag3r0n ($97.90 in chips)
Seat 7: HannaSss ($280.31 in chips)
Ag3r0n: posts small blind $1
HannaSss: posts big blind $3
*** HOLE CARDS ***
Ag3r0n: raises $3 to $6
HannaSss: calls $3
*** FLOP *** [5c 2c 3h]
HannaSss: checks
Ag3r0n: bets $3
HannaSss: calls $3
*** TURN *** [5c 2c 3h] [7h]
HannaSss: checks
Ag3r0n: checks
*** RIVER *** [5c 2c 3h 7h] [Js]
HannaSss: bets $6
Ag3r0n: folds
Uncalled bet ($6) returned to HannaSss
HannaSss collected $17.64 from pot
*** SUMMARY ***
Total pot $18 | Rake $0.36
Board [5c 2c 3h 7h Js]
Seat 1: Ag3r0n (button) (small blind) folded on the River
Seat 7: HannaSss (big blind) collected ($17.64)


PokerStars Hand #156887377345:  Hold'em Limit ($3/$6 USD) - 2016/08/05 6:24:33 ET
Table 'Iris' 10-max Seat #1 is the button
Seat 1: Ag3r0n ($103.90 in chips)
Seat 7: HannaSss ($276.21 in chips)
Ag3r0n: posts small blind $1
HannaSss: posts big blind $3
*** HOLE CARDS ***
Ag3r0n: raises $3 to $6
HannaSss: folds
Uncalled bet ($3) returned to Ag3r0n
Ag3r0n collected $6 from pot
*** SUMMARY ***
Total pot $6 | Rake $0
Seat 1: Ag3r0n (button) (small blind) collected ($6)
Seat 7: HannaSss (big blind) folded before Flop


PokerStars Hand #156887370122:  Hold'em Limit ($3/$6 USD) - 2016/08/05 6:24:14 ET
Table 'Iris' 10-max Seat #7 is the button
Seat 1: Ag3r0n ($86.40 in chips)
Seat 7: HannaSss ($294.21 in chips)
HannaSss: posts small blind $1
Ag3r0n: posts big blind $3
*** HOLE CARDS ***
HannaSss: raises $3 to $6
Ag3r0n: calls $3
*** FLOP *** [9c Kd Ts]
Ag3r0n: checks
HannaSss: bets $3
Ag3r0n: raises $3 to $6
HannaSss: calls $3
*** TURN *** [9c Kd Ts] [9d]
Ag3r0n: bets $6
HannaSss: calls $6
*** RIVER *** [9c Kd Ts 9d] [4c]
Ag3r0n: bets $6
HannaSss: folds
Uncalled bet ($6) returned to Ag3r0n
Ag3r0n collected $35.50 from pot
*** SUMMARY ***
Total pot $36 | Rake $0.50
Board [9c Kd Ts 9d 4c]
Seat 1: Ag3r0n (big blind) collected ($35.50)
Seat 7: HannaSss (button) (small blind) folded on the River


PokerStars Hand #156887366996:  Hold'em Limit ($3/$6 USD) - 2016/08/05 6:24:06 ET
Table 'Iris' 10-max Seat #1 is the button
Seat 1: Ag3r0n ($80.64 in chips)
Seat 7: HannaSss ($300.21 in chips)
Ag3r0n: posts small blind $1
HannaSss: posts big blind $3
*** HOLE CARDS ***
Ag3r0n: raises $3 to $6
HannaSss: calls $3
*** FLOP *** [8c 8s 9h]
HannaSss: checks
Ag3r0n: bets $3
HannaSss: folds
Uncalled bet ($3) returned to Ag3r0n
Ag3r0n collected $11.76 from pot
*** SUMMARY ***
Total pot $12 | Rake $0.24
Board [8c 8s 9h]
Seat 1: Ag3r0n (button) (small blind) collected ($11.76)
Seat 7: HannaSss (big blind) folded on the Flop


PokerStars Hand #156887384611:  Hold'em Limit ($3/$6 USD) - 2016/08/05 6:24:51 ET
Table 'Iris' 10-max Seat #1 is the button
Seat 1: Ag3r0n ($97.90 in chips)
Seat 7: HannaSss ($281.85 in chips)
Ag3r0n: posts small blind $1
HannaSss: posts big blind $3
*** HOLE CARDS ***
Ag3r0n: raises $3 to $6
HannaSss: calls $3
*** FLOP *** [6h 2c 9h]
HannaSss: checks
Ag3r0n: bets $3
HannaSss: folds
Uncalled bet ($3) returned to Ag3r0n
Ag3r0n collected $11.76 from pot
*** SUMMARY ***
Total pot $12 | Rake $0.24
Board [6h 2c 9h]
Seat 1: Ag3r0n (button) (small blind) collected ($11.76)
Seat 7: HannaSss (big blind) folded on the Flop


PokerStars Hand #156887379371:  Hold'em Limit ($3/$6 USD) - 2016/08/05 6:24:38 ET
Table 'Iris' 10-max Seat #7 is the button
Seat 1: Ag3r0n ($106.90 in chips)
Seat 7: HannaSss ($273.21 in chips)
HannaSss: posts small blind $1
Ag3r0n: posts big blind $3
*** HOLE CARDS ***
HannaSss: raises $3 to $6
Ag3r0n: calls $3
*** FLOP *** [Tc 7s 7c]
Ag3r0n: checks
HannaSss: bets $3
Ag3r0n: calls $3
*** TURN *** [Tc 7s 7c] [Kd]
Ag3r0n: checks
HannaSss: bets $6
Ag3r0n: folds
Uncalled bet ($6) returned to HannaSss
HannaSss collected $17.64 from pot
*** SUMMARY ***
Total pot $18 | Rake $0.36
Board [Tc 7s 7c Kd]
Seat 1: Ag3r0n (big blind) folded on the Turn
Seat 7: HannaSss (button) (small blind) collected ($17.64)


PokerStars Hand #156887387673:  Hold'em Limit ($3/$6 USD) - 2016/08/05 6:24:59 ET
Table 'Iris' 10-max Seat #7 is the button
Seat 1: Ag3r0n ($103.66 in chips)
Seat 7: HannaSss ($275.85 in chips)
HannaSss: posts small blind $1
Ag3r0n: posts big blind $3
*** HOLE CARDS ***
HannaSss: raises $3 to $6
Ag3r0n: calls $3
*** FLOP *** [8s Kd Qs]
Ag3r0n: checks
HannaSss: bets $3
Ag3r0n: calls $3
*** TURN *** [8s Kd Qs] [Ks]
Ag3r0n: checks
HannaSss: checks
*** RIVER *** [8s Kd Qs Ks] [Js]
Ag3r0n: checks
HannaSss: checks
*** SHOW DOWN ***
Ag3r0n: shows [8h Td] (two pair, Kings and Eights)
HannaSss: shows [Tc Qh] (two pair, Kings and Queens)
HannaSss collected $17.64 from pot
*** SUMMARY ***
Total pot $18 | Rake $0.36
Board [8s Kd Qs Ks Js]
Seat 1: Ag3r0n (big blind) showed [8h Td] and lost with two pair, Kings and Eights
Seat 7: HannaSss (button) (small blind) showed [Tc Qh] and won ($17.64) with two pair, Kings and Queens


PokerStars Hand #156887393737:  Hold'em Limit ($3/$6 USD) - 2016/08/05 6:25:15 ET
Table 'Iris' 10-max Seat #1 is the button
Seat 1: Ag3r0n ($94.66 in chips)
Seat 7: HannaSss ($284.49 in chips)
Ag3r0n: posts small blind $1
HannaSss: posts big blind $3
*** HOLE CARDS ***
Ag3r0n: raises $3 to $6
HannaSss: calls $3
*** FLOP *** [Kc 5s Kd]
HannaSss: checks
Ag3r0n: bets $3
HannaSss: calls $3
*** TURN *** [Kc 5s Kd] [6h]
HannaSss: checks
Ag3r0n: checks
*** RIVER *** [Kc 5s Kd 6h] [Ac]
HannaSss: checks
Ag3r0n: bets $6
HannaSss: folds
Uncalled bet ($6) returned to Ag3r0n
Ag3r0n collected $17.64 from pot
*** SUMMARY ***
Total pot $18 | Rake $0.36
Board [Kc 5s Kd 6h Ac]
Seat 1: Ag3r0n (button) (small blind) collected ($17.64)
Seat 7: HannaSss (big blind) folded on the River


PokerStars Hand #156887405709:  Hold'em Limit ($3/$6 USD) - 2016/08/05 6:25:46 ET
Table 'Iris' 10-max Seat #1 is the button
Seat 1: Ag3r0n ($111.94 in chips)
Seat 7: HannaSss ($266.49 in chips)
Ag3r0n: posts small blind $1
HannaSss: posts big blind $3
*** HOLE CARDS ***
Ag3r0n: raises $3 to $6
HannaSss: raises $3 to $9
Ag3r0n: calls $3
*** FLOP *** [Jc 3c Qc]
HannaSss: bets $3
Ag3r0n: raises $3 to $6
HannaSss: calls $3
*** TURN *** [Jc 3c Qc] [3s]
HannaSss: checks
Ag3r0n: bets $6
HannaSss: calls $6
*** RIVER *** [Jc 3c Qc 3s] [7s]
HannaSss: checks
Ag3r0n: bets $6
HannaSss: calls $6
*** SHOW DOWN ***
Ag3r0n: shows [4s 3d] (three of a kind, Threes)
HannaSss: mucks hand
Ag3r0n collected $53.50 from pot
*** SUMMARY ***
Total pot $54 | Rake $0.50
Board [Jc 3c Qc 3s 7s]
Seat 1: Ag3r0n (button) (small blind) showed [4s 3d] and won ($53.50) with three of a kind, Threes
Seat 7: HannaSss (big blind) mucked


PokerStars Hand #156887400358:  Hold'em Limit ($3/$6 USD) - 2016/08/05 6:25:32 ET
Table 'Iris' 10-max Seat #7 is the button
Seat 1: Ag3r0n ($103.30 in chips)
Seat 7: HannaSss ($275.49 in chips)
HannaSss: posts small blind $1
Ag3r0n: posts big blind $3
*** HOLE CARDS ***
HannaSss: raises $3 to $6
Ag3r0n: calls $3
*** FLOP *** [Qs 6s 8c]
Ag3r0n: checks
HannaSss: bets $3
Ag3r0n: calls $3
*** TURN *** [Qs 6s 8c] [5h]
Ag3r0n: checks
HannaSss: checks
*** RIVER *** [Qs 6s 8c 5h] [Qh]
Ag3r0n: bets $6
HannaSss: folds
Uncalled bet ($6) returned to Ag3r0n
Ag3r0n collected $17.64 from pot
*** SUMMARY ***
Total pot $18 | Rake $0.36
Board [Qs 6s 8c 5h Qh]
Seat 1: Ag3r0n (big blind) collected ($17.64)
Seat 7: HannaSss (button) (small blind) folded on the River


PokerStars Hand #156887429467:  Hold'em Limit ($3/$6 USD) - 2016/08/05 6:26:48 ET
Table 'Iris' 10-max Seat #7 is the button
Seat 1: Ag3r0n ($126.32 in chips)
Seat 7: HannaSss ($250.77 in chips)
HannaSss: posts small blind $1
Ag3r0n: posts big blind $3
*** HOLE CARDS ***
HannaSss: folds
Uncalled bet ($2) returned to Ag3r0n
Ag3r0n collected $2 from pot
*** SUMMARY ***
Total pot $2 | Rake $0
Seat 1: Ag3r0n (big blind) collected ($2)
Seat 7: HannaSss (button) (small blind) folded before Flop


PokerStars Hand #156887423813:  Hold'em Limit ($3/$6 USD) - 2016/08/05 6:26:33 ET
Table 'Iris' 10-max Seat #1 is the button
Seat 1: Ag3r0n ($138.32 in chips)
Seat 7: HannaSss ($239.25 in chips)
Ag3r0n: posts small blind $1
HannaSss: posts big blind $3
*** HOLE CARDS ***
Ag3r0n: raises $3 to $6
HannaSss: calls $3
*** FLOP *** [2h 6c Qd]
HannaSss: checks
Ag3r0n: bets $3
HannaSss: raises $3 to $6
Ag3r0n: calls $3
*** TURN *** [2h 6c Qd] [Qh]
HannaSss: bets $6
Ag3r0n: folds
Uncalled bet ($6) returned to HannaSss
HannaSss collected $23.52 from pot
*** SUMMARY ***
Total pot $24 | Rake $0.48
Board [2h 6c Qd Qh]
Seat 1: Ag3r0n (button) (small blind) folded on the Turn
Seat 7: HannaSss (big blind) collected ($23.52)


PokerStars Hand #156887433430:  Hold'em Limit ($3/$6 USD) - 2016/08/05 6:26:58 ET
Table 'Iris' 10-max Seat #7 is the button
Seat 1: Ag3r0n ($126.32 in chips)
Seat 7: HannaSss ($250.77 in chips)
HannaSss: posts small blind $1
Ag3r0n: posts big blind $3
*** HOLE CARDS ***
HannaSss: raises $3 to $6
Ag3r0n: folds
Uncalled bet ($3) returned to HannaSss
HannaSss collected $6 from pot
*** SUMMARY ***
Total pot $6 | Rake $0
Seat 1: Ag3r0n (big blind) folded before Flop
Seat 7: HannaSss (button) (small blind) collected ($6)


PokerStars Hand #156887431752:  Hold'em Limit ($3/$6 USD) - 2016/08/05 6:26:54 ET
Table 'Iris' 10-max Seat #1 is the button
Seat 1: Ag3r0n ($127.32 in chips)
Seat 7: HannaSss ($249.77 in chips)
Ag3r0n: posts small blind $1
HannaSss: posts big blind $3
*** HOLE CARDS ***
Ag3r0n: folds
Uncalled bet ($2) returned to HannaSss
HannaSss collected $2 from pot
*** SUMMARY ***
Total pot $2 | Rake $0
Seat 1: Ag3r0n (button) (small blind) folded before Flop
Seat 7: HannaSss (big blind) collected ($2)


PokerStars Hand #156887418016:  Hold'em Limit ($3/$6 USD) - 2016/08/05 6:26:18 ET
Table 'Iris' 10-max Seat #1 is the button
Seat 1: Ag3r0n ($141.32 in chips)
Seat 7: HannaSss ($236.49 in chips)
Ag3r0n: posts small blind $1
HannaSss: posts big blind $3
*** HOLE CARDS ***
Ag3r0n: raises $3 to $6
HannaSss: folds
Uncalled bet ($3) returned to Ag3r0n
Ag3r0n collected $6 from pot
*** SUMMARY ***
Total pot $6 | Rake $0
Seat 1: Ag3r0n (button) (small blind) collected ($6)
Seat 7: HannaSss (big blind) folded before Flop


PokerStars Hand #156887413334:  Hold'em Limit ($3/$6 USD) - 2016/08/05 6:26:06 ET
Table 'Iris' 10-max Seat #7 is the button
Seat 1: Ag3r0n ($138.44 in chips)
Seat 7: HannaSss ($239.49 in chips)
HannaSss: posts small blind $1
Ag3r0n: posts big blind $3
*** HOLE CARDS ***
HannaSss: calls $2
Ag3r0n: checks
*** FLOP *** [Td 8d Th]
Ag3r0n: checks
HannaSss: checks
*** TURN *** [Td 8d Th] [8s]
Ag3r0n: bets $6
HannaSss: folds
Uncalled bet ($6) returned to Ag3r0n
Ag3r0n collected $5.88 from pot
*** SUMMARY ***
Total pot $6 | Rake $0.12
Board [Td 8d Th 8s]
Seat 1: Ag3r0n (big blind) collected ($5.88)
Seat 7: HannaSss (button) (small blind) folded on the Turn


PokerStars Hand #156887420332:  Hold'em Limit ($3/$6 USD) - 2016/08/05 6:26:24 ET
Table 'Iris' 10-max Seat #7 is the button
Seat 1: Ag3r0n ($144.32 in chips)
Seat 7: HannaSss ($233.49 in chips)
HannaSss: posts small blind $1
Ag3r0n: posts big blind $3
*** HOLE CARDS ***
HannaSss: raises $3 to $6
Ag3r0n: calls $3
*** FLOP *** [Jh Td 3h]
Ag3r0n: checks
HannaSss: bets $3
Ag3r0n: folds
Uncalled bet ($3) returned to HannaSss
HannaSss collected $11.76 from pot
*** SUMMARY ***
Total pot $12 | Rake $0.24
Board [Jh Td 3h]
Seat 1: Ag3r0n (big blind) folded on the Flop
Seat 7: HannaSss (button) (small blind) collected ($11.76)


PokerStars Hand #156887453694:  Hold'em Limit ($3/$6 USD) - 2016/08/05 6:27:50 ET
Table 'Iris' 10-max Seat #1 is the button
Seat 1: Ag3r0n ($152.57 in chips)
Seat 7: HannaSss ($223.52 in chips)
Ag3r0n: posts small blind $1
HannaSss: posts big blind $3
*** HOLE CARDS ***
Ag3r0n: raises $3 to $6
HannaSss: calls $3
*** FLOP *** [5s 9h 8h]
HannaSss: bets $3
Ag3r0n: calls $3
*** TURN *** [5s 9h 8h] [Ks]
HannaSss: bets $6
Ag3r0n: calls $6
*** RIVER *** [5s 9h 8h Ks] [7c]
HannaSss: checks
Ag3r0n: checks
*** SHOW DOWN ***
HannaSss: shows [Kd 9c] (two pair, Kings and Nines)
Ag3r0n: mucks hand
HannaSss collected $29.50 from pot
*** SUMMARY ***
Total pot $30 | Rake $0.50
Board [5s 9h 8h Ks 7c]
Seat 1: Ag3r0n (button) (small blind) mucked
Seat 7: HannaSss (big blind) showed [Kd 9c] and won ($29.50) with two pair, Kings and Nines


PokerStars Hand #156887445292:  Hold'em Limit ($3/$6 USD) - 2016/08/05 6:27:29 ET
Table 'Iris' 10-max Seat #7 is the button
Seat 1: Ag3r0n ($152.82 in chips)
Seat 7: HannaSss ($223.77 in chips)
HannaSss: posts small blind $1
Ag3r0n: posts big blind $3
*** HOLE CARDS ***
HannaSss: calls $2
Ag3r0n: checks
*** FLOP *** [7s 6c Jc]
Ag3r0n: bets $3
HannaSss: raises $3 to $6
Ag3r0n: raises $3 to $9
HannaSss: raises $3 to $12
Betting is capped
Ag3r0n: calls $3
*** TURN *** [7s 6c Jc] [Ts]
Ag3r0n: checks
HannaSss: bets $6
Ag3r0n: raises $6 to $12
HannaSss: calls $6
*** RIVER *** [7s 6c Jc Ts] [3d]
Ag3r0n: bets $6
HannaSss: calls $6
*** SHOW DOWN ***
Ag3r0n: shows [6d 7c] (two pair, Sevens and Sixes)
HannaSss: shows [7d 6h] (two pair, Sevens and Sixes)
Ag3r0n collected $32.75 from pot
HannaSss collected $32.75 from pot
*** SUMMARY ***
Total pot $66 | Rake $0.50
Board [7s 6c Jc Ts 3d]
Seat 1: Ag3r0n (big blind) showed [6d 7c] and won ($32.75) with two pair, Sevens and Sixes
Seat 7: HannaSss (button) (small blind) showed [7d 6h] and won ($32.75) with two pair, Sevens and Sixes


PokerStars Hand #156887435721:  Hold'em Limit ($3/$6 USD) - 2016/08/05 6:27:04 ET
Table 'Iris' 10-max Seat #1 is the button
Seat 1: Ag3r0n ($123.32 in chips)
Seat 7: HannaSss ($253.77 in chips)
Ag3r0n: posts small blind $1
HannaSss: posts big blind $3
*** HOLE CARDS ***
Ag3r0n: raises $3 to $6
HannaSss: raises $3 to $9
Ag3r0n: calls $3
*** FLOP *** [7d 4c 8s]
HannaSss: bets $3
Ag3r0n: calls $3
*** TURN *** [7d 4c 8s] [Ks]
HannaSss: bets $6
Ag3r0n: raises $6 to $12
HannaSss: calls $6
*** RIVER *** [7d 4c 8s Ks] [6c]
HannaSss: checks
Ag3r0n: bets $6
HannaSss: calls $6
*** SHOW DOWN ***
Ag3r0n: shows [6d 5h] (a straight, Four to Eight)
HannaSss: mucks hand
Ag3r0n collected $59.50 from pot
*** SUMMARY ***
Total pot $60 | Rake $0.50
Board [7d 4c 8s Ks 6c]
Seat 1: Ag3r0n (button) (small blind) showed [6d 5h] and won ($59.50) with a straight, Four to Eight
Seat 7: HannaSss (big blind) mucked


PokerStars Hand #156887475184:  Hold'em Limit ($3/$6 USD) - 2016/08/05 6:28:45 ET
Table 'Iris' 10-max Seat #1 is the button
Seat 1: Ag3r0n ($139.96 in chips)
Seat 7: HannaSss ($234.53 in chips)
Ag3r0n: posts small blind $1
HannaSss: posts big blind $3
*** HOLE CARDS ***
Ag3r0n: raises $3 to $6
HannaSss: calls $3
*** FLOP *** [5c Ks Kd]
HannaSss: checks
Ag3r0n: bets $3
HannaSss: folds
Uncalled bet ($3) returned to Ag3r0n
Ag3r0n collected $11.76 from pot
*** SUMMARY ***
Total pot $12 | Rake $0.24
Board [5c Ks Kd]
Seat 1: Ag3r0n (button) (small blind) collected ($11.76)
Seat 7: HannaSss (big blind) folded on the Flop


PokerStars Hand #156887478954:  Hold'em Limit ($3/$6 USD) - 2016/08/05 6:28:55 ET
Table 'Iris' 10-max Seat #7 is the button
Seat 1: Ag3r0n ($145.72 in chips)
Seat 7: HannaSss ($228.53 in chips)
HannaSss: posts small blind $1
Ag3r0n: posts big blind $3
*** HOLE CARDS ***
HannaSss: raises $3 to $6
Ag3r0n: calls $3
*** FLOP *** [Js 8h 9s]
Ag3r0n: checks
HannaSss: bets $3
Ag3r0n: raises $3 to $6
HannaSss: folds
Uncalled bet ($3) returned to Ag3r0n
Ag3r0n collected $17.64 from pot
*** SUMMARY ***
Total pot $18 | Rake $0.36
Board [Js 8h 9s]
Seat 1: Ag3r0n (big blind) collected ($17.64)
Seat 7: HannaSss (button) (small blind) folded on the Flop


PokerStars Hand #156887459683:  Hold'em Limit ($3/$6 USD) - 2016/08/05 6:28:05 ET
Table 'Iris' 10-max Seat #7 is the button
Seat 1: Ag3r0n ($137.57 in chips)
Seat 7: HannaSss ($238.02 in chips)
HannaSss: posts small blind $1
Ag3r0n: posts big blind $3
*** HOLE CARDS ***
HannaSss: raises $3 to $6
Ag3r0n: calls $3
*** FLOP *** [Kd Th Qh]
Ag3r0n: checks
HannaSss: bets $3
Ag3r0n: calls $3
*** TURN *** [Kd Th Qh] [Td]
Ag3r0n: checks
HannaSss: bets $6
Ag3r0n: calls $6
*** RIVER *** [Kd Th Qh Td] [4s]
Ag3r0n: checks
HannaSss: checks
*** SHOW DOWN ***
Ag3r0n: shows [6s Qc] (two pair, Queens and Tens)
HannaSss: shows [Qs 2d] (two pair, Queens and Tens)
Ag3r0n collected $14.75 from pot
HannaSss collected $14.75 from pot
*** SUMMARY ***
Total pot $30 | Rake $0.50
Board [Kd Th Qh Td 4s]
Seat 1: Ag3r0n (big blind) showed [6s Qc] and won ($14.75) with two pair, Queens and Tens
Seat 7: HannaSss (button) (small blind) showed [Qs 2d] and won ($14.75) with two pair, Queens and Tens


PokerStars Hand #156887467047:  Hold'em Limit ($3/$6 USD) - 2016/08/05 6:28:24 ET
Table 'Iris' 10-max Seat #1 is the button
Seat 1: Ag3r0n ($137.32 in chips)
Seat 7: HannaSss ($237.77 in chips)
Ag3r0n: posts small blind $1
HannaSss: posts big blind $3
*** HOLE CARDS ***
Ag3r0n: raises $3 to $6
HannaSss: calls $3
*** FLOP *** [2h 8c Jh]
HannaSss: bets $3
Ag3r0n: folds
Uncalled bet ($3) returned to HannaSss
HannaSss collected $11.76 from pot
*** SUMMARY ***
Total pot $12 | Rake $0.24
Board [2h 8c Jh]
Seat 1: Ag3r0n (button) (small blind) folded on the Flop
Seat 7: HannaSss (big blind) collected ($11.76)


PokerStars Hand #156887470404:  Hold'em Limit ($3/$6 USD) - 2016/08/05 6:28:33 ET
Table 'Iris' 10-max Seat #7 is the button
Seat 1: Ag3r0n ($131.32 in chips)
Seat 7: HannaSss ($243.53 in chips)
HannaSss: posts small blind $1
Ag3r0n: posts big blind $3
*** HOLE CARDS ***
HannaSss: raises $3 to $6
Ag3r0n: calls $3
*** FLOP *** [Qd 3d 5d]
Ag3r0n: checks
HannaSss: bets $3
Ag3r0n: raises $3 to $6
HannaSss: folds
Uncalled bet ($3) returned to Ag3r0n
Ag3r0n collected $17.64 from pot
*** SUMMARY ***
Total pot $18 | Rake $0.36
Board [Qd 3d 5d]
Seat 1: Ag3r0n (big blind) collected ($17.64)
Seat 7: HannaSss (button) (small blind) folded on the Flop


PokerStars Hand #156887486627:  Hold'em Limit ($3/$6 USD) - 2016/08/05 6:29:14 ET
Table 'Iris' 10-max Seat #7 is the button
Seat 1: Ag3r0n ($157.36 in chips)
Seat 7: HannaSss ($216.53 in chips)
HannaSss: posts small blind $1
Ag3r0n: posts big blind $3
*** HOLE CARDS ***
HannaSss: raises $3 to $6
Ag3r0n: raises $3 to $9
HannaSss: calls $3
*** FLOP *** [7d 8d Tc]
Ag3r0n: bets $3
HannaSss: folds
Uncalled bet ($3) returned to Ag3r0n
Ag3r0n collected $17.64 from pot
*** SUMMARY ***
Total pot $18 | Rake $0.36
Board [7d 8d Tc]
Seat 1: Ag3r0n (big blind) collected ($17.64)
Seat 7: HannaSss (button) (small blind) folded on the Flop


PokerStars Hand #156887491383:  Hold'em Limit ($3/$6 USD) - 2016/08/05 6:29:27 ET
Table 'Iris' 10-max Seat #1 is the button
Seat 1: Ag3r0n ($166 in chips)
Seat 7: HannaSss ($207.53 in chips)
Ag3r0n: posts small blind $1
HannaSss: posts big blind $3
*** HOLE CARDS ***
Ag3r0n: raises $3 to $6
HannaSss: calls $3
*** FLOP *** [Qs 2c 5c]
HannaSss: checks
Ag3r0n: bets $3
HannaSss: folds
Uncalled bet ($3) returned to Ag3r0n
Ag3r0n collected $11.76 from pot
*** SUMMARY ***
Total pot $12 | Rake $0.24
Board [Qs 2c 5c]
Seat 1: Ag3r0n (button) (small blind) collected ($11.76)
Seat 7: HannaSss (big blind) folded on the Flop


PokerStars Hand #156887483526:  Hold'em Limit ($3/$6 USD) - 2016/08/05 6:29:06 ET
Table 'Iris' 10-max Seat #1 is the button
Seat 1: Ag3r0n ($154.36 in chips)
Seat 7: HannaSss ($219.53 in chips)
Ag3r0n: posts small blind $1
HannaSss: posts big blind $3
*** HOLE CARDS ***
Ag3r0n: raises $3 to $6
HannaSss: folds
Uncalled bet ($3) returned to Ag3r0n
Ag3r0n collected $6 from pot
*** SUMMARY ***
Total pot $6 | Rake $0
Seat 1: Ag3r0n (button) (small blind) collected ($6)
Seat 7: HannaSss (big blind) folded before Flop


PokerStars Hand #156887509435:  Hold'em Limit ($3/$6 USD) - 2016/08/05 6:30:13 ET
Table 'Iris' 10-max Seat #7 is the button
Seat 1: Ag3r0n ($148.76 in chips)
Seat 7: HannaSss ($223.79 in chips)
HannaSss: posts small blind $1
Ag3r0n: posts big blind $3
*** HOLE CARDS ***
HannaSss: raises $3 to $6
Ag3r0n: raises $3 to $9
HannaSss: calls $3
*** FLOP *** [3c Td Ks]
Ag3r0n: bets $3
HannaSss: raises $3 to $6
Ag3r0n: raises $3 to $9
HannaSss: raises $3 to $12
Betting is capped
Ag3r0n: calls $3
*** TURN *** [3c Td Ks] [9d]
Ag3r0n: checks
HannaSss: bets $6
Ag3r0n: folds
Uncalled bet ($6) returned to HannaSss
HannaSss collected $41.50 from pot
*** SUMMARY ***
Total pot $42 | Rake $0.50
Board [3c Td Ks 9d]
Seat 1: Ag3r0n (big blind) folded on the Turn
Seat 7: HannaSss (button) (small blind) collected ($41.50)


PokerStars Hand #156887517319:  Hold'em Limit ($3/$6 USD) - 2016/08/05 6:30:33 ET
Table 'Iris' 10-max Seat #1 is the button
Seat 1: Ag3r0n ($127.76 in chips)
Seat 7: HannaSss ($244.29 in chips)
Ag3r0n: posts small blind $1
HannaSss: posts big blind $3
*** HOLE CARDS ***
Ag3r0n: raises $3 to $6
HannaSss: calls $3
*** FLOP *** [6h 8h Ts]
HannaSss: checks
Ag3r0n: checks
*** TURN *** [6h 8h Ts] [2h]
HannaSss: checks
Ag3r0n: bets $6
HannaSss: calls $6
*** RIVER *** [6h 8h Ts 2h] [Tc]
HannaSss: checks
Ag3r0n: bets $6
HannaSss: folds
Uncalled bet ($6) returned to Ag3r0n
Ag3r0n collected $23.52 from pot
*** SUMMARY ***
Total pot $24 | Rake $0.48
Board [6h 8h Ts 2h Tc]
Seat 1: Ag3r0n (button) (small blind) collected ($23.52)
Seat 7: HannaSss (big blind) folded on the River


PokerStars Hand #156887500198:  Hold'em Limit ($3/$6 USD) - 2016/08/05 6:29:49 ET
Table 'Iris' 10-max Seat #7 is the button
Seat 1: Ag3r0n ($164.76 in chips)
Seat 7: HannaSss ($208.29 in chips)
HannaSss: posts small blind $1
Ag3r0n: posts big blind $3
*** HOLE CARDS ***
HannaSss: raises $3 to $6
Ag3r0n: calls $3
*** FLOP *** [Js 5h 7d]
Ag3r0n: checks
HannaSss: bets $3
Ag3r0n: calls $3
*** TURN *** [Js 5h 7d] [Ad]
Ag3r0n: checks
HannaSss: bets $6
Ag3r0n: calls $6
*** RIVER *** [Js 5h 7d Ad] [3d]
Ag3r0n: checks
HannaSss: bets $6
Ag3r0n: folds
Uncalled bet ($6) returned to HannaSss
HannaSss collected $29.50 from pot
*** SUMMARY ***
Total pot $30 | Rake $0.50
Board [Js 5h 7d Ad 3d]
Seat 1: Ag3r0n (big blind) folded on the River
Seat 7: HannaSss (button) (small blind) collected ($29.50)


PokerStars Hand #156887531202:  Hold'em Limit ($3/$6 USD) - 2016/08/05 6:31:09 ET
Table 'Iris' 10-max Seat #1 is the button
Seat 1: Ag3r0n ($118.28 in chips)
Seat 7: HannaSss ($252.79 in chips)
Ag3r0n: posts small blind $1
HannaSss: posts big blind $3
*** HOLE CARDS ***
Ag3r0n: raises $3 to $6
HannaSss: calls $3
*** FLOP *** [9d Qh 3d]
HannaSss: checks
Ag3r0n: bets $3
HannaSss: folds
Uncalled bet ($3) returned to Ag3r0n
Ag3r0n collected $11.76 from pot
*** SUMMARY ***
Total pot $12 | Rake $0.24
Board [9d Qh 3d]
Seat 1: Ag3r0n (button) (small blind) collected ($11.76)
Seat 7: HannaSss (big blind) folded on the Flop


PokerStars Hand #156887524477:  Hold'em Limit ($3/$6 USD) - 2016/08/05 6:30:52 ET
Table 'Iris' 10-max Seat #7 is the button
Seat 1: Ag3r0n ($139.28 in chips)
Seat 7: HannaSss ($232.29 in chips)
HannaSss: posts small blind $1
Ag3r0n: posts big blind $3
*** HOLE CARDS ***
HannaSss: raises $3 to $6
Ag3r0n: calls $3
*** FLOP *** [9d 3h Qc]
Ag3r0n: checks
HannaSss: bets $3
Ag3r0n: calls $3
*** TURN *** [9d 3h Qc] [2s]
Ag3r0n: checks
HannaSss: bets $6
Ag3r0n: calls $6
*** RIVER *** [9d 3h Qc 2s] [Qs]
Ag3r0n: checks
HannaSss: bets $6
Ag3r0n: calls $6
*** SHOW DOWN ***
HannaSss: shows [Qh Ac] (three of a kind, Queens)
Ag3r0n: mucks hand
HannaSss collected $41.50 from pot
*** SUMMARY ***
Total pot $42 | Rake $0.50
Board [9d 3h Qc 2s Qs]
Seat 1: Ag3r0n (big blind) mucked
Seat 7: HannaSss (button) (small blind) showed [Qh Ac] and won ($41.50) with three of a kind, Queens


PokerStars Hand #156887538633:  Hold'em Limit ($3/$6 USD) - 2016/08/05 6:31:28 ET
Table 'Iris' 10-max Seat #1 is the button
Seat 1: Ag3r0n ($118.04 in chips)
Seat 7: HannaSss ($252.55 in chips)
Ag3r0n: posts small blind $1
HannaSss: posts big blind $3
*** HOLE CARDS ***
Ag3r0n: raises $3 to $6
HannaSss: raises $3 to $9
Ag3r0n: calls $3
*** FLOP *** [Js Ac 7d]
HannaSss: bets $3
Ag3r0n: folds
Uncalled bet ($3) returned to HannaSss
HannaSss collected $17.64 from pot
hairy1961 joins the table at seat #9
*** SUMMARY ***
Total pot $18 | Rake $0.36
Board [Js Ac 7d]
Seat 1: Ag3r0n (button) (small blind) folded on the Flop
Seat 7: HannaSss (big blind) collected ($17.64)


PokerStars Hand #156887534155:  Hold'em Limit ($3/$6 USD) - 2016/08/05 6:31:17 ET
Table 'Iris' 10-max Seat #7 is the button
Seat 1: Ag3r0n ($124.04 in chips)
Seat 7: HannaSss ($246.79 in chips)
HannaSss: posts small blind $1
Ag3r0n: posts big blind $3
*** HOLE CARDS ***
HannaSss: raises $3 to $6
Ag3r0n: calls $3
*** FLOP *** [Qd Ah 5h]
Ag3r0n: checks
HannaSss: bets $3
Ag3r0n: folds
Uncalled bet ($3) returned to HannaSss
HannaSss collected $11.76 from pot
*** SUMMARY ***
Total pot $12 | Rake $0.24
Board [Qd Ah 5h]
Seat 1: Ag3r0n (big blind) folded on the Flop
Seat 7: HannaSss (button) (small blind) collected ($11.76)


PokerStars Hand #156889638742:  Hold'em Limit ($3/$6 USD) - 2016/08/05 7:56:20 ET
Table 'Iris' 10-max Seat #9 is the button
Seat 3: komornik ($204.40 in chips)
Seat 9: sinsadir ($72 in chips)
sinsadir: posts small blind $1
komornik: posts big blind $3
*** HOLE CARDS ***
sinsadir: raises $3 to $6
komornik: calls $3
*** FLOP *** [8c 8s 5s]
komornik: checks
sinsadir: bets $3
komornik: raises $3 to $6
sinsadir: folds
Uncalled bet ($3) returned to komornik
komornik collected $17.64 from pot
komornik: doesn't show hand
*** SUMMARY ***
Total pot $18 | Rake $0.36
Board [8c 8s 5s]
Seat 3: komornik (big blind) collected ($17.64)
Seat 9: sinsadir (button) (small blind) folded on the Flop


