PokerStars Hand #162319440553:  Hold'em Limit ($3/$6 USD) - 2016/12/02 19:50:20 ET
Table 'Irma' 6-max Seat #2 is the button
Seat 2: ToDaFelt ($145.21 in chips)
Seat 5: Chessnok ($100.38 in chips)
HKH77 will be allowed to play after the button
ToDaFelt: posts small blind $1
Mordnilap: is sitting out
Chessnok: posts big blind $3
*** HOLE CARDS ***
ToDaFelt: raises $3 to $6
Chessnok: raises $3 to $9
ToDaFelt: calls $3
*** FLOP *** [5d 8s 5c]
Chessnok: bets $3
ToDaFelt: calls $3
*** TURN *** [5d 8s 5c] [Td]
Chessnok: bets $6
ToDaFelt: raises $6 to $12
Chessnok: calls $6
*** RIVER *** [5d 8s 5c Td] [Js]
Chessnok: checks
ToDaFelt: bets $6
Chessnok: calls $6
*** SHOW DOWN ***
ToDaFelt: shows [Qs Qc] (two pair, Queens and Fives)
Chessnok: mucks hand
ToDaFelt collected $59.50 from pot
*** SUMMARY ***
Total pot $60 | Rake $0.50
Board [5d 8s 5c Td Js]
Seat 2: ToDaFelt (button) (small blind) showed [Qs Qc] and won ($59.50) with two pair, Queens and Fives
Seat 5: Chessnok (big blind) mucked


