PokerStars Hand #146099179529:  Hold'em Limit ($3/$6 USD) - 2015/12/29 2:38:34 ET
Table 'Irmela' 2-max Seat #2 is the button
Seat 1: liza3008 ($139.06 in chips)
Seat 2: MTails ($71.76 in chips)
MTails: posts small blind $1
liza3008: posts big blind $3
*** HOLE CARDS ***
MTails: raises $3 to $6
liza3008: calls $3
*** FLOP *** [5s 9h 2h]
liza3008: checks
MTails: bets $3
liza3008: calls $3
*** TURN *** [5s 9h 2h] [Qc]
liza3008: checks
MTails: bets $6
liza3008: folds
Uncalled bet ($6) returned to MTails
MTails collected $17.64 from pot
*** SUMMARY ***
Total pot $18 | Rake $0.36
Board [5s 9h 2h Qc]
Seat 1: liza3008 (big blind) folded on the Turn
Seat 2: MTails (button) (small blind) collected ($17.64)


PokerStars Hand #146099174560:  Hold'em Limit ($3/$6 USD) - 2015/12/29 2:38:17 ET
Table 'Irmela' 2-max Seat #1 is the button
Seat 1: liza3008 ($109.56 in chips)
Seat 2: MTails ($101.76 in chips)
liza3008: posts small blind $1
MTails: posts big blind $3
*** HOLE CARDS ***
liza3008: raises $3 to $6
MTails: calls $3
*** FLOP *** [4d Td 7h]
MTails: checks
liza3008: bets $3
MTails: raises $3 to $6
liza3008: calls $3
*** TURN *** [4d Td 7h] [6d]
MTails: bets $6
liza3008: raises $6 to $12
MTails: calls $6
*** RIVER *** [4d Td 7h 6d] [7d]
MTails: bets $6
liza3008: calls $6
*** SHOW DOWN ***
MTails: shows [6c 5d] (a flush, Ten high)
liza3008: shows [3d Qd] (a flush, Queen high)
liza3008 collected $59.50 from pot
*** SUMMARY ***
Total pot $60 | Rake $0.50
Board [4d Td 7h 6d 7d]
Seat 1: liza3008 (button) (small blind) showed [3d Qd] and won ($59.50) with a flush, Queen high
Seat 2: MTails (big blind) showed [6c 5d] and lost with a flush, Ten high


PokerStars Hand #146099172108:  Hold'em Limit ($3/$6 USD) - 2015/12/29 2:38:08 ET
Table 'Irmela' 2-max Seat #2 is the button
Seat 1: liza3008 ($115.56 in chips)
Seat 2: MTails ($96 in chips)
MTails: posts small blind $1
liza3008: posts big blind $3
*** HOLE CARDS ***
MTails: raises $3 to $6
liza3008: calls $3
*** FLOP *** [6h 3s As]
liza3008: checks
MTails: bets $3
liza3008: folds
Uncalled bet ($3) returned to MTails
MTails collected $11.76 from pot
*** SUMMARY ***
Total pot $12 | Rake $0.24
Board [6h 3s As]
Seat 1: liza3008 (big blind) folded on the Flop
Seat 2: MTails (button) (small blind) collected ($11.76)


PokerStars Hand #146099168145:  Hold'em Limit ($3/$6 USD) - 2015/12/29 2:37:54 ET
Table 'Irmela' 2-max Seat #1 is the button
Seat 1: liza3008 ($101.06 in chips)
Seat 2: MTails ($111 in chips)
liza3008: posts small blind $1
MTails: posts big blind $3
*** HOLE CARDS ***
liza3008: raises $3 to $6
MTails: calls $3
*** FLOP *** [7c Js 8d]
MTails: checks
liza3008: bets $3
MTails: calls $3
*** TURN *** [7c Js 8d] [9s]
MTails: checks
liza3008: checks
*** RIVER *** [7c Js 8d 9s] [3h]
MTails: bets $6
liza3008: calls $6
*** SHOW DOWN ***
MTails: shows [4d 9d] (a pair of Nines)
liza3008: shows [Kd Jc] (a pair of Jacks)
liza3008 collected $29.50 from pot
*** SUMMARY ***
Total pot $30 | Rake $0.50
Board [7c Js 8d 9s 3h]
Seat 1: liza3008 (button) (small blind) showed [Kd Jc] and won ($29.50) with a pair of Jacks
Seat 2: MTails (big blind) showed [4d 9d] and lost with a pair of Nines


PokerStars Hand #146099160226:  Hold'em Limit ($3/$6 USD) - 2015/12/29 2:37:26 ET
Table 'Irmela' 2-max Seat #2 is the button
Seat 1: liza3008 ($92.42 in chips)
Seat 2: MTails ($120 in chips)
MTails: posts small blind $1
liza3008: posts big blind $3
*** HOLE CARDS ***
MTails: raises $3 to $6
liza3008: calls $3
*** FLOP *** [8d Ks 2h]
liza3008: checks
MTails: bets $3
liza3008: calls $3
*** TURN *** [8d Ks 2h] [9d]
liza3008: checks
MTails: checks
*** RIVER *** [8d Ks 2h 9d] [2d]
liza3008: bets $6
MTails: folds
Uncalled bet ($6) returned to liza3008
liza3008 collected $17.64 from pot
liza3008: doesn't show hand
*** SUMMARY ***
Total pot $18 | Rake $0.36
Board [8d Ks 2h 9d 2d]
Seat 1: liza3008 (big blind) collected ($17.64)
Seat 2: MTails (button) (small blind) folded on the River


PokerStars Hand #146099195566:  Hold'em Limit ($3/$6 USD) - 2015/12/29 2:39:30 ET
Table 'Irmela' 2-max Seat #2 is the button
Seat 1: liza3008 ($143.08 in chips)
Seat 2: MTails ($125.90 in chips)
MTails: posts small blind $1
liza3008: posts big blind $3
*** HOLE CARDS ***
MTails: raises $3 to $6
liza3008: calls $3
*** FLOP *** [Qh Td 7s]
liza3008: checks
MTails: bets $3
liza3008: raises $3 to $6
MTails: calls $3
*** TURN *** [Qh Td 7s] [5h]
liza3008: bets $6
MTails: raises $6 to $12
liza3008: calls $6
*** RIVER *** [Qh Td 7s 5h] [6d]
liza3008: checks
MTails: bets $6
liza3008: calls $6
*** SHOW DOWN ***
MTails: shows [4c Qs] (a pair of Queens)
liza3008: mucks hand
MTails collected $59.50 from pot
*** SUMMARY ***
Total pot $60 | Rake $0.50
Board [Qh Td 7s 5h 6d]
Seat 1: liza3008 (big blind) mucked
Seat 2: MTails (button) (small blind) showed [4c Qs] and won ($59.50) with a pair of Queens


PokerStars Hand #146099191804:  Hold'em Limit ($3/$6 USD) - 2015/12/29 2:39:17 ET
Table 'Irmela' 2-max Seat #1 is the button
Seat 1: liza3008 ($161.08 in chips)
Seat 2: MTails ($108.40 in chips)
liza3008: posts small blind $1
MTails: posts big blind $3
*** HOLE CARDS ***
liza3008: raises $3 to $6
MTails: calls $3
*** FLOP *** [5s Ks 9c]
MTails: checks
liza3008: checks
*** TURN *** [5s Ks 9c] [Qc]
MTails: bets $6
liza3008: calls $6
*** RIVER *** [5s Ks 9c Qc] [Qh]
MTails: bets $6
liza3008: calls $6
*** SHOW DOWN ***
MTails: shows [9s Tc] (two pair, Queens and Nines)
liza3008: mucks hand
MTails collected $35.50 from pot
*** SUMMARY ***
Total pot $36 | Rake $0.50
Board [5s Ks 9c Qc Qh]
Seat 1: liza3008 (button) (small blind) mucked
Seat 2: MTails (big blind) showed [9s Tc] and won ($35.50) with two pair, Queens and Nines


PokerStars Hand #146099190469:  Hold'em Limit ($3/$6 USD) - 2015/12/29 2:39:12 ET
Table 'Irmela' 2-max Seat #2 is the button
Seat 1: liza3008 ($160.08 in chips)
Seat 2: MTails ($109.40 in chips)
MTails: posts small blind $1
liza3008: posts big blind $3
*** HOLE CARDS ***
MTails: folds
Uncalled bet ($2) returned to liza3008
liza3008 collected $2 from pot
liza3008: doesn't show hand
*** SUMMARY ***
Total pot $2 | Rake $0
Seat 1: liza3008 (big blind) collected ($2)
Seat 2: MTails (button) (small blind) folded before Flop


PokerStars Hand #146099186891:  Hold'em Limit ($3/$6 USD) - 2015/12/29 2:39:00 ET
Table 'Irmela' 2-max Seat #1 is the button
Seat 1: liza3008 ($142.58 in chips)
Seat 2: MTails ($127.40 in chips)
liza3008: posts small blind $1
MTails: posts big blind $3
*** HOLE CARDS ***
liza3008: raises $3 to $6
MTails: calls $3
*** FLOP *** [6d 3c 7c]
MTails: checks
liza3008: checks
*** TURN *** [6d 3c 7c] [5c]
MTails: bets $6
liza3008: calls $6
*** RIVER *** [6d 3c 7c 5c] [2d]
MTails: bets $6
liza3008: calls $6
*** SHOW DOWN ***
MTails: shows [Jd Ad] (high card Ace)
liza3008: shows [5h 2h] (two pair, Fives and Deuces)
liza3008 collected $35.50 from pot
*** SUMMARY ***
Total pot $36 | Rake $0.50
Board [6d 3c 7c 5c 2d]
Seat 1: liza3008 (button) (small blind) showed [5h 2h] and won ($35.50) with two pair, Fives and Deuces
Seat 2: MTails (big blind) showed [Jd Ad] and lost with high card Ace


PokerStars Hand #146099185564:  Hold'em Limit ($3/$6 USD) - 2015/12/29 2:38:55 ET
Table 'Irmela' 2-max Seat #2 is the button
Seat 1: liza3008 ($141.58 in chips)
Seat 2: MTails ($128.40 in chips)
MTails: posts small blind $1
liza3008: posts big blind $3
*** HOLE CARDS ***
MTails: folds
Uncalled bet ($2) returned to liza3008
liza3008 collected $2 from pot
liza3008: doesn't show hand
*** SUMMARY ***
Total pot $2 | Rake $0
Seat 1: liza3008 (big blind) collected ($2)
Seat 2: MTails (button) (small blind) folded before Flop


PokerStars Hand #146099182630:  Hold'em Limit ($3/$6 USD) - 2015/12/29 2:38:45 ET
Table 'Irmela' 2-max Seat #1 is the button
Seat 1: liza3008 ($130.06 in chips)
Seat 2: MTails ($80.40 in chips)
liza3008: posts small blind $1
MTails: posts big blind $3
*** HOLE CARDS ***
liza3008: raises $3 to $6
MTails: calls $3
*** FLOP *** [Qd 8h Kc]
MTails: checks
liza3008: checks
*** TURN *** [Qd 8h Kc] [4h]
MTails: bets $6
liza3008: raises $6 to $12
MTails: folds
Uncalled bet ($6) returned to liza3008
liza3008 collected $23.52 from pot
liza3008: doesn't show hand
*** SUMMARY ***
Total pot $24 | Rake $0.48
Board [Qd 8h Kc 4h]
Seat 1: liza3008 (button) (small blind) collected ($23.52)
Seat 2: MTails (big blind) folded on the Turn


PokerStars Hand #146099210998:  Hold'em Limit ($3/$6 USD) - 2015/12/29 2:40:25 ET
Table 'Irmela' 2-max Seat #2 is the button
Seat 1: liza3008 ($97.60 in chips)
Seat 2: MTails ($169.66 in chips)
MTails: posts small blind $1
liza3008: posts big blind $3
*** HOLE CARDS ***
MTails: raises $3 to $6
liza3008: calls $3
*** FLOP *** [5h 4s 2d]
liza3008: checks
MTails: bets $3
liza3008: calls $3
*** TURN *** [5h 4s 2d] [6c]
liza3008: checks
MTails: checks
*** RIVER *** [5h 4s 2d 6c] [Qh]
liza3008: bets $6
MTails: calls $6
*** SHOW DOWN ***
liza3008: shows [9s 7d] (high card Queen)
MTails: shows [Kh 4d] (a pair of Fours)
MTails collected $29.50 from pot
*** SUMMARY ***
Total pot $30 | Rake $0.50
Board [5h 4s 2d 6c Qh]
Seat 1: liza3008 (big blind) showed [9s 7d] and lost with high card Queen
Seat 2: MTails (button) (small blind) showed [Kh 4d] and won ($29.50) with a pair of Fours


PokerStars Hand #146099207913:  Hold'em Limit ($3/$6 USD) - 2015/12/29 2:40:14 ET
Table 'Irmela' 2-max Seat #1 is the button
Seat 1: liza3008 ($86.08 in chips)
Seat 2: MTails ($181.66 in chips)
liza3008: posts small blind $1
MTails: posts big blind $3
*** HOLE CARDS ***
liza3008: raises $3 to $6
MTails: calls $3
*** FLOP *** [Js Ah 8h]
MTails: checks
liza3008: checks
*** TURN *** [Js Ah 8h] [3s]
MTails: bets $6
liza3008: raises $6 to $12
MTails: folds
Uncalled bet ($6) returned to liza3008
liza3008 collected $23.52 from pot
liza3008: doesn't show hand
*** SUMMARY ***
Total pot $24 | Rake $0.48
Board [Js Ah 8h 3s]
Seat 1: liza3008 (button) (small blind) collected ($23.52)
Seat 2: MTails (big blind) folded on the Turn


PokerStars Hand #146099203413:  Hold'em Limit ($3/$6 USD) - 2015/12/29 2:39:58 ET
Table 'Irmela' 2-max Seat #2 is the button
Seat 1: liza3008 ($107.08 in chips)
Seat 2: MTails ($161.16 in chips)
MTails: posts small blind $1
liza3008: posts big blind $3
*** HOLE CARDS ***
MTails: raises $3 to $6
liza3008: calls $3
*** FLOP *** [6c 3h 5d]
liza3008: checks
MTails: bets $3
liza3008: calls $3
*** TURN *** [6c 3h 5d] [Kc]
liza3008: checks
MTails: bets $6
liza3008: calls $6
*** RIVER *** [6c 3h 5d Kc] [9h]
liza3008: checks
MTails: bets $6
liza3008: calls $6
*** SHOW DOWN ***
MTails: shows [6d 6h] (three of a kind, Sixes)
liza3008: mucks hand
MTails collected $41.50 from pot
*** SUMMARY ***
Total pot $42 | Rake $0.50
Board [6c 3h 5d Kc 9h]
Seat 1: liza3008 (big blind) mucked
Seat 2: MTails (button) (small blind) showed [6d 6h] and won ($41.50) with three of a kind, Sixes


PokerStars Hand #146099200154:  Hold'em Limit ($3/$6 USD) - 2015/12/29 2:39:47 ET
Table 'Irmela' 2-max Seat #1 is the button
Seat 1: liza3008 ($113.08 in chips)
Seat 2: MTails ($155.40 in chips)
liza3008: posts small blind $1
MTails: posts big blind $3
*** HOLE CARDS ***
liza3008: raises $3 to $6
MTails: calls $3
*** FLOP *** [Th 2h 4d]
MTails: checks
liza3008: checks
*** TURN *** [Th 2h 4d] [Jh]
MTails: bets $6
liza3008: folds
Uncalled bet ($6) returned to MTails
MTails collected $11.76 from pot
*** SUMMARY ***
Total pot $12 | Rake $0.24
Board [Th 2h 4d Jh]
Seat 1: liza3008 (button) (small blind) folded on the Turn
Seat 2: MTails (big blind) collected ($11.76)


PokerStars Hand #146099227897:  Hold'em Limit ($3/$6 USD) - 2015/12/29 2:41:25 ET
Table 'Irmela' 2-max Seat #1 is the button
Seat 1: liza3008 ($115.60 in chips)
Seat 2: MTails ($149.66 in chips)
liza3008: posts small blind $1
MTails: posts big blind $3
*** HOLE CARDS ***
liza3008: raises $3 to $6
MTails: calls $3
*** FLOP *** [7s Kc 2h]
MTails: checks
liza3008: checks
*** TURN *** [7s Kc 2h] [9h]
MTails: checks
liza3008: checks
*** RIVER *** [7s Kc 2h 9h] [4h]
MTails: checks
liza3008: bets $6
MTails: raises $6 to $12
liza3008: folds
Uncalled bet ($6) returned to MTails
MTails collected $23.52 from pot
MTails: doesn't show hand
*** SUMMARY ***
Total pot $24 | Rake $0.48
Board [7s Kc 2h 9h 4h]
Seat 1: liza3008 (button) (small blind) folded on the River
Seat 2: MTails (big blind) collected ($23.52)


PokerStars Hand #146099224289:  Hold'em Limit ($3/$6 USD) - 2015/12/29 2:41:13 ET
Table 'Irmela' 2-max Seat #2 is the button
Seat 1: liza3008 ($130.60 in chips)
Seat 2: MTails ($135.16 in chips)
MTails: posts small blind $1
liza3008: posts big blind $3
*** HOLE CARDS ***
MTails: raises $3 to $6
liza3008: calls $3
*** FLOP *** [Qh Kc 9s]
liza3008: checks
MTails: bets $3
liza3008: calls $3
*** TURN *** [Qh Kc 9s] [7d]
liza3008: checks
MTails: checks
*** RIVER *** [Qh Kc 9s 7d] [Jd]
liza3008: bets $6
MTails: calls $6
*** SHOW DOWN ***
liza3008: shows [3h 9c] (a pair of Nines)
MTails: shows [2c Qd] (a pair of Queens)
MTails collected $29.50 from pot
*** SUMMARY ***
Total pot $30 | Rake $0.50
Board [Qh Kc 9s 7d Jd]
Seat 1: liza3008 (big blind) showed [3h 9c] and lost with a pair of Nines
Seat 2: MTails (button) (small blind) showed [2c Qd] and won ($29.50) with a pair of Queens


PokerStars Hand #146099220079:  Hold'em Limit ($3/$6 USD) - 2015/12/29 2:40:58 ET
Table 'Irmela' 2-max Seat #1 is the button
Seat 1: liza3008 ($101.10 in chips)
Seat 2: MTails ($165.16 in chips)
liza3008: posts small blind $1
MTails: posts big blind $3
*** HOLE CARDS ***
liza3008: raises $3 to $6
MTails: raises $3 to $9
liza3008: calls $3
*** FLOP *** [5h 4d 6c]
MTails: bets $3
liza3008: calls $3
*** TURN *** [5h 4d 6c] [8s]
MTails: bets $6
liza3008: raises $6 to $12
MTails: calls $6
*** RIVER *** [5h 4d 6c 8s] [Qc]
MTails: checks
liza3008: bets $6
MTails: calls $6
*** SHOW DOWN ***
liza3008: shows [Js 7s] (a straight, Four to Eight)
MTails: mucks hand
liza3008 collected $59.50 from pot
*** SUMMARY ***
Total pot $60 | Rake $0.50
Board [5h 4d 6c 8s Qc]
Seat 1: liza3008 (button) (small blind) showed [Js 7s] and won ($59.50) with a straight, Four to Eight
Seat 2: MTails (big blind) mucked


PokerStars Hand #146099218826:  Hold'em Limit ($3/$6 USD) - 2015/12/29 2:40:53 ET
Table 'Irmela' 2-max Seat #2 is the button
Seat 1: liza3008 ($100.10 in chips)
Seat 2: MTails ($166.16 in chips)
MTails: posts small blind $1
liza3008: posts big blind $3
*** HOLE CARDS ***
MTails: folds
Uncalled bet ($2) returned to liza3008
liza3008 collected $2 from pot
liza3008: doesn't show hand
*** SUMMARY ***
Total pot $2 | Rake $0
Seat 1: liza3008 (big blind) collected ($2)
Seat 2: MTails (button) (small blind) folded before Flop


PokerStars Hand #146099214879:  Hold'em Limit ($3/$6 USD) - 2015/12/29 2:40:39 ET
Table 'Irmela' 2-max Seat #1 is the button
Seat 1: liza3008 ($82.60 in chips)
Seat 2: MTails ($184.16 in chips)
liza3008: posts small blind $1
MTails: posts big blind $3
*** HOLE CARDS ***
liza3008: raises $3 to $6
MTails: calls $3
*** FLOP *** [Th Tc Jd]
MTails: checks
liza3008: bets $3
MTails: raises $3 to $6
liza3008: calls $3
*** TURN *** [Th Tc Jd] [Jh]
MTails: bets $6
liza3008: calls $6
*** RIVER *** [Th Tc Jd Jh] [Ks]
MTails: checks
liza3008: checks
*** SHOW DOWN ***
MTails: shows [7h 6c] (two pair, Jacks and Tens)
liza3008: shows [2c Ad] (two pair, Jacks and Tens - Ace kicker)
liza3008 collected $35.50 from pot
*** SUMMARY ***
Total pot $36 | Rake $0.50
Board [Th Tc Jd Jh Ks]
Seat 1: liza3008 (button) (small blind) showed [2c Ad] and won ($35.50) with two pair, Jacks and Tens
Seat 2: MTails (big blind) showed [7h 6c] and lost with two pair, Jacks and Tens


PokerStars Hand #146099245692:  Hold'em Limit ($3/$6 USD) - 2015/12/29 2:42:26 ET
Table 'Irmela' 2-max Seat #1 is the button
Seat 1: liza3008 ($127.62 in chips)
Seat 2: MTails ($135.94 in chips)
liza3008: posts small blind $1
MTails: posts big blind $3
*** HOLE CARDS ***
liza3008: raises $3 to $6
MTails: calls $3
*** FLOP *** [8c Ts 8d]
MTails: checks
liza3008: checks
*** TURN *** [8c Ts 8d] [5h]
MTails: checks
liza3008: checks
*** RIVER *** [8c Ts 8d 5h] [4h]
MTails: bets $6
liza3008: folds
Uncalled bet ($6) returned to MTails
MTails collected $11.76 from pot
*** SUMMARY ***
Total pot $12 | Rake $0.24
Board [8c Ts 8d 5h 4h]
Seat 1: liza3008 (button) (small blind) folded on the River
Seat 2: MTails (big blind) collected ($11.76)


PokerStars Hand #146099242166:  Hold'em Limit ($3/$6 USD) - 2015/12/29 2:42:13 ET
Table 'Irmela' 2-max Seat #2 is the button
Seat 1: liza3008 ($116.10 in chips)
Seat 2: MTails ($147.94 in chips)
MTails: posts small blind $1
liza3008: posts big blind $3
*** HOLE CARDS ***
MTails: raises $3 to $6
liza3008: calls $3
*** FLOP *** [8h Td 7d]
liza3008: checks
MTails: checks
*** TURN *** [8h Td 7d] [7s]
liza3008: checks
MTails: bets $6
liza3008: calls $6
*** RIVER *** [8h Td 7d 7s] [Qh]
liza3008: checks
MTails: checks
*** SHOW DOWN ***
liza3008: shows [5d As] (a pair of Sevens)
MTails: mucks hand
liza3008 collected $23.52 from pot
*** SUMMARY ***
Total pot $24 | Rake $0.48
Board [8h Td 7d 7s Qh]
Seat 1: liza3008 (big blind) showed [5d As] and won ($23.52) with a pair of Sevens
Seat 2: MTails (button) (small blind) mucked


PokerStars Hand #146099240652:  Hold'em Limit ($3/$6 USD) - 2015/12/29 2:42:08 ET
Table 'Irmela' 2-max Seat #1 is the button
Seat 1: liza3008 ($113.10 in chips)
Seat 2: MTails ($150.94 in chips)
liza3008: posts small blind $1
MTails: posts big blind $3
*** HOLE CARDS ***
liza3008: raises $3 to $6
MTails: folds
Uncalled bet ($3) returned to liza3008
liza3008 collected $6 from pot
liza3008: doesn't show hand
*** SUMMARY ***
Total pot $6 | Rake $0
Seat 1: liza3008 (button) (small blind) collected ($6)
Seat 2: MTails (big blind) folded before Flop


PokerStars Hand #146099239330:  Hold'em Limit ($3/$6 USD) - 2015/12/29 2:42:03 ET
Table 'Irmela' 2-max Seat #2 is the button
Seat 1: liza3008 ($112.10 in chips)
Seat 2: MTails ($151.94 in chips)
MTails: posts small blind $1
liza3008: posts big blind $3
*** HOLE CARDS ***
MTails: folds
Uncalled bet ($2) returned to liza3008
liza3008 collected $2 from pot
liza3008: doesn't show hand
*** SUMMARY ***
Total pot $2 | Rake $0
Seat 1: liza3008 (big blind) collected ($2)
Seat 2: MTails (button) (small blind) folded before Flop


PokerStars Hand #146099234465:  Hold'em Limit ($3/$6 USD) - 2015/12/29 2:41:48 ET
Table 'Irmela' 2-max Seat #1 is the button
Seat 1: liza3008 ($97.60 in chips)
Seat 2: MTails ($166.94 in chips)
liza3008: posts small blind $1
MTails: posts big blind $3
*** HOLE CARDS ***
liza3008: raises $3 to $6
MTails: calls $3
*** FLOP *** [Th 4h 6c]
MTails: checks
liza3008: bets $3
MTails: calls $3
*** TURN *** [Th 4h 6c] [7d]
MTails: checks
liza3008: bets $6
MTails: calls $6
*** RIVER *** [Th 4h 6c 7d] [Kh]
MTails: checks
liza3008: checks
*** SHOW DOWN ***
MTails: shows [8d Js] (high card King)
liza3008: shows [Tc 3c] (a pair of Tens)
liza3008 collected $29.50 from pot
*** SUMMARY ***
Total pot $30 | Rake $0.50
Board [Th 4h 6c 7d Kh]
Seat 1: liza3008 (button) (small blind) showed [Tc 3c] and won ($29.50) with a pair of Tens
Seat 2: MTails (big blind) showed [8d Js] and lost with high card King


PokerStars Hand #146099231979:  Hold'em Limit ($3/$6 USD) - 2015/12/29 2:41:40 ET
Table 'Irmela' 2-max Seat #2 is the button
Seat 1: liza3008 ($103.60 in chips)
Seat 2: MTails ($161.18 in chips)
MTails: posts small blind $1
liza3008: posts big blind $3
*** HOLE CARDS ***
MTails: raises $3 to $6
liza3008: calls $3
*** FLOP *** [Ad Qh 4d]
liza3008: checks
MTails: bets $3
liza3008: folds
Uncalled bet ($3) returned to MTails
MTails collected $11.76 from pot
*** SUMMARY ***
Total pot $12 | Rake $0.24
Board [Ad Qh 4d]
Seat 1: liza3008 (big blind) folded on the Flop
Seat 2: MTails (button) (small blind) collected ($11.76)


PokerStars Hand #146099263810:  Hold'em Limit ($3/$6 USD) - 2015/12/29 2:43:27 ET
Table 'Irmela' 2-max Seat #2 is the button
Seat 1: liza3008 ($132.64 in chips)
Seat 2: MTails ($129.10 in chips)
MTails: posts small blind $1
liza3008: posts big blind $3
*** HOLE CARDS ***
MTails: raises $3 to $6
liza3008: calls $3
*** FLOP *** [6d 7c As]
liza3008: checks
MTails: bets $3
liza3008: calls $3
*** TURN *** [6d 7c As] [2s]
liza3008: checks
MTails: bets $6
liza3008: calls $6
*** RIVER *** [6d 7c As 2s] [8h]
liza3008: bets $6
MTails: raises $6 to $12
liza3008: raises $6 to $18
MTails: calls $6
*** SHOW DOWN ***
liza3008: shows [9h Tc] (a straight, Six to Ten)
MTails: mucks hand
liza3008 collected $65.50 from pot
*** SUMMARY ***
Total pot $66 | Rake $0.50
Board [6d 7c As 2s 8h]
Seat 1: liza3008 (big blind) showed [9h Tc] and won ($65.50) with a straight, Six to Ten
Seat 2: MTails (button) (small blind) mucked


PokerStars Hand #146099260930:  Hold'em Limit ($3/$6 USD) - 2015/12/29 2:43:17 ET
Table 'Irmela' 2-max Seat #1 is the button
Seat 1: liza3008 ($141.64 in chips)
Seat 2: MTails ($120.46 in chips)
liza3008: posts small blind $1
MTails: posts big blind $3
*** HOLE CARDS ***
liza3008: raises $3 to $6
MTails: raises $3 to $9
liza3008: calls $3
*** FLOP *** [4s Tc Qh]
MTails: bets $3
liza3008: folds
Uncalled bet ($3) returned to MTails
MTails collected $17.64 from pot
*** SUMMARY ***
Total pot $18 | Rake $0.36
Board [4s Tc Qh]
Seat 1: liza3008 (button) (small blind) folded on the Flop
Seat 2: MTails (big blind) collected ($17.64)


PokerStars Hand #146099257533:  Hold'em Limit ($3/$6 USD) - 2015/12/29 2:43:06 ET
Table 'Irmela' 2-max Seat #2 is the button
Seat 1: liza3008 ($147.64 in chips)
Seat 2: MTails ($114.70 in chips)
MTails: posts small blind $1
liza3008: posts big blind $3
*** HOLE CARDS ***
MTails: raises $3 to $6
liza3008: calls $3
*** FLOP *** [5s 2h Tc]
liza3008: checks
MTails: checks
*** TURN *** [5s 2h Tc] [9c]
liza3008: checks
MTails: bets $6
liza3008: folds
Uncalled bet ($6) returned to MTails
MTails collected $11.76 from pot
*** SUMMARY ***
Total pot $12 | Rake $0.24
Board [5s 2h Tc 9c]
Seat 1: liza3008 (big blind) folded on the Turn
Seat 2: MTails (button) (small blind) collected ($11.76)


PokerStars Hand #146099252956:  Hold'em Limit ($3/$6 USD) - 2015/12/29 2:42:51 ET
Table 'Irmela' 2-max Seat #1 is the button
Seat 1: liza3008 ($136.12 in chips)
Seat 2: MTails ($126.70 in chips)
liza3008: posts small blind $1
MTails: posts big blind $3
*** HOLE CARDS ***
liza3008: raises $3 to $6
MTails: calls $3
*** FLOP *** [7d 7s Ad]
MTails: checks
liza3008: checks
*** TURN *** [7d 7s Ad] [3d]
MTails: checks
liza3008: bets $6
MTails: calls $6
*** RIVER *** [7d 7s Ad 3d] [5h]
MTails: checks
liza3008: bets $6
MTails: folds
Uncalled bet ($6) returned to liza3008
liza3008 collected $23.52 from pot
liza3008: doesn't show hand
*** SUMMARY ***
Total pot $24 | Rake $0.48
Board [7d 7s Ad 3d 5h]
Seat 1: liza3008 (button) (small blind) collected ($23.52)
Seat 2: MTails (big blind) folded on the River


PokerStars Hand #146099249293:  Hold'em Limit ($3/$6 USD) - 2015/12/29 2:42:38 ET
Table 'Irmela' 2-max Seat #2 is the button
Seat 1: liza3008 ($121.62 in chips)
Seat 2: MTails ($141.70 in chips)
MTails: posts small blind $1
liza3008: posts big blind $3
*** HOLE CARDS ***
MTails: raises $3 to $6
liza3008: calls $3
*** FLOP *** [5c 7c Js]
liza3008: checks
MTails: bets $3
liza3008: calls $3
*** TURN *** [5c 7c Js] [3d]
liza3008: checks
MTails: checks
*** RIVER *** [5c 7c Js 3d] [Jc]
liza3008: bets $6
MTails: calls $6
*** SHOW DOWN ***
liza3008: shows [Qc Ts] (a pair of Jacks)
MTails: mucks hand
liza3008 collected $29.50 from pot
*** SUMMARY ***
Total pot $30 | Rake $0.50
Board [5c 7c Js 3d Jc]
Seat 1: liza3008 (big blind) showed [Qc Ts] and won ($29.50) with a pair of Jacks
Seat 2: MTails (button) (small blind) mucked


PokerStars Hand #146099281063:  Hold'em Limit ($3/$6 USD) - 2015/12/29 2:44:25 ET
Table 'Irmela' 2-max Seat #1 is the button
Seat 1: liza3008 ($140.90 in chips)
Seat 2: MTails ($119.12 in chips)
liza3008: posts small blind $1
MTails: posts big blind $3
*** HOLE CARDS ***
liza3008: raises $3 to $6
MTails: calls $3
*** FLOP *** [Ks Ad 7h]
MTails: checks
liza3008: checks
*** TURN *** [Ks Ad 7h] [8c]
MTails: checks
liza3008: bets $6
MTails: raises $6 to $12
liza3008: calls $6
*** RIVER *** [Ks Ad 7h 8c] [8h]
MTails: bets $6
liza3008: calls $6
*** SHOW DOWN ***
MTails: shows [4h As] (two pair, Aces and Eights)
liza3008: shows [6c Ah] (two pair, Aces and Eights)
MTails collected $23.75 from pot
liza3008 collected $23.75 from pot
*** SUMMARY ***
Total pot $48 | Rake $0.50
Board [Ks Ad 7h 8c 8h]
Seat 1: liza3008 (button) (small blind) showed [6c Ah] and won ($23.75) with two pair, Aces and Eights
Seat 2: MTails (big blind) showed [4h As] and won ($23.75) with two pair, Aces and Eights


PokerStars Hand #146099278543:  Hold'em Limit ($3/$6 USD) - 2015/12/29 2:44:16 ET
Table 'Irmela' 2-max Seat #2 is the button
Seat 1: liza3008 ($146.90 in chips)
Seat 2: MTails ($113.36 in chips)
MTails: posts small blind $1
liza3008: posts big blind $3
*** HOLE CARDS ***
MTails: raises $3 to $6
liza3008: calls $3
*** FLOP *** [Kh Ts Jd]
liza3008: checks
MTails: bets $3
liza3008: folds
Uncalled bet ($3) returned to MTails
MTails collected $11.76 from pot
*** SUMMARY ***
Total pot $12 | Rake $0.24
Board [Kh Ts Jd]
Seat 1: liza3008 (big blind) folded on the Flop
Seat 2: MTails (button) (small blind) collected ($11.76)


PokerStars Hand #146099276086:  Hold'em Limit ($3/$6 USD) - 2015/12/29 2:44:08 ET
Table 'Irmela' 2-max Seat #1 is the button
Seat 1: liza3008 ($141.14 in chips)
Seat 2: MTails ($119.36 in chips)
liza3008: posts small blind $1
MTails: posts big blind $3
*** HOLE CARDS ***
liza3008: raises $3 to $6
MTails: calls $3
*** FLOP *** [8c Kc Td]
MTails: checks
liza3008: bets $3
MTails: folds
Uncalled bet ($3) returned to liza3008
liza3008 collected $11.76 from pot
liza3008: doesn't show hand
*** SUMMARY ***
Total pot $12 | Rake $0.24
Board [8c Kc Td]
Seat 1: liza3008 (button) (small blind) collected ($11.76)
Seat 2: MTails (big blind) folded on the Flop


PokerStars Hand #146099273323:  Hold'em Limit ($3/$6 USD) - 2015/12/29 2:43:59 ET
Table 'Irmela' 2-max Seat #2 is the button
Seat 1: liza3008 ($147.14 in chips)
Seat 2: MTails ($113.60 in chips)
MTails: posts small blind $1
liza3008: posts big blind $3
*** HOLE CARDS ***
MTails: raises $3 to $6
liza3008: calls $3
*** FLOP *** [Js Kd 3h]
liza3008: checks
MTails: bets $3
liza3008: folds
Uncalled bet ($3) returned to MTails
MTails collected $11.76 from pot
*** SUMMARY ***
Total pot $12 | Rake $0.24
Board [Js Kd 3h]
Seat 1: liza3008 (big blind) folded on the Flop
Seat 2: MTails (button) (small blind) collected ($11.76)


PokerStars Hand #146099268879:  Hold'em Limit ($3/$6 USD) - 2015/12/29 2:43:44 ET
Table 'Irmela' 2-max Seat #1 is the button
Seat 1: liza3008 ($165.14 in chips)
Seat 2: MTails ($96.10 in chips)
liza3008: posts small blind $1
MTails: posts big blind $3
*** HOLE CARDS ***
liza3008: raises $3 to $6
MTails: raises $3 to $9
liza3008: calls $3
*** FLOP *** [Ks 3c 2c]
MTails: bets $3
liza3008: calls $3
*** TURN *** [Ks 3c 2c] [5s]
MTails: bets $6
liza3008: calls $6
*** RIVER *** [Ks 3c 2c 5s] [4d]
MTails: checks
liza3008: checks
*** SHOW DOWN ***
MTails: shows [9d 9h] (a pair of Nines)
liza3008: mucks hand
MTails collected $35.50 from pot
*** SUMMARY ***
Total pot $36 | Rake $0.50
Board [Ks 3c 2c 5s 4d]
Seat 1: liza3008 (button) (small blind) mucked
Seat 2: MTails (big blind) showed [9d 9h] and won ($35.50) with a pair of Nines


PokerStars Hand #146099302069:  Hold'em Limit ($3/$6 USD) - 2015/12/29 2:45:33 ET
Table 'Irmela' 2-max Seat #1 is the button
Seat 1: liza3008 ($111.17 in chips)
Seat 2: MTails ($146.65 in chips)
liza3008: posts small blind $1
MTails: posts big blind $3
*** HOLE CARDS ***
liza3008: raises $3 to $6
MTails: calls $3
*** FLOP *** [7h 6s Qh]
MTails: checks
liza3008: checks
*** TURN *** [7h 6s Qh] [6d]
MTails: bets $6
liza3008: calls $6
*** RIVER *** [7h 6s Qh 6d] [4d]
MTails: bets $6
liza3008: calls $6
*** SHOW DOWN ***
MTails: shows [Qd 3h] (two pair, Queens and Sixes)
liza3008: mucks hand
MTails collected $35.50 from pot
*** SUMMARY ***
Total pot $36 | Rake $0.50
Board [7h 6s Qh 6d 4d]
Seat 1: liza3008 (button) (small blind) mucked
Seat 2: MTails (big blind) showed [Qd 3h] and won ($35.50) with two pair, Queens and Sixes


PokerStars Hand #146099300583:  Hold'em Limit ($3/$6 USD) - 2015/12/29 2:45:28 ET
Table 'Irmela' 2-max Seat #2 is the button
Seat 1: liza3008 ($110.17 in chips)
Seat 2: MTails ($147.65 in chips)
MTails: posts small blind $1
liza3008: posts big blind $3
*** HOLE CARDS ***
MTails: folds
Uncalled bet ($2) returned to liza3008
liza3008 collected $2 from pot
liza3008: doesn't show hand
*** SUMMARY ***
Total pot $2 | Rake $0
Seat 1: liza3008 (big blind) collected ($2)
Seat 2: MTails (button) (small blind) folded before Flop


PokerStars Hand #146099295888:  Hold'em Limit ($3/$6 USD) - 2015/12/29 2:45:13 ET
Table 'Irmela' 2-max Seat #1 is the button
Seat 1: liza3008 ($134.17 in chips)
Seat 2: MTails ($124.15 in chips)
liza3008: posts small blind $1
MTails: posts big blind $3
*** HOLE CARDS ***
liza3008: raises $3 to $6
MTails: raises $3 to $9
liza3008: calls $3
*** FLOP *** [Jd 5c Ad]
MTails: bets $3
liza3008: calls $3
*** TURN *** [Jd 5c Ad] [6c]
MTails: checks
liza3008: bets $6
MTails: raises $6 to $12
liza3008: calls $6
*** RIVER *** [Jd 5c Ad 6c] [Qc]
MTails: bets $6
liza3008: folds
Uncalled bet ($6) returned to MTails
MTails collected $47.50 from pot
*** SUMMARY ***
Total pot $48 | Rake $0.50
Board [Jd 5c Ad 6c Qc]
Seat 1: liza3008 (button) (small blind) folded on the River
Seat 2: MTails (big blind) collected ($47.50)


PokerStars Hand #146099293273:  Hold'em Limit ($3/$6 USD) - 2015/12/29 2:45:04 ET
Table 'Irmela' 2-max Seat #2 is the button
Seat 1: liza3008 ($140.17 in chips)
Seat 2: MTails ($118.39 in chips)
MTails: posts small blind $1
liza3008: posts big blind $3
*** HOLE CARDS ***
MTails: raises $3 to $6
liza3008: calls $3
*** FLOP *** [5s Qs 5h]
liza3008: checks
MTails: bets $3
liza3008: folds
Uncalled bet ($3) returned to MTails
MTails collected $11.76 from pot
*** SUMMARY ***
Total pot $12 | Rake $0.24
Board [5s Qs 5h]
Seat 1: liza3008 (big blind) folded on the Flop
Seat 2: MTails (button) (small blind) collected ($11.76)


PokerStars Hand #146099290022:  Hold'em Limit ($3/$6 USD) - 2015/12/29 2:44:54 ET
Table 'Irmela' 2-max Seat #1 is the button
Seat 1: liza3008 ($152.17 in chips)
Seat 2: MTails ($106.87 in chips)
liza3008: posts small blind $1
MTails: posts big blind $3
*** HOLE CARDS ***
liza3008: raises $3 to $6
MTails: raises $3 to $9
liza3008: calls $3
*** FLOP *** [7h 6s 7s]
MTails: bets $3
liza3008: calls $3
*** TURN *** [7h 6s 7s] [4h]
MTails: bets $6
liza3008: folds
Uncalled bet ($6) returned to MTails
MTails collected $23.52 from pot
*** SUMMARY ***
Total pot $24 | Rake $0.48
Board [7h 6s 7s 4h]
Seat 1: liza3008 (button) (small blind) folded on the Turn
Seat 2: MTails (big blind) collected ($23.52)


PokerStars Hand #146099285250:  Hold'em Limit ($3/$6 USD) - 2015/12/29 2:44:38 ET
Table 'Irmela' 2-max Seat #2 is the button
Seat 1: liza3008 ($140.65 in chips)
Seat 2: MTails ($118.87 in chips)
MTails: posts small blind $1
liza3008: posts big blind $3
*** HOLE CARDS ***
MTails: raises $3 to $6
liza3008: calls $3
*** FLOP *** [Th 5s Ad]
liza3008: checks
MTails: bets $3
liza3008: raises $3 to $6
MTails: calls $3
*** TURN *** [Th 5s Ad] [Kd]
liza3008: checks
MTails: checks
*** RIVER *** [Th 5s Ad Kd] [6h]
liza3008: bets $6
MTails: folds
Uncalled bet ($6) returned to liza3008
liza3008 collected $23.52 from pot
liza3008: doesn't show hand
*** SUMMARY ***
Total pot $24 | Rake $0.48
Board [Th 5s Ad Kd 6h]
Seat 1: liza3008 (big blind) collected ($23.52)
Seat 2: MTails (button) (small blind) folded on the River


PokerStars Hand #146099321205:  Hold'em Limit ($3/$6 USD) - 2015/12/29 2:46:36 ET
Table 'Irmela' 2-max Seat #1 is the button
Seat 1: liza3008 ($113.13 in chips)
Seat 2: MTails ($142.61 in chips)
liza3008: posts small blind $1
MTails: posts big blind $3
*** HOLE CARDS ***
liza3008: raises $3 to $6
MTails: calls $3
*** FLOP *** [7c 7d 8s]
MTails: checks
liza3008: checks
*** TURN *** [7c 7d 8s] [Qh]
MTails: bets $6
liza3008: folds
Uncalled bet ($6) returned to MTails
MTails collected $11.76 from pot
*** SUMMARY ***
Total pot $12 | Rake $0.24
Board [7c 7d 8s Qh]
Seat 1: liza3008 (button) (small blind) folded on the Turn
Seat 2: MTails (big blind) collected ($11.76)


PokerStars Hand #146099317548:  Hold'em Limit ($3/$6 USD) - 2015/12/29 2:46:24 ET
Table 'Irmela' 2-max Seat #2 is the button
Seat 1: liza3008 ($122.13 in chips)
Seat 2: MTails ($133.97 in chips)
MTails: posts small blind $1
liza3008: posts big blind $3
*** HOLE CARDS ***
MTails: raises $3 to $6
liza3008: calls $3
*** FLOP *** [2d 9s 8c]
liza3008: checks
MTails: bets $3
liza3008: calls $3
*** TURN *** [2d 9s 8c] [2c]
liza3008: checks
MTails: bets $6
liza3008: folds
Uncalled bet ($6) returned to MTails
MTails collected $17.64 from pot
*** SUMMARY ***
Total pot $18 | Rake $0.36
Board [2d 9s 8c 2c]
Seat 1: liza3008 (big blind) folded on the Turn
Seat 2: MTails (button) (small blind) collected ($17.64)


PokerStars Hand #146099316081:  Hold'em Limit ($3/$6 USD) - 2015/12/29 2:46:19 ET
Table 'Irmela' 2-max Seat #1 is the button
Seat 1: liza3008 ($119.13 in chips)
Seat 2: MTails ($136.97 in chips)
liza3008: posts small blind $1
MTails: posts big blind $3
*** HOLE CARDS ***
liza3008: raises $3 to $6
MTails: folds
Uncalled bet ($3) returned to liza3008
liza3008 collected $6 from pot
liza3008: doesn't show hand
*** SUMMARY ***
Total pot $6 | Rake $0
Seat 1: liza3008 (button) (small blind) collected ($6)
Seat 2: MTails (big blind) folded before Flop


PokerStars Hand #146099313115:  Hold'em Limit ($3/$6 USD) - 2015/12/29 2:46:09 ET
Table 'Irmela' 2-max Seat #2 is the button
Seat 1: liza3008 ($110.49 in chips)
Seat 2: MTails ($145.97 in chips)
MTails: posts small blind $1
liza3008: posts big blind $3
*** HOLE CARDS ***
MTails: raises $3 to $6
liza3008: calls $3
*** FLOP *** [3c Th Kc]
liza3008: checks
MTails: bets $3
liza3008: raises $3 to $6
MTails: folds
Uncalled bet ($3) returned to liza3008
liza3008 collected $17.64 from pot
liza3008: doesn't show hand
*** SUMMARY ***
Total pot $18 | Rake $0.36
Board [3c Th Kc]
Seat 1: liza3008 (big blind) collected ($17.64)
Seat 2: MTails (button) (small blind) folded on the Flop


PokerStars Hand #146099309511:  Hold'em Limit ($3/$6 USD) - 2015/12/29 2:45:58 ET
Table 'Irmela' 2-max Seat #1 is the button
Seat 1: liza3008 ($92.99 in chips)
Seat 2: MTails ($163.97 in chips)
liza3008: posts small blind $1
MTails: posts big blind $3
*** HOLE CARDS ***
liza3008: raises $3 to $6
MTails: calls $3
*** FLOP *** [4c 3c Jc]
MTails: checks
liza3008: checks
*** TURN *** [4c 3c Jc] [Td]
MTails: bets $6
liza3008: calls $6
*** RIVER *** [4c 3c Jc Td] [Qs]
MTails: bets $6
liza3008: calls $6
*** SHOW DOWN ***
MTails: shows [7s 9d] (high card Queen)
liza3008: shows [9s 9h] (a pair of Nines)
liza3008 collected $35.50 from pot
*** SUMMARY ***
Total pot $36 | Rake $0.50
Board [4c 3c Jc Td Qs]
Seat 1: liza3008 (button) (small blind) showed [9s 9h] and won ($35.50) with a pair of Nines
Seat 2: MTails (big blind) showed [7s 9d] and lost with high card Queen


PokerStars Hand #146099305738:  Hold'em Limit ($3/$6 USD) - 2015/12/29 2:45:45 ET
Table 'Irmela' 2-max Seat #2 is the button
Seat 1: liza3008 ($93.17 in chips)
Seat 2: MTails ($164.15 in chips)
MTails: posts small blind $1
liza3008: posts big blind $3
*** HOLE CARDS ***
MTails: raises $3 to $6
liza3008: calls $3
*** FLOP *** [Js Ks Th]
liza3008: checks
MTails: bets $3
liza3008: calls $3
*** TURN *** [Js Ks Th] [4c]
liza3008: checks
MTails: checks
*** RIVER *** [Js Ks Th 4c] [2h]
liza3008: checks
MTails: checks
*** SHOW DOWN ***
liza3008: shows [Ah 7h] (high card Ace)
MTails: shows [7s Ac] (high card Ace)
liza3008 collected $8.82 from pot
MTails collected $8.82 from pot
*** SUMMARY ***
Total pot $18 | Rake $0.36
Board [Js Ks Th 4c 2h]
Seat 1: liza3008 (big blind) showed [Ah 7h] and won ($8.82) with high card Ace
Seat 2: MTails (button) (small blind) showed [7s Ac] and won ($8.82) with high card Ace


PokerStars Hand #146099337539:  Hold'em Limit ($3/$6 USD) - 2015/12/29 2:47:28 ET
Table 'Irmela' 2-max Seat #2 is the button
Seat 1: liza3008 ($101.63 in chips)
Seat 2: MTails ($152.63 in chips)
MTails: posts small blind $1
liza3008: posts big blind $3
*** HOLE CARDS ***
MTails: raises $3 to $6
liza3008: calls $3
*** FLOP *** [6d 4s Qd]
liza3008: checks
MTails: bets $3
liza3008: calls $3
*** TURN *** [6d 4s Qd] [Td]
liza3008: checks
MTails: checks
*** RIVER *** [6d 4s Qd Td] [Jh]
liza3008: checks
MTails: checks
*** SHOW DOWN ***
liza3008: shows [2d Kc] (high card King)
MTails: shows [3s Ac] (high card Ace)
MTails collected $17.64 from pot
*** SUMMARY ***
Total pot $18 | Rake $0.36
Board [6d 4s Qd Td Jh]
Seat 1: liza3008 (big blind) showed [2d Kc] and lost with high card King
Seat 2: MTails (button) (small blind) showed [3s Ac] and won ($17.64) with high card Ace


PokerStars Hand #146099332205:  Hold'em Limit ($3/$6 USD) - 2015/12/29 2:47:11 ET
Table 'Irmela' 2-max Seat #1 is the button
Seat 1: liza3008 ($78.13 in chips)
Seat 2: MTails ($176.63 in chips)
liza3008: posts small blind $1
MTails: posts big blind $3
*** HOLE CARDS ***
liza3008: raises $3 to $6
MTails: calls $3
*** FLOP *** [Kc 7d 3d]
MTails: checks
liza3008: checks
*** TURN *** [Kc 7d 3d] [4c]
MTails: bets $6
liza3008: raises $6 to $12
MTails: calls $6
*** RIVER *** [Kc 7d 3d 4c] [5d]
MTails: checks
liza3008: bets $6
MTails: calls $6
*** SHOW DOWN ***
liza3008: shows [Kh Qc] (a pair of Kings)
MTails: mucks hand
liza3008 collected $47.50 from pot
*** SUMMARY ***
Total pot $48 | Rake $0.50
Board [Kc 7d 3d 4c 5d]
Seat 1: liza3008 (button) (small blind) showed [Kh Qc] and won ($47.50) with a pair of Kings
Seat 2: MTails (big blind) mucked


PokerStars Hand #146099329438:  Hold'em Limit ($3/$6 USD) - 2015/12/29 2:47:02 ET
Table 'Irmela' 2-max Seat #2 is the button
Seat 1: liza3008 ($84.13 in chips)
Seat 2: MTails ($170.87 in chips)
MTails: posts small blind $1
liza3008: posts big blind $3
*** HOLE CARDS ***
MTails: raises $3 to $6
liza3008: calls $3
*** FLOP *** [2s Kh 3d]
liza3008: checks
MTails: bets $3
liza3008: folds
Uncalled bet ($3) returned to MTails
MTails collected $11.76 from pot
*** SUMMARY ***
Total pot $12 | Rake $0.24
Board [2s Kh 3d]
Seat 1: liza3008 (big blind) folded on the Flop
Seat 2: MTails (button) (small blind) collected ($11.76)


PokerStars Hand #146099325302:  Hold'em Limit ($3/$6 USD) - 2015/12/29 2:46:49 ET
Table 'Irmela' 2-max Seat #1 is the button
Seat 1: liza3008 ($108.13 in chips)
Seat 2: MTails ($147.37 in chips)
liza3008: posts small blind $1
MTails: posts big blind $3
*** HOLE CARDS ***
liza3008: raises $3 to $6
MTails: calls $3
*** FLOP *** [8c Js Ts]
MTails: checks
liza3008: checks
*** TURN *** [8c Js Ts] [Qc]
MTails: bets $6
liza3008: calls $6
*** RIVER *** [8c Js Ts Qc] [8h]
MTails: bets $6
liza3008: raises $6 to $12
MTails: calls $6
*** SHOW DOWN ***
liza3008: shows [6c 2c] (a pair of Eights)
MTails: shows [3s Td] (two pair, Tens and Eights)
MTails collected $47.50 from pot
*** SUMMARY ***
Total pot $48 | Rake $0.50
Board [8c Js Ts Qc 8h]
Seat 1: liza3008 (button) (small blind) showed [6c 2c] and lost with a pair of Eights
Seat 2: MTails (big blind) showed [3s Td] and won ($47.50) with two pair, Tens and Eights


PokerStars Hand #146099323947:  Hold'em Limit ($3/$6 USD) - 2015/12/29 2:46:45 ET
Table 'Irmela' 2-max Seat #2 is the button
Seat 1: liza3008 ($107.13 in chips)
Seat 2: MTails ($148.37 in chips)
MTails: posts small blind $1
liza3008: posts big blind $3
*** HOLE CARDS ***
MTails: folds
Uncalled bet ($2) returned to liza3008
liza3008 collected $2 from pot
liza3008: doesn't show hand
*** SUMMARY ***
Total pot $2 | Rake $0
Seat 1: liza3008 (big blind) collected ($2)
Seat 2: MTails (button) (small blind) folded before Flop


PokerStars Hand #146099356260:  Hold'em Limit ($3/$6 USD) - 2015/12/29 2:48:29 ET
Table 'Irmela' 2-max Seat #2 is the button
Seat 1: liza3008 ($96.03 in chips)
Seat 2: MTails ($156.79 in chips)
MTails: posts small blind $1
liza3008: posts big blind $3
*** HOLE CARDS ***
MTails: raises $3 to $6
liza3008: calls $3
*** FLOP *** [9d 4d Jh]
liza3008: checks
MTails: bets $3
liza3008: calls $3
*** TURN *** [9d 4d Jh] [7s]
liza3008: checks
MTails: bets $6
liza3008: calls $6
*** RIVER *** [9d 4d Jh 7s] [8c]
liza3008: checks
MTails: checks
*** SHOW DOWN ***
liza3008: shows [4s 2d] (a pair of Fours)
MTails: shows [8h 5d] (a pair of Eights)
MTails collected $29.50 from pot
*** SUMMARY ***
Total pot $30 | Rake $0.50
Board [9d 4d Jh 7s 8c]
Seat 1: liza3008 (big blind) showed [4s 2d] and lost with a pair of Fours
Seat 2: MTails (button) (small blind) showed [8h 5d] and won ($29.50) with a pair of Eights


PokerStars Hand #146099352423:  Hold'em Limit ($3/$6 USD) - 2015/12/29 2:48:17 ET
Table 'Irmela' 2-max Seat #1 is the button
Seat 1: liza3008 ($87.39 in chips)
Seat 2: MTails ($165.79 in chips)
liza3008: posts small blind $1
MTails: posts big blind $3
*** HOLE CARDS ***
liza3008: raises $3 to $6
MTails: calls $3
*** FLOP *** [5h 6h 3c]
MTails: checks
liza3008: bets $3
MTails: calls $3
*** TURN *** [5h 6h 3c] [5d]
MTails: checks
liza3008: checks
*** RIVER *** [5h 6h 3c 5d] [Ts]
MTails: checks
liza3008: checks
*** SHOW DOWN ***
MTails: shows [Qs 9s] (a pair of Fives)
liza3008: shows [3s Qd] (two pair, Fives and Threes)
liza3008 collected $17.64 from pot
*** SUMMARY ***
Total pot $18 | Rake $0.36
Board [5h 6h 3c 5d Ts]
Seat 1: liza3008 (button) (small blind) showed [3s Qd] and won ($17.64) with two pair, Fives and Threes
Seat 2: MTails (big blind) showed [Qs 9s] and lost with a pair of Fives


PokerStars Hand #146099349812:  Hold'em Limit ($3/$6 USD) - 2015/12/29 2:48:08 ET
Table 'Irmela' 2-max Seat #2 is the button
Seat 1: liza3008 ($93.39 in chips)
Seat 2: MTails ($160.03 in chips)
MTails: posts small blind $1
liza3008: posts big blind $3
*** HOLE CARDS ***
MTails: raises $3 to $6
liza3008: calls $3
*** FLOP *** [As Qc 8d]
liza3008: checks
MTails: bets $3
liza3008: folds
Uncalled bet ($3) returned to MTails
MTails collected $11.76 from pot
*** SUMMARY ***
Total pot $12 | Rake $0.24
Board [As Qc 8d]
Seat 1: liza3008 (big blind) folded on the Flop
Seat 2: MTails (button) (small blind) collected ($11.76)


PokerStars Hand #146099345684:  Hold'em Limit ($3/$6 USD) - 2015/12/29 2:47:55 ET
Table 'Irmela' 2-max Seat #1 is the button
Seat 1: liza3008 ($87.63 in chips)
Seat 2: MTails ($166.03 in chips)
liza3008: posts small blind $1
MTails: posts big blind $3
*** HOLE CARDS ***
liza3008: raises $3 to $6
MTails: calls $3
*** FLOP *** [3s 9c 5s]
MTails: checks
liza3008: checks
*** TURN *** [3s 9c 5s] [2s]
MTails: checks
liza3008: checks
*** RIVER *** [3s 9c 5s 2s] [Ad]
MTails: checks
liza3008: bets $6
MTails: folds
Uncalled bet ($6) returned to liza3008
liza3008 collected $11.76 from pot
liza3008: doesn't show hand
*** SUMMARY ***
Total pot $12 | Rake $0.24
Board [3s 9c 5s 2s Ad]
Seat 1: liza3008 (button) (small blind) collected ($11.76)
Seat 2: MTails (big blind) folded on the River


PokerStars Hand #146099344291:  Hold'em Limit ($3/$6 USD) - 2015/12/29 2:47:50 ET
Table 'Irmela' 2-max Seat #2 is the button
Seat 1: liza3008 ($86.63 in chips)
Seat 2: MTails ($167.03 in chips)
MTails: posts small blind $1
liza3008: posts big blind $3
*** HOLE CARDS ***
MTails: folds
Uncalled bet ($2) returned to liza3008
liza3008 collected $2 from pot
liza3008: doesn't show hand
*** SUMMARY ***
Total pot $2 | Rake $0
Seat 1: liza3008 (big blind) collected ($2)
Seat 2: MTails (button) (small blind) folded before Flop


PokerStars Hand #146099341388:  Hold'em Limit ($3/$6 USD) - 2015/12/29 2:47:41 ET
Table 'Irmela' 2-max Seat #1 is the button
Seat 1: liza3008 ($92.63 in chips)
Seat 2: MTails ($161.27 in chips)
liza3008: posts small blind $1
MTails: posts big blind $3
*** HOLE CARDS ***
liza3008: raises $3 to $6
MTails: calls $3
*** FLOP *** [8h 5h Kc]
MTails: checks
liza3008: checks
*** TURN *** [8h 5h Kc] [3d]
MTails: bets $6
liza3008: folds
Uncalled bet ($6) returned to MTails
MTails collected $11.76 from pot
*** SUMMARY ***
Total pot $12 | Rake $0.24
Board [8h 5h Kc 3d]
Seat 1: liza3008 (button) (small blind) folded on the Turn
Seat 2: MTails (big blind) collected ($11.76)


PokerStars Hand #146099374101:  Hold'em Limit ($3/$6 USD) - 2015/12/29 2:49:28 ET
Table 'Irmela' 2-max Seat #2 is the button
Seat 1: liza3008 ($89.05 in chips)
Seat 2: MTails ($161.79 in chips)
MTails: posts small blind $1
liza3008: posts big blind $3
*** HOLE CARDS ***
MTails: raises $3 to $6
liza3008: calls $3
*** FLOP *** [6h Ad Qc]
liza3008: checks
MTails: bets $3
liza3008: folds
Uncalled bet ($3) returned to MTails
MTails collected $11.76 from pot
*** SUMMARY ***
Total pot $12 | Rake $0.24
Board [6h Ad Qc]
Seat 1: liza3008 (big blind) folded on the Flop
Seat 2: MTails (button) (small blind) collected ($11.76)


PokerStars Hand #146099369139:  Hold'em Limit ($3/$6 USD) - 2015/12/29 2:49:12 ET
Table 'Irmela' 2-max Seat #1 is the button
Seat 1: liza3008 ($113.05 in chips)
Seat 2: MTails ($138.29 in chips)
liza3008: posts small blind $1
MTails: posts big blind $3
*** HOLE CARDS ***
liza3008: raises $3 to $6
MTails: raises $3 to $9
liza3008: calls $3
*** FLOP *** [4s Kc 9d]
MTails: bets $3
liza3008: calls $3
*** TURN *** [4s Kc 9d] [Qh]
MTails: checks
liza3008: checks
*** RIVER *** [4s Kc 9d Qh] [3s]
MTails: checks
liza3008: bets $6
MTails: raises $6 to $12
liza3008: calls $6
*** SHOW DOWN ***
MTails: shows [Qc Kd] (two pair, Kings and Queens)
liza3008: mucks hand
MTails collected $47.50 from pot
*** SUMMARY ***
Total pot $48 | Rake $0.50
Board [4s Kc 9d Qh 3s]
Seat 1: liza3008 (button) (small blind) mucked
Seat 2: MTails (big blind) showed [Qc Kd] and won ($47.50) with two pair, Kings and Queens


PokerStars Hand #146099364699:  Hold'em Limit ($3/$6 USD) - 2015/12/29 2:48:57 ET
Table 'Irmela' 2-max Seat #2 is the button
Seat 1: liza3008 ($92.55 in chips)
Seat 2: MTails ($159.29 in chips)
MTails: posts small blind $1
liza3008: posts big blind $3
*** HOLE CARDS ***
MTails: raises $3 to $6
liza3008: calls $3
*** FLOP *** [Jh 4c 3s]
liza3008: bets $3
MTails: calls $3
*** TURN *** [Jh 4c 3s] [Ks]
liza3008: bets $6
MTails: calls $6
*** RIVER *** [Jh 4c 3s Ks] [2s]
liza3008: bets $6
MTails: calls $6
*** SHOW DOWN ***
liza3008: shows [9c 4s] (a pair of Fours)
MTails: mucks hand
liza3008 collected $41.50 from pot
*** SUMMARY ***
Total pot $42 | Rake $0.50
Board [Jh 4c 3s Ks 2s]
Seat 1: liza3008 (big blind) showed [9c 4s] and won ($41.50) with a pair of Fours
Seat 2: MTails (button) (small blind) mucked


PokerStars Hand #146099360646:  Hold'em Limit ($3/$6 USD) - 2015/12/29 2:48:44 ET
Table 'Irmela' 2-max Seat #1 is the button
Seat 1: liza3008 ($81.03 in chips)
Seat 2: MTails ($171.29 in chips)
liza3008: posts small blind $1
MTails: posts big blind $3
*** HOLE CARDS ***
liza3008: raises $3 to $6
MTails: raises $3 to $9
liza3008: calls $3
*** FLOP *** [9d Qc Ts]
MTails: bets $3
liza3008: calls $3
*** TURN *** [9d Qc Ts] [Ac]
MTails: checks
liza3008: bets $6
MTails: folds
Uncalled bet ($6) returned to liza3008
liza3008 collected $23.52 from pot
liza3008: doesn't show hand
*** SUMMARY ***
Total pot $24 | Rake $0.48
Board [9d Qc Ts Ac]
Seat 1: liza3008 (button) (small blind) collected ($23.52)
Seat 2: MTails (big blind) folded on the Turn


PokerStars Hand #146099395899:  Hold'em Limit ($3/$6 USD) - 2015/12/29 2:50:39 ET
Table 'Irmela' 2-max Seat #2 is the button
Seat 1: liza3008 ($75.95 in chips)
Seat 2: MTails ($172.55 in chips)
MTails: posts small blind $1
liza3008: posts big blind $3
*** HOLE CARDS ***
MTails: folds
Uncalled bet ($2) returned to liza3008
liza3008 collected $2 from pot
liza3008: doesn't show hand
*** SUMMARY ***
Total pot $2 | Rake $0
Seat 1: liza3008 (big blind) collected ($2)
Seat 2: MTails (button) (small blind) folded before Flop


PokerStars Hand #146099393285:  Hold'em Limit ($3/$6 USD) - 2015/12/29 2:50:31 ET
Table 'Irmela' 2-max Seat #1 is the button
Seat 1: liza3008 ($70.19 in chips)
Seat 2: MTails ($178.55 in chips)
liza3008: posts small blind $1
MTails: posts big blind $3
*** HOLE CARDS ***
liza3008: raises $3 to $6
MTails: calls $3
*** FLOP *** [3d Kh Td]
MTails: checks
liza3008: bets $3
MTails: folds
Uncalled bet ($3) returned to liza3008
liza3008 collected $11.76 from pot
liza3008: doesn't show hand
*** SUMMARY ***
Total pot $12 | Rake $0.24
Board [3d Kh Td]
Seat 1: liza3008 (button) (small blind) collected ($11.76)
Seat 2: MTails (big blind) folded on the Flop


PokerStars Hand #146099390562:  Hold'em Limit ($3/$6 USD) - 2015/12/29 2:50:22 ET
Table 'Irmela' 2-max Seat #2 is the button
Seat 1: liza3008 ($61.55 in chips)
Seat 2: MTails ($187.55 in chips)
MTails: posts small blind $1
liza3008: posts big blind $3
*** HOLE CARDS ***
MTails: raises $3 to $6
liza3008: raises $3 to $9
MTails: calls $3
*** FLOP *** [9d Ac 8c]
liza3008: bets $3
MTails: folds
Uncalled bet ($3) returned to liza3008
liza3008 collected $17.64 from pot
liza3008: doesn't show hand
*** SUMMARY ***
Total pot $18 | Rake $0.36
Board [9d Ac 8c]
Seat 1: liza3008 (big blind) collected ($17.64)
Seat 2: MTails (button) (small blind) folded on the Flop


PokerStars Hand #146099386020:  Hold'em Limit ($3/$6 USD) - 2015/12/29 2:50:07 ET
Table 'Irmela' 2-max Seat #1 is the button
Seat 1: liza3008 ($79.55 in chips)
Seat 2: MTails ($170.05 in chips)
liza3008: posts small blind $1
MTails: posts big blind $3
*** HOLE CARDS ***
liza3008: raises $3 to $6
MTails: raises $3 to $9
liza3008: calls $3
*** FLOP *** [Qh Jd Ad]
MTails: bets $3
liza3008: calls $3
*** TURN *** [Qh Jd Ad] [4d]
MTails: checks
liza3008: checks
*** RIVER *** [Qh Jd Ad 4d] [3h]
MTails: checks
liza3008: bets $6
MTails: calls $6
*** SHOW DOWN ***
liza3008: shows [5d Js] (a pair of Jacks)
MTails: shows [Tc Jh] (a pair of Jacks - Ace+Queen+Ten kicker)
MTails collected $35.50 from pot
*** SUMMARY ***
Total pot $36 | Rake $0.50
Board [Qh Jd Ad 4d 3h]
Seat 1: liza3008 (button) (small blind) showed [5d Js] and lost with a pair of Jacks
Seat 2: MTails (big blind) showed [Tc Jh] and won ($35.50) with a pair of Jacks


PokerStars Hand #146099381059:  Hold'em Limit ($3/$6 USD) - 2015/12/29 2:49:51 ET
Table 'Irmela' 2-max Seat #2 is the button
Seat 1: liza3008 ($100.55 in chips)
Seat 2: MTails ($149.55 in chips)
MTails: posts small blind $1
liza3008: posts big blind $3
*** HOLE CARDS ***
MTails: raises $3 to $6
liza3008: calls $3
*** FLOP *** [Qd Ad 9s]
liza3008: checks
MTails: bets $3
liza3008: calls $3
*** TURN *** [Qd Ad 9s] [Jd]
liza3008: checks
MTails: bets $6
liza3008: calls $6
*** RIVER *** [Qd Ad 9s Jd] [3s]
liza3008: checks
MTails: bets $6
liza3008: calls $6
*** SHOW DOWN ***
MTails: shows [Qh 8h] (a pair of Queens)
liza3008: mucks hand
MTails collected $41.50 from pot
*** SUMMARY ***
Total pot $42 | Rake $0.50
Board [Qd Ad 9s Jd 3s]
Seat 1: liza3008 (big blind) mucked
Seat 2: MTails (button) (small blind) showed [Qh 8h] and won ($41.50) with a pair of Queens


PokerStars Hand #146099376845:  Hold'em Limit ($3/$6 USD) - 2015/12/29 2:49:37 ET
Table 'Irmela' 2-max Seat #1 is the button
Seat 1: liza3008 ($83.05 in chips)
Seat 2: MTails ($167.55 in chips)
liza3008: posts small blind $1
MTails: posts big blind $3
*** HOLE CARDS ***
liza3008: raises $3 to $6
MTails: calls $3
*** FLOP *** [9s Tc Kd]
MTails: checks
liza3008: checks
*** TURN *** [9s Tc Kd] [Ah]
MTails: checks
liza3008: checks
*** RIVER *** [9s Tc Kd Ah] [7c]
MTails: bets $6
liza3008: raises $6 to $12
MTails: calls $6
*** SHOW DOWN ***
liza3008: shows [8c Jh] (a straight, Seven to Jack)
MTails: mucks hand
liza3008 collected $35.50 from pot
*** SUMMARY ***
Total pot $36 | Rake $0.50
Board [9s Tc Kd Ah 7c]
Seat 1: liza3008 (button) (small blind) showed [8c Jh] and won ($35.50) with a straight, Seven to Jack
Seat 2: MTails (big blind) mucked


PokerStars Hand #146099413823:  Hold'em Limit ($3/$6 USD) - 2015/12/29 2:51:38 ET
Table 'Irmela' 2-max Seat #2 is the button
Seat 1: liza3008 ($129.95 in chips)
Seat 2: MTails ($116.95 in chips)
MTails: posts small blind $1
liza3008: posts big blind $3
*** HOLE CARDS ***
MTails: raises $3 to $6
liza3008: folds
Uncalled bet ($3) returned to MTails
MTails collected $6 from pot
*** SUMMARY ***
Total pot $6 | Rake $0
Seat 1: liza3008 (big blind) folded before Flop
Seat 2: MTails (button) (small blind) collected ($6)


PokerStars Hand #146099411193:  Hold'em Limit ($3/$6 USD) - 2015/12/29 2:51:29 ET
Table 'Irmela' 2-max Seat #1 is the button
Seat 1: liza3008 ($138.95 in chips)
Seat 2: MTails ($108.31 in chips)
liza3008: posts small blind $1
MTails: posts big blind $3
*** HOLE CARDS ***
liza3008: raises $3 to $6
MTails: raises $3 to $9
liza3008: calls $3
*** FLOP *** [8d Ac Tc]
MTails: bets $3
liza3008: folds
Uncalled bet ($3) returned to MTails
MTails collected $17.64 from pot
*** SUMMARY ***
Total pot $18 | Rake $0.36
Board [8d Ac Tc]
Seat 1: liza3008 (button) (small blind) folded on the Flop
Seat 2: MTails (big blind) collected ($17.64)


PokerStars Hand #146099408345:  Hold'em Limit ($3/$6 USD) - 2015/12/29 2:51:20 ET
Table 'Irmela' 2-max Seat #2 is the button
Seat 1: liza3008 ($144.95 in chips)
Seat 2: MTails ($102.55 in chips)
MTails: posts small blind $1
liza3008: posts big blind $3
*** HOLE CARDS ***
MTails: raises $3 to $6
liza3008: calls $3
*** FLOP *** [Ad 8c 6h]
liza3008: checks
MTails: bets $3
liza3008: folds
Uncalled bet ($3) returned to MTails
MTails collected $11.76 from pot
*** SUMMARY ***
Total pot $12 | Rake $0.24
Board [Ad 8c 6h]
Seat 1: liza3008 (big blind) folded on the Flop
Seat 2: MTails (button) (small blind) collected ($11.76)


PokerStars Hand #146099397216:  Hold'em Limit ($3/$6 USD) - 2015/12/29 2:50:43 ET
Table 'Irmela' 2-max Seat #1 is the button
Seat 1: liza3008 ($76.95 in chips)
Seat 2: MTails ($171.55 in chips)
liza3008: posts small blind $1
MTails: posts big blind $3
*** HOLE CARDS ***
liza3008: raises $3 to $6
MTails: calls $3
*** FLOP *** [3h 8s Qh]
MTails: checks
liza3008: checks
*** TURN *** [3h 8s Qh] [6c]
MTails: bets $6
liza3008: calls $6
*** RIVER *** [3h 8s Qh 6c] [As]
MTails: bets $6
liza3008: raises $6 to $12
MTails: raises $6 to $18
liza3008: calls $6
*** SHOW DOWN ***
MTails: shows [7s Th] (high card Ace)
liza3008: shows [Ac 2s] (a pair of Aces)
liza3008 collected $59.50 from pot
*** SUMMARY ***
Total pot $60 | Rake $0.50
Board [3h 8s Qh 6c As]
Seat 1: liza3008 (button) (small blind) showed [Ac 2s] and won ($59.50) with a pair of Aces
Seat 2: MTails (big blind) showed [7s Th] and lost with high card Ace


PokerStars Hand #146099400946:  Hold'em Limit ($3/$6 USD) - 2015/12/29 2:50:56 ET
Table 'Irmela' 2-max Seat #2 is the button
Seat 1: liza3008 ($106.45 in chips)
Seat 2: MTails ($141.55 in chips)
MTails: posts small blind $1
liza3008: posts big blind $3
*** HOLE CARDS ***
MTails: raises $3 to $6
liza3008: calls $3
*** FLOP *** [2d Qc 6d]
liza3008: checks
MTails: bets $3
liza3008: raises $3 to $6
MTails: calls $3
*** TURN *** [2d Qc 6d] [Td]
liza3008: bets $6
MTails: calls $6
*** RIVER *** [2d Qc 6d Td] [6h]
liza3008: bets $6
MTails: raises $6 to $12
liza3008: raises $6 to $18
MTails: calls $6
*** SHOW DOWN ***
liza3008: shows [Th 6s] (a full house, Sixes full of Tens)
MTails: mucks hand
liza3008 collected $71.50 from pot
*** SUMMARY ***
Total pot $72 | Rake $0.50
Board [2d Qc 6d Td 6h]
Seat 1: liza3008 (big blind) showed [Th 6s] and won ($71.50) with a full house, Sixes full of Tens
Seat 2: MTails (button) (small blind) mucked


PokerStars Hand #146099406638:  Hold'em Limit ($3/$6 USD) - 2015/12/29 2:51:14 ET
Table 'Irmela' 2-max Seat #1 is the button
Seat 1: liza3008 ($141.95 in chips)
Seat 2: MTails ($105.55 in chips)
liza3008: posts small blind $1
MTails: posts big blind $3
*** HOLE CARDS ***
liza3008: raises $3 to $6
MTails: folds
Uncalled bet ($3) returned to liza3008
liza3008 collected $6 from pot
liza3008: doesn't show hand
*** SUMMARY ***
Total pot $6 | Rake $0
Seat 1: liza3008 (button) (small blind) collected ($6)
Seat 2: MTails (big blind) folded before Flop


PokerStars Hand #146099415415:  Hold'em Limit ($3/$6 USD) - 2015/12/29 2:51:43 ET
Table 'Irmela' 2-max Seat #1 is the button
Seat 1: liza3008 ($126.95 in chips)
Seat 2: MTails ($119.95 in chips)
liza3008: posts small blind $1
MTails: posts big blind $3
*** HOLE CARDS ***
liza3008: raises $3 to $6
MTails: calls $3
*** FLOP *** [4s Kh 5c]
MTails: checks
liza3008: bets $3
MTails: raises $3 to $6
liza3008: calls $3
*** TURN *** [4s Kh 5c] [8c]
MTails: bets $6
liza3008: calls $6
*** RIVER *** [4s Kh 5c 8c] [Qc]
MTails: bets $6
liza3008: raises $6 to $12
MTails: calls $6
*** SHOW DOWN ***
liza3008: shows [Jc 9c] (a flush, Queen high)
MTails: mucks hand
liza3008 collected $59.50 from pot
*** SUMMARY ***
Total pot $60 | Rake $0.50
Board [4s Kh 5c 8c Qc]
Seat 1: liza3008 (button) (small blind) showed [Jc 9c] and won ($59.50) with a flush, Queen high
Seat 2: MTails (big blind) mucked


PokerStars Hand #146099421211:  Hold'em Limit ($3/$6 USD) - 2015/12/29 2:52:02 ET
Table 'Irmela' 2-max Seat #2 is the button
Seat 1: liza3008 ($156.45 in chips)
Seat 2: MTails ($89.95 in chips)
MTails: posts small blind $1
liza3008: posts big blind $3
*** HOLE CARDS ***
MTails: raises $3 to $6
liza3008: calls $3
*** FLOP *** [Ah 6h Qs]
liza3008: checks
MTails: bets $3
liza3008: folds
Uncalled bet ($3) returned to MTails
MTails collected $11.76 from pot
*** SUMMARY ***
Total pot $12 | Rake $0.24
Board [Ah 6h Qs]
Seat 1: liza3008 (big blind) folded on the Flop
Seat 2: MTails (button) (small blind) collected ($11.76)


PokerStars Hand #146099423949:  Hold'em Limit ($3/$6 USD) - 2015/12/29 2:52:11 ET
Table 'Irmela' 2-max Seat #1 is the button
Seat 1: liza3008 ($150.45 in chips)
Seat 2: MTails ($95.71 in chips)
liza3008: posts small blind $1
MTails: posts big blind $3
*** HOLE CARDS ***
liza3008: raises $3 to $6
MTails: calls $3
*** FLOP *** [9s Js Jc]
MTails: checks
liza3008: bets $3
MTails: raises $3 to $6
liza3008: calls $3
*** TURN *** [9s Js Jc] [3s]
MTails: bets $6
liza3008: calls $6
*** RIVER *** [9s Js Jc 3s] [Kc]
MTails: checks
liza3008: checks
*** SHOW DOWN ***
MTails: shows [Th Qh] (a straight, Nine to King)
liza3008: mucks hand
MTails collected $35.50 from pot
*** SUMMARY ***
Total pot $36 | Rake $0.50
Board [9s Js Jc 3s Kc]
Seat 1: liza3008 (button) (small blind) mucked
Seat 2: MTails (big blind) showed [Th Qh] and won ($35.50) with a straight, Nine to King


PokerStars Hand #146099428773:  Hold'em Limit ($3/$6 USD) - 2015/12/29 2:52:27 ET
Table 'Irmela' 2-max Seat #2 is the button
Seat 1: liza3008 ($132.45 in chips)
Seat 2: MTails ($113.21 in chips)
MTails: posts small blind $1
liza3008: posts big blind $3
*** HOLE CARDS ***
MTails: raises $3 to $6
liza3008: calls $3
*** FLOP *** [Th Tc 9h]
liza3008: checks
MTails: bets $3
liza3008: folds
Uncalled bet ($3) returned to MTails
MTails collected $11.76 from pot
*** SUMMARY ***
Total pot $12 | Rake $0.24
Board [Th Tc 9h]
Seat 1: liza3008 (big blind) folded on the Flop
Seat 2: MTails (button) (small blind) collected ($11.76)


PokerStars Hand #146099431479:  Hold'em Limit ($3/$6 USD) - 2015/12/29 2:52:36 ET
Table 'Irmela' 2-max Seat #1 is the button
Seat 1: liza3008 ($126.45 in chips)
Seat 2: MTails ($118.97 in chips)
liza3008: posts small blind $1
MTails: posts big blind $3
*** HOLE CARDS ***
liza3008: raises $3 to $6
MTails: calls $3
*** FLOP *** [3h Qc 4h]
MTails: checks
liza3008: bets $3
MTails: calls $3
*** TURN *** [3h Qc 4h] [Kc]
MTails: checks
liza3008: bets $6
MTails: calls $6
*** RIVER *** [3h Qc 4h Kc] [Ac]
MTails: checks
liza3008: bets $6
MTails: raises $6 to $12
liza3008: folds
Uncalled bet ($6) returned to MTails
MTails collected $41.50 from pot
*** SUMMARY ***
Total pot $42 | Rake $0.50
Board [3h Qc 4h Kc Ac]
Seat 1: liza3008 (button) (small blind) folded on the River
Seat 2: MTails (big blind) collected ($41.50)


PokerStars Hand #146099436248:  Hold'em Limit ($3/$6 USD) - 2015/12/29 2:52:51 ET
Table 'Irmela' 2-max Seat #2 is the button
Seat 1: liza3008 ($105.45 in chips)
Seat 2: MTails ($139.47 in chips)
MTails: posts small blind $1
liza3008: posts big blind $3
*** HOLE CARDS ***
MTails: raises $3 to $6
liza3008: calls $3
*** FLOP *** [Ts 9c 5h]
liza3008: checks
MTails: bets $3
liza3008: folds
Uncalled bet ($3) returned to MTails
MTails collected $11.76 from pot
*** SUMMARY ***
Total pot $12 | Rake $0.24
Board [Ts 9c 5h]
Seat 1: liza3008 (big blind) folded on the Flop
Seat 2: MTails (button) (small blind) collected ($11.76)


PokerStars Hand #146099442841:  Hold'em Limit ($3/$6 USD) - 2015/12/29 2:53:13 ET
Table 'Irmela' 2-max Seat #2 is the button
Seat 1: liza3008 ($93.45 in chips)
Seat 2: MTails ($150.99 in chips)
MTails: posts small blind $1
liza3008: posts big blind $3
*** HOLE CARDS ***
MTails: folds
Uncalled bet ($2) returned to liza3008
liza3008 collected $2 from pot
liza3008: doesn't show hand
*** SUMMARY ***
Total pot $2 | Rake $0
Seat 1: liza3008 (big blind) collected ($2)
Seat 2: MTails (button) (small blind) folded before Flop


PokerStars Hand #146099438870:  Hold'em Limit ($3/$6 USD) - 2015/12/29 2:53:00 ET
Table 'Irmela' 2-max Seat #1 is the button
Seat 1: liza3008 ($99.45 in chips)
Seat 2: MTails ($145.23 in chips)
liza3008: posts small blind $1
MTails: posts big blind $3
*** HOLE CARDS ***
liza3008: raises $3 to $6
MTails: calls $3
*** FLOP *** [7s 8c 3c]
MTails: checks
liza3008: checks
*** TURN *** [7s 8c 3c] [9d]
MTails: checks
liza3008: checks
*** RIVER *** [7s 8c 3c 9d] [Qd]
MTails: checks
liza3008: checks
*** SHOW DOWN ***
MTails: shows [8h Ts] (a pair of Eights)
liza3008: mucks hand
MTails collected $11.76 from pot
*** SUMMARY ***
Total pot $12 | Rake $0.24
Board [7s 8c 3c 9d Qd]
Seat 1: liza3008 (button) (small blind) mucked
Seat 2: MTails (big blind) showed [8h Ts] and won ($11.76) with a pair of Eights


PokerStars Hand #146099444368:  Hold'em Limit ($3/$6 USD) - 2015/12/29 2:53:18 ET
Table 'Irmela' 2-max Seat #1 is the button
Seat 1: liza3008 ($94.45 in chips)
Seat 2: MTails ($149.99 in chips)
liza3008: posts small blind $1
MTails: posts big blind $3
*** HOLE CARDS ***
liza3008: raises $3 to $6
MTails: calls $3
*** FLOP *** [2h 7h 7s]
MTails: checks
liza3008: checks
*** TURN *** [2h 7h 7s] [Ac]
MTails: bets $6
liza3008: calls $6
*** RIVER *** [2h 7h 7s Ac] [8h]
MTails: bets $6
liza3008: calls $6
*** SHOW DOWN ***
MTails: shows [Qs 7d] (three of a kind, Sevens)
liza3008: mucks hand
MTails collected $35.50 from pot
*** SUMMARY ***
Total pot $36 | Rake $0.50
Board [2h 7h 7s Ac 8h]
Seat 1: liza3008 (button) (small blind) mucked
Seat 2: MTails (big blind) showed [Qs 7d] and won ($35.50) with three of a kind, Sevens


PokerStars Hand #146099448480:  Hold'em Limit ($3/$6 USD) - 2015/12/29 2:53:31 ET
Table 'Irmela' 2-max Seat #2 is the button
Seat 1: liza3008 ($76.45 in chips)
Seat 2: MTails ($167.49 in chips)
MTails: posts small blind $1
liza3008: posts big blind $3
*** HOLE CARDS ***
MTails: raises $3 to $6
liza3008: calls $3
*** FLOP *** [5d 7d 7s]
liza3008: checks
MTails: bets $3
liza3008: calls $3
*** TURN *** [5d 7d 7s] [4s]
liza3008: checks
MTails: checks
*** RIVER *** [5d 7d 7s 4s] [4c]
liza3008: bets $6
MTails: calls $6
*** SHOW DOWN ***
liza3008: shows [Qc 7h] (a full house, Sevens full of Fours)
MTails: mucks hand
liza3008 collected $29.50 from pot
*** SUMMARY ***
Total pot $30 | Rake $0.50
Board [5d 7d 7s 4s 4c]
Seat 1: liza3008 (big blind) showed [Qc 7h] and won ($29.50) with a full house, Sevens full of Fours
Seat 2: MTails (button) (small blind) mucked


PokerStars Hand #146099453087:  Hold'em Limit ($3/$6 USD) - 2015/12/29 2:53:46 ET
Table 'Irmela' 2-max Seat #1 is the button
Seat 1: liza3008 ($90.95 in chips)
Seat 2: MTails ($152.49 in chips)
liza3008: posts small blind $1
MTails: posts big blind $3
*** HOLE CARDS ***
liza3008: raises $3 to $6
MTails: calls $3
*** FLOP *** [6s 5h 3h]
MTails: checks
liza3008: bets $3
MTails: calls $3
*** TURN *** [6s 5h 3h] [3d]
MTails: checks
liza3008: bets $6
MTails: calls $6
*** RIVER *** [6s 5h 3h 3d] [6h]
MTails: checks
liza3008: bets $6
MTails: calls $6
*** SHOW DOWN ***
liza3008: shows [2h 4s] (a straight, Deuce to Six)
MTails: mucks hand
liza3008 collected $41.50 from pot
*** SUMMARY ***
Total pot $42 | Rake $0.50
Board [6s 5h 3h 3d 6h]
Seat 1: liza3008 (button) (small blind) showed [2h 4s] and won ($41.50) with a straight, Deuce to Six
Seat 2: MTails (big blind) mucked


PokerStars Hand #146099458773:  Hold'em Limit ($3/$6 USD) - 2015/12/29 2:54:05 ET
Table 'Irmela' 2-max Seat #2 is the button
Seat 1: liza3008 ($111.45 in chips)
Seat 2: MTails ($131.49 in chips)
MTails: posts small blind $1
liza3008: posts big blind $3
*** HOLE CARDS ***
MTails: folds
Uncalled bet ($2) returned to liza3008
liza3008 collected $2 from pot
liza3008: doesn't show hand
*** SUMMARY ***
Total pot $2 | Rake $0
Seat 1: liza3008 (big blind) collected ($2)
Seat 2: MTails (button) (small blind) folded before Flop


PokerStars Hand #146099460134:  Hold'em Limit ($3/$6 USD) - 2015/12/29 2:54:09 ET
Table 'Irmela' 2-max Seat #1 is the button
Seat 1: liza3008 ($112.45 in chips)
Seat 2: MTails ($130.49 in chips)
liza3008: posts small blind $1
MTails: posts big blind $3
*** HOLE CARDS ***
liza3008: raises $3 to $6
MTails: calls $3
*** FLOP *** [Qd Qh Kc]
MTails: checks
liza3008: checks
*** TURN *** [Qd Qh Kc] [8h]
MTails: bets $6
liza3008: calls $6
*** RIVER *** [Qd Qh Kc 8h] [Jh]
MTails: checks
liza3008: bets $6
MTails: calls $6
*** SHOW DOWN ***
liza3008: shows [Tc As] (a straight, Ten to Ace)
MTails: mucks hand
liza3008 collected $35.50 from pot
*** SUMMARY ***
Total pot $36 | Rake $0.50
Board [Qd Qh Kc 8h Jh]
Seat 1: liza3008 (button) (small blind) showed [Tc As] and won ($35.50) with a straight, Ten to Ace
Seat 2: MTails (big blind) mucked


PokerStars Hand #146099464135:  Hold'em Limit ($3/$6 USD) - 2015/12/29 2:54:22 ET
Table 'Irmela' 2-max Seat #2 is the button
Seat 1: liza3008 ($129.95 in chips)
Seat 2: MTails ($112.49 in chips)
MTails: posts small blind $1
liza3008: posts big blind $3
*** HOLE CARDS ***
MTails: raises $3 to $6
liza3008: calls $3
*** FLOP *** [2c 8s Kh]
liza3008: checks
MTails: bets $3
liza3008: calls $3
*** TURN *** [2c 8s Kh] [Td]
liza3008: checks
MTails: bets $6
liza3008: calls $6
*** RIVER *** [2c 8s Kh Td] [9h]
liza3008: checks
MTails: bets $6
liza3008: calls $6
*** SHOW DOWN ***
MTails: shows [Qh 7c] (high card King)
liza3008: shows [8c Jd] (a pair of Eights)
liza3008 collected $41.50 from pot
*** SUMMARY ***
Total pot $42 | Rake $0.50
Board [2c 8s Kh Td 9h]
Seat 1: liza3008 (big blind) showed [8c Jd] and won ($41.50) with a pair of Eights
Seat 2: MTails (button) (small blind) showed [Qh 7c] and lost with high card King


PokerStars Hand #146099468795:  Hold'em Limit ($3/$6 USD) - 2015/12/29 2:54:37 ET
Table 'Irmela' 2-max Seat #1 is the button
Seat 1: liza3008 ($150.45 in chips)
Seat 2: MTails ($91.49 in chips)
liza3008: posts small blind $1
MTails: posts big blind $3
*** HOLE CARDS ***
liza3008: raises $3 to $6
MTails: raises $3 to $9
liza3008: calls $3
*** FLOP *** [Jh 2s 6d]
MTails: bets $3
liza3008: folds
Uncalled bet ($3) returned to MTails
MTails collected $17.64 from pot
*** SUMMARY ***
Total pot $18 | Rake $0.36
Board [Jh 2s 6d]
Seat 1: liza3008 (button) (small blind) folded on the Flop
Seat 2: MTails (big blind) collected ($17.64)


PokerStars Hand #146099471749:  Hold'em Limit ($3/$6 USD) - 2015/12/29 2:54:47 ET
Table 'Irmela' 2-max Seat #2 is the button
Seat 1: liza3008 ($141.45 in chips)
Seat 2: MTails ($100.13 in chips)
MTails: posts small blind $1
liza3008: posts big blind $3
*** HOLE CARDS ***
MTails: raises $3 to $6
liza3008: calls $3
*** FLOP *** [8d Qc 4d]
liza3008: checks
MTails: bets $3
liza3008: calls $3
*** TURN *** [8d Qc 4d] [Jd]
liza3008: checks
MTails: checks
*** RIVER *** [8d Qc 4d Jd] [Tc]
liza3008: bets $6
MTails: raises $6 to $12
liza3008: folds
Uncalled bet ($6) returned to MTails
MTails collected $29.50 from pot
*** SUMMARY ***
Total pot $30 | Rake $0.50
Board [8d Qc 4d Jd Tc]
Seat 1: liza3008 (big blind) folded on the River
Seat 2: MTails (button) (small blind) collected ($29.50)


PokerStars Hand #146099476499:  Hold'em Limit ($3/$6 USD) - 2015/12/29 2:55:02 ET
Table 'Irmela' 2-max Seat #1 is the button
Seat 1: liza3008 ($126.45 in chips)
Seat 2: MTails ($114.63 in chips)
liza3008: posts small blind $1
MTails: posts big blind $3
*** HOLE CARDS ***
liza3008: raises $3 to $6
MTails: calls $3
*** FLOP *** [8c Kd 8s]
MTails: checks
liza3008: bets $3
MTails: calls $3
*** TURN *** [8c Kd 8s] [8h]
MTails: checks
liza3008: bets $6
MTails: raises $6 to $12
liza3008: calls $6
*** RIVER *** [8c Kd 8s 8h] [6h]
MTails: checks
liza3008: bets $6
MTails: calls $6
*** SHOW DOWN ***
liza3008: shows [Js Jd] (a full house, Eights full of Jacks)
MTails: mucks hand
liza3008 collected $53.50 from pot
*** SUMMARY ***
Total pot $54 | Rake $0.50
Board [8c Kd 8s 8h 6h]
Seat 1: liza3008 (button) (small blind) showed [Js Jd] and won ($53.50) with a full house, Eights full of Jacks
Seat 2: MTails (big blind) mucked


PokerStars Hand #146099480913:  Hold'em Limit ($3/$6 USD) - 2015/12/29 2:55:19 ET
Table 'Irmela' 2-max Seat #2 is the button
Seat 1: liza3008 ($152.95 in chips)
Seat 2: MTails ($87.63 in chips)
MTails: posts small blind $1
liza3008: posts big blind $3
*** HOLE CARDS ***
MTails: raises $3 to $6
liza3008: calls $3
*** FLOP *** [7h Kd Ac]
liza3008: checks
MTails: bets $3
liza3008: calls $3
*** TURN *** [7h Kd Ac] [Tc]
liza3008: checks
MTails: checks
*** RIVER *** [7h Kd Ac Tc] [2d]
liza3008: bets $6
MTails: folds
Uncalled bet ($6) returned to liza3008
liza3008 collected $17.64 from pot
liza3008: doesn't show hand
*** SUMMARY ***
Total pot $18 | Rake $0.36
Board [7h Kd Ac Tc 2d]
Seat 1: liza3008 (big blind) collected ($17.64)
Seat 2: MTails (button) (small blind) folded on the River


PokerStars Hand #146099484396:  Hold'em Limit ($3/$6 USD) - 2015/12/29 2:55:32 ET
Table 'Irmela' 2-max Seat #1 is the button
Seat 1: liza3008 ($161.59 in chips)
Seat 2: MTails ($138.63 in chips)
liza3008: posts small blind $1
MTails: posts big blind $3
*** HOLE CARDS ***
liza3008: raises $3 to $6
MTails: calls $3
*** FLOP *** [Tc 2h Kh]
MTails: checks
liza3008: checks
*** TURN *** [Tc 2h Kh] [Qs]
MTails: bets $6
liza3008: raises $6 to $12
MTails: calls $6
*** RIVER *** [Tc 2h Kh Qs] [8c]
MTails: checks
liza3008: bets $6
MTails: calls $6
*** SHOW DOWN ***
liza3008: shows [Kd 8d] (two pair, Kings and Eights)
MTails: mucks hand
liza3008 collected $47.50 from pot
*** SUMMARY ***
Total pot $48 | Rake $0.50
Board [Tc 2h Kh Qs 8c]
Seat 1: liza3008 (button) (small blind) showed [Kd 8d] and won ($47.50) with two pair, Kings and Eights
Seat 2: MTails (big blind) mucked


PokerStars Hand #146099488022:  Hold'em Limit ($3/$6 USD) - 2015/12/29 2:55:46 ET
Table 'Irmela' 2-max Seat #2 is the button
Seat 1: liza3008 ($185.09 in chips)
Seat 2: MTails ($114.63 in chips)
MTails: posts small blind $1
liza3008: posts big blind $3
*** HOLE CARDS ***
MTails: raises $3 to $6
liza3008: calls $3
*** FLOP *** [6c Kc 2s]
liza3008: checks
MTails: bets $3
liza3008: folds
Uncalled bet ($3) returned to MTails
MTails collected $11.76 from pot
*** SUMMARY ***
Total pot $12 | Rake $0.24
Board [6c Kc 2s]
Seat 1: liza3008 (big blind) folded on the Flop
Seat 2: MTails (button) (small blind) collected ($11.76)


PokerStars Hand #146099490240:  Hold'em Limit ($3/$6 USD) - 2015/12/29 2:55:54 ET
Table 'Irmela' 2-max Seat #1 is the button
Seat 1: liza3008 ($179.09 in chips)
Seat 2: MTails ($120.39 in chips)
liza3008: posts small blind $1
MTails: posts big blind $3
*** HOLE CARDS ***
liza3008: raises $3 to $6
MTails: calls $3
*** FLOP *** [Ts 4c 6c]
MTails: checks
liza3008: checks
*** TURN *** [Ts 4c 6c] [8d]
MTails: bets $6
liza3008: folds
Uncalled bet ($6) returned to MTails
MTails collected $11.76 from pot
*** SUMMARY ***
Total pot $12 | Rake $0.24
Board [Ts 4c 6c 8d]
Seat 1: liza3008 (button) (small blind) folded on the Turn
Seat 2: MTails (big blind) collected ($11.76)


PokerStars Hand #146099492859:  Hold'em Limit ($3/$6 USD) - 2015/12/29 2:56:04 ET
Table 'Irmela' 2-max Seat #2 is the button
Seat 1: liza3008 ($173.09 in chips)
Seat 2: MTails ($126.15 in chips)
MTails: posts small blind $1
liza3008: posts big blind $3
*** HOLE CARDS ***
MTails: raises $3 to $6
liza3008: calls $3
*** FLOP *** [Ad 7s Jd]
liza3008: checks
MTails: bets $3
liza3008: folds
Uncalled bet ($3) returned to MTails
MTails collected $11.76 from pot
*** SUMMARY ***
Total pot $12 | Rake $0.24
Board [Ad 7s Jd]
Seat 1: liza3008 (big blind) folded on the Flop
Seat 2: MTails (button) (small blind) collected ($11.76)


PokerStars Hand #146099495348:  Hold'em Limit ($3/$6 USD) - 2015/12/29 2:56:14 ET
Table 'Irmela' 2-max Seat #1 is the button
Seat 1: liza3008 ($167.09 in chips)
Seat 2: MTails ($131.91 in chips)
liza3008: posts small blind $1
MTails: posts big blind $3
*** HOLE CARDS ***
liza3008: raises $3 to $6
MTails: calls $3
*** FLOP *** [Qc 5c 4c]
MTails: checks
liza3008: checks
*** TURN *** [Qc 5c 4c] [8h]
MTails: checks
liza3008: checks
*** RIVER *** [Qc 5c 4c 8h] [6d]
MTails: bets $6
liza3008: folds
Uncalled bet ($6) returned to MTails
MTails collected $11.76 from pot
*** SUMMARY ***
Total pot $12 | Rake $0.24
Board [Qc 5c 4c 8h 6d]
Seat 1: liza3008 (button) (small blind) folded on the River
Seat 2: MTails (big blind) collected ($11.76)


PokerStars Hand #146099498567:  Hold'em Limit ($3/$6 USD) - 2015/12/29 2:56:26 ET
Table 'Irmela' 2-max Seat #2 is the button
Seat 1: liza3008 ($161.09 in chips)
Seat 2: MTails ($137.67 in chips)
MTails: posts small blind $1
liza3008: posts big blind $3
*** HOLE CARDS ***
MTails: raises $3 to $6
liza3008: calls $3
*** FLOP *** [4s 2d 2s]
liza3008: checks
MTails: bets $3
liza3008: calls $3
*** TURN *** [4s 2d 2s] [3s]
liza3008: checks
MTails: bets $6
liza3008: folds
Uncalled bet ($6) returned to MTails
MTails collected $17.64 from pot
*** SUMMARY ***
Total pot $18 | Rake $0.36
Board [4s 2d 2s 3s]
Seat 1: liza3008 (big blind) folded on the Turn
Seat 2: MTails (button) (small blind) collected ($17.64)


PokerStars Hand #146099501501:  Hold'em Limit ($3/$6 USD) - 2015/12/29 2:56:37 ET
Table 'Irmela' 2-max Seat #1 is the button
Seat 1: liza3008 ($152.09 in chips)
Seat 2: MTails ($146.31 in chips)
liza3008: posts small blind $1
MTails: posts big blind $3
*** HOLE CARDS ***
liza3008: raises $3 to $6
MTails: calls $3
*** FLOP *** [Ah 5h 5s]
MTails: checks
liza3008: bets $3
MTails: raises $3 to $6
liza3008: folds
Uncalled bet ($3) returned to MTails
MTails collected $17.64 from pot
*** SUMMARY ***
Total pot $18 | Rake $0.36
Board [Ah 5h 5s]
Seat 1: liza3008 (button) (small blind) folded on the Flop
Seat 2: MTails (big blind) collected ($17.64)


PokerStars Hand #146099503900:  Hold'em Limit ($3/$6 USD) - 2015/12/29 2:56:47 ET
Table 'Irmela' 2-max Seat #2 is the button
Seat 1: liza3008 ($143.09 in chips)
Seat 2: MTails ($154.95 in chips)
MTails: posts small blind $1
liza3008: posts big blind $3
*** HOLE CARDS ***
MTails: raises $3 to $6
liza3008: calls $3
*** FLOP *** [Jh 6d 5h]
liza3008: checks
MTails: bets $3
liza3008: calls $3
*** TURN *** [Jh 6d 5h] [9h]
liza3008: checks
MTails: bets $6
liza3008: calls $6
*** RIVER *** [Jh 6d 5h 9h] [Kh]
liza3008: checks
MTails: bets $6
liza3008: folds
Uncalled bet ($6) returned to MTails
MTails collected $29.50 from pot
MTails: doesn't show hand
*** SUMMARY ***
Total pot $30 | Rake $0.50
Board [Jh 6d 5h 9h Kh]
Seat 1: liza3008 (big blind) folded on the River
Seat 2: MTails (button) (small blind) collected ($29.50)


PokerStars Hand #146099507744:  Hold'em Limit ($3/$6 USD) - 2015/12/29 2:57:01 ET
Table 'Irmela' 2-max Seat #1 is the button
Seat 1: liza3008 ($128.09 in chips)
Seat 2: MTails ($169.45 in chips)
liza3008: posts small blind $1
MTails: posts big blind $3
*** HOLE CARDS ***
liza3008: raises $3 to $6
MTails: calls $3
*** FLOP *** [2d Ts 7d]
MTails: checks
liza3008: checks
*** TURN *** [2d Ts 7d] [4h]
MTails: bets $6
liza3008: calls $6
*** RIVER *** [2d Ts 7d 4h] [7s]
MTails: checks
liza3008: bets $6
MTails: raises $6 to $12
liza3008: folds
Uncalled bet ($6) returned to MTails
MTails collected $35.50 from pot
*** SUMMARY ***
Total pot $36 | Rake $0.50
Board [2d Ts 7d 4h 7s]
Seat 1: liza3008 (button) (small blind) folded on the River
Seat 2: MTails (big blind) collected ($35.50)


PokerStars Hand #146099511614:  Hold'em Limit ($3/$6 USD) - 2015/12/29 2:57:16 ET
Table 'Irmela' 2-max Seat #2 is the button
Seat 1: liza3008 ($110.09 in chips)
Seat 2: MTails ($186.95 in chips)
MTails: posts small blind $1
liza3008: posts big blind $3
*** HOLE CARDS ***
MTails: raises $3 to $6
liza3008: calls $3
*** FLOP *** [Jd Tc 8s]
liza3008: checks
MTails: bets $3
liza3008: calls $3
*** TURN *** [Jd Tc 8s] [8d]
liza3008: checks
MTails: bets $6
liza3008: calls $6
*** RIVER *** [Jd Tc 8s 8d] [2c]
liza3008: checks
MTails: bets $6
liza3008: calls $6
*** SHOW DOWN ***
MTails: shows [7d 4h] (a pair of Eights)
liza3008: shows [Ts 6h] (two pair, Tens and Eights)
liza3008 collected $41.50 from pot
*** SUMMARY ***
Total pot $42 | Rake $0.50
Board [Jd Tc 8s 8d 2c]
Seat 1: liza3008 (big blind) showed [Ts 6h] and won ($41.50) with two pair, Tens and Eights
Seat 2: MTails (button) (small blind) showed [7d 4h] and lost with a pair of Eights


PokerStars Hand #146099518972:  Hold'em Limit ($3/$6 USD) - 2015/12/29 2:57:44 ET
Table 'Irmela' 2-max Seat #2 is the button
Seat 1: liza3008 ($130.34 in chips)
Seat 2: MTails ($165.70 in chips)
MTails: posts small blind $1
liza3008: posts big blind $3
*** HOLE CARDS ***
MTails: folds
Uncalled bet ($2) returned to liza3008
liza3008 collected $2 from pot
liza3008: doesn't show hand
*** SUMMARY ***
Total pot $2 | Rake $0
Seat 1: liza3008 (big blind) collected ($2)
Seat 2: MTails (button) (small blind) folded before Flop


PokerStars Hand #146099515387:  Hold'em Limit ($3/$6 USD) - 2015/12/29 2:57:31 ET
Table 'Irmela' 2-max Seat #1 is the button
Seat 1: liza3008 ($130.59 in chips)
Seat 2: MTails ($165.95 in chips)
liza3008: posts small blind $1
MTails: posts big blind $3
*** HOLE CARDS ***
liza3008: raises $3 to $6
MTails: calls $3
*** FLOP *** [Tc Ks 6c]
MTails: checks
liza3008: checks
*** TURN *** [Tc Ks 6c] [3c]
MTails: bets $6
liza3008: calls $6
*** RIVER *** [Tc Ks 6c 3c] [9s]
MTails: bets $6
liza3008: calls $6
*** SHOW DOWN ***
MTails: shows [6d 7c] (a pair of Sixes)
liza3008: shows [2d 6h] (a pair of Sixes)
MTails collected $17.75 from pot
liza3008 collected $17.75 from pot
*** SUMMARY ***
Total pot $36 | Rake $0.50
Board [Tc Ks 6c 3c 9s]
Seat 1: liza3008 (button) (small blind) showed [2d 6h] and won ($17.75) with a pair of Sixes
Seat 2: MTails (big blind) showed [6d 7c] and won ($17.75) with a pair of Sixes


PokerStars Hand #146099520149:  Hold'em Limit ($3/$6 USD) - 2015/12/29 2:57:49 ET
Table 'Irmela' 2-max Seat #1 is the button
Seat 1: liza3008 ($131.34 in chips)
Seat 2: MTails ($164.70 in chips)
liza3008: posts small blind $1
MTails: posts big blind $3
*** HOLE CARDS ***
liza3008: raises $3 to $6
MTails: calls $3
*** FLOP *** [9s Qc 8d]
MTails: checks
liza3008: bets $3
MTails: raises $3 to $6
liza3008: folds
Uncalled bet ($3) returned to MTails
MTails collected $17.64 from pot
*** SUMMARY ***
Total pot $18 | Rake $0.36
Board [9s Qc 8d]
Seat 1: liza3008 (button) (small blind) folded on the Flop
Seat 2: MTails (big blind) collected ($17.64)


PokerStars Hand #146099522691:  Hold'em Limit ($3/$6 USD) - 2015/12/29 2:57:58 ET
Table 'Irmela' 2-max Seat #2 is the button
Seat 1: liza3008 ($122.34 in chips)
Seat 2: MTails ($173.34 in chips)
MTails: posts small blind $1
liza3008: posts big blind $3
*** HOLE CARDS ***
MTails: raises $3 to $6
liza3008: calls $3
*** FLOP *** [Ah 3s Qd]
liza3008: checks
MTails: bets $3
liza3008: folds
Uncalled bet ($3) returned to MTails
MTails collected $11.76 from pot
*** SUMMARY ***
Total pot $12 | Rake $0.24
Board [Ah 3s Qd]
Seat 1: liza3008 (big blind) folded on the Flop
Seat 2: MTails (button) (small blind) collected ($11.76)


PokerStars Hand #146099525014:  Hold'em Limit ($3/$6 USD) - 2015/12/29 2:58:07 ET
Table 'Irmela' 2-max Seat #1 is the button
Seat 1: liza3008 ($116.34 in chips)
Seat 2: MTails ($179.10 in chips)
liza3008: posts small blind $1
MTails: posts big blind $3
*** HOLE CARDS ***
liza3008: raises $3 to $6
MTails: folds
Uncalled bet ($3) returned to liza3008
liza3008 collected $6 from pot
liza3008: doesn't show hand
*** SUMMARY ***
Total pot $6 | Rake $0
Seat 1: liza3008 (button) (small blind) collected ($6)
Seat 2: MTails (big blind) folded before Flop


PokerStars Hand #146099526410:  Hold'em Limit ($3/$6 USD) - 2015/12/29 2:58:12 ET
Table 'Irmela' 2-max Seat #2 is the button
Seat 1: liza3008 ($119.34 in chips)
Seat 2: MTails ($176.10 in chips)
MTails: posts small blind $1
liza3008: posts big blind $3
*** HOLE CARDS ***
MTails: raises $3 to $6
liza3008: calls $3
*** FLOP *** [As 2h 9h]
liza3008: checks
MTails: bets $3
liza3008: calls $3
*** TURN *** [As 2h 9h] [Ts]
liza3008: checks
MTails: checks
*** RIVER *** [As 2h 9h Ts] [5d]
liza3008: bets $6
MTails: folds
Uncalled bet ($6) returned to liza3008
liza3008 collected $17.64 from pot
liza3008: doesn't show hand
*** SUMMARY ***
Total pot $18 | Rake $0.36
Board [As 2h 9h Ts 5d]
Seat 1: liza3008 (big blind) collected ($17.64)
Seat 2: MTails (button) (small blind) folded on the River


PokerStars Hand #146099529746:  Hold'em Limit ($3/$6 USD) - 2015/12/29 2:58:25 ET
Table 'Irmela' 2-max Seat #1 is the button
Seat 1: liza3008 ($127.98 in chips)
Seat 2: MTails ($167.10 in chips)
liza3008: posts small blind $1
MTails: posts big blind $3
*** HOLE CARDS ***
liza3008: raises $3 to $6
MTails: raises $3 to $9
liza3008: raises $3 to $12
Betting is capped
MTails: calls $3
*** FLOP *** [8h 8d As]
MTails: checks
liza3008: bets $3
MTails: calls $3
*** TURN *** [8h 8d As] [6s]
MTails: checks
liza3008: bets $6
MTails: folds
Uncalled bet ($6) returned to liza3008
liza3008 collected $29.50 from pot
liza3008: doesn't show hand
*** SUMMARY ***
Total pot $30 | Rake $0.50
Board [8h 8d As 6s]
Seat 1: liza3008 (button) (small blind) collected ($29.50)
Seat 2: MTails (big blind) folded on the Turn


PokerStars Hand #146099533578:  Hold'em Limit ($3/$6 USD) - 2015/12/29 2:58:39 ET
Table 'Irmela' 2-max Seat #2 is the button
Seat 1: liza3008 ($142.48 in chips)
Seat 2: MTails ($152.10 in chips)
MTails: posts small blind $1
liza3008: posts big blind $3
*** HOLE CARDS ***
MTails: raises $3 to $6
liza3008: calls $3
*** FLOP *** [Qd 4s 4h]
liza3008: checks
MTails: bets $3
liza3008: calls $3
*** TURN *** [Qd 4s 4h] [Ad]
liza3008: checks
MTails: checks
*** RIVER *** [Qd 4s 4h Ad] [2s]
liza3008: bets $6
MTails: calls $6
*** SHOW DOWN ***
liza3008: shows [Js 4c] (three of a kind, Fours)
MTails: mucks hand
liza3008 collected $29.50 from pot
*** SUMMARY ***
Total pot $30 | Rake $0.50
Board [Qd 4s 4h Ad 2s]
Seat 1: liza3008 (big blind) showed [Js 4c] and won ($29.50) with three of a kind, Fours
Seat 2: MTails (button) (small blind) mucked


PokerStars Hand #146099537145:  Hold'em Limit ($3/$6 USD) - 2015/12/29 2:58:52 ET
Table 'Irmela' 2-max Seat #1 is the button
Seat 1: liza3008 ($156.98 in chips)
Seat 2: MTails ($137.10 in chips)
liza3008: posts small blind $1
MTails: posts big blind $3
*** HOLE CARDS ***
liza3008: raises $3 to $6
MTails: calls $3
*** FLOP *** [2h 5c 2c]
MTails: checks
liza3008: checks
*** TURN *** [2h 5c 2c] [9s]
MTails: checks
liza3008: bets $6
MTails: raises $6 to $12
liza3008: raises $6 to $18
MTails: calls $6
*** RIVER *** [2h 5c 2c 9s] [9h]
MTails: checks
liza3008: bets $6
MTails: calls $6
*** SHOW DOWN ***
liza3008: shows [Ac 2s] (a full house, Deuces full of Nines)
MTails: shows [2d Td] (a full house, Deuces full of Nines)
MTails collected $29.75 from pot
liza3008 collected $29.75 from pot
*** SUMMARY ***
Total pot $60 | Rake $0.50
Board [2h 5c 2c 9s 9h]
Seat 1: liza3008 (button) (small blind) showed [Ac 2s] and won ($29.75) with a full house, Deuces full of Nines
Seat 2: MTails (big blind) showed [2d Td] and won ($29.75) with a full house, Deuces full of Nines


PokerStars Hand #146099541849:  Hold'em Limit ($3/$6 USD) - 2015/12/29 2:59:10 ET
Table 'Irmela' 2-max Seat #2 is the button
Seat 1: liza3008 ($156.73 in chips)
Seat 2: MTails ($136.85 in chips)
MTails: posts small blind $1
liza3008: posts big blind $3
*** HOLE CARDS ***
MTails: raises $3 to $6
liza3008: calls $3
*** FLOP *** [Qc Kd 4d]
liza3008: checks
MTails: bets $3
liza3008: folds
Uncalled bet ($3) returned to MTails
MTails collected $11.76 from pot
*** SUMMARY ***
Total pot $12 | Rake $0.24
Board [Qc Kd 4d]
Seat 1: liza3008 (big blind) folded on the Flop
Seat 2: MTails (button) (small blind) collected ($11.76)


PokerStars Hand #146099547289:  Hold'em Limit ($3/$6 USD) - 2015/12/29 2:59:30 ET
Table 'Irmela' 2-max Seat #1 is the button
Seat 1: liza3008 ($150.73 in chips)
Seat 2: MTails ($142.61 in chips)
liza3008: posts small blind $1
MTails: posts big blind $3
*** HOLE CARDS ***
liza3008: raises $3 to $6
MTails: calls $3
*** FLOP *** [Qh As Js]
MTails: checks
liza3008: checks
*** TURN *** [Qh As Js] [Kh]
MTails: checks
liza3008: bets $6
MTails: raises $6 to $12
liza3008: calls $6
*** RIVER *** [Qh As Js Kh] [5d]
MTails: bets $6
liza3008: calls $6
*** SHOW DOWN ***
MTails: shows [Ts 6d] (a straight, Ten to Ace)
liza3008: mucks hand
MTails collected $47.50 from pot
*** SUMMARY ***
Total pot $48 | Rake $0.50
Board [Qh As Js Kh 5d]
Seat 1: liza3008 (button) (small blind) mucked
Seat 2: MTails (big blind) showed [Ts 6d] and won ($47.50) with a straight, Ten to Ace


PokerStars Hand #146099551307:  Hold'em Limit ($3/$6 USD) - 2015/12/29 2:59:46 ET
Table 'Irmela' 2-max Seat #2 is the button
Seat 1: liza3008 ($126.73 in chips)
Seat 2: MTails ($166.11 in chips)
MTails: posts small blind $1
liza3008: posts big blind $3
*** HOLE CARDS ***
MTails: raises $3 to $6
liza3008: calls $3
*** FLOP *** [9d 4c 4h]
liza3008: checks
MTails: bets $3
liza3008: folds
Uncalled bet ($3) returned to MTails
MTails collected $11.76 from pot
*** SUMMARY ***
Total pot $12 | Rake $0.24
Board [9d 4c 4h]
Seat 1: liza3008 (big blind) folded on the Flop
Seat 2: MTails (button) (small blind) collected ($11.76)


PokerStars Hand #146099553704:  Hold'em Limit ($3/$6 USD) - 2015/12/29 2:59:55 ET
Table 'Irmela' 2-max Seat #1 is the button
Seat 1: liza3008 ($120.73 in chips)
Seat 2: MTails ($171.87 in chips)
liza3008: posts small blind $1
MTails: posts big blind $3
*** HOLE CARDS ***
liza3008: raises $3 to $6
MTails: folds
Uncalled bet ($3) returned to liza3008
liza3008 collected $6 from pot
liza3008: doesn't show hand
*** SUMMARY ***
Total pot $6 | Rake $0
Seat 1: liza3008 (button) (small blind) collected ($6)
Seat 2: MTails (big blind) folded before Flop


PokerStars Hand #146099555040:  Hold'em Limit ($3/$6 USD) - 2015/12/29 3:00:00 ET
Table 'Irmela' 2-max Seat #2 is the button
Seat 1: liza3008 ($123.73 in chips)
Seat 2: MTails ($168.87 in chips)
MTails: posts small blind $1
liza3008: posts big blind $3
*** HOLE CARDS ***
MTails: raises $3 to $6
liza3008: calls $3
*** FLOP *** [Qd 9s 9h]
liza3008: checks
MTails: bets $3
liza3008: calls $3
*** TURN *** [Qd 9s 9h] [Tc]
liza3008: checks
MTails: bets $6
liza3008: calls $6
*** RIVER *** [Qd 9s 9h Tc] [7s]
liza3008: checks
MTails: bets $6
liza3008: calls $6
*** SHOW DOWN ***
MTails: shows [Ks Kc] (two pair, Kings and Nines)
liza3008: mucks hand
MTails collected $41.50 from pot
*** SUMMARY ***
Total pot $42 | Rake $0.50
Board [Qd 9s 9h Tc 7s]
Seat 1: liza3008 (big blind) mucked
Seat 2: MTails (button) (small blind) showed [Ks Kc] and won ($41.50) with two pair, Kings and Nines


PokerStars Hand #146099559474:  Hold'em Limit ($3/$6 USD) - 2015/12/29 3:00:16 ET
Table 'Irmela' 2-max Seat #1 is the button
Seat 1: liza3008 ($102.73 in chips)
Seat 2: MTails ($189.37 in chips)
liza3008: posts small blind $1
MTails: posts big blind $3
*** HOLE CARDS ***
liza3008: raises $3 to $6
MTails: calls $3
*** FLOP *** [Kd As 5s]
MTails: checks
liza3008: bets $3
MTails: calls $3
*** TURN *** [Kd As 5s] [Jd]
MTails: checks
liza3008: bets $6
MTails: calls $6
*** RIVER *** [Kd As 5s Jd] [4c]
MTails: checks
liza3008: checks
*** SHOW DOWN ***
MTails: shows [8h Kh] (a pair of Kings)
liza3008: mucks hand
MTails collected $29.50 from pot
*** SUMMARY ***
Total pot $30 | Rake $0.50
Board [Kd As 5s Jd 4c]
Seat 1: liza3008 (button) (small blind) mucked
Seat 2: MTails (big blind) showed [8h Kh] and won ($29.50) with a pair of Kings


PokerStars Hand #146099563539:  Hold'em Limit ($3/$6 USD) - 2015/12/29 3:00:31 ET
Table 'Irmela' 2-max Seat #2 is the button
Seat 1: liza3008 ($87.73 in chips)
Seat 2: MTails ($203.87 in chips)
MTails: posts small blind $1
liza3008: posts big blind $3
*** HOLE CARDS ***
MTails: raises $3 to $6
liza3008: calls $3
*** FLOP *** [5d Jd As]
liza3008: checks
MTails: bets $3
liza3008: folds
Uncalled bet ($3) returned to MTails
MTails collected $11.76 from pot
*** SUMMARY ***
Total pot $12 | Rake $0.24
Board [5d Jd As]
Seat 1: liza3008 (big blind) folded on the Flop
Seat 2: MTails (button) (small blind) collected ($11.76)


PokerStars Hand #146099566362:  Hold'em Limit ($3/$6 USD) - 2015/12/29 3:00:41 ET
Table 'Irmela' 2-max Seat #1 is the button
Seat 1: liza3008 ($81.73 in chips)
Seat 2: MTails ($209.63 in chips)
liza3008: posts small blind $1
MTails: posts big blind $3
*** HOLE CARDS ***
liza3008: raises $3 to $6
MTails: calls $3
*** FLOP *** [Jc 7s 8s]
MTails: checks
liza3008: checks
*** TURN *** [Jc 7s 8s] [Ah]
MTails: checks
liza3008: bets $6
MTails: calls $6
*** RIVER *** [Jc 7s 8s Ah] [5s]
MTails: checks
liza3008: checks
*** SHOW DOWN ***
MTails: shows [4c 8h] (a pair of Eights)
liza3008: mucks hand
MTails collected $23.52 from pot
*** SUMMARY ***
Total pot $24 | Rake $0.48
Board [Jc 7s 8s Ah 5s]
Seat 1: liza3008 (button) (small blind) mucked
Seat 2: MTails (big blind) showed [4c 8h] and won ($23.52) with a pair of Eights


PokerStars Hand #146099571597:  Hold'em Limit ($3/$6 USD) - 2015/12/29 3:01:00 ET
Table 'Irmela' 2-max Seat #2 is the button
Seat 1: liza3008 ($69.73 in chips)
Seat 2: MTails ($221.15 in chips)
MTails: posts small blind $1
liza3008: posts big blind $3
*** HOLE CARDS ***
MTails: raises $3 to $6
liza3008: calls $3
*** FLOP *** [9c 6h 3d]
liza3008: checks
MTails: bets $3
liza3008: calls $3
*** TURN *** [9c 6h 3d] [Tc]
liza3008: checks
MTails: checks
*** RIVER *** [9c 6h 3d Tc] [4c]
liza3008: bets $6
MTails: folds
Uncalled bet ($6) returned to liza3008
liza3008 collected $17.64 from pot
liza3008: doesn't show hand
*** SUMMARY ***
Total pot $18 | Rake $0.36
Board [9c 6h 3d Tc 4c]
Seat 1: liza3008 (big blind) collected ($17.64)
Seat 2: MTails (button) (small blind) folded on the River


PokerStars Hand #146099575842:  Hold'em Limit ($3/$6 USD) - 2015/12/29 3:01:14 ET
Table 'Irmela' 2-max Seat #1 is the button
Seat 1: liza3008 ($78.37 in chips)
Seat 2: MTails ($212.15 in chips)
liza3008: posts small blind $1
MTails: posts big blind $3
*** HOLE CARDS ***
liza3008: raises $3 to $6
MTails: calls $3
*** FLOP *** [3s 7d 3c]
MTails: checks
liza3008: checks
*** TURN *** [3s 7d 3c] [Jd]
MTails: bets $6
liza3008: calls $6
*** RIVER *** [3s 7d 3c Jd] [Qs]
MTails: checks
liza3008: checks
*** SHOW DOWN ***
MTails: shows [Ts 6h] (a pair of Threes)
liza3008: shows [4c Ah] (a pair of Threes - Ace kicker)
liza3008 collected $23.52 from pot
*** SUMMARY ***
Total pot $24 | Rake $0.48
Board [3s 7d 3c Jd Qs]
Seat 1: liza3008 (button) (small blind) showed [4c Ah] and won ($23.52) with a pair of Threes
Seat 2: MTails (big blind) showed [Ts 6h] and lost with a pair of Threes


PokerStars Hand #146099579539:  Hold'em Limit ($3/$6 USD) - 2015/12/29 3:01:27 ET
Table 'Irmela' 2-max Seat #2 is the button
Seat 1: liza3008 ($89.89 in chips)
Seat 2: MTails ($200.15 in chips)
MTails: posts small blind $1
liza3008: posts big blind $3
*** HOLE CARDS ***
MTails: raises $3 to $6
liza3008: folds
Uncalled bet ($3) returned to MTails
MTails collected $6 from pot
MTails: doesn't show hand
*** SUMMARY ***
Total pot $6 | Rake $0
Seat 1: liza3008 (big blind) folded before Flop
Seat 2: MTails (button) (small blind) collected ($6)


PokerStars Hand #146099580961:  Hold'em Limit ($3/$6 USD) - 2015/12/29 3:01:32 ET
Table 'Irmela' 2-max Seat #1 is the button
Seat 1: liza3008 ($86.89 in chips)
Seat 2: MTails ($203.15 in chips)
liza3008: posts small blind $1
MTails: posts big blind $3
*** HOLE CARDS ***
liza3008: raises $3 to $6
MTails: calls $3
*** FLOP *** [8d 3h 8s]
MTails: checks
liza3008: bets $3
MTails: calls $3
*** TURN *** [8d 3h 8s] [Tc]
MTails: checks
liza3008: checks
*** RIVER *** [8d 3h 8s Tc] [7h]
MTails: bets $6
liza3008: calls $6
*** SHOW DOWN ***
MTails: shows [Jc 2c] (a pair of Eights)
liza3008: shows [2h 2d] (two pair, Eights and Deuces)
liza3008 collected $29.50 from pot
*** SUMMARY ***
Total pot $30 | Rake $0.50
Board [8d 3h 8s Tc 7h]
Seat 1: liza3008 (button) (small blind) showed [2h 2d] and won ($29.50) with two pair, Eights and Deuces
Seat 2: MTails (big blind) showed [Jc 2c] and lost with a pair of Eights


PokerStars Hand #146099584758:  Hold'em Limit ($3/$6 USD) - 2015/12/29 3:01:44 ET
Table 'Irmela' 2-max Seat #2 is the button
Seat 1: liza3008 ($101.39 in chips)
Seat 2: MTails ($188.15 in chips)
MTails: posts small blind $1
liza3008: posts big blind $3
*** HOLE CARDS ***
MTails: raises $3 to $6
liza3008: calls $3
*** FLOP *** [Kc Qs 4h]
liza3008: checks
MTails: bets $3
liza3008: calls $3
*** TURN *** [Kc Qs 4h] [8c]
liza3008: checks
MTails: checks
*** RIVER *** [Kc Qs 4h 8c] [6s]
liza3008: bets $6
MTails: folds
Uncalled bet ($6) returned to liza3008
liza3008 collected $17.64 from pot
liza3008: doesn't show hand
*** SUMMARY ***
Total pot $18 | Rake $0.36
Board [Kc Qs 4h 8c 6s]
Seat 1: liza3008 (big blind) collected ($17.64)
Seat 2: MTails (button) (small blind) folded on the River


PokerStars Hand #146099588799:  Hold'em Limit ($3/$6 USD) - 2015/12/29 3:01:58 ET
Table 'Irmela' 2-max Seat #1 is the button
Seat 1: liza3008 ($110.03 in chips)
Seat 2: MTails ($179.15 in chips)
liza3008: posts small blind $1
MTails: posts big blind $3
*** HOLE CARDS ***
liza3008: raises $3 to $6
MTails: calls $3
*** FLOP *** [2h Qd 8h]
MTails: checks
liza3008: checks
*** TURN *** [2h Qd 8h] [Ad]
MTails: checks
liza3008: bets $6
MTails: calls $6
*** RIVER *** [2h Qd 8h Ad] [6d]
MTails: checks
liza3008: bets $6
MTails: calls $6
*** SHOW DOWN ***
liza3008: shows [As Qc] (two pair, Aces and Queens)
MTails: mucks hand
liza3008 collected $35.50 from pot
*** SUMMARY ***
Total pot $36 | Rake $0.50
Board [2h Qd 8h Ad 6d]
Seat 1: liza3008 (button) (small blind) showed [As Qc] and won ($35.50) with two pair, Aces and Queens
Seat 2: MTails (big blind) mucked


PokerStars Hand #146099592883:  Hold'em Limit ($3/$6 USD) - 2015/12/29 3:02:12 ET
Table 'Irmela' 2-max Seat #2 is the button
Seat 1: liza3008 ($127.53 in chips)
Seat 2: MTails ($161.15 in chips)
MTails: posts small blind $1
liza3008: posts big blind $3
*** HOLE CARDS ***
MTails: raises $3 to $6
liza3008: calls $3
*** FLOP *** [Ac 7d Qc]
liza3008: checks
MTails: bets $3
liza3008: calls $3
*** TURN *** [Ac 7d Qc] [Jc]
liza3008: checks
MTails: checks
*** RIVER *** [Ac 7d Qc Jc] [7s]
liza3008: bets $6
MTails: folds
Uncalled bet ($6) returned to liza3008
liza3008 collected $17.64 from pot
liza3008: doesn't show hand
*** SUMMARY ***
Total pot $18 | Rake $0.36
Board [Ac 7d Qc Jc 7s]
Seat 1: liza3008 (big blind) collected ($17.64)
Seat 2: MTails (button) (small blind) folded on the River


PokerStars Hand #146099596775:  Hold'em Limit ($3/$6 USD) - 2015/12/29 3:02:26 ET
Table 'Irmela' 2-max Seat #1 is the button
Seat 1: liza3008 ($136.17 in chips)
Seat 2: MTails ($152.15 in chips)
liza3008: posts small blind $1
MTails: posts big blind $3
*** HOLE CARDS ***
liza3008: raises $3 to $6
MTails: calls $3
*** FLOP *** [As 4c 4h]
MTails: checks
liza3008: checks
*** TURN *** [As 4c 4h] [3h]
MTails: bets $6
liza3008: calls $6
*** RIVER *** [As 4c 4h 3h] [7c]
MTails: checks
liza3008: checks
*** SHOW DOWN ***
MTails: shows [Js Qh] (a pair of Fours)
liza3008: mucks hand
MTails collected $23.52 from pot
*** SUMMARY ***
Total pot $24 | Rake $0.48
Board [As 4c 4h 3h 7c]
Seat 1: liza3008 (button) (small blind) mucked
Seat 2: MTails (big blind) showed [Js Qh] and won ($23.52) with a pair of Fours


PokerStars Hand #146099600616:  Hold'em Limit ($3/$6 USD) - 2015/12/29 3:02:39 ET
Table 'Irmela' 2-max Seat #2 is the button
Seat 1: liza3008 ($124.17 in chips)
Seat 2: MTails ($163.67 in chips)
MTails: posts small blind $1
liza3008: posts big blind $3
*** HOLE CARDS ***
MTails: raises $3 to $6
liza3008: raises $3 to $9
MTails: calls $3
*** FLOP *** [4c 7s Jh]
liza3008: bets $3
MTails: calls $3
*** TURN *** [4c 7s Jh] [Qd]
liza3008: bets $6
MTails: calls $6
*** RIVER *** [4c 7s Jh Qd] [4s]
liza3008: bets $6
MTails: raises $6 to $12
liza3008: calls $6
*** SHOW DOWN ***
MTails: shows [4h 9s] (three of a kind, Fours)
liza3008: mucks hand
MTails collected $59.50 from pot
*** SUMMARY ***
Total pot $60 | Rake $0.50
Board [4c 7s Jh Qd 4s]
Seat 1: liza3008 (big blind) mucked
Seat 2: MTails (button) (small blind) showed [4h 9s] and won ($59.50) with three of a kind, Fours


PokerStars Hand #146099605089:  Hold'em Limit ($3/$6 USD) - 2015/12/29 3:02:54 ET
Table 'Irmela' 2-max Seat #1 is the button
Seat 1: liza3008 ($94.17 in chips)
Seat 2: MTails ($193.17 in chips)
liza3008: posts small blind $1
MTails: posts big blind $3
*** HOLE CARDS ***
liza3008: raises $3 to $6
MTails: calls $3
*** FLOP *** [6c Jd 9h]
MTails: checks
liza3008: bets $3
MTails: calls $3
*** TURN *** [6c Jd 9h] [2d]
MTails: checks
liza3008: bets $6
MTails: calls $6
*** RIVER *** [6c Jd 9h 2d] [5s]
MTails: checks
liza3008: bets $6
MTails: calls $6
*** SHOW DOWN ***
liza3008: shows [9s 3h] (a pair of Nines)
MTails: mucks hand
liza3008 collected $41.50 from pot
*** SUMMARY ***
Total pot $42 | Rake $0.50
Board [6c Jd 9h 2d 5s]
Seat 1: liza3008 (button) (small blind) showed [9s 3h] and won ($41.50) with a pair of Nines
Seat 2: MTails (big blind) mucked


PokerStars Hand #146099609497:  Hold'em Limit ($3/$6 USD) - 2015/12/29 3:03:09 ET
Table 'Irmela' 2-max Seat #2 is the button
Seat 1: liza3008 ($114.67 in chips)
Seat 2: MTails ($172.17 in chips)
MTails: posts small blind $1
liza3008: posts big blind $3
*** HOLE CARDS ***
MTails: raises $3 to $6
liza3008: calls $3
*** FLOP *** [Jd Ks 6c]
liza3008: checks
MTails: bets $3
liza3008: calls $3
*** TURN *** [Jd Ks 6c] [2s]
liza3008: checks
MTails: bets $6
liza3008: calls $6
*** RIVER *** [Jd Ks 6c 2s] [Kd]
liza3008: bets $6
MTails: calls $6
*** SHOW DOWN ***
liza3008: shows [3c 2c] (two pair, Kings and Deuces)
MTails: shows [2h 9s] (two pair, Kings and Deuces)
liza3008 collected $20.75 from pot
MTails collected $20.75 from pot
*** SUMMARY ***
Total pot $42 | Rake $0.50
Board [Jd Ks 6c 2s Kd]
Seat 1: liza3008 (big blind) showed [3c 2c] and won ($20.75) with two pair, Kings and Deuces
Seat 2: MTails (button) (small blind) showed [2h 9s] and won ($20.75) with two pair, Kings and Deuces


PokerStars Hand #146099614361:  Hold'em Limit ($3/$6 USD) - 2015/12/29 3:03:24 ET
Table 'Irmela' 2-max Seat #1 is the button
Seat 1: liza3008 ($114.42 in chips)
Seat 2: MTails ($171.92 in chips)
liza3008: posts small blind $1
MTails: posts big blind $3
*** HOLE CARDS ***
liza3008: raises $3 to $6
MTails: calls $3
*** FLOP *** [3d Ts 7s]
MTails: checks
liza3008: bets $3
MTails: calls $3
*** TURN *** [3d Ts 7s] [Qc]
MTails: checks
liza3008: checks
*** RIVER *** [3d Ts 7s Qc] [4h]
MTails: checks
liza3008: bets $6
MTails: raises $6 to $12
liza3008: calls $6
*** SHOW DOWN ***
MTails: shows [Td 4d] (two pair, Tens and Fours)
liza3008: mucks hand
MTails collected $41.50 from pot
*** SUMMARY ***
Total pot $42 | Rake $0.50
Board [3d Ts 7s Qc 4h]
Seat 1: liza3008 (button) (small blind) mucked
Seat 2: MTails (big blind) showed [Td 4d] and won ($41.50) with two pair, Tens and Fours


PokerStars Hand #146099619083:  Hold'em Limit ($3/$6 USD) - 2015/12/29 3:03:39 ET
Table 'Irmela' 2-max Seat #2 is the button
Seat 1: liza3008 ($93.42 in chips)
Seat 2: MTails ($192.42 in chips)
MTails: posts small blind $1
liza3008: posts big blind $3
*** HOLE CARDS ***
MTails: raises $3 to $6
liza3008: calls $3
*** FLOP *** [2c 9c 3d]
liza3008: checks
MTails: bets $3
liza3008: calls $3
*** TURN *** [2c 9c 3d] [5c]
liza3008: checks
MTails: bets $6
liza3008: calls $6
*** RIVER *** [2c 9c 3d 5c] [2d]
liza3008: checks
MTails: checks
*** SHOW DOWN ***
liza3008: shows [Ks 7c] (a pair of Deuces)
MTails: shows [Ad 3h] (two pair, Threes and Deuces)
MTails collected $29.50 from pot
*** SUMMARY ***
Total pot $30 | Rake $0.50
Board [2c 9c 3d 5c 2d]
Seat 1: liza3008 (big blind) showed [Ks 7c] and lost with a pair of Deuces
Seat 2: MTails (button) (small blind) showed [Ad 3h] and won ($29.50) with two pair, Threes and Deuces


PokerStars Hand #146099623332:  Hold'em Limit ($3/$6 USD) - 2015/12/29 3:03:54 ET
Table 'Irmela' 2-max Seat #1 is the button
Seat 1: liza3008 ($78.42 in chips)
Seat 2: MTails ($206.92 in chips)
liza3008: posts small blind $1
MTails: posts big blind $3
*** HOLE CARDS ***
liza3008: raises $3 to $6
MTails: calls $3
*** FLOP *** [As 7h Tc]
MTails: checks
liza3008: checks
*** TURN *** [As 7h Tc] [7d]
MTails: bets $6
liza3008: raises $6 to $12
MTails: calls $6
*** RIVER *** [As 7h Tc 7d] [Ks]
MTails: checks
liza3008: bets $6
MTails: calls $6
*** SHOW DOWN ***
liza3008: shows [Ac Jh] (two pair, Aces and Sevens)
MTails: mucks hand
liza3008 collected $47.50 from pot
*** SUMMARY ***
Total pot $48 | Rake $0.50
Board [As 7h Tc 7d Ks]
Seat 1: liza3008 (button) (small blind) showed [Ac Jh] and won ($47.50) with two pair, Aces and Sevens
Seat 2: MTails (big blind) mucked


PokerStars Hand #146099627593:  Hold'em Limit ($3/$6 USD) - 2015/12/29 3:04:07 ET
Table 'Irmela' 2-max Seat #2 is the button
Seat 1: liza3008 ($101.92 in chips)
Seat 2: MTails ($182.92 in chips)
MTails: posts small blind $1
liza3008: posts big blind $3
*** HOLE CARDS ***
MTails: raises $3 to $6
liza3008: calls $3
*** FLOP *** [5s 2c Qc]
liza3008: checks
MTails: bets $3
liza3008: calls $3
*** TURN *** [5s 2c Qc] [3h]
liza3008: checks
MTails: checks
*** RIVER *** [5s 2c Qc 3h] [Jc]
liza3008: bets $6
MTails: folds
Uncalled bet ($6) returned to liza3008
liza3008 collected $17.64 from pot
liza3008: doesn't show hand
*** SUMMARY ***
Total pot $18 | Rake $0.36
Board [5s 2c Qc 3h Jc]
Seat 1: liza3008 (big blind) collected ($17.64)
Seat 2: MTails (button) (small blind) folded on the River


PokerStars Hand #146099634998:  Hold'em Limit ($3/$6 USD) - 2015/12/29 3:04:32 ET
Table 'Irmela' 2-max Seat #2 is the button
Seat 1: liza3008 ($122.08 in chips)
Seat 2: MTails ($161.92 in chips)
MTails: posts small blind $1
liza3008: posts big blind $3
*** HOLE CARDS ***
MTails: folds
Uncalled bet ($2) returned to liza3008
liza3008 collected $2 from pot
liza3008: doesn't show hand
*** SUMMARY ***
Total pot $2 | Rake $0
Seat 1: liza3008 (big blind) collected ($2)
Seat 2: MTails (button) (small blind) folded before Flop


PokerStars Hand #146099631657:  Hold'em Limit ($3/$6 USD) - 2015/12/29 3:04:21 ET
Table 'Irmela' 2-max Seat #1 is the button
Seat 1: liza3008 ($110.56 in chips)
Seat 2: MTails ($173.92 in chips)
liza3008: posts small blind $1
MTails: posts big blind $3
*** HOLE CARDS ***
liza3008: raises $3 to $6
MTails: calls $3
*** FLOP *** [9c Qd 9s]
MTails: checks
liza3008: checks
*** TURN *** [9c Qd 9s] [2c]
MTails: bets $6
liza3008: raises $6 to $12
MTails: folds
Uncalled bet ($6) returned to liza3008
liza3008 collected $23.52 from pot
liza3008: doesn't show hand
*** SUMMARY ***
Total pot $24 | Rake $0.48
Board [9c Qd 9s 2c]
Seat 1: liza3008 (button) (small blind) collected ($23.52)
Seat 2: MTails (big blind) folded on the Turn


PokerStars Hand #146099636452:  Hold'em Limit ($3/$6 USD) - 2015/12/29 3:04:37 ET
Table 'Irmela' 2-max Seat #1 is the button
Seat 1: liza3008 ($123.08 in chips)
Seat 2: MTails ($160.92 in chips)
liza3008: posts small blind $1
MTails: posts big blind $3
*** HOLE CARDS ***
liza3008: raises $3 to $6
MTails: calls $3
*** FLOP *** [7s Jd Ac]
MTails: checks
liza3008: checks
*** TURN *** [7s Jd Ac] [6h]
MTails: bets $6
liza3008: calls $6
*** RIVER *** [7s Jd Ac 6h] [5s]
MTails: checks
liza3008: checks
*** SHOW DOWN ***
MTails: shows [5d 9h] (a pair of Fives)
liza3008: mucks hand
MTails collected $23.52 from pot
*** SUMMARY ***
Total pot $24 | Rake $0.48
Board [7s Jd Ac 6h 5s]
Seat 1: liza3008 (button) (small blind) mucked
Seat 2: MTails (big blind) showed [5d 9h] and won ($23.52) with a pair of Fives


PokerStars Hand #146099644966:  Hold'em Limit ($3/$6 USD) - 2015/12/29 3:05:04 ET
Table 'Irmela' 2-max Seat #1 is the button
Seat 1: liza3008 ($96.08 in chips)
Seat 2: MTails ($186.94 in chips)
liza3008: posts small blind $1
MTails: posts big blind $3
*** HOLE CARDS ***
liza3008: raises $3 to $6
MTails: folds
Uncalled bet ($3) returned to liza3008
liza3008 collected $6 from pot
liza3008: doesn't show hand
*** SUMMARY ***
Total pot $6 | Rake $0
Seat 1: liza3008 (button) (small blind) collected ($6)
Seat 2: MTails (big blind) folded before Flop


PokerStars Hand #146099641045:  Hold'em Limit ($3/$6 USD) - 2015/12/29 3:04:52 ET
Table 'Irmela' 2-max Seat #2 is the button
Seat 1: liza3008 ($111.08 in chips)
Seat 2: MTails ($172.44 in chips)
MTails: posts small blind $1
liza3008: posts big blind $3
*** HOLE CARDS ***
MTails: raises $3 to $6
liza3008: calls $3
*** FLOP *** [Td Kc Jh]
liza3008: checks
MTails: bets $3
liza3008: calls $3
*** TURN *** [Td Kc Jh] [Ks]
liza3008: checks
MTails: checks
*** RIVER *** [Td Kc Jh Ks] [3s]
liza3008: bets $6
MTails: calls $6
*** SHOW DOWN ***
liza3008: shows [9h 7d] (a pair of Kings)
MTails: shows [Th 5h] (two pair, Kings and Tens)
MTails collected $29.50 from pot
*** SUMMARY ***
Total pot $30 | Rake $0.50
Board [Td Kc Jh Ks 3s]
Seat 1: liza3008 (big blind) showed [9h 7d] and lost with a pair of Kings
Seat 2: MTails (button) (small blind) showed [Th 5h] and won ($29.50) with two pair, Kings and Tens


PokerStars Hand #146099646580:  Hold'em Limit ($3/$6 USD) - 2015/12/29 3:05:09 ET
Table 'Irmela' 2-max Seat #2 is the button
Seat 1: liza3008 ($99.08 in chips)
Seat 2: MTails ($183.94 in chips)
MTails: posts small blind $1
liza3008: posts big blind $3
*** HOLE CARDS ***
MTails: raises $3 to $6
liza3008: calls $3
*** FLOP *** [3s 2c 7d]
liza3008: checks
MTails: checks
*** TURN *** [3s 2c 7d] [5d]
liza3008: bets $6
MTails: calls $6
*** RIVER *** [3s 2c 7d 5d] [8d]
liza3008: bets $6
MTails: calls $6
*** SHOW DOWN ***
liza3008: shows [6s Kh] (high card King)
MTails: mucks hand
liza3008 collected $35.50 from pot
*** SUMMARY ***
Total pot $36 | Rake $0.50
Board [3s 2c 7d 5d 8d]
Seat 1: liza3008 (big blind) showed [6s Kh] and won ($35.50) with high card King
Seat 2: MTails (button) (small blind) mucked


PokerStars Hand #146099650570:  Hold'em Limit ($3/$6 USD) - 2015/12/29 3:05:22 ET
Table 'Irmela' 2-max Seat #1 is the button
Seat 1: liza3008 ($116.58 in chips)
Seat 2: MTails ($165.94 in chips)
liza3008: posts small blind $1
MTails: posts big blind $3
*** HOLE CARDS ***
liza3008: raises $3 to $6
MTails: calls $3
*** FLOP *** [Ks Kc Jh]
MTails: checks
liza3008: checks
*** TURN *** [Ks Kc Jh] [7d]
MTails: bets $6
liza3008: folds
Uncalled bet ($6) returned to MTails
MTails collected $11.76 from pot
*** SUMMARY ***
Total pot $12 | Rake $0.24
Board [Ks Kc Jh 7d]
Seat 1: liza3008 (button) (small blind) folded on the Turn
Seat 2: MTails (big blind) collected ($11.76)


PokerStars Hand #146099656661:  Hold'em Limit ($3/$6 USD) - 2015/12/29 3:05:42 ET
Table 'Irmela' 2-max Seat #1 is the button
Seat 1: liza3008 ($104.58 in chips)
Seat 2: MTails ($177.46 in chips)
liza3008: posts small blind $1
MTails: posts big blind $3
*** HOLE CARDS ***
liza3008: raises $3 to $6
MTails: folds
Uncalled bet ($3) returned to liza3008
liza3008 collected $6 from pot
liza3008: doesn't show hand
*** SUMMARY ***
Total pot $6 | Rake $0
Seat 1: liza3008 (button) (small blind) collected ($6)
Seat 2: MTails (big blind) folded before Flop


PokerStars Hand #146099653845:  Hold'em Limit ($3/$6 USD) - 2015/12/29 3:05:33 ET
Table 'Irmela' 2-max Seat #2 is the button
Seat 1: liza3008 ($110.58 in chips)
Seat 2: MTails ($171.70 in chips)
MTails: posts small blind $1
liza3008: posts big blind $3
*** HOLE CARDS ***
MTails: raises $3 to $6
liza3008: calls $3
*** FLOP *** [Qs Qc As]
liza3008: checks
MTails: bets $3
liza3008: folds
Uncalled bet ($3) returned to MTails
MTails collected $11.76 from pot
*** SUMMARY ***
Total pot $12 | Rake $0.24
Board [Qs Qc As]
Seat 1: liza3008 (big blind) folded on the Flop
Seat 2: MTails (button) (small blind) collected ($11.76)


PokerStars Hand #146099663328:  Hold'em Limit ($3/$6 USD) - 2015/12/29 3:06:03 ET
Table 'Irmela' 2-max Seat #1 is the button
Seat 1: liza3008 ($86.58 in chips)
Seat 2: MTails ($194.96 in chips)
liza3008: posts small blind $1
MTails: posts big blind $3
*** HOLE CARDS ***
liza3008: raises $3 to $6
MTails: folds
Uncalled bet ($3) returned to liza3008
liza3008 collected $6 from pot
liza3008: doesn't show hand
*** SUMMARY ***
Total pot $6 | Rake $0
Seat 1: liza3008 (button) (small blind) collected ($6)
Seat 2: MTails (big blind) folded before Flop


PokerStars Hand #146099658251:  Hold'em Limit ($3/$6 USD) - 2015/12/29 3:05:47 ET
Table 'Irmela' 2-max Seat #2 is the button
Seat 1: liza3008 ($107.58 in chips)
Seat 2: MTails ($174.46 in chips)
MTails: posts small blind $1
liza3008: posts big blind $3
*** HOLE CARDS ***
MTails: raises $3 to $6
liza3008: calls $3
*** FLOP *** [7h Ks 5c]
liza3008: checks
MTails: bets $3
liza3008: calls $3
*** TURN *** [7h Ks 5c] [Kh]
liza3008: checks
MTails: bets $6
liza3008: raises $6 to $12
MTails: calls $6
*** RIVER *** [7h Ks 5c Kh] [Qh]
liza3008: checks
MTails: checks
*** SHOW DOWN ***
liza3008: shows [Th 9s] (a pair of Kings)
MTails: shows [As 3d] (a pair of Kings - Ace kicker)
MTails collected $41.50 from pot
*** SUMMARY ***
Total pot $42 | Rake $0.50
Board [7h Ks 5c Kh Qh]
Seat 1: liza3008 (big blind) showed [Th 9s] and lost with a pair of Kings
Seat 2: MTails (button) (small blind) showed [As 3d] and won ($41.50) with a pair of Kings


PokerStars Hand #146099672892:  Hold'em Limit ($3/$6 USD) - 2015/12/29 3:06:34 ET
Table 'Irmela' 2-max Seat #2 is the button
Seat 1: liza3008 ($68.58 in chips)
Seat 2: MTails ($212.22 in chips)
MTails: posts small blind $1
liza3008: posts big blind $3
*** HOLE CARDS ***
MTails: raises $3 to $6
liza3008: calls $3
*** FLOP *** [Qs 9s Qh]
liza3008: checks
MTails: bets $3
liza3008: calls $3
*** TURN *** [Qs 9s Qh] [2s]
liza3008: checks
MTails: bets $6
liza3008: calls $6
*** RIVER *** [Qs 9s Qh 2s] [8s]
liza3008: checks
MTails: bets $6
liza3008: folds
Uncalled bet ($6) returned to MTails
MTails collected $29.50 from pot
*** SUMMARY ***
Total pot $30 | Rake $0.50
Board [Qs 9s Qh 2s 8s]
Seat 1: liza3008 (big blind) folded on the River
Seat 2: MTails (button) (small blind) collected ($29.50)


PokerStars Hand #146099669699:  Hold'em Limit ($3/$6 USD) - 2015/12/29 3:06:24 ET
Table 'Irmela' 2-max Seat #1 is the button
Seat 1: liza3008 ($74.58 in chips)
Seat 2: MTails ($206.46 in chips)
liza3008: posts small blind $1
MTails: posts big blind $3
*** HOLE CARDS ***
liza3008: raises $3 to $6
MTails: calls $3
*** FLOP *** [5s 9d Td]
MTails: checks
liza3008: checks
*** TURN *** [5s 9d Td] [Qd]
MTails: bets $6
liza3008: folds
Uncalled bet ($6) returned to MTails
MTails collected $11.76 from pot
*** SUMMARY ***
Total pot $12 | Rake $0.24
Board [5s 9d Td Qd]
Seat 1: liza3008 (button) (small blind) folded on the Turn
Seat 2: MTails (big blind) collected ($11.76)


PokerStars Hand #146099664907:  Hold'em Limit ($3/$6 USD) - 2015/12/29 3:06:08 ET
Table 'Irmela' 2-max Seat #2 is the button
Seat 1: liza3008 ($89.58 in chips)
Seat 2: MTails ($191.96 in chips)
MTails: posts small blind $1
liza3008: posts big blind $3
*** HOLE CARDS ***
MTails: raises $3 to $6
liza3008: calls $3
*** FLOP *** [Td 3d 4s]
liza3008: checks
MTails: bets $3
liza3008: calls $3
*** TURN *** [Td 3d 4s] [5d]
liza3008: checks
MTails: checks
*** RIVER *** [Td 3d 4s 5d] [5h]
liza3008: checks
MTails: bets $6
liza3008: calls $6
*** SHOW DOWN ***
MTails: shows [8c 4h] (two pair, Fives and Fours)
liza3008: mucks hand
MTails collected $29.50 from pot
*** SUMMARY ***
Total pot $30 | Rake $0.50
Board [Td 3d 4s 5d 5h]
Seat 1: liza3008 (big blind) mucked
Seat 2: MTails (button) (small blind) showed [8c 4h] and won ($29.50) with two pair, Fives and Fours


PokerStars Hand #146099677609:  Hold'em Limit ($3/$6 USD) - 2015/12/29 3:06:49 ET
Table 'Irmela' 2-max Seat #1 is the button
Seat 1: liza3008 ($53.58 in chips)
Seat 2: MTails ($226.72 in chips)
liza3008: posts small blind $1
MTails: posts big blind $3
*** HOLE CARDS ***
liza3008: raises $3 to $6
MTails: calls $3
*** FLOP *** [4s 8c Kc]
MTails: checks
liza3008: bets $3
MTails: folds
Uncalled bet ($3) returned to liza3008
liza3008 collected $11.76 from pot
liza3008: doesn't show hand
*** SUMMARY ***
Total pot $12 | Rake $0.24
Board [4s 8c Kc]
Seat 1: liza3008 (button) (small blind) collected ($11.76)
Seat 2: MTails (big blind) folded on the Flop


PokerStars Hand #146099690474:  Hold'em Limit ($3/$6 USD) - 2015/12/29 3:07:30 ET
Table 'Irmela' 2-max Seat #1 is the button
Seat 1: liza3008 ($61.84 in chips)
Seat 2: MTails ($217.24 in chips)
liza3008: posts small blind $1
MTails: posts big blind $3
*** HOLE CARDS ***
liza3008: raises $3 to $6
MTails: calls $3
*** FLOP *** [7d Td 3d]
MTails: checks
liza3008: bets $3
MTails: raises $3 to $6
liza3008: calls $3
*** TURN *** [7d Td 3d] [7s]
MTails: bets $6
liza3008: calls $6
*** RIVER *** [7d Td 3d 7s] [Ad]
MTails: bets $6
liza3008: calls $6
*** SHOW DOWN ***
MTails: shows [Jd Th] (a flush, Ace high)
liza3008: mucks hand
MTails collected $47.50 from pot
*** SUMMARY ***
Total pot $48 | Rake $0.50
Board [7d Td 3d 7s Ad]
Seat 1: liza3008 (button) (small blind) mucked
Seat 2: MTails (big blind) showed [Jd Th] and won ($47.50) with a flush, Ace high


PokerStars Hand #146099687737:  Hold'em Limit ($3/$6 USD) - 2015/12/29 3:07:22 ET
Table 'Irmela' 2-max Seat #2 is the button
Seat 1: liza3008 ($67.84 in chips)
Seat 2: MTails ($211.48 in chips)
MTails: posts small blind $1
liza3008: posts big blind $3
*** HOLE CARDS ***
MTails: raises $3 to $6
liza3008: calls $3
*** FLOP *** [Kh 9h 3s]
liza3008: checks
MTails: bets $3
liza3008: folds
Uncalled bet ($3) returned to MTails
MTails collected $11.76 from pot
*** SUMMARY ***
Total pot $12 | Rake $0.24
Board [Kh 9h 3s]
Seat 1: liza3008 (big blind) folded on the Flop
Seat 2: MTails (button) (small blind) collected ($11.76)


PokerStars Hand #146099684682:  Hold'em Limit ($3/$6 USD) - 2015/12/29 3:07:12 ET
Table 'Irmela' 2-max Seat #1 is the button
Seat 1: liza3008 ($73.84 in chips)
Seat 2: MTails ($205.72 in chips)
liza3008: posts small blind $1
MTails: posts big blind $3
*** HOLE CARDS ***
liza3008: raises $3 to $6
MTails: calls $3
*** FLOP *** [Ah Qs 8h]
MTails: checks
liza3008: checks
*** TURN *** [Ah Qs 8h] [4h]
MTails: bets $6
liza3008: folds
Uncalled bet ($6) returned to MTails
MTails collected $11.76 from pot
*** SUMMARY ***
Total pot $12 | Rake $0.24
Board [Ah Qs 8h 4h]
Seat 1: liza3008 (button) (small blind) folded on the Turn
Seat 2: MTails (big blind) collected ($11.76)


PokerStars Hand #146099680451:  Hold'em Limit ($3/$6 USD) - 2015/12/29 3:06:58 ET
Table 'Irmela' 2-max Seat #2 is the button
Seat 1: liza3008 ($59.34 in chips)
Seat 2: MTails ($220.72 in chips)
MTails: posts small blind $1
liza3008: posts big blind $3
*** HOLE CARDS ***
MTails: raises $3 to $6
liza3008: calls $3
*** FLOP *** [5c Kc 2s]
liza3008: checks
MTails: bets $3
liza3008: calls $3
*** TURN *** [5c Kc 2s] [7h]
liza3008: checks
MTails: bets $6
liza3008: raises $6 to $12
MTails: folds
Uncalled bet ($6) returned to liza3008
liza3008 collected $29.50 from pot
liza3008: doesn't show hand
*** SUMMARY ***
Total pot $30 | Rake $0.50
Board [5c Kc 2s 7h]
Seat 1: liza3008 (big blind) collected ($29.50)
Seat 2: MTails (button) (small blind) folded on the Turn


PokerStars Hand #146099704089:  Hold'em Limit ($3/$6 USD) - 2015/12/29 3:08:14 ET
Table 'Irmela' 2-max Seat #1 is the button
Seat 1: liza3008 ($31.60 in chips)
Seat 2: MTails ($246.26 in chips)
liza3008: posts small blind $1
MTails: posts big blind $3
*** HOLE CARDS ***
liza3008: raises $3 to $6
MTails: raises $3 to $9
liza3008: calls $3
*** FLOP *** [3d 4h Kc]
MTails: bets $3
liza3008: raises $3 to $6
MTails: raises $3 to $9
liza3008: raises $3 to $12
Betting is capped
MTails: calls $3
*** TURN *** [3d 4h Kc] [9c]
MTails: bets $6
liza3008: raises $4.60 to $10.60 and is all-in
MTails: calls $4.60
*** RIVER *** [3d 4h Kc 9c] [Kd]
*** SHOW DOWN ***
MTails: shows [Ah As] (two pair, Aces and Kings)
liza3008: shows [Tc 3h] (two pair, Kings and Threes)
MTails collected $62.70 from pot
liza3008 leaves the table
*** SUMMARY ***
Total pot $63.20 | Rake $0.50
Board [3d 4h Kc 9c Kd]
Seat 1: liza3008 (button) (small blind) showed [Tc 3h] and lost with two pair, Kings and Threes
Seat 2: MTails (big blind) showed [Ah As] and won ($62.70) with two pair, Aces and Kings


PokerStars Hand #146099700924:  Hold'em Limit ($3/$6 USD) - 2015/12/29 3:08:04 ET
Table 'Irmela' 2-max Seat #2 is the button
Seat 1: liza3008 ($37.60 in chips)
Seat 2: MTails ($240.50 in chips)
MTails: posts small blind $1
liza3008: posts big blind $3
*** HOLE CARDS ***
MTails: raises $3 to $6
liza3008: calls $3
*** FLOP *** [Jh 9c 8d]
liza3008: checks
MTails: bets $3
liza3008: folds
Uncalled bet ($3) returned to MTails
MTails collected $11.76 from pot
*** SUMMARY ***
Total pot $12 | Rake $0.24
Board [Jh 9c 8d]
Seat 1: liza3008 (big blind) folded on the Flop
Seat 2: MTails (button) (small blind) collected ($11.76)


PokerStars Hand #146099698023:  Hold'em Limit ($3/$6 USD) - 2015/12/29 3:07:54 ET
Table 'Irmela' 2-max Seat #1 is the button
Seat 1: liza3008 ($31.84 in chips)
Seat 2: MTails ($246.50 in chips)
liza3008: posts small blind $1
MTails: posts big blind $3
*** HOLE CARDS ***
liza3008: raises $3 to $6
MTails: calls $3
*** FLOP *** [7h 2c Kc]
MTails: checks
liza3008: bets $3
MTails: folds
Uncalled bet ($3) returned to liza3008
liza3008 collected $11.76 from pot
liza3008: doesn't show hand
*** SUMMARY ***
Total pot $12 | Rake $0.24
Board [7h 2c Kc]
Seat 1: liza3008 (button) (small blind) collected ($11.76)
Seat 2: MTails (big blind) folded on the Flop


PokerStars Hand #146099695173:  Hold'em Limit ($3/$6 USD) - 2015/12/29 3:07:45 ET
Table 'Irmela' 2-max Seat #2 is the button
Seat 1: liza3008 ($37.84 in chips)
Seat 2: MTails ($240.74 in chips)
MTails: posts small blind $1
liza3008: posts big blind $3
*** HOLE CARDS ***
MTails: raises $3 to $6
liza3008: calls $3
*** FLOP *** [Tc Td 7h]
liza3008: checks
MTails: bets $3
liza3008: folds
Uncalled bet ($3) returned to MTails
MTails collected $11.76 from pot
*** SUMMARY ***
Total pot $12 | Rake $0.24
Board [Tc Td 7h]
Seat 1: liza3008 (big blind) folded on the Flop
Seat 2: MTails (button) (small blind) collected ($11.76)


