PokerStars Hand #158705933566:  Hold'em Limit ($3/$6 USD) - 2016/09/16 23:41:13 ET
Table 'Irmela' 6-max Seat #6 is the button
Seat 1: Velbor107 ($320.64 in chips)
Seat 6: kaz2y5 ($60.70 in chips)
kaz2y5: posts small blind $1
Velbor107: posts big blind $3
*** HOLE CARDS ***
kaz2y5: folds
Uncalled bet ($2) returned to Velbor107
Velbor107 collected $2 from pot
*** SUMMARY ***
Total pot $2 | Rake $0
Seat 1: Velbor107 (big blind) collected ($2)
Seat 6: kaz2y5 (button) (small blind) folded before Flop


PokerStars Hand #158705939929:  Hold'em Limit ($3/$6 USD) - 2016/09/16 23:41:35 ET
Table 'Irmela' 6-max Seat #1 is the button
Seat 1: Velbor107 ($325.64 in chips)
Seat 6: kaz2y5 ($55.70 in chips)
Velbor107: posts small blind $1
kaz2y5: posts big blind $3
*** HOLE CARDS ***
Velbor107: raises $3 to $6
kaz2y5: folds
Uncalled bet ($3) returned to Velbor107
Velbor107 collected $6 from pot
*** SUMMARY ***
Total pot $6 | Rake $0
Seat 1: Velbor107 (button) (small blind) collected ($6)
Seat 6: kaz2y5 (big blind) folded before Flop


PokerStars Hand #158705938065:  Hold'em Limit ($3/$6 USD) - 2016/09/16 23:41:29 ET
Table 'Irmela' 6-max Seat #6 is the button
Seat 1: Velbor107 ($324.64 in chips)
Seat 6: kaz2y5 ($56.70 in chips)
kaz2y5: posts small blind $1
Velbor107: posts big blind $3
*** HOLE CARDS ***
kaz2y5: folds
Uncalled bet ($2) returned to Velbor107
Velbor107 collected $2 from pot
*** SUMMARY ***
Total pot $2 | Rake $0
Seat 1: Velbor107 (big blind) collected ($2)
Seat 6: kaz2y5 (button) (small blind) folded before Flop


PokerStars Hand #158705935553:  Hold'em Limit ($3/$6 USD) - 2016/09/16 23:41:20 ET
Table 'Irmela' 6-max Seat #1 is the button
Seat 1: Velbor107 ($321.64 in chips)
Seat 6: kaz2y5 ($59.70 in chips)
Velbor107: posts small blind $1
kaz2y5: posts big blind $3
*** HOLE CARDS ***
Velbor107: raises $3 to $6
kaz2y5: folds
Uncalled bet ($3) returned to Velbor107
Velbor107 collected $6 from pot
*** SUMMARY ***
Total pot $6 | Rake $0
Seat 1: Velbor107 (button) (small blind) collected ($6)
Seat 6: kaz2y5 (big blind) folded before Flop


PokerStars Hand #158705942212:  Hold'em Limit ($3/$6 USD) - 2016/09/16 23:41:43 ET
Table 'Irmela' 6-max Seat #6 is the button
Seat 1: Velbor107 ($328.64 in chips)
Seat 6: kaz2y5 ($52.70 in chips)
kaz2y5: posts small blind $1
Velbor107: posts big blind $3
*** HOLE CARDS ***
kaz2y5: raises $3 to $6
Velbor107: calls $3
*** FLOP *** [As Ad 3h]
Velbor107: checks
kaz2y5: bets $3
Velbor107: calls $3
*** TURN *** [As Ad 3h] [Ah]
Velbor107: checks
kaz2y5: checks
*** RIVER *** [As Ad 3h Ah] [5h]
Velbor107: checks
kaz2y5: checks
*** SHOW DOWN ***
Velbor107: shows [7h 9s] (three of a kind, Aces)
kaz2y5: shows [Td Qc] (three of a kind, Aces - Queen kicker)
kaz2y5 collected $17.64 from pot
*** SUMMARY ***
Total pot $18 | Rake $0.36
Board [As Ad 3h Ah 5h]
Seat 1: Velbor107 (big blind) showed [7h 9s] and lost with three of a kind, Aces
Seat 6: kaz2y5 (button) (small blind) showed [Td Qc] and won ($17.64) with three of a kind, Aces


PokerStars Hand #158705975109:  Hold'em Limit ($3/$6 USD) - 2016/09/16 23:43:39 ET
Table 'Irmela' 6-max Seat #1 is the button
Seat 1: Velbor107 ($341.14 in chips)
Seat 6: kaz2y5 ($39.34 in chips)
Velbor107: posts small blind $1
kaz2y5: posts big blind $3
*** HOLE CARDS ***
Velbor107: folds
Uncalled bet ($2) returned to kaz2y5
kaz2y5 collected $2 from pot
kaz2y5: doesn't show hand
*** SUMMARY ***
Total pot $2 | Rake $0
Seat 1: Velbor107 (button) (small blind) folded before Flop
Seat 6: kaz2y5 (big blind) collected ($2)


PokerStars Hand #158705973232:  Hold'em Limit ($3/$6 USD) - 2016/09/16 23:43:32 ET
Table 'Irmela' 6-max Seat #6 is the button
Seat 1: Velbor107 ($340.14 in chips)
Seat 6: kaz2y5 ($40.34 in chips)
kaz2y5: posts small blind $1
Velbor107: posts big blind $3
*** HOLE CARDS ***
kaz2y5: folds
Uncalled bet ($2) returned to Velbor107
Velbor107 collected $2 from pot
*** SUMMARY ***
Total pot $2 | Rake $0
Seat 1: Velbor107 (big blind) collected ($2)
Seat 6: kaz2y5 (button) (small blind) folded before Flop


PokerStars Hand #158705958935:  Hold'em Limit ($3/$6 USD) - 2016/09/16 23:42:42 ET
Table 'Irmela' 6-max Seat #1 is the button
Seat 1: Velbor107 ($319.64 in chips)
Seat 6: kaz2y5 ($61.34 in chips)
Velbor107: posts small blind $1
kaz2y5: posts big blind $3
*** HOLE CARDS ***
Velbor107: raises $3 to $6
kaz2y5: calls $3
*** FLOP *** [6s Tc Js]
kaz2y5: bets $3
Velbor107: calls $3
*** TURN *** [6s Tc Js] [8c]
kaz2y5: bets $6
Velbor107: raises $6 to $12
kaz2y5: calls $6
*** RIVER *** [6s Tc Js 8c] [5h]
kaz2y5: checks
Velbor107: bets $6
kaz2y5: folds
Uncalled bet ($6) returned to Velbor107
Velbor107 collected $41.50 from pot
*** SUMMARY ***
Total pot $42 | Rake $0.50
Board [6s Tc Js 8c 5h]
Seat 1: Velbor107 (button) (small blind) collected ($41.50)
Seat 6: kaz2y5 (big blind) folded on the River


PokerStars Hand #158706004835:  Hold'em Limit ($3/$6 USD) - 2016/09/16 23:45:25 ET
Table 'Irmela' 6-max Seat #6 is the button
Seat 1: Velbor107 ($358.64 in chips)
Seat 6: kaz2y5 ($20.98 in chips)
kaz2y5: posts small blind $1
Velbor107: posts big blind $3
*** HOLE CARDS ***
kaz2y5: folds
Uncalled bet ($2) returned to Velbor107
Velbor107 collected $2 from pot
*** SUMMARY ***
Total pot $2 | Rake $0
Seat 1: Velbor107 (big blind) collected ($2)
Seat 6: kaz2y5 (button) (small blind) folded before Flop


PokerStars Hand #158706000740:  Hold'em Limit ($3/$6 USD) - 2016/09/16 23:45:10 ET
Table 'Irmela' 6-max Seat #1 is the button
Seat 1: Velbor107 ($367.64 in chips)
Seat 6: kaz2y5 ($12.34 in chips)
Velbor107: posts small blind $1
kaz2y5: posts big blind $3
*** HOLE CARDS ***
Velbor107: raises $3 to $6
kaz2y5: raises $3 to $9
Velbor107: calls $3
*** FLOP *** [8s 6h 9c]
kaz2y5: bets $3
Velbor107: folds
Uncalled bet ($3) returned to kaz2y5
kaz2y5 collected $17.64 from pot
kaz2y5: doesn't show hand
*** SUMMARY ***
Total pot $18 | Rake $0.36
Board [8s 6h 9c]
Seat 1: Velbor107 (button) (small blind) folded on the Flop
Seat 6: kaz2y5 (big blind) collected ($17.64)


PokerStars Hand #158705999002:  Hold'em Limit ($3/$6 USD) - 2016/09/16 23:45:04 ET
Table 'Irmela' 6-max Seat #6 is the button
Seat 1: Velbor107 ($366.64 in chips)
Seat 6: kaz2y5 ($13.34 in chips)
kaz2y5: posts small blind $1
Velbor107: posts big blind $3
*** HOLE CARDS ***
kaz2y5: folds
Uncalled bet ($2) returned to Velbor107
Velbor107 collected $2 from pot
*** SUMMARY ***
Total pot $2 | Rake $0
Seat 1: Velbor107 (big blind) collected ($2)
Seat 6: kaz2y5 (button) (small blind) folded before Flop


PokerStars Hand #158705997176:  Hold'em Limit ($3/$6 USD) - 2016/09/16 23:44:57 ET
Table 'Irmela' 6-max Seat #1 is the button
Seat 1: Velbor107 ($367.64 in chips)
Seat 6: kaz2y5 ($12.34 in chips)
Velbor107: posts small blind $1
kaz2y5: posts big blind $3
*** HOLE CARDS ***
Velbor107: folds
Uncalled bet ($2) returned to kaz2y5
kaz2y5 collected $2 from pot
*** SUMMARY ***
Total pot $2 | Rake $0
Seat 1: Velbor107 (button) (small blind) folded before Flop
Seat 6: kaz2y5 (big blind) collected ($2)


PokerStars Hand #158705994315:  Hold'em Limit ($3/$6 USD) - 2016/09/16 23:44:47 ET
Table 'Irmela' 6-max Seat #6 is the button
Seat 1: Velbor107 ($370.64 in chips)
Seat 6: kaz2y5 ($9.34 in chips)
kaz2y5: posts small blind $1
Velbor107: posts big blind $3
*** HOLE CARDS ***
kaz2y5: raises $3 to $6
Velbor107: folds
Uncalled bet ($3) returned to kaz2y5
kaz2y5 collected $6 from pot
kaz2y5: doesn't show hand
*** SUMMARY ***
Total pot $6 | Rake $0
Seat 1: Velbor107 (big blind) folded before Flop
Seat 6: kaz2y5 (button) (small blind) collected ($6)


PokerStars Hand #158705991684:  Hold'em Limit ($3/$6 USD) - 2016/09/16 23:44:38 ET
Table 'Irmela' 6-max Seat #1 is the button
Seat 1: Velbor107 ($367.64 in chips)
Seat 6: kaz2y5 ($12.34 in chips)
Velbor107: posts small blind $1
kaz2y5: posts big blind $3
*** HOLE CARDS ***
Velbor107: raises $3 to $6
kaz2y5: folds
Uncalled bet ($3) returned to Velbor107
Velbor107 collected $6 from pot
*** SUMMARY ***
Total pot $6 | Rake $0
Seat 1: Velbor107 (button) (small blind) collected ($6)
Seat 6: kaz2y5 (big blind) folded before Flop


PokerStars Hand #158705989970:  Hold'em Limit ($3/$6 USD) - 2016/09/16 23:44:32 ET
Table 'Irmela' 6-max Seat #6 is the button
Seat 1: Velbor107 ($366.64 in chips)
Seat 6: kaz2y5 ($13.34 in chips)
kaz2y5: posts small blind $1
Velbor107: posts big blind $3
*** HOLE CARDS ***
kaz2y5: folds
Uncalled bet ($2) returned to Velbor107
Velbor107 collected $2 from pot
*** SUMMARY ***
Total pot $2 | Rake $0
Seat 1: Velbor107 (big blind) collected ($2)
Seat 6: kaz2y5 (button) (small blind) folded before Flop


PokerStars Hand #158705987975:  Hold'em Limit ($3/$6 USD) - 2016/09/16 23:44:24 ET
Table 'Irmela' 6-max Seat #1 is the button
Seat 1: Velbor107 ($363.64 in chips)
Seat 6: kaz2y5 ($16.34 in chips)
Velbor107: posts small blind $1
kaz2y5: posts big blind $3
*** HOLE CARDS ***
Velbor107: raises $3 to $6
kaz2y5: folds
Uncalled bet ($3) returned to Velbor107
Velbor107 collected $6 from pot
*** SUMMARY ***
Total pot $6 | Rake $0
Seat 1: Velbor107 (button) (small blind) collected ($6)
Seat 6: kaz2y5 (big blind) folded before Flop


PokerStars Hand #158705977161:  Hold'em Limit ($3/$6 USD) - 2016/09/16 23:43:46 ET
Table 'Irmela' 6-max Seat #6 is the button
Seat 1: Velbor107 ($340.14 in chips)
Seat 6: kaz2y5 ($40.34 in chips)
kaz2y5: posts small blind $1
Velbor107: posts big blind $3
*** HOLE CARDS ***
kaz2y5: raises $3 to $6
Velbor107: raises $3 to $9
kaz2y5: calls $3
*** FLOP *** [4d 9h 4c]
Velbor107: bets $3
kaz2y5: calls $3
*** TURN *** [4d 9h 4c] [8c]
Velbor107: bets $6
kaz2y5: calls $6
*** RIVER *** [4d 9h 4c 8c] [4s]
Velbor107: bets $6
kaz2y5: calls $6
*** SHOW DOWN ***
Velbor107: shows [Ac Ah] (a full house, Fours full of Aces)
kaz2y5: mucks hand
Velbor107 collected $47.50 from pot
*** SUMMARY ***
Total pot $48 | Rake $0.50
Board [4d 9h 4c 8c 4s]
Seat 1: Velbor107 (big blind) showed [Ac Ah] and won ($47.50) with a full house, Fours full of Aces
Seat 6: kaz2y5 (button) (small blind) mucked


PokerStars Hand #158706017228:  Hold'em Limit ($3/$6 USD) - 2016/09/16 23:46:09 ET
Table 'Irmela' 6-max Seat #1 is the button
Seat 1: Velbor107 ($335.64 in chips)
Seat 6: kaz2y5 ($43.12 in chips)
Velbor107: posts small blind $1
kaz2y5: posts big blind $3
*** HOLE CARDS ***
Velbor107: folds
Uncalled bet ($2) returned to kaz2y5
kaz2y5 collected $2 from pot
kaz2y5: doesn't show hand
*** SUMMARY ***
Total pot $2 | Rake $0
Seat 1: Velbor107 (button) (small blind) folded before Flop
Seat 6: kaz2y5 (big blind) collected ($2)


PokerStars Hand #158706009958:  Hold'em Limit ($3/$6 USD) - 2016/09/16 23:45:43 ET
Table 'Irmela' 6-max Seat #6 is the button
Seat 1: Velbor107 ($350.64 in chips)
Seat 6: kaz2y5 ($28.62 in chips)
kaz2y5: posts small blind $1
Velbor107: posts big blind $3
*** HOLE CARDS ***
kaz2y5: raises $3 to $6
Velbor107: calls $3
*** FLOP *** [5s Jc Qd]
Velbor107: checks
kaz2y5: bets $3
Velbor107: calls $3
*** TURN *** [5s Jc Qd] [7c]
Velbor107: checks
kaz2y5: bets $6
Velbor107: calls $6
*** RIVER *** [5s Jc Qd 7c] [Qh]
Velbor107: checks
kaz2y5: bets $6
Velbor107: folds
Uncalled bet ($6) returned to kaz2y5
kaz2y5 collected $29.50 from pot
kaz2y5: doesn't show hand
*** SUMMARY ***
Total pot $30 | Rake $0.50
Board [5s Jc Qd 7c Qh]
Seat 1: Velbor107 (big blind) folded on the River
Seat 6: kaz2y5 (button) (small blind) collected ($29.50)


PokerStars Hand #158706006379:  Hold'em Limit ($3/$6 USD) - 2016/09/16 23:45:30 ET
Table 'Irmela' 6-max Seat #1 is the button
Seat 1: Velbor107 ($359.64 in chips)
Seat 6: kaz2y5 ($19.98 in chips)
Velbor107: posts small blind $1
kaz2y5: posts big blind $3
*** HOLE CARDS ***
Velbor107: raises $3 to $6
kaz2y5: raises $3 to $9
Velbor107: calls $3
*** FLOP *** [Ah As 3d]
kaz2y5: bets $3
Velbor107: folds
Uncalled bet ($3) returned to kaz2y5
kaz2y5 collected $17.64 from pot
kaz2y5: doesn't show hand
*** SUMMARY ***
Total pot $18 | Rake $0.36
Board [Ah As 3d]
Seat 1: Velbor107 (button) (small blind) folded on the Flop
Seat 6: kaz2y5 (big blind) collected ($17.64)


PokerStars Hand #158706046458:  Hold'em Limit ($3/$6 USD) - 2016/09/16 23:47:22 ET
Table 'Irmela' 6-max Seat #6 is the button
Seat 1: Velbor107 ($366.14 in chips)
Seat 6: kaz2y5 ($11.88 in chips)
kaz2y5: posts small blind $1
Velbor107: posts big blind $3
*** HOLE CARDS ***
kaz2y5: raises $3 to $6
Velbor107: folds
Uncalled bet ($3) returned to kaz2y5
kaz2y5 collected $6 from pot
kaz2y5: doesn't show hand
*** SUMMARY ***
Total pot $6 | Rake $0
Seat 1: Velbor107 (big blind) folded before Flop
Seat 6: kaz2y5 (button) (small blind) collected ($6)


PokerStars Hand #158706044080:  Hold'em Limit ($3/$6 USD) - 2016/09/16 23:47:13 ET
Table 'Irmela' 6-max Seat #1 is the button
Seat 1: Velbor107 ($363.14 in chips)
Seat 6: kaz2y5 ($14.88 in chips)
Velbor107: posts small blind $1
kaz2y5: posts big blind $3
*** HOLE CARDS ***
Velbor107: raises $3 to $6
kaz2y5: folds
Uncalled bet ($3) returned to Velbor107
Velbor107 collected $6 from pot
*** SUMMARY ***
Total pot $6 | Rake $0
Seat 1: Velbor107 (button) (small blind) collected ($6)
Seat 6: kaz2y5 (big blind) folded before Flop


PokerStars Hand #158706040643:  Hold'em Limit ($3/$6 USD) - 2016/09/16 23:47:01 ET
Table 'Irmela' 6-max Seat #6 is the button
Seat 1: Velbor107 ($369.14 in chips)
Seat 6: kaz2y5 ($9.12 in chips)
kaz2y5: posts small blind $1
Velbor107: posts big blind $3
*** HOLE CARDS ***
kaz2y5: raises $3 to $6
Velbor107: calls $3
*** FLOP *** [6d Qs Ah]
Velbor107: checks
kaz2y5: bets $3
Velbor107: folds
Uncalled bet ($3) returned to kaz2y5
kaz2y5 collected $11.76 from pot
kaz2y5: doesn't show hand
*** SUMMARY ***
Total pot $12 | Rake $0.24
Board [6d Qs Ah]
Seat 1: Velbor107 (big blind) folded on the Flop
Seat 6: kaz2y5 (button) (small blind) collected ($11.76)


PokerStars Hand #158706039147:  Hold'em Limit ($3/$6 USD) - 2016/09/16 23:46:56 ET
Table 'Irmela' 6-max Seat #1 is the button
Seat 1: Velbor107 ($370.14 in chips)
Seat 6: kaz2y5 ($8.12 in chips)
Velbor107: posts small blind $1
kaz2y5: posts big blind $3
*** HOLE CARDS ***
Velbor107: folds
Uncalled bet ($2) returned to kaz2y5
kaz2y5 collected $2 from pot
*** SUMMARY ***
Total pot $2 | Rake $0
Seat 1: Velbor107 (button) (small blind) folded before Flop
Seat 6: kaz2y5 (big blind) collected ($2)


PokerStars Hand #158706037404:  Hold'em Limit ($3/$6 USD) - 2016/09/16 23:46:49 ET
Table 'Irmela' 6-max Seat #6 is the button
Seat 1: Velbor107 ($369.14 in chips)
Seat 6: kaz2y5 ($9.12 in chips)
kaz2y5: posts small blind $1
Velbor107: posts big blind $3
*** HOLE CARDS ***
kaz2y5: folds
Uncalled bet ($2) returned to Velbor107
Velbor107 collected $2 from pot
*** SUMMARY ***
Total pot $2 | Rake $0
Seat 1: Velbor107 (big blind) collected ($2)
Seat 6: kaz2y5 (button) (small blind) folded before Flop


PokerStars Hand #158706035863:  Hold'em Limit ($3/$6 USD) - 2016/09/16 23:46:44 ET
Table 'Irmela' 6-max Seat #1 is the button
Seat 1: Velbor107 ($370.14 in chips)
Seat 6: kaz2y5 ($8.12 in chips)
Velbor107: posts small blind $1
kaz2y5: posts big blind $3
*** HOLE CARDS ***
Velbor107: folds
Uncalled bet ($2) returned to kaz2y5
kaz2y5 collected $2 from pot
kaz2y5: doesn't show hand
*** SUMMARY ***
Total pot $2 | Rake $0
Seat 1: Velbor107 (button) (small blind) folded before Flop
Seat 6: kaz2y5 (big blind) collected ($2)


PokerStars Hand #158706018830:  Hold'em Limit ($3/$6 USD) - 2016/09/16 23:46:15 ET
Table 'Irmela' 6-max Seat #6 is the button
Seat 1: Velbor107 ($334.64 in chips)
Seat 6: kaz2y5 ($44.12 in chips)
kaz2y5: posts small blind $1
Velbor107: posts big blind $3
*** HOLE CARDS ***
kaz2y5: raises $3 to $6
Velbor107: raises $3 to $9
kaz2y5: calls $3
*** FLOP *** [4c 2h 7h]
Velbor107: bets $3
kaz2y5: calls $3
*** TURN *** [4c 2h 7h] [6s]
Velbor107: bets $6
kaz2y5: calls $6
*** RIVER *** [4c 2h 7h 6s] [2s]
Velbor107: bets $6
kaz2y5: raises $6 to $12
Velbor107: raises $6 to $18
kaz2y5: calls $6
*** SHOW DOWN ***
Velbor107: shows [2d 2c] (four of a kind, Deuces)
kaz2y5: mucks hand
Velbor107 collected $71.50 from pot
*** SUMMARY ***
Total pot $72 | Rake $0.50
Board [4c 2h 7h 6s 2s]
Seat 1: Velbor107 (big blind) showed [2d 2c] and won ($71.50) with four of a kind, Deuces
Seat 6: kaz2y5 (button) (small blind) mucked


PokerStars Hand #158706050557:  Hold'em Limit ($3/$6 USD) - 2016/09/16 23:47:36 ET
Table 'Irmela' 6-max Seat #6 is the button
Seat 1: Velbor107 ($362.14 in chips)
Seat 6: kaz2y5 ($15.88 in chips)
kaz2y5: posts small blind $1
Velbor107: posts big blind $3
*** HOLE CARDS ***
kaz2y5: raises $3 to $6
Velbor107: calls $3
*** FLOP *** [Ah 8h 3s]
Velbor107: checks
kaz2y5: bets $3
Velbor107: folds
Uncalled bet ($3) returned to kaz2y5
kaz2y5 collected $11.76 from pot
*** SUMMARY ***
Total pot $12 | Rake $0.24
Board [Ah 8h 3s]
Seat 1: Velbor107 (big blind) folded on the Flop
Seat 6: kaz2y5 (button) (small blind) collected ($11.76)


PokerStars Hand #158706048075:  Hold'em Limit ($3/$6 USD) - 2016/09/16 23:47:28 ET
Table 'Irmela' 6-max Seat #1 is the button
Seat 1: Velbor107 ($363.14 in chips)
Seat 6: kaz2y5 ($14.88 in chips)
Velbor107: posts small blind $1
kaz2y5: posts big blind $3
*** HOLE CARDS ***
Velbor107: folds
Uncalled bet ($2) returned to kaz2y5
kaz2y5 collected $2 from pot
*** SUMMARY ***
Total pot $2 | Rake $0
Seat 1: Velbor107 (button) (small blind) folded before Flop
Seat 6: kaz2y5 (big blind) collected ($2)


