PokerStars Hand #158266596113:  Hold'em Limit ($3/$6 USD) - 2016/09/06 22:00:30 ET
Table 'Irmintraud' 6-max Seat #3 is the button
Seat 3: swics1202 ($43.52 in chips)
Seat 6: anetkaapro ($95.26 in chips)
swics1202: posts small blind $1
anetkaapro: posts big blind $3
*** HOLE CARDS ***
swics1202: raises $3 to $6
anetkaapro: calls $3
*** FLOP *** [As 5d Kc]
anetkaapro: checks
swics1202: bets $3
anetkaapro: folds
Uncalled bet ($3) returned to swics1202
swics1202 collected $11.76 from pot
swics1202: doesn't show hand
*** SUMMARY ***
Total pot $12 | Rake $0.24
Board [As 5d Kc]
Seat 3: swics1202 (button) (small blind) collected ($11.76)
Seat 6: anetkaapro (big blind) folded on the Flop


PokerStars Hand #158266599285:  Hold'em Limit ($3/$6 USD) - 2016/09/06 22:00:40 ET
Table 'Irmintraud' 6-max Seat #6 is the button
Seat 3: swics1202 ($49.28 in chips)
Seat 6: anetkaapro ($89.26 in chips)
anetkaapro: posts small blind $1
swics1202: posts big blind $3
*** HOLE CARDS ***
anetkaapro: raises $3 to $6
swics1202: folds
Uncalled bet ($3) returned to anetkaapro
anetkaapro collected $6 from pot
anetkaapro: doesn't show hand
*** SUMMARY ***
Total pot $6 | Rake $0
Seat 3: swics1202 (big blind) folded before Flop
Seat 6: anetkaapro (button) (small blind) collected ($6)


PokerStars Hand #158266592652:  Hold'em Limit ($3/$6 USD) - 2016/09/06 22:00:19 ET
Table 'Irmintraud' 6-max Seat #6 is the button
Seat 3: swics1202 ($49.52 in chips)
Seat 6: anetkaapro ($89.50 in chips)
anetkaapro: posts small blind $1
swics1202: posts big blind $3
*** HOLE CARDS ***
anetkaapro: raises $3 to $6
swics1202: calls $3
*** FLOP *** [Kc 7h Tc]
swics1202: checks
anetkaapro: bets $3
swics1202: folds
Uncalled bet ($3) returned to anetkaapro
anetkaapro collected $11.76 from pot
anetkaapro: doesn't show hand
*** SUMMARY ***
Total pot $12 | Rake $0.24
Board [Kc 7h Tc]
Seat 3: swics1202 (big blind) folded on the Flop
Seat 6: anetkaapro (button) (small blind) collected ($11.76)


PokerStars Hand #158266590540:  Hold'em Limit ($3/$6 USD) - 2016/09/06 22:00:12 ET
Table 'Irmintraud' 6-max Seat #3 is the button
Seat 3: swics1202 ($46.52 in chips)
Seat 6: anetkaapro ($92.50 in chips)
swics1202: posts small blind $1
anetkaapro: posts big blind $3
*** HOLE CARDS ***
swics1202: raises $3 to $6
anetkaapro: folds
Uncalled bet ($3) returned to swics1202
swics1202 collected $6 from pot
swics1202: doesn't show hand
*** SUMMARY ***
Total pot $6 | Rake $0
Seat 3: swics1202 (button) (small blind) collected ($6)
Seat 6: anetkaapro (big blind) folded before Flop


PokerStars Hand #158266588848:  Hold'em Limit ($3/$6 USD) - 2016/09/06 22:00:06 ET
Table 'Irmintraud' 6-max Seat #6 is the button
Seat 3: swics1202 ($45.52 in chips)
Seat 6: anetkaapro ($93.50 in chips)
anetkaapro: posts small blind $1
swics1202: posts big blind $3
*** HOLE CARDS ***
anetkaapro: folds
Uncalled bet ($2) returned to swics1202
swics1202 collected $2 from pot
*** SUMMARY ***
Total pot $2 | Rake $0
Seat 3: swics1202 (big blind) collected ($2)
Seat 6: anetkaapro (button) (small blind) folded before Flop


PokerStars Hand #158266579043:  Hold'em Limit ($3/$6 USD) - 2016/09/06 21:59:34 ET
Table 'Irmintraud' 6-max Seat #6 is the button
Seat 3: swics1202 ($35 in chips)
Seat 6: anetkaapro ($104.50 in chips)
anetkaapro: posts small blind $1
swics1202: posts big blind $3
*** HOLE CARDS ***
anetkaapro: raises $3 to $6
swics1202: raises $3 to $9
anetkaapro: calls $3
*** FLOP *** [Jc Jd 3s]
swics1202: bets $3
anetkaapro: calls $3
*** TURN *** [Jc Jd 3s] [8h]
swics1202: bets $6
anetkaapro: folds
Uncalled bet ($6) returned to swics1202
swics1202 collected $23.52 from pot
*** SUMMARY ***
Total pot $24 | Rake $0.48
Board [Jc Jd 3s 8h]
Seat 3: swics1202 (big blind) collected ($23.52)
Seat 6: anetkaapro (button) (small blind) folded on the Turn


PokerStars Hand #158266601257:  Hold'em Limit ($3/$6 USD) - 2016/09/06 22:00:46 ET
Table 'Irmintraud' 6-max Seat #3 is the button
Seat 3: swics1202 ($46.28 in chips)
Seat 6: anetkaapro ($92.26 in chips)
swics1202: posts small blind $1
anetkaapro: posts big blind $3
*** HOLE CARDS ***
swics1202: raises $3 to $6
anetkaapro: calls $3
*** FLOP *** [Ac Kd 4s]
anetkaapro: checks
swics1202: bets $3
anetkaapro: calls $3
*** TURN *** [Ac Kd 4s] [7c]
anetkaapro: checks
swics1202: checks
*** RIVER *** [Ac Kd 4s 7c] [2c]
anetkaapro: bets $6
swics1202: calls $6
*** SHOW DOWN ***
anetkaapro: shows [As 3d] (a pair of Aces)
swics1202: mucks hand
anetkaapro collected $29.50 from pot
*** SUMMARY ***
Total pot $30 | Rake $0.50
Board [Ac Kd 4s 7c 2c]
Seat 3: swics1202 (button) (small blind) mucked
Seat 6: anetkaapro (big blind) showed [As 3d] and won ($29.50) with a pair of Aces


PokerStars Hand #158266609517:  Hold'em Limit ($3/$6 USD) - 2016/09/06 22:01:11 ET
Table 'Irmintraud' 6-max Seat #6 is the button
Seat 3: swics1202 ($31.28 in chips)
Seat 6: anetkaapro ($106.76 in chips)
anetkaapro: posts small blind $1
swics1202: posts big blind $3
*** HOLE CARDS ***
anetkaapro: raises $3 to $6
swics1202: calls $3
*** FLOP *** [2c Jc 7s]
swics1202: checks
anetkaapro: bets $3
swics1202: folds
Uncalled bet ($3) returned to anetkaapro
anetkaapro collected $11.76 from pot
anetkaapro: doesn't show hand
*** SUMMARY ***
Total pot $12 | Rake $0.24
Board [2c Jc 7s]
Seat 3: swics1202 (big blind) folded on the Flop
Seat 6: anetkaapro (button) (small blind) collected ($11.76)


PokerStars Hand #158266566437:  Hold'em Limit ($3/$6 USD) - 2016/09/06 21:58:52 ET
Table 'Irmintraud' 6-max Seat #6 is the button
Seat 3: swics1202 ($67 in chips)
Seat 6: anetkaapro ($72 in chips)
anetkaapro: posts small blind $1
swics1202: posts big blind $3
*** HOLE CARDS ***
anetkaapro: folds
Uncalled bet ($2) returned to swics1202
swics1202 collected $2 from pot
swics1202: doesn't show hand
*** SUMMARY ***
Total pot $2 | Rake $0
Seat 3: swics1202 (big blind) collected ($2)
Seat 6: anetkaapro (button) (small blind) folded before Flop


PokerStars Hand #158266568901:  Hold'em Limit ($3/$6 USD) - 2016/09/06 21:59:00 ET
Table 'Irmintraud' 6-max Seat #3 is the button
Seat 3: swics1202 ($68 in chips)
Seat 6: anetkaapro ($72 in chips)
swics1202: posts small blind $1
anetkaapro: posts big blind $3
*** HOLE CARDS ***
swics1202: raises $3 to $6
anetkaapro: raises $3 to $9
swics1202: raises $3 to $12
Betting is capped
anetkaapro: calls $3
*** FLOP *** [5s 6d 6c]
anetkaapro: checks
swics1202: bets $3
anetkaapro: calls $3
*** TURN *** [5s 6d 6c] [9s]
anetkaapro: checks
swics1202: bets $6
anetkaapro: raises $6 to $12
swics1202: calls $6
*** RIVER *** [5s 6d 6c 9s] [Td]
anetkaapro: bets $6
swics1202: calls $6
*** SHOW DOWN ***
anetkaapro: shows [Jh 9h] (two pair, Nines and Sixes)
swics1202: mucks hand
anetkaapro collected $65.50 from pot
*** SUMMARY ***
Total pot $66 | Rake $0.50
Board [5s 6d 6c 9s Td]
Seat 3: swics1202 (button) (small blind) mucked
Seat 6: anetkaapro (big blind) showed [Jh 9h] and won ($65.50) with two pair, Nines and Sixes


PokerStars Hand #158266639903:  Hold'em Limit ($3/$6 USD) - 2016/09/06 22:02:39 ET
Table 'Irmintraud' 6-max Seat #6 is the button
Seat 3: swics1202 ($24.06 in chips)
Seat 6: anetkaapro ($112.64 in chips)
anetkaapro: posts small blind $1
swics1202: posts big blind $3
*** HOLE CARDS ***
anetkaapro: folds
Uncalled bet ($2) returned to swics1202
swics1202 collected $2 from pot
swics1202: doesn't show hand
*** SUMMARY ***
Total pot $2 | Rake $0
Seat 3: swics1202 (big blind) collected ($2)
Seat 6: anetkaapro (button) (small blind) folded before Flop


PokerStars Hand #158266637937:  Hold'em Limit ($3/$6 USD) - 2016/09/06 22:02:34 ET
Table 'Irmintraud' 6-max Seat #3 is the button
Seat 3: swics1202 ($25.06 in chips)
Seat 6: anetkaapro ($111.64 in chips)
swics1202: posts small blind $1
anetkaapro: posts big blind $3
*** HOLE CARDS ***
swics1202: folds
Uncalled bet ($2) returned to anetkaapro
anetkaapro collected $2 from pot
anetkaapro: doesn't show hand
*** SUMMARY ***
Total pot $2 | Rake $0
Seat 3: swics1202 (button) (small blind) folded before Flop
Seat 6: anetkaapro (big blind) collected ($2)


PokerStars Hand #158266615527:  Hold'em Limit ($3/$6 USD) - 2016/09/06 22:01:29 ET
Table 'Irmintraud' 6-max Seat #3 is the button
Seat 3: swics1202 ($25.28 in chips)
Seat 6: anetkaapro ($112.52 in chips)
swics1202: posts small blind $1
anetkaapro: posts big blind $3
*** HOLE CARDS ***
swics1202: raises $3 to $6
anetkaapro: calls $3
*** FLOP *** [Tc Jc Ks]
anetkaapro: checks
swics1202: bets $3
anetkaapro: calls $3
*** TURN *** [Tc Jc Ks] [5h]
anetkaapro: checks
swics1202: checks
*** RIVER *** [Tc Jc Ks 5h] [8h]
anetkaapro: bets $6
swics1202: folds
Uncalled bet ($6) returned to anetkaapro
anetkaapro collected $17.64 from pot
anetkaapro: doesn't show hand
*** SUMMARY ***
Total pot $18 | Rake $0.36
Board [Tc Jc Ks 5h 8h]
Seat 3: swics1202 (button) (small blind) folded on the River
Seat 6: anetkaapro (big blind) collected ($17.64)


PokerStars Hand #158266641487:  Hold'em Limit ($3/$6 USD) - 2016/09/06 22:02:44 ET
Table 'Irmintraud' 6-max Seat #3 is the button
Seat 3: swics1202 ($25.06 in chips)
Seat 6: anetkaapro ($111.64 in chips)
swics1202: posts small blind $1
anetkaapro: posts big blind $3
*** HOLE CARDS ***
swics1202: folds
Uncalled bet ($2) returned to anetkaapro
anetkaapro collected $2 from pot
anetkaapro: doesn't show hand
*** SUMMARY ***
Total pot $2 | Rake $0
Seat 3: swics1202 (button) (small blind) folded before Flop
Seat 6: anetkaapro (big blind) collected ($2)


PokerStars Hand #158266631594:  Hold'em Limit ($3/$6 USD) - 2016/09/06 22:02:15 ET
Table 'Irmintraud' 6-max Seat #3 is the button
Seat 3: swics1202 ($32.06 in chips)
Seat 6: anetkaapro ($104.88 in chips)
swics1202: posts small blind $1
anetkaapro: posts big blind $3
*** HOLE CARDS ***
swics1202: folds
Uncalled bet ($2) returned to anetkaapro
anetkaapro collected $2 from pot
anetkaapro: doesn't show hand
*** SUMMARY ***
Total pot $2 | Rake $0
Seat 3: swics1202 (button) (small blind) folded before Flop
Seat 6: anetkaapro (big blind) collected ($2)


PokerStars Hand #158266624401:  Hold'em Limit ($3/$6 USD) - 2016/09/06 22:01:55 ET
Table 'Irmintraud' 6-max Seat #6 is the button
Seat 3: swics1202 ($16.28 in chips)
Seat 6: anetkaapro ($121.16 in chips)
anetkaapro: posts small blind $1
swics1202: posts big blind $3
*** HOLE CARDS ***
anetkaapro: raises $3 to $6
swics1202: raises $3 to $9
anetkaapro: calls $3
*** FLOP *** [9s Tc Ks]
swics1202: bets $3
anetkaapro: raises $3 to $6
swics1202: raises $1.28 to $7.28 and is all-in
anetkaapro: calls $1.28
*** TURN *** [9s Tc Ks] [5c]
*** RIVER *** [9s Tc Ks 5c] [6s]
*** SHOW DOWN ***
swics1202: shows [Qs 3s] (a flush, King high)
anetkaapro: shows [Qh Ac] (high card Ace)
swics1202 collected $32.06 from pot
*** SUMMARY ***
Total pot $32.56 | Rake $0.50
Board [9s Tc Ks 5c 6s]
Seat 3: swics1202 (big blind) showed [Qs 3s] and won ($32.06) with a flush, King high
Seat 6: anetkaapro (button) (small blind) showed [Qh Ac] and lost with high card Ace


PokerStars Hand #158266633617:  Hold'em Limit ($3/$6 USD) - 2016/09/06 22:02:21 ET
Table 'Irmintraud' 6-max Seat #6 is the button
Seat 3: swics1202 ($31.06 in chips)
Seat 6: anetkaapro ($105.88 in chips)
anetkaapro: posts small blind $1
swics1202: posts big blind $3
*** HOLE CARDS ***
anetkaapro: raises $3 to $6
swics1202: calls $3
*** FLOP *** [Qh Jc 8s]
swics1202: checks
anetkaapro: bets $3
swics1202: folds
Uncalled bet ($3) returned to anetkaapro
anetkaapro collected $11.76 from pot
anetkaapro: doesn't show hand
*** SUMMARY ***
Total pot $12 | Rake $0.24
Board [Qh Jc 8s]
Seat 3: swics1202 (big blind) folded on the Flop
Seat 6: anetkaapro (button) (small blind) collected ($11.76)


PokerStars Hand #158266670745:  Hold'em Limit ($3/$6 USD) - 2016/09/06 22:04:07 ET
Table 'Irmintraud' 6-max Seat #6 is the button
Seat 4: shampBTgogo ($38 in chips)
Seat 6: anetkaapro ($116.64 in chips)
anetkaapro: posts small blind $1
shampBTgogo: posts big blind $3
*** HOLE CARDS ***
anetkaapro: raises $3 to $6
shampBTgogo: folds
Uncalled bet ($3) returned to anetkaapro
anetkaapro collected $6 from pot
anetkaapro: doesn't show hand
*** SUMMARY ***
Total pot $6 | Rake $0
Seat 4: shampBTgogo (big blind) folded before Flop
Seat 6: anetkaapro (button) (small blind) collected ($6)


PokerStars Hand #158266669200:  Hold'em Limit ($3/$6 USD) - 2016/09/06 22:04:03 ET
Table 'Irmintraud' 6-max Seat #4 is the button
Seat 4: shampBTgogo ($39 in chips)
Seat 6: anetkaapro ($115.64 in chips)
shampBTgogo: posts small blind $1
anetkaapro: posts big blind $3
*** HOLE CARDS ***
shampBTgogo: folds
Uncalled bet ($2) returned to anetkaapro
anetkaapro collected $2 from pot
anetkaapro: doesn't show hand
*** SUMMARY ***
Total pot $2 | Rake $0
Seat 4: shampBTgogo (button) (small blind) folded before Flop
Seat 6: anetkaapro (big blind) collected ($2)


PokerStars Hand #158266677557:  Hold'em Limit ($3/$6 USD) - 2016/09/06 22:04:27 ET
Table 'Irmintraud' 6-max Seat #6 is the button
Seat 4: shampBTgogo ($40.76 in chips)
Seat 6: anetkaapro ($113.64 in chips)
anetkaapro: posts small blind $1
shampBTgogo: posts big blind $3
*** HOLE CARDS ***
anetkaapro: raises $3 to $6
shampBTgogo: folds
Uncalled bet ($3) returned to anetkaapro
anetkaapro collected $6 from pot
anetkaapro: doesn't show hand
*** SUMMARY ***
Total pot $6 | Rake $0
Seat 4: shampBTgogo (big blind) folded before Flop
Seat 6: anetkaapro (button) (small blind) collected ($6)


PokerStars Hand #158266683220:  Hold'em Limit ($3/$6 USD) - 2016/09/06 22:04:43 ET
Table 'Irmintraud' 6-max Seat #4 is the button
Seat 4: shampBTgogo ($37.76 in chips)
Seat 6: anetkaapro ($116.64 in chips)
shampBTgogo: posts small blind $1
anetkaapro: posts big blind $3
*** HOLE CARDS ***
shampBTgogo: raises $3 to $6
anetkaapro: folds
Uncalled bet ($3) returned to shampBTgogo
shampBTgogo collected $6 from pot
shampBTgogo: doesn't show hand
*** SUMMARY ***
Total pot $6 | Rake $0
Seat 4: shampBTgogo (button) (small blind) collected ($6)
Seat 6: anetkaapro (big blind) folded before Flop


PokerStars Hand #158266666824:  Hold'em Limit ($3/$6 USD) - 2016/09/06 22:03:56 ET
Table 'Irmintraud' 6-max Seat #6 is the button
Seat 4: shampBTgogo ($42 in chips)
Seat 6: anetkaapro ($112.64 in chips)
anetkaapro: posts small blind $1
shampBTgogo: posts big blind $3
*** HOLE CARDS ***
anetkaapro: raises $3 to $6
shampBTgogo: folds
Uncalled bet ($3) returned to anetkaapro
anetkaapro collected $6 from pot
anetkaapro: doesn't show hand
*** SUMMARY ***
Total pot $6 | Rake $0
Seat 4: shampBTgogo (big blind) folded before Flop
Seat 6: anetkaapro (button) (small blind) collected ($6)


PokerStars Hand #158266686266:  Hold'em Limit ($3/$6 USD) - 2016/09/06 22:04:52 ET
Table 'Irmintraud' 6-max Seat #6 is the button
Seat 4: shampBTgogo ($40.76 in chips)
Seat 6: anetkaapro ($113.64 in chips)
anetkaapro: posts small blind $1
shampBTgogo: posts big blind $3
*** HOLE CARDS ***
anetkaapro: raises $3 to $6
shampBTgogo: calls $3
*** FLOP *** [Ah 8d 4s]
shampBTgogo: checks
anetkaapro: bets $3
shampBTgogo: raises $3 to $6
anetkaapro: calls $3
*** TURN *** [Ah 8d 4s] [7h]
shampBTgogo: bets $6
anetkaapro: folds
Uncalled bet ($6) returned to shampBTgogo
shampBTgogo collected $23.52 from pot
shampBTgogo: doesn't show hand
*** SUMMARY ***
Total pot $24 | Rake $0.48
Board [Ah 8d 4s 7h]
Seat 4: shampBTgogo (big blind) collected ($23.52)
Seat 6: anetkaapro (button) (small blind) folded on the Turn


PokerStars Hand #158266694030:  Hold'em Limit ($3/$6 USD) - 2016/09/06 22:05:14 ET
Table 'Irmintraud' 6-max Seat #4 is the button
Seat 4: shampBTgogo ($52.28 in chips)
Seat 6: anetkaapro ($101.64 in chips)
shampBTgogo: posts small blind $1
anetkaapro: posts big blind $3
*** HOLE CARDS ***
shampBTgogo: raises $3 to $6
anetkaapro: raises $3 to $9
shampBTgogo: calls $3
*** FLOP *** [Jd 8d 5s]
anetkaapro: bets $3
shampBTgogo: calls $3
*** TURN *** [Jd 8d 5s] [4s]
anetkaapro: bets $6
shampBTgogo: calls $6
*** RIVER *** [Jd 8d 5s 4s] [8s]
anetkaapro: bets $6
shampBTgogo: folds
Uncalled bet ($6) returned to anetkaapro
anetkaapro collected $35.50 from pot
anetkaapro: doesn't show hand
*** SUMMARY ***
Total pot $36 | Rake $0.50
Board [Jd 8d 5s 4s 8s]
Seat 4: shampBTgogo (button) (small blind) folded on the River
Seat 6: anetkaapro (big blind) collected ($35.50)


PokerStars Hand #158266701262:  Hold'em Limit ($3/$6 USD) - 2016/09/06 22:05:34 ET
Table 'Irmintraud' 6-max Seat #6 is the button
Seat 4: shampBTgogo ($34.28 in chips)
Seat 6: anetkaapro ($119.14 in chips)
anetkaapro: posts small blind $1
shampBTgogo: posts big blind $3
*** HOLE CARDS ***
anetkaapro: raises $3 to $6
shampBTgogo: raises $3 to $9
anetkaapro: calls $3
*** FLOP *** [2s Kd 7d]
shampBTgogo: bets $3
anetkaapro: calls $3
*** TURN *** [2s Kd 7d] [Jd]
shampBTgogo: bets $6
anetkaapro: calls $6
*** RIVER *** [2s Kd 7d Jd] [3c]
shampBTgogo: bets $6
anetkaapro: calls $6
*** SHOW DOWN ***
shampBTgogo: shows [6d 5d] (a flush, King high)
anetkaapro: mucks hand
shampBTgogo collected $47.50 from pot
*** SUMMARY ***
Total pot $48 | Rake $0.50
Board [2s Kd 7d Jd 3c]
Seat 4: shampBTgogo (big blind) showed [6d 5d] and won ($47.50) with a flush, King high
Seat 6: anetkaapro (button) (small blind) mucked


PokerStars Hand #158267636009:  Hold'em Limit ($3/$6 USD) - 2016/09/06 22:52:53 ET
Table 'Irmintraud' 6-max Seat #1 is the button
Seat 1: 0214for-life ($127.02 in chips)
Seat 2: anetkaapro ($75 in chips)
0214for-life: posts small blind $1
anetkaapro: posts big blind $3
*** HOLE CARDS ***
0214for-life: folds
Uncalled bet ($2) returned to anetkaapro
anetkaapro collected $2 from pot
anetkaapro: doesn't show hand
*** SUMMARY ***
Total pot $2 | Rake $0
Seat 1: 0214for-life (button) (small blind) folded before Flop
Seat 2: anetkaapro (big blind) collected ($2)


PokerStars Hand #158267637428:  Hold'em Limit ($3/$6 USD) - 2016/09/06 22:52:58 ET
Table 'Irmintraud' 6-max Seat #2 is the button
Seat 1: 0214for-life ($126.02 in chips)
Seat 2: anetkaapro ($76 in chips)
anetkaapro: posts small blind $1
0214for-life: posts big blind $3
*** HOLE CARDS ***
anetkaapro: raises $3 to $6
0214for-life: folds
Uncalled bet ($3) returned to anetkaapro
anetkaapro collected $6 from pot
anetkaapro: doesn't show hand
*** SUMMARY ***
Total pot $6 | Rake $0
Seat 1: 0214for-life (big blind) folded before Flop
Seat 2: anetkaapro (button) (small blind) collected ($6)


PokerStars Hand #158267631800:  Hold'em Limit ($3/$6 USD) - 2016/09/06 22:52:40 ET
Table 'Irmintraud' 6-max Seat #2 is the button
Seat 1: 0214for-life ($130.02 in chips)
Seat 2: anetkaapro ($72 in chips)
anetkaapro: posts small blind $1
0214for-life: posts big blind $3
*** HOLE CARDS ***
anetkaapro: raises $3 to $6
0214for-life: folds
Uncalled bet ($3) returned to anetkaapro
anetkaapro collected $6 from pot
anetkaapro: doesn't show hand
*** SUMMARY ***
Total pot $6 | Rake $0
Seat 1: 0214for-life (big blind) folded before Flop
Seat 2: anetkaapro (button) (small blind) collected ($6)


PokerStars Hand #158267656220:  Hold'em Limit ($3/$6 USD) - 2016/09/06 22:54:01 ET
Table 'Irmintraud' 6-max Seat #1 is the button
Seat 1: 0214for-life ($81.02 in chips)
Seat 2: anetkaapro ($120.26 in chips)
0214for-life: posts small blind $1
anetkaapro: posts big blind $3
*** HOLE CARDS ***
0214for-life: raises $3 to $6
anetkaapro: calls $3
*** FLOP *** [As 8h 9s]
anetkaapro: checks
0214for-life: bets $3
anetkaapro: raises $3 to $6
0214for-life: raises $3 to $9
anetkaapro: calls $3
*** TURN *** [As 8h 9s] [5c]
anetkaapro: checks
0214for-life: bets $6
anetkaapro: calls $6
*** RIVER *** [As 8h 9s 5c] [Jc]
anetkaapro: checks
0214for-life: checks
*** SHOW DOWN ***
anetkaapro: shows [5s 3s] (a pair of Fives)
0214for-life: shows [2s 8s] (a pair of Eights)
0214for-life collected $41.50 from pot
*** SUMMARY ***
Total pot $42 | Rake $0.50
Board [As 8h 9s 5c Jc]
Seat 1: 0214for-life (button) (small blind) showed [2s 8s] and won ($41.50) with a pair of Eights
Seat 2: anetkaapro (big blind) showed [5s 3s] and lost with a pair of Fives


PokerStars Hand #158267662578:  Hold'em Limit ($3/$6 USD) - 2016/09/06 22:54:22 ET
Table 'Irmintraud' 6-max Seat #2 is the button
Seat 1: 0214for-life ($101.52 in chips)
Seat 2: anetkaapro ($99.26 in chips)
anetkaapro: posts small blind $1
0214for-life: posts big blind $3
*** HOLE CARDS ***
anetkaapro: folds
Uncalled bet ($2) returned to 0214for-life
0214for-life collected $2 from pot
*** SUMMARY ***
Total pot $2 | Rake $0
Seat 1: 0214for-life (big blind) collected ($2)
Seat 2: anetkaapro (button) (small blind) folded before Flop


PokerStars Hand #158267639835:  Hold'em Limit ($3/$6 USD) - 2016/09/06 22:53:06 ET
Table 'Irmintraud' 6-max Seat #1 is the button
Seat 1: 0214for-life ($123.02 in chips)
Seat 2: anetkaapro ($79 in chips)
0214for-life: posts small blind $1
anetkaapro: posts big blind $3
*** HOLE CARDS ***
0214for-life: raises $3 to $6
anetkaapro: raises $3 to $9
0214for-life: calls $3
*** FLOP *** [7h Kh 3c]
anetkaapro: bets $3
0214for-life: calls $3
*** TURN *** [7h Kh 3c] [2d]
anetkaapro: bets $6
0214for-life: raises $6 to $12
anetkaapro: raises $6 to $18
0214for-life: calls $6
*** RIVER *** [7h Kh 3c 2d] [9s]
anetkaapro: bets $6
0214for-life: calls $6
*** SHOW DOWN ***
anetkaapro: shows [Td Kd] (a pair of Kings)
0214for-life: mucks hand
anetkaapro collected $71.50 from pot
*** SUMMARY ***
Total pot $72 | Rake $0.50
Board [7h Kh 3c 2d 9s]
Seat 1: 0214for-life (button) (small blind) mucked
Seat 2: anetkaapro (big blind) showed [Td Kd] and won ($71.50) with a pair of Kings


PokerStars Hand #158267653409:  Hold'em Limit ($3/$6 USD) - 2016/09/06 22:53:51 ET
Table 'Irmintraud' 6-max Seat #2 is the button
Seat 1: 0214for-life ($87.02 in chips)
Seat 2: anetkaapro ($114.50 in chips)
anetkaapro: posts small blind $1
0214for-life: posts big blind $3
*** HOLE CARDS ***
anetkaapro: raises $3 to $6
0214for-life: calls $3
*** FLOP *** [7c Qd 7s]
0214for-life: checks
anetkaapro: bets $3
0214for-life: folds
Uncalled bet ($3) returned to anetkaapro
anetkaapro collected $11.76 from pot
anetkaapro: doesn't show hand
*** SUMMARY ***
Total pot $12 | Rake $0.24
Board [7c Qd 7s]
Seat 1: 0214for-life (big blind) folded on the Flop
Seat 2: anetkaapro (button) (small blind) collected ($11.76)


PokerStars Hand #158267663962:  Hold'em Limit ($3/$6 USD) - 2016/09/06 22:54:26 ET
Table 'Irmintraud' 6-max Seat #1 is the button
Seat 1: 0214for-life ($102.52 in chips)
Seat 2: anetkaapro ($98.26 in chips)
0214for-life: posts small blind $1
anetkaapro: posts big blind $3
*** HOLE CARDS ***
0214for-life: calls $2
anetkaapro: raises $3 to $6
0214for-life: raises $3 to $9
anetkaapro: calls $3
*** FLOP *** [3s Ac 4s]
anetkaapro: checks
0214for-life: bets $3
anetkaapro: calls $3
*** TURN *** [3s Ac 4s] [9s]
BuzovaPro joins the table at seat #3
anetkaapro: checks
0214for-life: bets $6
anetkaapro: folds
Uncalled bet ($6) returned to 0214for-life
0214for-life collected $23.52 from pot
*** SUMMARY ***
Total pot $24 | Rake $0.48
Board [3s Ac 4s 9s]
Seat 1: 0214for-life (button) (small blind) collected ($23.52)
Seat 2: anetkaapro (big blind) folded on the Turn


PokerStars Hand #158267770399:  Hold'em Limit ($3/$6 USD) - 2016/09/06 23:01:07 ET
Table 'Irmintraud' 6-max Seat #2 is the button
Seat 2: anetkaapro ($84.11 in chips)
Seat 4: LWNS ($80 in chips)
pksubban7600 will be allowed to play after the button
anetkaapro: posts small blind $1
BuzovaPro: is sitting out
LWNS: posts big blind $3
*** HOLE CARDS ***
anetkaapro: raises $3 to $6
LWNS: raises $3 to $9
pksubban7600 leaves the table
anetkaapro: calls $3
*** FLOP *** [9d As 4d]
LWNS: bets $3
anetkaapro: calls $3
*** TURN *** [9d As 4d] [2c]
LWNS: bets $6
anetkaapro: calls $6
*** RIVER *** [9d As 4d 2c] [4c]
LWNS: bets $6
anetkaapro: calls $6
*** SHOW DOWN ***
LWNS: shows [7s 6s] (a pair of Fours)
anetkaapro: shows [7d Ah] (two pair, Aces and Fours)
anetkaapro collected $47.50 from pot
*** SUMMARY ***
Total pot $48 | Rake $0.50
Board [9d As 4d 2c 4c]
Seat 2: anetkaapro (button) (small blind) showed [7d Ah] and won ($47.50) with two pair, Aces and Fours
Seat 4: LWNS (big blind) showed [7s 6s] and lost with a pair of Fours


PokerStars Hand #158267779185:  Hold'em Limit ($3/$6 USD) - 2016/09/06 23:01:37 ET
Table 'Irmintraud' 6-max Seat #6 is the button
Seat 4: LWNS ($55 in chips)
Seat 6: AAinthehole ($121 in chips)
AAinthehole: posts small blind $1
anetkaapro: is sitting out
LWNS: posts big blind $3
*** HOLE CARDS ***
AAinthehole: raises $3 to $6
anetkaapro leaves the table
LWNS: calls $3
*** FLOP *** [3d 6h 3h]
BuzovaPro leaves the table
anetkaapro joins the table at seat #5
LWNS: checks
AAinthehole: bets $3
LWNS: calls $3
*** TURN *** [3d 6h 3h] [Qc]
LWNS: checks
AAinthehole: bets $6
LWNS: raises $6 to $12
AAinthehole: folds
Uncalled bet ($6) returned to LWNS
LWNS collected $29.50 from pot
LWNS: doesn't show hand
*** SUMMARY ***
Total pot $30 | Rake $0.50
Board [3d 6h 3h Qc]
Seat 4: LWNS (big blind) collected ($29.50)
Seat 6: AAinthehole (button) (small blind) folded on the Turn


PokerStars Hand #158267804705:  Hold'em Limit ($3/$6 USD) - 2016/09/06 23:03:03 ET
Table 'Irmintraud' 6-max Seat #5 is the button
Seat 1: 0214for-life ($113 in chips)
Seat 5: anetkaapro ($78.64 in chips)
anetkaapro: posts small blind $1
0214for-life: posts big blind $3
*** HOLE CARDS ***
anetkaapro: raises $3 to $6
0214for-life: folds
Uncalled bet ($3) returned to anetkaapro
anetkaapro collected $6 from pot
anetkaapro: doesn't show hand
*** SUMMARY ***
Total pot $6 | Rake $0
Seat 1: 0214for-life (big blind) folded before Flop
Seat 5: anetkaapro (button) (small blind) collected ($6)


PokerStars Hand #158267801474:  Hold'em Limit ($3/$6 USD) - 2016/09/06 23:02:52 ET
Table 'Irmintraud' 6-max Seat #1 is the button
Seat 1: 0214for-life ($114 in chips)
Seat 5: anetkaapro ($77.64 in chips)
0214for-life: posts small blind $1
anetkaapro: posts big blind $3
*** HOLE CARDS ***
0214for-life: folds
Uncalled bet ($2) returned to anetkaapro
anetkaapro collected $2 from pot
anetkaapro: doesn't show hand
*** SUMMARY ***
Total pot $2 | Rake $0
Seat 1: 0214for-life (button) (small blind) folded before Flop
Seat 5: anetkaapro (big blind) collected ($2)


PokerStars Hand #158267828805:  Hold'em Limit ($3/$6 USD) - 2016/09/06 23:04:16 ET
Table 'Irmintraud' 6-max Seat #1 is the button
Seat 1: 0214for-life ($106.76 in chips)
Seat 5: anetkaapro ($84.28 in chips)
0214for-life: posts small blind $1
anetkaapro: posts big blind $3
*** HOLE CARDS ***
0214for-life: calls $2
anetkaapro: raises $3 to $6
0214for-life: calls $3
*** FLOP *** [Td Jd 9h]
anetkaapro: bets $3
0214for-life: calls $3
*** TURN *** [Td Jd 9h] [Qc]
anetkaapro: bets $6
0214for-life: calls $6
*** RIVER *** [Td Jd 9h Qc] [4s]
anetkaapro: checks
0214for-life: bets $6
anetkaapro: folds
Uncalled bet ($6) returned to 0214for-life
0214for-life collected $29.50 from pot
*** SUMMARY ***
Total pot $30 | Rake $0.50
Board [Td Jd 9h Qc 4s]
Seat 1: 0214for-life (button) (small blind) collected ($29.50)
Seat 5: anetkaapro (big blind) folded on the River


PokerStars Hand #158267824658:  Hold'em Limit ($3/$6 USD) - 2016/09/06 23:04:03 ET
Table 'Irmintraud' 6-max Seat #5 is the button
Seat 1: 0214for-life ($101 in chips)
Seat 5: anetkaapro ($90.28 in chips)
anetkaapro: posts small blind $1
0214for-life: posts big blind $3
*** HOLE CARDS ***
anetkaapro: raises $3 to $6
0214for-life: calls $3
*** FLOP *** [5s 7d 6s]
0214for-life: checks
anetkaapro: checks
*** TURN *** [5s 7d 6s] [8h]
0214for-life: bets $6
anetkaapro: folds
Uncalled bet ($6) returned to 0214for-life
0214for-life collected $11.76 from pot
*** SUMMARY ***
Total pot $12 | Rake $0.24
Board [5s 7d 6s 8h]
Seat 1: 0214for-life (big blind) collected ($11.76)
Seat 5: anetkaapro (button) (small blind) folded on the Turn


PokerStars Hand #158267807504:  Hold'em Limit ($3/$6 USD) - 2016/09/06 23:03:12 ET
Table 'Irmintraud' 6-max Seat #1 is the button
Seat 1: 0214for-life ($110 in chips)
Seat 5: anetkaapro ($81.64 in chips)
0214for-life: posts small blind $1
anetkaapro: posts big blind $3
*** HOLE CARDS ***
0214for-life: raises $3 to $6
anetkaapro: calls $3
*** FLOP *** [5c 2h 8c]
anetkaapro: checks
0214for-life: bets $3
anetkaapro: raises $3 to $6
0214for-life: folds
Uncalled bet ($3) returned to anetkaapro
anetkaapro collected $17.64 from pot
anetkaapro: doesn't show hand
*** SUMMARY ***
Total pot $18 | Rake $0.36
Board [5c 2h 8c]
Seat 1: 0214for-life (button) (small blind) folded on the Flop
Seat 5: anetkaapro (big blind) collected ($17.64)


PokerStars Hand #158267833831:  Hold'em Limit ($3/$6 USD) - 2016/09/06 23:04:33 ET
Table 'Irmintraud' 6-max Seat #5 is the button
Seat 1: 0214for-life ($121.26 in chips)
Seat 5: anetkaapro ($72 in chips)
anetkaapro: posts small blind $1
0214for-life: posts big blind $3
*** HOLE CARDS ***
anetkaapro: raises $3 to $6
0214for-life: folds
Uncalled bet ($3) returned to anetkaapro
anetkaapro collected $6 from pot
anetkaapro: doesn't show hand
*** SUMMARY ***
Total pot $6 | Rake $0
Seat 1: 0214for-life (big blind) folded before Flop
Seat 5: anetkaapro (button) (small blind) collected ($6)


PokerStars Hand #158267836055:  Hold'em Limit ($3/$6 USD) - 2016/09/06 23:04:41 ET
Table 'Irmintraud' 6-max Seat #1 is the button
Seat 1: 0214for-life ($118.26 in chips)
Seat 5: anetkaapro ($75 in chips)
0214for-life: posts small blind $1
anetkaapro: posts big blind $3
*** HOLE CARDS ***
0214for-life: calls $2
anetkaapro: raises $3 to $6
0214for-life: raises $3 to $9
anetkaapro: calls $3
*** FLOP *** [Kd Ts Th]
anetkaapro: checks
0214for-life: bets $3
anetkaapro: calls $3
*** TURN *** [Kd Ts Th] [3d]
anetkaapro: checks
0214for-life: bets $6
anetkaapro: raises $6 to $12
0214for-life: calls $6
*** RIVER *** [Kd Ts Th 3d] [9c]
anetkaapro: bets $6
0214for-life: raises $6 to $12
anetkaapro: raises $6 to $18
0214for-life: raises $6 to $24
Betting is capped
anetkaapro: calls $6
*** SHOW DOWN ***
0214for-life: shows [Kc Kh] (a full house, Kings full of Tens)
anetkaapro: mucks hand
0214for-life collected $95.50 from pot
*** SUMMARY ***
Total pot $96 | Rake $0.50
Board [Kd Ts Th 3d 9c]
Seat 1: 0214for-life (button) (small blind) showed [Kc Kh] and won ($95.50) with a full house, Kings full of Tens
Seat 5: anetkaapro (big blind) mucked


PokerStars Hand #158267857418:  Hold'em Limit ($3/$6 USD) - 2016/09/06 23:05:52 ET
Table 'Irmintraud' 6-max Seat #5 is the button
Seat 1: 0214for-life ($165.76 in chips)
Seat 5: anetkaapro ($72 in chips)
anetkaapro: posts small blind $1
0214for-life: posts big blind $3
*** HOLE CARDS ***
anetkaapro: folds
Uncalled bet ($2) returned to 0214for-life
0214for-life collected $2 from pot
*** SUMMARY ***
Total pot $2 | Rake $0
Seat 1: 0214for-life (big blind) collected ($2)
Seat 5: anetkaapro (button) (small blind) folded before Flop


