PokerStars Hand #149200773150:  Hold'em Limit ($3/$6 USD) - 2016/02/21 16:08:37 ET
Table 'Irmintraud II' 6-max Seat #6 is the button
Seat 3: CatPuppy1999 ($72 in chips)
Seat 6: Andredias950 ($167.76 in chips)
Andredias950: posts small blind $1
CatPuppy1999: posts big blind $3
*** HOLE CARDS ***
Andredias950: raises $3 to $6
CatPuppy1999: calls $3
*** FLOP *** [Ts Ah 7d]
CatPuppy1999: checks
Andredias950: bets $3
CatPuppy1999: folds
Uncalled bet ($3) returned to Andredias950
Andredias950 collected $11.76 from pot
Andredias950: doesn't show hand
*** SUMMARY ***
Total pot $12 | Rake $0.24
Board [Ts Ah 7d]
Seat 3: CatPuppy1999 (big blind) folded on the Flop
Seat 6: Andredias950 (button) (small blind) collected ($11.76)


PokerStars Hand #149200753028:  Hold'em Limit ($3/$6 USD) - 2016/02/21 16:08:18 ET
Table 'Irmintraud II' 6-max Seat #3 is the button
Seat 3: CatPuppy1999 ($72 in chips)
Seat 6: Andredias950 ($150.26 in chips)
CatPuppy1999: posts small blind $1
Andredias950: posts big blind $3
*** HOLE CARDS ***
CatPuppy1999: raises $3 to $6
Andredias950: calls $3
*** FLOP *** [Qd Qs 3d]
Andredias950: checks
CatPuppy1999: checks
*** TURN *** [Qd Qs 3d] [7s]
Andredias950: bets $6
CatPuppy1999: calls $6
*** RIVER *** [Qd Qs 3d 7s] [Jh]
Andredias950: bets $6
CatPuppy1999: calls $6
*** SHOW DOWN ***
Andredias950: shows [2c 3c] (two pair, Queens and Threes)
CatPuppy1999: mucks hand
Andredias950 collected $35.50 from pot
*** SUMMARY ***
Total pot $36 | Rake $0.50
Board [Qd Qs 3d 7s Jh]
Seat 3: CatPuppy1999 (button) (small blind) mucked
Seat 6: Andredias950 (big blind) showed [2c 3c] and won ($35.50) with two pair, Queens and Threes


PokerStars Hand #149200798596:  Hold'em Limit ($3/$6 USD) - 2016/02/21 16:08:57 ET
Table 'Irmintraud II' 6-max Seat #3 is the button
Seat 3: CatPuppy1999 ($72 in chips)
Seat 6: Andredias950 ($173.52 in chips)
CatPuppy1999: posts small blind $1
Andredias950: posts big blind $3
*** HOLE CARDS ***
CatPuppy1999: raises $3 to $6
boarcastle joins the table at seat #1
Andredias950: calls $3
*** FLOP *** [Qh 6d 3h]
Andredias950: checks
CatPuppy1999: bets $3
Andredias950: calls $3
*** TURN *** [Qh 6d 3h] [5s]
Andredias950: checks
CatPuppy1999: bets $6
Andredias950: calls $6
*** RIVER *** [Qh 6d 3h 5s] [3d]
Andredias950: checks
kolaz03 joins the table at seat #2
CatPuppy1999: bets $6
Andredias950: calls $6
*** SHOW DOWN ***
CatPuppy1999: shows [Qd As] (two pair, Queens and Threes)
Andredias950: mucks hand
CatPuppy1999 collected $41.50 from pot
*** SUMMARY ***
Total pot $42 | Rake $0.50
Board [Qh 6d 3h 5s 3d]
Seat 3: CatPuppy1999 (button) (small blind) showed [Qd As] and won ($41.50) with two pair, Queens and Threes
Seat 6: Andredias950 (big blind) mucked


PokerStars Hand #149201265162:  Hold'em Limit ($3/$6 USD) - 2016/02/21 16:15:30 ET
Table 'Irmintraud II' 6-max Seat #6 is the button
Seat 3: CatPuppy1999 ($104.59 in chips)
Seat 6: Andredias950 ($158.92 in chips)
Andredias950: posts small blind $1
CatPuppy1999: posts big blind $3
*** HOLE CARDS ***
Andredias950: raises $3 to $6
CatPuppy1999: raises $3 to $9
Andredias950: calls $3
*** FLOP *** [Ad Td 2h]
CatPuppy1999: bets $3
Andredias950: calls $3
*** TURN *** [Ad Td 2h] [4c]
CatPuppy1999: bets $6
Andredias950: calls $6
*** RIVER *** [Ad Td 2h 4c] [Qd]
CatPuppy1999: bets $6
Andredias950: calls $6
*** SHOW DOWN ***
CatPuppy1999: shows [Ah Kc] (a pair of Aces)
Andredias950: mucks hand
CatPuppy1999 collected $47.50 from pot
*** SUMMARY ***
Total pot $48 | Rake $0.50
Board [Ad Td 2h 4c Qd]
Seat 3: CatPuppy1999 (big blind) showed [Ah Kc] and won ($47.50) with a pair of Aces
Seat 6: Andredias950 (button) (small blind) mucked


PokerStars Hand #149201621970:  Hold'em Limit ($3/$6 USD) - 2016/02/21 16:20:32 ET
Table 'Irmintraud II' 6-max Seat #3 is the button
Seat 3: CatPuppy1999 ($126.84 in chips)
Seat 6: boarcastle ($120.75 in chips)
CatPuppy1999: posts small blind $1
boarcastle: posts big blind $3
*** HOLE CARDS ***
CatPuppy1999: folds
Uncalled bet ($2) returned to boarcastle
boarcastle collected $2 from pot
boarcastle: doesn't show hand
*** SUMMARY ***
Total pot $2 | Rake $0
Seat 3: CatPuppy1999 (button) (small blind) folded before Flop
Seat 6: boarcastle (big blind) collected ($2)


PokerStars Hand #149201571153:  Hold'em Limit ($3/$6 USD) - 2016/02/21 16:19:48 ET
Table 'Irmintraud II' 6-max Seat #6 is the button
Seat 3: CatPuppy1999 ($127.09 in chips)
Seat 6: boarcastle ($121 in chips)
boarcastle: posts small blind $1
CatPuppy1999: posts big blind $3
*** HOLE CARDS ***
boarcastle: raises $3 to $6
CatPuppy1999: calls $3
*** FLOP *** [8d 5d 9d]
CatPuppy1999: checks
boarcastle: bets $3
CatPuppy1999: calls $3
*** TURN *** [8d 5d 9d] [Qh]
CatPuppy1999: checks
boarcastle: checks
*** RIVER *** [8d 5d 9d Qh] [6s]
CatPuppy1999: bets $6
boarcastle: raises $6 to $12
CatPuppy1999: calls $6
*** SHOW DOWN ***
boarcastle: shows [7s 8c] (a straight, Five to Nine)
CatPuppy1999: shows [7d Ah] (a straight, Five to Nine)
CatPuppy1999 collected $20.75 from pot
boarcastle collected $20.75 from pot
*** SUMMARY ***
Total pot $42 | Rake $0.50
Board [8d 5d 9d Qh 6s]
Seat 3: CatPuppy1999 (big blind) showed [7d Ah] and won ($20.75) with a straight, Five to Nine
Seat 6: boarcastle (button) (small blind) showed [7s 8c] and won ($20.75) with a straight, Five to Nine


PokerStars Hand #149201627975:  Hold'em Limit ($3/$6 USD) - 2016/02/21 16:20:37 ET
Table 'Irmintraud II' 6-max Seat #6 is the button
Seat 3: CatPuppy1999 ($125.84 in chips)
Seat 6: boarcastle ($121.75 in chips)
boarcastle: posts small blind $1
CatPuppy1999: posts big blind $3
*** HOLE CARDS ***
boarcastle: raises $3 to $6
CatPuppy1999: calls $3
*** FLOP *** [3c 6h Qd]
CatPuppy1999: checks
boarcastle: checks
*** TURN *** [3c 6h Qd] [3s]
CatPuppy1999: bets $6
boarcastle: folds
Uncalled bet ($6) returned to CatPuppy1999
CatPuppy1999 collected $11.76 from pot
CatPuppy1999: doesn't show hand
*** SUMMARY ***
Total pot $12 | Rake $0.24
Board [3c 6h Qd 3s]
Seat 3: CatPuppy1999 (big blind) collected ($11.76)
Seat 6: boarcastle (button) (small blind) folded on the Turn


PokerStars Hand #149201659625:  Hold'em Limit ($3/$6 USD) - 2016/02/21 16:21:04 ET
Table 'Irmintraud II' 6-max Seat #3 is the button
Seat 3: CatPuppy1999 ($131.60 in chips)
Seat 6: boarcastle ($115.75 in chips)
CatPuppy1999: posts small blind $1
boarcastle: posts big blind $3
*** HOLE CARDS ***
CatPuppy1999: raises $3 to $6
boarcastle: calls $3
*** FLOP *** [2c Ad 6c]
boarcastle: checks
CatPuppy1999: bets $3
boarcastle: raises $3 to $6
CatPuppy1999: calls $3
*** TURN *** [2c Ad 6c] [Ks]
boarcastle: bets $6
CatPuppy1999: folds
Uncalled bet ($6) returned to boarcastle
boarcastle collected $23.52 from pot
boarcastle: doesn't show hand
*** SUMMARY ***
Total pot $24 | Rake $0.48
Board [2c Ad 6c Ks]
Seat 3: CatPuppy1999 (button) (small blind) folded on the Turn
Seat 6: boarcastle (big blind) collected ($23.52)


PokerStars Hand #149201692143:  Hold'em Limit ($3/$6 USD) - 2016/02/21 16:21:33 ET
Table 'Irmintraud II' 6-max Seat #3 is the button
Seat 3: CatPuppy1999 ($120.60 in chips)
Seat 6: boarcastle ($126.27 in chips)
CatPuppy1999: posts small blind $1
boarcastle: posts big blind $3
*** HOLE CARDS ***
CatPuppy1999: folds
Uncalled bet ($2) returned to boarcastle
boarcastle collected $2 from pot
boarcastle: doesn't show hand
*** SUMMARY ***
Total pot $2 | Rake $0
Seat 3: CatPuppy1999 (button) (small blind) folded before Flop
Seat 6: boarcastle (big blind) collected ($2)


PokerStars Hand #149201686626:  Hold'em Limit ($3/$6 USD) - 2016/02/21 16:21:28 ET
Table 'Irmintraud II' 6-max Seat #6 is the button
Seat 3: CatPuppy1999 ($119.60 in chips)
Seat 6: boarcastle ($127.27 in chips)
boarcastle: posts small blind $1
CatPuppy1999: posts big blind $3
*** HOLE CARDS ***
boarcastle: folds
Uncalled bet ($2) returned to CatPuppy1999
CatPuppy1999 collected $2 from pot
CatPuppy1999: doesn't show hand
*** SUMMARY ***
Total pot $2 | Rake $0
Seat 3: CatPuppy1999 (big blind) collected ($2)
Seat 6: boarcastle (button) (small blind) folded before Flop


PokerStars Hand #149201698289:  Hold'em Limit ($3/$6 USD) - 2016/02/21 16:21:38 ET
Table 'Irmintraud II' 6-max Seat #6 is the button
Seat 3: CatPuppy1999 ($119.60 in chips)
Seat 6: boarcastle ($127.27 in chips)
boarcastle: posts small blind $1
CatPuppy1999: posts big blind $3
*** HOLE CARDS ***
boarcastle: raises $3 to $6
CatPuppy1999: folds
Uncalled bet ($3) returned to boarcastle
boarcastle collected $6 from pot
boarcastle: doesn't show hand
*** SUMMARY ***
Total pot $6 | Rake $0
Seat 3: CatPuppy1999 (big blind) folded before Flop
Seat 6: boarcastle (button) (small blind) collected ($6)


PokerStars Hand #149201708336:  Hold'em Limit ($3/$6 USD) - 2016/02/21 16:21:46 ET
Table 'Irmintraud II' 6-max Seat #3 is the button
Seat 3: CatPuppy1999 ($116.60 in chips)
Seat 6: boarcastle ($130.27 in chips)
CatPuppy1999: posts small blind $1
boarcastle: posts big blind $3
*** HOLE CARDS ***
CatPuppy1999: raises $3 to $6
boarcastle: calls $3
*** FLOP *** [5h Kh 7h]
boarcastle: checks
CatPuppy1999: checks
*** TURN *** [5h Kh 7h] [4s]
boarcastle: bets $6
CatPuppy1999: calls $6
*** RIVER *** [5h Kh 7h 4s] [Qs]
boarcastle: checks
CatPuppy1999: checks
*** SHOW DOWN ***
boarcastle: shows [Ac 2c] (high card Ace)
CatPuppy1999: shows [3c 3h] (a pair of Threes)
CatPuppy1999 collected $23.52 from pot
*** SUMMARY ***
Total pot $24 | Rake $0.48
Board [5h Kh 7h 4s Qs]
Seat 3: CatPuppy1999 (button) (small blind) showed [3c 3h] and won ($23.52) with a pair of Threes
Seat 6: boarcastle (big blind) showed [Ac 2c] and lost with high card Ace


PokerStars Hand #149201744314:  Hold'em Limit ($3/$6 USD) - 2016/02/21 16:22:17 ET
Table 'Irmintraud II' 6-max Seat #6 is the button
Seat 3: CatPuppy1999 ($128.12 in chips)
Seat 6: boarcastle ($118.27 in chips)
boarcastle: posts small blind $1
CatPuppy1999: posts big blind $3
*** HOLE CARDS ***
boarcastle: raises $3 to $6
CatPuppy1999: calls $3
*** FLOP *** [Jc 8h Kd]
CatPuppy1999: checks
boarcastle: checks
*** TURN *** [Jc 8h Kd] [Td]
CatPuppy1999: checks
boarcastle: checks
*** RIVER *** [Jc 8h Kd Td] [4d]
CatPuppy1999: bets $6
boarcastle: folds
Uncalled bet ($6) returned to CatPuppy1999
CatPuppy1999 collected $11.76 from pot
CatPuppy1999: doesn't show hand
*** SUMMARY ***
Total pot $12 | Rake $0.24
Board [Jc 8h Kd Td 4d]
Seat 3: CatPuppy1999 (big blind) collected ($11.76)
Seat 6: boarcastle (button) (small blind) folded on the River


PokerStars Hand #149201773253:  Hold'em Limit ($3/$6 USD) - 2016/02/21 16:22:42 ET
Table 'Irmintraud II' 6-max Seat #3 is the button
Seat 3: CatPuppy1999 ($133.88 in chips)
Seat 6: boarcastle ($112.27 in chips)
CatPuppy1999: posts small blind $1
boarcastle: posts big blind $3
*** HOLE CARDS ***
CatPuppy1999: raises $3 to $6
boarcastle: calls $3
*** FLOP *** [Qd 2d 6s]
boarcastle: bets $3
CatPuppy1999: calls $3
*** TURN *** [Qd 2d 6s] [6h]
boarcastle: bets $6
CatPuppy1999: folds
Uncalled bet ($6) returned to boarcastle
boarcastle collected $17.64 from pot
boarcastle: doesn't show hand
*** SUMMARY ***
Total pot $18 | Rake $0.36
Board [Qd 2d 6s 6h]
Seat 3: CatPuppy1999 (button) (small blind) folded on the Turn
Seat 6: boarcastle (big blind) collected ($17.64)


PokerStars Hand #149201805223:  Hold'em Limit ($3/$6 USD) - 2016/02/21 16:23:10 ET
Table 'Irmintraud II' 6-max Seat #6 is the button
Seat 3: CatPuppy1999 ($124.88 in chips)
Seat 6: boarcastle ($120.91 in chips)
boarcastle: posts small blind $1
CatPuppy1999: posts big blind $3
*** HOLE CARDS ***
boarcastle: raises $3 to $6
CatPuppy1999: folds
Uncalled bet ($3) returned to boarcastle
boarcastle collected $6 from pot
boarcastle: doesn't show hand
*** SUMMARY ***
Total pot $6 | Rake $0
Seat 3: CatPuppy1999 (big blind) folded before Flop
Seat 6: boarcastle (button) (small blind) collected ($6)


PokerStars Hand #149201816520:  Hold'em Limit ($3/$6 USD) - 2016/02/21 16:23:20 ET
Table 'Irmintraud II' 6-max Seat #3 is the button
Seat 3: CatPuppy1999 ($121.88 in chips)
Seat 6: boarcastle ($123.91 in chips)
CatPuppy1999: posts small blind $1
boarcastle: posts big blind $3
*** HOLE CARDS ***
CatPuppy1999: raises $3 to $6
boarcastle: raises $3 to $9
CatPuppy1999: calls $3
*** FLOP *** [2c 4c 6h]
boarcastle: bets $3
CatPuppy1999: calls $3
*** TURN *** [2c 4c 6h] [3c]
boarcastle: bets $6
CatPuppy1999: folds
Uncalled bet ($6) returned to boarcastle
boarcastle collected $23.52 from pot
boarcastle: doesn't show hand
*** SUMMARY ***
Total pot $24 | Rake $0.48
Board [2c 4c 6h 3c]
Seat 3: CatPuppy1999 (button) (small blind) folded on the Turn
Seat 6: boarcastle (big blind) collected ($23.52)


PokerStars Hand #149201848118:  Hold'em Limit ($3/$6 USD) - 2016/02/21 16:23:47 ET
Table 'Irmintraud II' 6-max Seat #6 is the button
Seat 3: CatPuppy1999 ($109.88 in chips)
Seat 6: boarcastle ($135.43 in chips)
boarcastle: posts small blind $1
CatPuppy1999: posts big blind $3
*** HOLE CARDS ***
boarcastle: raises $3 to $6
CatPuppy1999: raises $3 to $9
boarcastle: calls $3
*** FLOP *** [8c 5c Jc]
CatPuppy1999: bets $3
boarcastle: raises $3 to $6
CatPuppy1999: folds
Uncalled bet ($3) returned to boarcastle
boarcastle collected $23.52 from pot
boarcastle: doesn't show hand
*** SUMMARY ***
Total pot $24 | Rake $0.48
Board [8c 5c Jc]
Seat 3: CatPuppy1999 (big blind) folded on the Flop
Seat 6: boarcastle (button) (small blind) collected ($23.52)


PokerStars Hand #149201901599:  Hold'em Limit ($3/$6 USD) - 2016/02/21 16:24:33 ET
Table 'Irmintraud II' 6-max Seat #3 is the button
Seat 3: CatPuppy1999 ($97.88 in chips)
Seat 5: PingaP ($30 in chips)
CatPuppy1999: posts small blind $1
PingaP: posts big blind $3
*** HOLE CARDS ***
CatPuppy1999: raises $3 to $6
PingaP: folds
Uncalled bet ($3) returned to CatPuppy1999
CatPuppy1999 collected $6 from pot
CatPuppy1999: doesn't show hand
*** SUMMARY ***
Total pot $6 | Rake $0
Seat 3: CatPuppy1999 (button) (small blind) collected ($6)
Seat 5: PingaP (big blind) folded before Flop


PokerStars Hand #149201911617:  Hold'em Limit ($3/$6 USD) - 2016/02/21 16:24:42 ET
Table 'Irmintraud II' 6-max Seat #5 is the button
Seat 3: CatPuppy1999 ($100.88 in chips)
Seat 5: PingaP ($27 in chips)
PingaP: posts small blind $1
CatPuppy1999: posts big blind $3
*** HOLE CARDS ***
PingaP: raises $3 to $6
CatPuppy1999: calls $3
*** FLOP *** [8c Ad Ts]
CatPuppy1999: checks
PingaP: bets $3
CatPuppy1999: folds
Uncalled bet ($3) returned to PingaP
PingaP collected $11.76 from pot
PingaP: doesn't show hand
*** SUMMARY ***
Total pot $12 | Rake $0.24
Board [8c Ad Ts]
Seat 3: CatPuppy1999 (big blind) folded on the Flop
Seat 5: PingaP (button) (small blind) collected ($11.76)


PokerStars Hand #149201951488:  Hold'em Limit ($3/$6 USD) - 2016/02/21 16:25:16 ET
Table 'Irmintraud II' 6-max Seat #3 is the button
Seat 3: CatPuppy1999 ($94.88 in chips)
Seat 5: PingaP ($32.76 in chips)
CatPuppy1999: posts small blind $1
PingaP: posts big blind $3
*** HOLE CARDS ***
CatPuppy1999: raises $3 to $6
PingaP: raises $3 to $9
CatPuppy1999: calls $3
*** FLOP *** [3h 7h Ad]
PingaP: bets $3
CatPuppy1999: calls $3
*** TURN *** [3h 7h Ad] [6h]
PingaP: bets $6
CatPuppy1999: calls $6
*** RIVER *** [3h 7h Ad 6h] [3d]
PingaP: bets $6
CatPuppy1999: calls $6
*** SHOW DOWN ***
PingaP: shows [8h Ac] (two pair, Aces and Threes)
CatPuppy1999: mucks hand
PingaP collected $47.50 from pot
*** SUMMARY ***
Total pot $48 | Rake $0.50
Board [3h 7h Ad 6h 3d]
Seat 3: CatPuppy1999 (button) (small blind) mucked
Seat 5: PingaP (big blind) showed [8h Ac] and won ($47.50) with two pair, Aces and Threes


PokerStars Hand #149201993997:  Hold'em Limit ($3/$6 USD) - 2016/02/21 16:25:53 ET
Table 'Irmintraud II' 6-max Seat #5 is the button
Seat 3: CatPuppy1999 ($72 in chips)
Seat 5: PingaP ($56.26 in chips)
PingaP: posts small blind $1
CatPuppy1999: posts big blind $3
*** HOLE CARDS ***
PingaP: raises $3 to $6
CatPuppy1999: calls $3
*** FLOP *** [9c 4d 3d]
CatPuppy1999: checks
PingaP: bets $3
CatPuppy1999: calls $3
*** TURN *** [9c 4d 3d] [Ts]
CatPuppy1999: checks
PingaP: checks
*** RIVER *** [9c 4d 3d Ts] [9d]
CatPuppy1999: checks
PingaP: bets $6
CatPuppy1999: calls $6
*** SHOW DOWN ***
PingaP: shows [7s Js] (a pair of Nines)
CatPuppy1999: shows [5c Ad] (a pair of Nines - Ace kicker)
CatPuppy1999 collected $29.50 from pot
*** SUMMARY ***
Total pot $30 | Rake $0.50
Board [9c 4d 3d Ts 9d]
Seat 3: CatPuppy1999 (big blind) showed [5c Ad] and won ($29.50) with a pair of Nines
Seat 5: PingaP (button) (small blind) showed [7s Js] and lost with a pair of Nines


PokerStars Hand #149202025707:  Hold'em Limit ($3/$6 USD) - 2016/02/21 16:26:20 ET
Table 'Irmintraud II' 6-max Seat #3 is the button
Seat 3: CatPuppy1999 ($86.50 in chips)
Seat 5: PingaP ($41.26 in chips)
CatPuppy1999: posts small blind $1
PingaP: posts big blind $3
*** HOLE CARDS ***
CatPuppy1999: raises $3 to $6
PingaP: calls $3
*** FLOP *** [Tc 2d Ts]
PingaP: checks
CatPuppy1999: checks
*** TURN *** [Tc 2d Ts] [6d]
PingaP: checks
CatPuppy1999: checks
*** RIVER *** [Tc 2d Ts 6d] [9h]
PingaP: bets $6
CatPuppy1999: calls $6
*** SHOW DOWN ***
PingaP: shows [9d Kc] (two pair, Tens and Nines)
CatPuppy1999: mucks hand
PingaP collected $23.52 from pot
*** SUMMARY ***
Total pot $24 | Rake $0.48
Board [Tc 2d Ts 6d 9h]
Seat 3: CatPuppy1999 (button) (small blind) mucked
Seat 5: PingaP (big blind) showed [9d Kc] and won ($23.52) with two pair, Tens and Nines


PokerStars Hand #149202110362:  Hold'em Limit ($3/$6 USD) - 2016/02/21 16:27:33 ET
Table 'Irmintraud II' 6-max Seat #3 is the button
Seat 3: CatPuppy1999 ($92 in chips)
Seat 5: PingaP ($34.78 in chips)
CatPuppy1999: posts small blind $1
PingaP: posts big blind $3
*** HOLE CARDS ***
CatPuppy1999: raises $3 to $6
PingaP: folds
Uncalled bet ($3) returned to CatPuppy1999
CatPuppy1999 collected $6 from pot
CatPuppy1999: doesn't show hand
*** SUMMARY ***
Total pot $6 | Rake $0
Seat 3: CatPuppy1999 (button) (small blind) collected ($6)
Seat 5: PingaP (big blind) folded before Flop


PokerStars Hand #149202074033:  Hold'em Limit ($3/$6 USD) - 2016/02/21 16:27:02 ET
Table 'Irmintraud II' 6-max Seat #5 is the button
Seat 3: CatPuppy1999 ($74.50 in chips)
Seat 5: PingaP ($52.78 in chips)
PingaP: posts small blind $1
CatPuppy1999: posts big blind $3
*** HOLE CARDS ***
PingaP: raises $3 to $6
CatPuppy1999: raises $3 to $9
PingaP: calls $3
*** FLOP *** [4c 6s 5d]
CatPuppy1999: bets $3
PingaP: calls $3
*** TURN *** [4c 6s 5d] [Qd]
CatPuppy1999: bets $6
PingaP: calls $6
*** RIVER *** [4c 6s 5d Qd] [Ac]
CatPuppy1999: bets $6
PingaP: folds
Uncalled bet ($6) returned to CatPuppy1999
CatPuppy1999 collected $35.50 from pot
CatPuppy1999: doesn't show hand
*** SUMMARY ***
Total pot $36 | Rake $0.50
Board [4c 6s 5d Qd Ac]
Seat 3: CatPuppy1999 (big blind) collected ($35.50)
Seat 5: PingaP (button) (small blind) folded on the River


PokerStars Hand #149202117957:  Hold'em Limit ($3/$6 USD) - 2016/02/21 16:27:39 ET
Table 'Irmintraud II' 6-max Seat #5 is the button
Seat 3: CatPuppy1999 ($95 in chips)
Seat 5: PingaP ($31.78 in chips)
PingaP: posts small blind $1
CatPuppy1999: posts big blind $3
*** HOLE CARDS ***
PingaP: folds
Uncalled bet ($2) returned to CatPuppy1999
CatPuppy1999 collected $2 from pot
CatPuppy1999: doesn't show hand
*** SUMMARY ***
Total pot $2 | Rake $0
Seat 3: CatPuppy1999 (big blind) collected ($2)
Seat 5: PingaP (button) (small blind) folded before Flop


PokerStars Hand #149202124153:  Hold'em Limit ($3/$6 USD) - 2016/02/21 16:27:45 ET
Table 'Irmintraud II' 6-max Seat #3 is the button
Seat 3: CatPuppy1999 ($96 in chips)
Seat 5: PingaP ($30.78 in chips)
CatPuppy1999: posts small blind $1
PingaP: posts big blind $3
*** HOLE CARDS ***
CatPuppy1999: raises $3 to $6
PingaP: raises $3 to $9
Rohirrim joins the table at seat #6
CatPuppy1999: calls $3
*** FLOP *** [2s Th 4c]
PingaP: bets $3
CatPuppy1999: calls $3
*** TURN *** [2s Th 4c] [9c]
PingaP: bets $6
CatPuppy1999: calls $6
*** RIVER *** [2s Th 4c 9c] [Td]
PingaP: bets $6
CatPuppy1999: calls $6
*** SHOW DOWN ***
PingaP: shows [Jd Qc] (a pair of Tens)
CatPuppy1999: shows [3d 3h] (two pair, Tens and Threes)
CatPuppy1999 collected $47.50 from pot
*** SUMMARY ***
Total pot $48 | Rake $0.50
Board [2s Th 4c 9c Td]
Seat 3: CatPuppy1999 (button) (small blind) showed [3d 3h] and won ($47.50) with two pair, Tens and Threes
Seat 5: PingaP (big blind) showed [Jd Qc] and lost with a pair of Tens


