PokerStars Hand #145056401695:  Hold'em Limit ($3/$6 USD) - 2015/12/08 22:59:59 ET
Table 'Irpedina' 2-max Seat #2 is the button
Seat 1: ct-650 ($131 in chips)
Seat 2: OHO67 ($168.40 in chips)
OHO67: posts small blind $1
ct-650: posts big blind $3
*** HOLE CARDS ***
OHO67: raises $3 to $6
ct-650: folds
Uncalled bet ($3) returned to OHO67
OHO67 collected $6 from pot
*** SUMMARY ***
Total pot $6 | Rake $0
Seat 1: ct-650 (big blind) folded before Flop
Seat 2: OHO67 (button) (small blind) collected ($6)


PokerStars Hand #145056399521:  Hold'em Limit ($3/$6 USD) - 2015/12/08 22:59:51 ET
Table 'Irpedina' 2-max Seat #1 is the button
Seat 1: ct-650 ($132 in chips)
Seat 2: OHO67 ($167.40 in chips)
ct-650: posts small blind $1
OHO67: posts big blind $3
*** HOLE CARDS ***
ct-650: folds
Uncalled bet ($2) returned to OHO67
OHO67 collected $2 from pot
*** SUMMARY ***
Total pot $2 | Rake $0
Seat 1: ct-650 (button) (small blind) folded before Flop
Seat 2: OHO67 (big blind) collected ($2)


PokerStars Hand #145056397820:  Hold'em Limit ($3/$6 USD) - 2015/12/08 22:59:44 ET
Table 'Irpedina' 2-max Seat #2 is the button
Seat 1: ct-650 ($135 in chips)
Seat 2: OHO67 ($164.40 in chips)
OHO67: posts small blind $1
ct-650: posts big blind $3
*** HOLE CARDS ***
OHO67: raises $3 to $6
ct-650: folds
Uncalled bet ($3) returned to OHO67
OHO67 collected $6 from pot
*** SUMMARY ***
Total pot $6 | Rake $0
Seat 1: ct-650 (big blind) folded before Flop
Seat 2: OHO67 (button) (small blind) collected ($6)


PokerStars Hand #145056392258:  Hold'em Limit ($3/$6 USD) - 2015/12/08 22:59:24 ET
Table 'Irpedina' 2-max Seat #1 is the button
Seat 1: ct-650 ($141 in chips)
Seat 2: OHO67 ($158.64 in chips)
ct-650: posts small blind $1
OHO67: posts big blind $3
*** HOLE CARDS ***
ct-650: raises $3 to $6
OHO67: calls $3
*** FLOP *** [4h Qc 8h]
OHO67: bets $3
ct-650: folds
Uncalled bet ($3) returned to OHO67
OHO67 collected $11.76 from pot
*** SUMMARY ***
Total pot $12 | Rake $0.24
Board [4h Qc 8h]
Seat 1: ct-650 (button) (small blind) folded on the Flop
Seat 2: OHO67 (big blind) collected ($11.76)


PokerStars Hand #145056384725:  Hold'em Limit ($3/$6 USD) - 2015/12/08 22:58:57 ET
Table 'Irpedina' 2-max Seat #2 is the button
Seat 1: ct-650 ($150 in chips)
Seat 2: OHO67 ($150 in chips)
OHO67: posts small blind $1
ct-650: posts big blind $3
*** HOLE CARDS ***
OHO67: calls $2
ct-650: raises $3 to $6
OHO67: calls $3
*** FLOP *** [Jd 3s Kh]
ct-650: bets $3
OHO67: calls $3
*** TURN *** [Jd 3s Kh] [8c]
ct-650: checks
OHO67: checks
*** RIVER *** [Jd 3s Kh 8c] [5d]
ct-650: checks
OHO67: checks
*** SHOW DOWN ***
ct-650: shows [9s Ah] (high card Ace)
OHO67: shows [Qs 5h] (a pair of Fives)
OHO67 collected $17.64 from pot
*** SUMMARY ***
Total pot $18 | Rake $0.36
Board [Jd 3s Kh 8c 5d]
Seat 1: ct-650 (big blind) showed [9s Ah] and lost with high card Ace
Seat 2: OHO67 (button) (small blind) showed [Qs 5h] and won ($17.64) with a pair of Fives


PokerStars Hand #145056418910:  Hold'em Limit ($3/$6 USD) - 2015/12/08 23:00:58 ET
Table 'Irpedina' 2-max Seat #2 is the button
Seat 1: ct-650 ($115.88 in chips)
Seat 2: OHO67 ($182.80 in chips)
OHO67: posts small blind $1
ct-650: posts big blind $3
*** HOLE CARDS ***
OHO67: folds
Uncalled bet ($2) returned to ct-650
ct-650 collected $2 from pot
*** SUMMARY ***
Total pot $2 | Rake $0
Seat 1: ct-650 (big blind) collected ($2)
Seat 2: OHO67 (button) (small blind) folded before Flop


PokerStars Hand #145056414700:  Hold'em Limit ($3/$6 USD) - 2015/12/08 23:00:44 ET
Table 'Irpedina' 2-max Seat #1 is the button
Seat 1: ct-650 ($124.88 in chips)
Seat 2: OHO67 ($174.16 in chips)
ct-650: posts small blind $1
OHO67: posts big blind $3
*** HOLE CARDS ***
ct-650: raises $3 to $6
OHO67: calls $3
*** FLOP *** [Kh 5c 3d]
OHO67: checks
ct-650: bets $3
OHO67: calls $3
*** TURN *** [Kh 5c 3d] [6d]
OHO67: checks
ct-650: checks
*** RIVER *** [Kh 5c 3d 6d] [Jh]
OHO67: bets $6
ct-650: folds
Uncalled bet ($6) returned to OHO67
OHO67 collected $17.64 from pot
*** SUMMARY ***
Total pot $18 | Rake $0.36
Board [Kh 5c 3d 6d Jh]
Seat 1: ct-650 (button) (small blind) folded on the River
Seat 2: OHO67 (big blind) collected ($17.64)


PokerStars Hand #145056413072:  Hold'em Limit ($3/$6 USD) - 2015/12/08 23:00:38 ET
Table 'Irpedina' 2-max Seat #2 is the button
Seat 1: ct-650 ($123.88 in chips)
Seat 2: OHO67 ($175.16 in chips)
OHO67: posts small blind $1
ct-650: posts big blind $3
*** HOLE CARDS ***
OHO67: folds
Uncalled bet ($2) returned to ct-650
ct-650 collected $2 from pot
*** SUMMARY ***
Total pot $2 | Rake $0
Seat 1: ct-650 (big blind) collected ($2)
Seat 2: OHO67 (button) (small blind) folded before Flop


PokerStars Hand #145056409957:  Hold'em Limit ($3/$6 USD) - 2015/12/08 23:00:27 ET
Table 'Irpedina' 2-max Seat #1 is the button
Seat 1: ct-650 ($129.88 in chips)
Seat 2: OHO67 ($169.40 in chips)
ct-650: posts small blind $1
OHO67: posts big blind $3
*** HOLE CARDS ***
ct-650: raises $3 to $6
OHO67: calls $3
*** FLOP *** [8h 4s Td]
OHO67: checks
ct-650: checks
*** TURN *** [8h 4s Td] [2c]
OHO67: bets $6
ct-650: folds
Uncalled bet ($6) returned to OHO67
OHO67 collected $11.76 from pot
*** SUMMARY ***
Total pot $12 | Rake $0.24
Board [8h 4s Td 2c]
Seat 1: ct-650 (button) (small blind) folded on the Turn
Seat 2: OHO67 (big blind) collected ($11.76)


PokerStars Hand #145056404517:  Hold'em Limit ($3/$6 USD) - 2015/12/08 23:00:09 ET
Table 'Irpedina' 2-max Seat #2 is the button
Seat 1: ct-650 ($127 in chips)
Seat 2: OHO67 ($172.40 in chips)
OHO67: posts small blind $1
ct-650: posts big blind $3
*** HOLE CARDS ***
OHO67: calls $2
ct-650: checks
*** FLOP *** [5d Jc 7c]
ct-650: checks
OHO67: checks
*** TURN *** [5d Jc 7c] [4s]
ct-650: checks
OHO67: checks
*** RIVER *** [5d Jc 7c 4s] [6s]
ct-650: bets $6
OHO67: folds
Uncalled bet ($6) returned to ct-650
ct-650 collected $5.88 from pot
*** SUMMARY ***
Total pot $6 | Rake $0.12
Board [5d Jc 7c 4s 6s]
Seat 1: ct-650 (big blind) collected ($5.88)
Seat 2: OHO67 (button) (small blind) folded on the River


PokerStars Hand #145056403043:  Hold'em Limit ($3/$6 USD) - 2015/12/08 23:00:04 ET
Table 'Irpedina' 2-max Seat #1 is the button
Seat 1: ct-650 ($128 in chips)
Seat 2: OHO67 ($171.40 in chips)
ct-650: posts small blind $1
OHO67: posts big blind $3
*** HOLE CARDS ***
ct-650: folds
Uncalled bet ($2) returned to OHO67
OHO67 collected $2 from pot
*** SUMMARY ***
Total pot $2 | Rake $0
Seat 1: ct-650 (button) (small blind) folded before Flop
Seat 2: OHO67 (big blind) collected ($2)


PokerStars Hand #145056433574:  Hold'em Limit ($3/$6 USD) - 2015/12/08 23:01:45 ET
Table 'Irpedina' 2-max Seat #1 is the button
Seat 1: ct-650 ($104.88 in chips)
Seat 2: OHO67 ($193.44 in chips)
ct-650: posts small blind $1
OHO67: posts big blind $3
*** HOLE CARDS ***
ct-650: raises $3 to $6
OHO67: calls $3
*** FLOP *** [2h 7h 8c]
OHO67: checks
ct-650: checks
*** TURN *** [2h 7h 8c] [As]
OHO67: bets $6
ct-650: calls $6
*** RIVER *** [2h 7h 8c As] [3h]
OHO67: checks
ct-650: checks
*** SHOW DOWN ***
OHO67: shows [4h 2c] (a pair of Deuces)
ct-650: shows [2d Jh] (a pair of Deuces - Ace+Jack kicker)
ct-650 collected $23.52 from pot
*** SUMMARY ***
Total pot $24 | Rake $0.48
Board [2h 7h 8c As 3h]
Seat 1: ct-650 (button) (small blind) showed [2d Jh] and won ($23.52) with a pair of Deuces
Seat 2: OHO67 (big blind) showed [4h 2c] and lost with a pair of Deuces


PokerStars Hand #145056431773:  Hold'em Limit ($3/$6 USD) - 2015/12/08 23:01:39 ET
Table 'Irpedina' 2-max Seat #2 is the button
Seat 1: ct-650 ($107.88 in chips)
Seat 2: OHO67 ($190.44 in chips)
OHO67: posts small blind $1
ct-650: posts big blind $3
*** HOLE CARDS ***
OHO67: raises $3 to $6
ct-650: folds
Uncalled bet ($3) returned to OHO67
OHO67 collected $6 from pot
*** SUMMARY ***
Total pot $6 | Rake $0
Seat 1: ct-650 (big blind) folded before Flop
Seat 2: OHO67 (button) (small blind) collected ($6)


PokerStars Hand #145056427344:  Hold'em Limit ($3/$6 USD) - 2015/12/08 23:01:26 ET
Table 'Irpedina' 2-max Seat #1 is the button
Seat 1: ct-650 ($116.88 in chips)
Seat 2: OHO67 ($181.80 in chips)
ct-650: posts small blind $1
OHO67: posts big blind $3
*** HOLE CARDS ***
ct-650: raises $3 to $6
OHO67: calls $3
*** FLOP *** [Ac 8h Qh]
OHO67: checks
ct-650: bets $3
OHO67: calls $3
*** TURN *** [Ac 8h Qh] [4s]
OHO67: checks
ct-650: checks
*** RIVER *** [Ac 8h Qh 4s] [9c]
OHO67: bets $6
ct-650: folds
Uncalled bet ($6) returned to OHO67
OHO67 collected $17.64 from pot
*** SUMMARY ***
Total pot $18 | Rake $0.36
Board [Ac 8h Qh 4s 9c]
Seat 1: ct-650 (button) (small blind) folded on the River
Seat 2: OHO67 (big blind) collected ($17.64)


PokerStars Hand #145056425501:  Hold'em Limit ($3/$6 USD) - 2015/12/08 23:01:20 ET
Table 'Irpedina' 2-max Seat #2 is the button
Seat 1: ct-650 ($119.88 in chips)
Seat 2: OHO67 ($178.80 in chips)
OHO67: posts small blind $1
ct-650: posts big blind $3
*** HOLE CARDS ***
OHO67: raises $3 to $6
ct-650: folds
Uncalled bet ($3) returned to OHO67
OHO67 collected $6 from pot
*** SUMMARY ***
Total pot $6 | Rake $0
Seat 1: ct-650 (big blind) folded before Flop
Seat 2: OHO67 (button) (small blind) collected ($6)


PokerStars Hand #145056424151:  Hold'em Limit ($3/$6 USD) - 2015/12/08 23:01:15 ET
Table 'Irpedina' 2-max Seat #1 is the button
Seat 1: ct-650 ($120.88 in chips)
Seat 2: OHO67 ($177.80 in chips)
ct-650: posts small blind $1
OHO67: posts big blind $3
*** HOLE CARDS ***
ct-650: folds
Uncalled bet ($2) returned to OHO67
OHO67 collected $2 from pot
*** SUMMARY ***
Total pot $2 | Rake $0
Seat 1: ct-650 (button) (small blind) folded before Flop
Seat 2: OHO67 (big blind) collected ($2)


PokerStars Hand #145056422244:  Hold'em Limit ($3/$6 USD) - 2015/12/08 23:01:09 ET
Table 'Irpedina' 2-max Seat #2 is the button
Seat 1: ct-650 ($119.88 in chips)
Seat 2: OHO67 ($178.80 in chips)
OHO67: posts small blind $1
ct-650: posts big blind $3
*** HOLE CARDS ***
OHO67: folds
Uncalled bet ($2) returned to ct-650
ct-650 collected $2 from pot
*** SUMMARY ***
Total pot $2 | Rake $0
Seat 1: ct-650 (big blind) collected ($2)
Seat 2: OHO67 (button) (small blind) folded before Flop


PokerStars Hand #145056420649:  Hold'em Limit ($3/$6 USD) - 2015/12/08 23:01:03 ET
Table 'Irpedina' 2-max Seat #1 is the button
Seat 1: ct-650 ($116.88 in chips)
Seat 2: OHO67 ($181.80 in chips)
ct-650: posts small blind $1
OHO67: posts big blind $3
*** HOLE CARDS ***
ct-650: raises $3 to $6
OHO67: folds
Uncalled bet ($3) returned to ct-650
ct-650 collected $6 from pot
*** SUMMARY ***
Total pot $6 | Rake $0
Seat 1: ct-650 (button) (small blind) collected ($6)
Seat 2: OHO67 (big blind) folded before Flop


PokerStars Hand #145056452471:  Hold'em Limit ($3/$6 USD) - 2015/12/08 23:02:46 ET
Table 'Irpedina' 2-max Seat #2 is the button
Seat 1: ct-650 ($130.90 in chips)
Seat 2: OHO67 ($166.20 in chips)
OHO67: posts small blind $1
ct-650: posts big blind $3
*** HOLE CARDS ***
OHO67: raises $3 to $6
ct-650: folds
Uncalled bet ($3) returned to OHO67
OHO67 collected $6 from pot
*** SUMMARY ***
Total pot $6 | Rake $0
Seat 1: ct-650 (big blind) folded before Flop
Seat 2: OHO67 (button) (small blind) collected ($6)


PokerStars Hand #145056447251:  Hold'em Limit ($3/$6 USD) - 2015/12/08 23:02:29 ET
Table 'Irpedina' 2-max Seat #1 is the button
Seat 1: ct-650 ($110.40 in chips)
Seat 2: OHO67 ($187.20 in chips)
ct-650: posts small blind $1
OHO67: posts big blind $3
*** HOLE CARDS ***
ct-650: raises $3 to $6
OHO67: calls $3
*** FLOP *** [6c 4c Ks]
OHO67: checks
ct-650: bets $3
OHO67: calls $3
*** TURN *** [6c 4c Ks] [Ad]
OHO67: checks
ct-650: bets $6
OHO67: calls $6
*** RIVER *** [6c 4c Ks Ad] [4h]
OHO67: checks
ct-650: bets $6
OHO67: calls $6
*** SHOW DOWN ***
ct-650: shows [4s 8s] (three of a kind, Fours)
OHO67: mucks hand
ct-650 collected $41.50 from pot
*** SUMMARY ***
Total pot $42 | Rake $0.50
Board [6c 4c Ks Ad 4h]
Seat 1: ct-650 (button) (small blind) showed [4s 8s] and won ($41.50) with three of a kind, Fours
Seat 2: OHO67 (big blind) mucked


PokerStars Hand #145056443151:  Hold'em Limit ($3/$6 USD) - 2015/12/08 23:02:16 ET
Table 'Irpedina' 2-max Seat #2 is the button
Seat 1: ct-650 ($116.40 in chips)
Seat 2: OHO67 ($181.44 in chips)
OHO67: posts small blind $1
ct-650: posts big blind $3
*** HOLE CARDS ***
OHO67: raises $3 to $6
ct-650: calls $3
*** FLOP *** [4c 3h 8s]
ct-650: checks
OHO67: bets $3
ct-650: folds
Uncalled bet ($3) returned to OHO67
OHO67 collected $11.76 from pot
*** SUMMARY ***
Total pot $12 | Rake $0.24
Board [4c 3h 8s]
Seat 1: ct-650 (big blind) folded on the Flop
Seat 2: OHO67 (button) (small blind) collected ($11.76)


PokerStars Hand #145056441646:  Hold'em Limit ($3/$6 USD) - 2015/12/08 23:02:10 ET
Table 'Irpedina' 2-max Seat #1 is the button
Seat 1: ct-650 ($113.40 in chips)
Seat 2: OHO67 ($184.44 in chips)
ct-650: posts small blind $1
OHO67: posts big blind $3
*** HOLE CARDS ***
ct-650: raises $3 to $6
OHO67: folds
Uncalled bet ($3) returned to ct-650
ct-650 collected $6 from pot
*** SUMMARY ***
Total pot $6 | Rake $0
Seat 1: ct-650 (button) (small blind) collected ($6)
Seat 2: OHO67 (big blind) folded before Flop


PokerStars Hand #145056439491:  Hold'em Limit ($3/$6 USD) - 2015/12/08 23:02:03 ET
Table 'Irpedina' 2-max Seat #2 is the button
Seat 1: ct-650 ($116.40 in chips)
Seat 2: OHO67 ($181.44 in chips)
OHO67: posts small blind $1
ct-650: posts big blind $3
*** HOLE CARDS ***
OHO67: raises $3 to $6
ct-650: folds
Uncalled bet ($3) returned to OHO67
OHO67 collected $6 from pot
*** SUMMARY ***
Total pot $6 | Rake $0
Seat 1: ct-650 (big blind) folded before Flop
Seat 2: OHO67 (button) (small blind) collected ($6)


PokerStars Hand #145056471992:  Hold'em Limit ($3/$6 USD) - 2015/12/08 23:03:48 ET
Table 'Irpedina' 2-max Seat #1 is the button
Seat 1: ct-650 ($99.90 in chips)
Seat 2: OHO67 ($196.22 in chips)
ct-650: posts small blind $1
OHO67: posts big blind $3
*** HOLE CARDS ***
ct-650: raises $3 to $6
OHO67: folds
Uncalled bet ($3) returned to ct-650
ct-650 collected $6 from pot
*** SUMMARY ***
Total pot $6 | Rake $0
Seat 1: ct-650 (button) (small blind) collected ($6)
Seat 2: OHO67 (big blind) folded before Flop


PokerStars Hand #145056469927:  Hold'em Limit ($3/$6 USD) - 2015/12/08 23:03:41 ET
Table 'Irpedina' 2-max Seat #2 is the button
Seat 1: ct-650 ($98.90 in chips)
Seat 2: OHO67 ($197.22 in chips)
OHO67: posts small blind $1
ct-650: posts big blind $3
*** HOLE CARDS ***
OHO67: folds
Uncalled bet ($2) returned to ct-650
ct-650 collected $2 from pot
*** SUMMARY ***
Total pot $2 | Rake $0
Seat 1: ct-650 (big blind) collected ($2)
Seat 2: OHO67 (button) (small blind) folded before Flop


PokerStars Hand #145056461955:  Hold'em Limit ($3/$6 USD) - 2015/12/08 23:03:16 ET
Table 'Irpedina' 2-max Seat #1 is the button
Seat 1: ct-650 ($116.90 in chips)
Seat 2: OHO67 ($179.72 in chips)
ct-650: posts small blind $1
OHO67: posts big blind $3
*** HOLE CARDS ***
ct-650: raises $3 to $6
OHO67: raises $3 to $9
ct-650: calls $3
*** FLOP *** [7d 7c 8h]
OHO67: bets $3
ct-650: calls $3
*** TURN *** [7d 7c 8h] [Js]
OHO67: bets $6
ct-650: calls $6
*** RIVER *** [7d 7c 8h Js] [9c]
OHO67: bets $6
ct-650: folds
Uncalled bet ($6) returned to OHO67
OHO67 collected $35.50 from pot
*** SUMMARY ***
Total pot $36 | Rake $0.50
Board [7d 7c 8h Js 9c]
Seat 1: ct-650 (button) (small blind) folded on the River
Seat 2: OHO67 (big blind) collected ($35.50)


PokerStars Hand #145056460122:  Hold'em Limit ($3/$6 USD) - 2015/12/08 23:03:10 ET
Table 'Irpedina' 2-max Seat #2 is the button
Seat 1: ct-650 ($115.90 in chips)
Seat 2: OHO67 ($180.72 in chips)
OHO67: posts small blind $1
ct-650: posts big blind $3
*** HOLE CARDS ***
OHO67: folds
Uncalled bet ($2) returned to ct-650
ct-650 collected $2 from pot
*** SUMMARY ***
Total pot $2 | Rake $0
Seat 1: ct-650 (big blind) collected ($2)
Seat 2: OHO67 (button) (small blind) folded before Flop


PokerStars Hand #145056454750:  Hold'em Limit ($3/$6 USD) - 2015/12/08 23:02:53 ET
Table 'Irpedina' 2-max Seat #1 is the button
Seat 1: ct-650 ($127.90 in chips)
Seat 2: OHO67 ($169.20 in chips)
ct-650: posts small blind $1
OHO67: posts big blind $3
*** HOLE CARDS ***
ct-650: raises $3 to $6
OHO67: raises $3 to $9
ct-650: calls $3
*** FLOP *** [6c Kc 2c]
OHO67: bets $3
ct-650: calls $3
*** TURN *** [6c Kc 2c] [4c]
OHO67: bets $6
ct-650: folds
Uncalled bet ($6) returned to OHO67
OHO67 collected $23.52 from pot
*** SUMMARY ***
Total pot $24 | Rake $0.48
Board [6c Kc 2c 4c]
Seat 1: ct-650 (button) (small blind) folded on the Turn
Seat 2: OHO67 (big blind) collected ($23.52)


PokerStars Hand #145056489249:  Hold'em Limit ($3/$6 USD) - 2015/12/08 23:04:43 ET
Table 'Irpedina' 2-max Seat #1 is the button
Seat 1: ct-650 ($131.90 in chips)
Seat 2: OHO67 ($223.72 in chips)
ct-650: posts small blind $1
OHO67: posts big blind $3
*** HOLE CARDS ***
ct-650: raises $3 to $6
OHO67: raises $3 to $9
ct-650: calls $3
*** FLOP *** [3s Ts 3d]
OHO67: bets $3
ct-650: calls $3
*** TURN *** [3s Ts 3d] [5d]
OHO67: checks
ct-650: checks
*** RIVER *** [3s Ts 3d 5d] [6h]
OHO67: bets $6
ct-650: calls $6
*** SHOW DOWN ***
OHO67: shows [6d 6c] (a full house, Sixes full of Threes)
ct-650: mucks hand
OHO67 collected $35.50 from pot
*** SUMMARY ***
Total pot $36 | Rake $0.50
Board [3s Ts 3d 5d 6h]
Seat 1: ct-650 (button) (small blind) mucked
Seat 2: OHO67 (big blind) showed [6d 6c] and won ($35.50) with a full house, Sixes full of Threes


PokerStars Hand #145056487624:  Hold'em Limit ($3/$6 USD) - 2015/12/08 23:04:37 ET
Table 'Irpedina' 2-max Seat #2 is the button
Seat 1: ct-650 ($134.90 in chips)
Seat 2: OHO67 ($220.72 in chips)
OHO67: posts small blind $1
ct-650: posts big blind $3
*** HOLE CARDS ***
OHO67: raises $3 to $6
ct-650: folds
Uncalled bet ($3) returned to OHO67
OHO67 collected $6 from pot
*** SUMMARY ***
Total pot $6 | Rake $0
Seat 1: ct-650 (big blind) folded before Flop
Seat 2: OHO67 (button) (small blind) collected ($6)


PokerStars Hand #145056485861:  Hold'em Limit ($3/$6 USD) - 2015/12/08 23:04:32 ET
Table 'Irpedina' 2-max Seat #1 is the button
Seat 1: ct-650 ($135.90 in chips)
Seat 2: OHO67 ($219.72 in chips)
ct-650: posts small blind $1
OHO67: posts big blind $3
*** HOLE CARDS ***
ct-650: folds
Uncalled bet ($2) returned to OHO67
OHO67 collected $2 from pot
*** SUMMARY ***
Total pot $2 | Rake $0
Seat 1: ct-650 (button) (small blind) folded before Flop
Seat 2: OHO67 (big blind) collected ($2)


PokerStars Hand #145056484087:  Hold'em Limit ($3/$6 USD) - 2015/12/08 23:04:26 ET
Table 'Irpedina' 2-max Seat #2 is the button
Seat 1: ct-650 ($134.90 in chips)
Seat 2: OHO67 ($220.72 in chips)
OHO67: posts small blind $1
ct-650: posts big blind $3
*** HOLE CARDS ***
OHO67: folds
Uncalled bet ($2) returned to ct-650
ct-650 collected $2 from pot
*** SUMMARY ***
Total pot $2 | Rake $0
Seat 1: ct-650 (big blind) collected ($2)
Seat 2: OHO67 (button) (small blind) folded before Flop


PokerStars Hand #145056482460:  Hold'em Limit ($3/$6 USD) - 2015/12/08 23:04:21 ET
Table 'Irpedina' 2-max Seat #1 is the button
Seat 1: ct-650 ($135.90 in chips)
Seat 2: OHO67 ($219.72 in chips)
ct-650: posts small blind $1
OHO67: posts big blind $3
*** HOLE CARDS ***
ct-650: folds
Uncalled bet ($2) returned to OHO67
OHO67 collected $2 from pot
*** SUMMARY ***
Total pot $2 | Rake $0
Seat 1: ct-650 (button) (small blind) folded before Flop
Seat 2: OHO67 (big blind) collected ($2)


PokerStars Hand #145056473926:  Hold'em Limit ($3/$6 USD) - 2015/12/08 23:03:54 ET
Table 'Irpedina' 2-max Seat #2 is the button
Seat 1: ct-650 ($102.90 in chips)
Seat 2: OHO67 ($193.22 in chips)
OHO67: posts small blind $1
ct-650: posts big blind $3
*** HOLE CARDS ***
OHO67: calls $2
ct-650: raises $3 to $6
OHO67: calls $3
*** FLOP *** [Jc 3d 3c]
ct-650: bets $3
OHO67: calls $3
*** TURN *** [Jc 3d 3c] [5h]
ct-650: bets $6
OHO67: raises $6 to $12
ct-650: calls $6
*** RIVER *** [Jc 3d 3c 5h] [6h]
ct-650: checks
OHO67: bets $6
ct-650: calls $6
*** SHOW DOWN ***
OHO67: shows [4h 3h] (three of a kind, Threes)
ct-650: mucks hand
OHO67 collected $53.50 from pot
*** SUMMARY ***
Total pot $54 | Rake $0.50
Board [Jc 3d 3c 5h 6h]
Seat 1: ct-650 (big blind) mucked
Seat 2: OHO67 (button) (small blind) showed [4h 3h] and won ($53.50) with three of a kind, Threes


PokerStars Hand #145056507337:  Hold'em Limit ($3/$6 USD) - 2015/12/08 23:05:40 ET
Table 'Irpedina' 2-max Seat #1 is the button
Seat 1: ct-650 ($102.90 in chips)
Seat 2: OHO67 ($251.72 in chips)
ct-650: posts small blind $1
OHO67: posts big blind $3
*** HOLE CARDS ***
ct-650: raises $3 to $6
OHO67: raises $3 to $9
ct-650: calls $3
*** FLOP *** [6s 3h 6c]
OHO67: bets $3
ct-650: calls $3
*** TURN *** [6s 3h 6c] [Ts]
OHO67: bets $6
ct-650: raises $6 to $12
OHO67: calls $6
*** RIVER *** [6s 3h 6c Ts] [Kd]
OHO67: checks
ct-650: bets $6
OHO67: calls $6
*** SHOW DOWN ***
ct-650: shows [4d 6d] (three of a kind, Sixes)
OHO67: mucks hand
ct-650 collected $59.50 from pot
*** SUMMARY ***
Total pot $60 | Rake $0.50
Board [6s 3h 6c Ts Kd]
Seat 1: ct-650 (button) (small blind) showed [4d 6d] and won ($59.50) with three of a kind, Sixes
Seat 2: OHO67 (big blind) mucked


PokerStars Hand #145056500069:  Hold'em Limit ($3/$6 USD) - 2015/12/08 23:05:17 ET
Table 'Irpedina' 2-max Seat #2 is the button
Seat 1: ct-650 ($117.90 in chips)
Seat 2: OHO67 ($237.22 in chips)
OHO67: posts small blind $1
ct-650: posts big blind $3
*** HOLE CARDS ***
OHO67: raises $3 to $6
ct-650: calls $3
*** FLOP *** [5c 6s Jc]
ct-650: bets $3
OHO67: calls $3
*** TURN *** [5c 6s Jc] [Td]
ct-650: bets $6
OHO67: calls $6
*** RIVER *** [5c 6s Jc Td] [As]
ct-650: checks
OHO67: checks
*** SHOW DOWN ***
ct-650: shows [Qc 8c] (high card Ace)
OHO67: shows [5d 4s] (a pair of Fives)
OHO67 collected $29.50 from pot
*** SUMMARY ***
Total pot $30 | Rake $0.50
Board [5c 6s Jc Td As]
Seat 1: ct-650 (big blind) showed [Qc 8c] and lost with high card Ace
Seat 2: OHO67 (button) (small blind) showed [5d 4s] and won ($29.50) with a pair of Fives


PokerStars Hand #145056498132:  Hold'em Limit ($3/$6 USD) - 2015/12/08 23:05:11 ET
Table 'Irpedina' 2-max Seat #1 is the button
Seat 1: ct-650 ($114.90 in chips)
Seat 2: OHO67 ($240.22 in chips)
ct-650: posts small blind $1
OHO67: posts big blind $3
*** HOLE CARDS ***
ct-650: raises $3 to $6
OHO67: folds
Uncalled bet ($3) returned to ct-650
ct-650 collected $6 from pot
*** SUMMARY ***
Total pot $6 | Rake $0
Seat 1: ct-650 (button) (small blind) collected ($6)
Seat 2: OHO67 (big blind) folded before Flop


PokerStars Hand #145056496496:  Hold'em Limit ($3/$6 USD) - 2015/12/08 23:05:05 ET
Table 'Irpedina' 2-max Seat #2 is the button
Seat 1: ct-650 ($113.90 in chips)
Seat 2: OHO67 ($241.22 in chips)
OHO67: posts small blind $1
ct-650: posts big blind $3
*** HOLE CARDS ***
OHO67: folds
Uncalled bet ($2) returned to ct-650
ct-650 collected $2 from pot
*** SUMMARY ***
Total pot $2 | Rake $0
Seat 1: ct-650 (big blind) collected ($2)
Seat 2: OHO67 (button) (small blind) folded before Flop


PokerStars Hand #145056525951:  Hold'em Limit ($3/$6 USD) - 2015/12/08 23:06:39 ET
Table 'Irpedina' 2-max Seat #2 is the button
Seat 1: ct-650 ($152.90 in chips)
Seat 2: OHO67 ($200.72 in chips)
OHO67: posts small blind $1
ct-650: posts big blind $3
*** HOLE CARDS ***
OHO67: folds
Uncalled bet ($2) returned to ct-650
ct-650 collected $2 from pot
*** SUMMARY ***
Total pot $2 | Rake $0
Seat 1: ct-650 (big blind) collected ($2)
Seat 2: OHO67 (button) (small blind) folded before Flop


PokerStars Hand #145056518010:  Hold'em Limit ($3/$6 USD) - 2015/12/08 23:06:14 ET
Table 'Irpedina' 2-max Seat #1 is the button
Seat 1: ct-650 ($129.40 in chips)
Seat 2: OHO67 ($224.72 in chips)
ct-650: posts small blind $1
OHO67: posts big blind $3
*** HOLE CARDS ***
ct-650: raises $3 to $6
OHO67: raises $3 to $9
ct-650: calls $3
*** FLOP *** [Js Jd 9d]
OHO67: bets $3
ct-650: calls $3
*** TURN *** [Js Jd 9d] [6s]
OHO67: checks
ct-650: bets $6
OHO67: calls $6
*** RIVER *** [Js Jd 9d 6s] [Qc]
OHO67: checks
ct-650: bets $6
OHO67: calls $6
*** SHOW DOWN ***
ct-650: shows [3c 9c] (two pair, Jacks and Nines)
OHO67: mucks hand
ct-650 collected $47.50 from pot
*** SUMMARY ***
Total pot $48 | Rake $0.50
Board [Js Jd 9d 6s Qc]
Seat 1: ct-650 (button) (small blind) showed [3c 9c] and won ($47.50) with two pair, Jacks and Nines
Seat 2: OHO67 (big blind) mucked


PokerStars Hand #145056514994:  Hold'em Limit ($3/$6 USD) - 2015/12/08 23:06:04 ET
Table 'Irpedina' 2-max Seat #2 is the button
Seat 1: ct-650 ($132.40 in chips)
Seat 2: OHO67 ($221.72 in chips)
OHO67: posts small blind $1
ct-650: posts big blind $3
*** HOLE CARDS ***
OHO67: raises $3 to $6
ct-650: folds
Uncalled bet ($3) returned to OHO67
OHO67 collected $6 from pot
*** SUMMARY ***
Total pot $6 | Rake $0
Seat 1: ct-650 (big blind) folded before Flop
Seat 2: OHO67 (button) (small blind) collected ($6)


PokerStars Hand #145056547683:  Hold'em Limit ($3/$6 USD) - 2015/12/08 23:07:49 ET
Table 'Irpedina' 2-max Seat #1 is the button
Seat 1: ct-650 ($150.40 in chips)
Seat 2: OHO67 ($202.22 in chips)
ct-650: posts small blind $1
OHO67: posts big blind $3
*** HOLE CARDS ***
ct-650: raises $3 to $6
OHO67: raises $3 to $9
ct-650: calls $3
*** FLOP *** [4c 6d 7c]
OHO67: bets $3
ct-650: calls $3
*** TURN *** [4c 6d 7c] [Qh]
OHO67: bets $6
ct-650: calls $6
*** RIVER *** [4c 6d 7c Qh] [Kd]
OHO67: bets $6
ct-650: raises $6 to $12
OHO67: folds
Uncalled bet ($6) returned to ct-650
ct-650 collected $47.50 from pot
*** SUMMARY ***
Total pot $48 | Rake $0.50
Board [4c 6d 7c Qh Kd]
Seat 1: ct-650 (button) (small blind) collected ($47.50)
Seat 2: OHO67 (big blind) folded on the River


PokerStars Hand #145056545831:  Hold'em Limit ($3/$6 USD) - 2015/12/08 23:07:43 ET
Table 'Irpedina' 2-max Seat #2 is the button
Seat 1: ct-650 ($153.40 in chips)
Seat 2: OHO67 ($199.22 in chips)
OHO67: posts small blind $1
ct-650: posts big blind $3
*** HOLE CARDS ***
OHO67: raises $3 to $6
ct-650: folds
Uncalled bet ($3) returned to OHO67
OHO67 collected $6 from pot
*** SUMMARY ***
Total pot $6 | Rake $0
Seat 1: ct-650 (big blind) folded before Flop
Seat 2: OHO67 (button) (small blind) collected ($6)


PokerStars Hand #145056543563:  Hold'em Limit ($3/$6 USD) - 2015/12/08 23:07:35 ET
Table 'Irpedina' 2-max Seat #1 is the button
Seat 1: ct-650 ($150.40 in chips)
Seat 2: OHO67 ($202.22 in chips)
ct-650: posts small blind $1
OHO67: posts big blind $3
*** HOLE CARDS ***
ct-650: raises $3 to $6
OHO67: folds
Uncalled bet ($3) returned to ct-650
ct-650 collected $6 from pot
*** SUMMARY ***
Total pot $6 | Rake $0
Seat 1: ct-650 (button) (small blind) collected ($6)
Seat 2: OHO67 (big blind) folded before Flop


PokerStars Hand #145056536980:  Hold'em Limit ($3/$6 USD) - 2015/12/08 23:07:14 ET
Table 'Irpedina' 2-max Seat #2 is the button
Seat 1: ct-650 ($129.90 in chips)
Seat 2: OHO67 ($223.22 in chips)
OHO67: posts small blind $1
ct-650: posts big blind $3
*** HOLE CARDS ***
OHO67: calls $2
ct-650: checks
*** FLOP *** [9s 5s 8d]
ct-650: checks
OHO67: bets $3
ct-650: raises $3 to $6
OHO67: calls $3
*** TURN *** [9s 5s 8d] [Kd]
ct-650: bets $6
OHO67: calls $6
*** RIVER *** [9s 5s 8d Kd] [5c]
ct-650: bets $6
OHO67: calls $6
*** SHOW DOWN ***
ct-650: shows [9h Ks] (two pair, Kings and Nines)
OHO67: mucks hand
ct-650 collected $41.50 from pot
*** SUMMARY ***
Total pot $42 | Rake $0.50
Board [9s 5s 8d Kd 5c]
Seat 1: ct-650 (big blind) showed [9h Ks] and won ($41.50) with two pair, Kings and Nines
Seat 2: OHO67 (button) (small blind) mucked


PokerStars Hand #145056527863:  Hold'em Limit ($3/$6 USD) - 2015/12/08 23:06:45 ET
Table 'Irpedina' 2-max Seat #1 is the button
Seat 1: ct-650 ($153.90 in chips)
Seat 2: OHO67 ($199.72 in chips)
ct-650: posts small blind $1
OHO67: posts big blind $3
*** HOLE CARDS ***
ct-650: raises $3 to $6
OHO67: raises $3 to $9
ct-650: calls $3
*** FLOP *** [9h Jh 6d]
OHO67: bets $3
ct-650: calls $3
*** TURN *** [9h Jh 6d] [7s]
OHO67: bets $6
ct-650: calls $6
*** RIVER *** [9h Jh 6d 7s] [Th]
OHO67: bets $6
ct-650: calls $6
*** SHOW DOWN ***
OHO67: shows [Ks 9c] (a pair of Nines)
ct-650: mucks hand
OHO67 collected $47.50 from pot
*** SUMMARY ***
Total pot $48 | Rake $0.50
Board [9h Jh 6d 7s Th]
Seat 1: ct-650 (button) (small blind) mucked
Seat 2: OHO67 (big blind) showed [Ks 9c] and won ($47.50) with a pair of Nines


PokerStars Hand #145056563946:  Hold'em Limit ($3/$6 USD) - 2015/12/08 23:08:41 ET
Table 'Irpedina' 2-max Seat #1 is the button
Seat 1: ct-650 ($170.66 in chips)
Seat 2: OHO67 ($180.98 in chips)
ct-650: posts small blind $1
OHO67: posts big blind $3
*** HOLE CARDS ***
ct-650: raises $3 to $6
OHO67: raises $3 to $9
ct-650: calls $3
*** FLOP *** [5h 3d Jh]
OHO67: bets $3
ct-650: calls $3
*** TURN *** [5h 3d Jh] [Ks]
OHO67: bets $6
ct-650: calls $6
*** RIVER *** [5h 3d Jh Ks] [Ad]
OHO67: bets $6
ct-650: folds
Uncalled bet ($6) returned to OHO67
OHO67 collected $35.50 from pot
*** SUMMARY ***
Total pot $36 | Rake $0.50
Board [5h 3d Jh Ks Ad]
Seat 1: ct-650 (button) (small blind) folded on the River
Seat 2: OHO67 (big blind) collected ($35.50)


PokerStars Hand #145056562360:  Hold'em Limit ($3/$6 USD) - 2015/12/08 23:08:36 ET
Table 'Irpedina' 2-max Seat #2 is the button
Seat 1: ct-650 ($169.66 in chips)
Seat 2: OHO67 ($181.98 in chips)
OHO67: posts small blind $1
ct-650: posts big blind $3
*** HOLE CARDS ***
OHO67: folds
Uncalled bet ($2) returned to ct-650
ct-650 collected $2 from pot
*** SUMMARY ***
Total pot $2 | Rake $0
Seat 1: ct-650 (big blind) collected ($2)
Seat 2: OHO67 (button) (small blind) folded before Flop


PokerStars Hand #145056560700:  Hold'em Limit ($3/$6 USD) - 2015/12/08 23:08:31 ET
Table 'Irpedina' 2-max Seat #1 is the button
Seat 1: ct-650 ($170.66 in chips)
Seat 2: OHO67 ($180.98 in chips)
ct-650: posts small blind $1
OHO67: posts big blind $3
*** HOLE CARDS ***
ct-650: folds
Uncalled bet ($2) returned to OHO67
OHO67 collected $2 from pot
*** SUMMARY ***
Total pot $2 | Rake $0
Seat 1: ct-650 (button) (small blind) folded before Flop
Seat 2: OHO67 (big blind) collected ($2)


PokerStars Hand #145056559102:  Hold'em Limit ($3/$6 USD) - 2015/12/08 23:08:25 ET
Table 'Irpedina' 2-max Seat #2 is the button
Seat 1: ct-650 ($173.66 in chips)
Seat 2: OHO67 ($177.98 in chips)
OHO67: posts small blind $1
ct-650: posts big blind $3
*** HOLE CARDS ***
OHO67: raises $3 to $6
ct-650: folds
Uncalled bet ($3) returned to OHO67
OHO67 collected $6 from pot
*** SUMMARY ***
Total pot $6 | Rake $0
Seat 1: ct-650 (big blind) folded before Flop
Seat 2: OHO67 (button) (small blind) collected ($6)


PokerStars Hand #145056556458:  Hold'em Limit ($3/$6 USD) - 2015/12/08 23:08:17 ET
Table 'Irpedina' 2-max Seat #1 is the button
Seat 1: ct-650 ($167.90 in chips)
Seat 2: OHO67 ($183.98 in chips)
ct-650: posts small blind $1
OHO67: posts big blind $3
*** HOLE CARDS ***
ct-650: raises $3 to $6
OHO67: calls $3
*** FLOP *** [Js 4h 9s]
OHO67: checks
ct-650: bets $3
OHO67: folds
Uncalled bet ($3) returned to ct-650
ct-650 collected $11.76 from pot
*** SUMMARY ***
Total pot $12 | Rake $0.24
Board [Js 4h 9s]
Seat 1: ct-650 (button) (small blind) collected ($11.76)
Seat 2: OHO67 (big blind) folded on the Flop


PokerStars Hand #145056553071:  Hold'em Limit ($3/$6 USD) - 2015/12/08 23:08:06 ET
Table 'Irpedina' 2-max Seat #2 is the button
Seat 1: ct-650 ($173.90 in chips)
Seat 2: OHO67 ($178.22 in chips)
OHO67: posts small blind $1
ct-650: posts big blind $3
*** HOLE CARDS ***
OHO67: raises $3 to $6
ct-650: calls $3
*** FLOP *** [Jc Js Ad]
ct-650: checks
OHO67: bets $3
ct-650: folds
Uncalled bet ($3) returned to OHO67
OHO67 collected $11.76 from pot
*** SUMMARY ***
Total pot $12 | Rake $0.24
Board [Jc Js Ad]
Seat 1: ct-650 (big blind) folded on the Flop
Seat 2: OHO67 (button) (small blind) collected ($11.76)


PokerStars Hand #145056568755:  Hold'em Limit ($3/$6 USD) - 2015/12/08 23:08:57 ET
Table 'Irpedina' 2-max Seat #2 is the button
Seat 1: ct-650 ($152.66 in chips)
Seat 2: OHO67 ($198.48 in chips)
OHO67: posts small blind $1
ct-650: posts big blind $3
*** HOLE CARDS ***
OHO67: calls $2
ct-650: checks
*** FLOP *** [6c 9s Tc]
ct-650: bets $3
OHO67: folds
Uncalled bet ($3) returned to ct-650
ct-650 collected $5.88 from pot
*** SUMMARY ***
Total pot $6 | Rake $0.12
Board [6c 9s Tc]
Seat 1: ct-650 (big blind) collected ($5.88)
Seat 2: OHO67 (button) (small blind) folded on the Flop


PokerStars Hand #145056583146:  Hold'em Limit ($3/$6 USD) - 2015/12/08 23:09:43 ET
Table 'Irpedina' 2-max Seat #2 is the button
Seat 1: ct-650 ($150.04 in chips)
Seat 2: OHO67 ($199.98 in chips)
OHO67: posts small blind $1
ct-650: posts big blind $3
*** HOLE CARDS ***
OHO67: calls $2
ct-650: raises $3 to $6
OHO67: calls $3
*** FLOP *** [2h 4s Ad]
ct-650: bets $3
OHO67: calls $3
*** TURN *** [2h 4s Ad] [4h]
ct-650: bets $6
OHO67: folds
Uncalled bet ($6) returned to ct-650
ct-650 collected $17.64 from pot
*** SUMMARY ***
Total pot $18 | Rake $0.36
Board [2h 4s Ad 4h]
Seat 1: ct-650 (big blind) collected ($17.64)
Seat 2: OHO67 (button) (small blind) folded on the Turn


PokerStars Hand #145056577624:  Hold'em Limit ($3/$6 USD) - 2015/12/08 23:09:25 ET
Table 'Irpedina' 2-max Seat #1 is the button
Seat 1: ct-650 ($174.04 in chips)
Seat 2: OHO67 ($176.48 in chips)
ct-650: posts small blind $1
OHO67: posts big blind $3
*** HOLE CARDS ***
ct-650: raises $3 to $6
OHO67: raises $3 to $9
ct-650: calls $3
*** FLOP *** [Js 9h 4d]
OHO67: bets $3
ct-650: calls $3
*** TURN *** [Js 9h 4d] [8c]
OHO67: checks
ct-650: bets $6
OHO67: calls $6
*** RIVER *** [Js 9h 4d 8c] [5d]
OHO67: checks
ct-650: bets $6
OHO67: calls $6
*** SHOW DOWN ***
ct-650: shows [Ks 6d] (high card King)
OHO67: shows [Ac Qc] (high card Ace)
OHO67 collected $47.50 from pot
*** SUMMARY ***
Total pot $48 | Rake $0.50
Board [Js 9h 4d 8c 5d]
Seat 1: ct-650 (button) (small blind) showed [Ks 6d] and lost with high card King
Seat 2: OHO67 (big blind) showed [Ac Qc] and won ($47.50) with high card Ace


PokerStars Hand #145056576092:  Hold'em Limit ($3/$6 USD) - 2015/12/08 23:09:20 ET
Table 'Irpedina' 2-max Seat #2 is the button
Seat 1: ct-650 ($173.04 in chips)
Seat 2: OHO67 ($177.48 in chips)
OHO67: posts small blind $1
ct-650: posts big blind $3
*** HOLE CARDS ***
OHO67: folds
Uncalled bet ($2) returned to ct-650
ct-650 collected $2 from pot
*** SUMMARY ***
Total pot $2 | Rake $0
Seat 1: ct-650 (big blind) collected ($2)
Seat 2: OHO67 (button) (small blind) folded before Flop


PokerStars Hand #145056571529:  Hold'em Limit ($3/$6 USD) - 2015/12/08 23:09:05 ET
Table 'Irpedina' 2-max Seat #1 is the button
Seat 1: ct-650 ($155.54 in chips)
Seat 2: OHO67 ($195.48 in chips)
ct-650: posts small blind $1
OHO67: posts big blind $3
*** HOLE CARDS ***
ct-650: raises $3 to $6
OHO67: raises $3 to $9
ct-650: calls $3
*** FLOP *** [Jh 4s 3s]
OHO67: bets $3
ct-650: calls $3
*** TURN *** [Jh 4s 3s] [8d]
OHO67: bets $6
ct-650: calls $6
*** RIVER *** [Jh 4s 3s 8d] [9c]
OHO67: checks
ct-650: checks
*** SHOW DOWN ***
OHO67: shows [Kd Qs] (high card King)
ct-650: shows [Ah Qh] (high card Ace)
ct-650 collected $35.50 from pot
*** SUMMARY ***
Total pot $36 | Rake $0.50
Board [Jh 4s 3s 8d 9c]
Seat 1: ct-650 (button) (small blind) showed [Ah Qh] and won ($35.50) with high card Ace
Seat 2: OHO67 (big blind) showed [Kd Qs] and lost with high card King


PokerStars Hand #145056604020:  Hold'em Limit ($3/$6 USD) - 2015/12/08 23:10:51 ET
Table 'Irpedina' 2-max Seat #1 is the button
Seat 1: ct-650 ($134.18 in chips)
Seat 2: OHO67 ($213.76 in chips)
ct-650: posts small blind $1
OHO67: posts big blind $3
*** HOLE CARDS ***
ct-650: raises $3 to $6
OHO67: folds
Uncalled bet ($3) returned to ct-650
ct-650 collected $6 from pot
*** SUMMARY ***
Total pot $6 | Rake $0
Seat 1: ct-650 (button) (small blind) collected ($6)
Seat 2: OHO67 (big blind) folded before Flop


PokerStars Hand #145056599355:  Hold'em Limit ($3/$6 USD) - 2015/12/08 23:10:36 ET
Table 'Irpedina' 2-max Seat #2 is the button
Seat 1: ct-650 ($143.18 in chips)
Seat 2: OHO67 ($205.12 in chips)
OHO67: posts small blind $1
ct-650: posts big blind $3
*** HOLE CARDS ***
OHO67: raises $3 to $6
ct-650: calls $3
*** FLOP *** [8c 9h Ac]
ct-650: checks
OHO67: bets $3
ct-650: calls $3
*** TURN *** [8c 9h Ac] [5s]
ct-650: checks
OHO67: checks
*** RIVER *** [8c 9h Ac 5s] [Th]
ct-650: checks
OHO67: checks
*** SHOW DOWN ***
ct-650: shows [7d Ks] (high card Ace)
OHO67: shows [Jd 8d] (a pair of Eights)
OHO67 collected $17.64 from pot
*** SUMMARY ***
Total pot $18 | Rake $0.36
Board [8c 9h Ac 5s Th]
Seat 1: ct-650 (big blind) showed [7d Ks] and lost with high card Ace
Seat 2: OHO67 (button) (small blind) showed [Jd 8d] and won ($17.64) with a pair of Eights


PokerStars Hand #145056596677:  Hold'em Limit ($3/$6 USD) - 2015/12/08 23:10:27 ET
Table 'Irpedina' 2-max Seat #1 is the button
Seat 1: ct-650 ($152.18 in chips)
Seat 2: OHO67 ($196.48 in chips)
ct-650: posts small blind $1
OHO67: posts big blind $3
*** HOLE CARDS ***
ct-650: raises $3 to $6
OHO67: raises $3 to $9
ct-650: calls $3
*** FLOP *** [9c Qs 2h]
OHO67: bets $3
ct-650: folds
Uncalled bet ($3) returned to OHO67
OHO67 collected $17.64 from pot
*** SUMMARY ***
Total pot $18 | Rake $0.36
Board [9c Qs 2h]
Seat 1: ct-650 (button) (small blind) folded on the Flop
Seat 2: OHO67 (big blind) collected ($17.64)


PokerStars Hand #145056591393:  Hold'em Limit ($3/$6 USD) - 2015/12/08 23:10:10 ET
Table 'Irpedina' 2-max Seat #2 is the button
Seat 1: ct-650 ($182.18 in chips)
Seat 2: OHO67 ($166.98 in chips)
OHO67: posts small blind $1
ct-650: posts big blind $3
*** HOLE CARDS ***
OHO67: raises $3 to $6
ct-650: calls $3
*** FLOP *** [9h 9c Qc]
ct-650: checks
OHO67: bets $3
ct-650: raises $3 to $6
OHO67: calls $3
*** TURN *** [9h 9c Qc] [Jd]
ct-650: bets $6
OHO67: calls $6
*** RIVER *** [9h 9c Qc Jd] [Js]
ct-650: bets $6
OHO67: raises $6 to $12
ct-650: calls $6
*** SHOW DOWN ***
OHO67: shows [Jc 9s] (a full house, Jacks full of Nines)
ct-650: mucks hand
OHO67 collected $59.50 from pot
*** SUMMARY ***
Total pot $60 | Rake $0.50
Board [9h 9c Qc Jd Js]
Seat 1: ct-650 (big blind) mucked
Seat 2: OHO67 (button) (small blind) showed [Jc 9s] and won ($59.50) with a full house, Jacks full of Nines


PokerStars Hand #145056587056:  Hold'em Limit ($3/$6 USD) - 2015/12/08 23:09:56 ET
Table 'Irpedina' 2-max Seat #1 is the button
Seat 1: ct-650 ($158.68 in chips)
Seat 2: OHO67 ($190.98 in chips)
ct-650: posts small blind $1
OHO67: posts big blind $3
*** HOLE CARDS ***
ct-650: raises $3 to $6
OHO67: raises $3 to $9
ct-650: calls $3
*** FLOP *** [4c Jh 4s]
OHO67: bets $3
ct-650: calls $3
*** TURN *** [4c Jh 4s] [3h]
OHO67: bets $6
ct-650: calls $6
*** RIVER *** [4c Jh 4s 3h] [3s]
OHO67: bets $6
ct-650: calls $6
*** SHOW DOWN ***
OHO67: shows [Th 9s] (two pair, Fours and Threes)
ct-650: shows [As Ts] (two pair, Fours and Threes - Ace kicker)
ct-650 collected $47.50 from pot
*** SUMMARY ***
Total pot $48 | Rake $0.50
Board [4c Jh 4s 3h 3s]
Seat 1: ct-650 (button) (small blind) showed [As Ts] and won ($47.50) with two pair, Fours and Threes
Seat 2: OHO67 (big blind) showed [Th 9s] and lost with two pair, Fours and Threes


PokerStars Hand #145056605957:  Hold'em Limit ($3/$6 USD) - 2015/12/08 23:10:57 ET
Table 'Irpedina' 2-max Seat #2 is the button
Seat 1: ct-650 ($137.18 in chips)
Seat 2: OHO67 ($210.76 in chips)
OHO67: posts small blind $1
ct-650: posts big blind $3
*** HOLE CARDS ***
OHO67: calls $2
ct-650: checks
*** FLOP *** [6d 9s Tc]
ct-650: bets $3
OHO67: folds
Uncalled bet ($3) returned to ct-650
ct-650 collected $5.88 from pot
*** SUMMARY ***
Total pot $6 | Rake $0.12
Board [6d 9s Tc]
Seat 1: ct-650 (big blind) collected ($5.88)
Seat 2: OHO67 (button) (small blind) folded on the Flop


PokerStars Hand #145056622448:  Hold'em Limit ($3/$6 USD) - 2015/12/08 23:11:50 ET
Table 'Irpedina' 2-max Seat #1 is the button
Seat 1: ct-650 ($151.56 in chips)
Seat 2: OHO67 ($195.76 in chips)
ct-650: posts small blind $1
OHO67: posts big blind $3
*** HOLE CARDS ***
ct-650: folds
Uncalled bet ($2) returned to OHO67
OHO67 collected $2 from pot
*** SUMMARY ***
Total pot $2 | Rake $0
Seat 1: ct-650 (button) (small blind) folded before Flop
Seat 2: OHO67 (big blind) collected ($2)


PokerStars Hand #145056620741:  Hold'em Limit ($3/$6 USD) - 2015/12/08 23:11:45 ET
Table 'Irpedina' 2-max Seat #2 is the button
Seat 1: ct-650 ($154.56 in chips)
Seat 2: OHO67 ($192.76 in chips)
OHO67: posts small blind $1
ct-650: posts big blind $3
*** HOLE CARDS ***
OHO67: raises $3 to $6
ct-650: folds
Uncalled bet ($3) returned to OHO67
OHO67 collected $6 from pot
*** SUMMARY ***
Total pot $6 | Rake $0
Seat 1: ct-650 (big blind) folded before Flop
Seat 2: OHO67 (button) (small blind) collected ($6)


PokerStars Hand #145056610048:  Hold'em Limit ($3/$6 USD) - 2015/12/08 23:11:10 ET
Table 'Irpedina' 2-max Seat #1 is the button
Seat 1: ct-650 ($140.06 in chips)
Seat 2: OHO67 ($207.76 in chips)
ct-650: posts small blind $1
OHO67: posts big blind $3
*** HOLE CARDS ***
ct-650: raises $3 to $6
OHO67: calls $3
*** FLOP *** [6h 8c Qd]
OHO67: checks
ct-650: bets $3
OHO67: calls $3
*** TURN *** [6h 8c Qd] [Qh]
OHO67: checks
ct-650: bets $6
OHO67: calls $6
*** RIVER *** [6h 8c Qd Qh] [As]
OHO67: checks
ct-650: bets $6
OHO67: folds
Uncalled bet ($6) returned to ct-650
ct-650 collected $29.50 from pot
*** SUMMARY ***
Total pot $30 | Rake $0.50
Board [6h 8c Qd Qh As]
Seat 1: ct-650 (button) (small blind) collected ($29.50)
Seat 2: OHO67 (big blind) folded on the River


PokerStars Hand #145056624188:  Hold'em Limit ($3/$6 USD) - 2015/12/08 23:11:56 ET
Table 'Irpedina' 2-max Seat #2 is the button
Seat 1: ct-650 ($150.56 in chips)
Seat 2: OHO67 ($196.76 in chips)
OHO67: posts small blind $1
ct-650: posts big blind $3
*** HOLE CARDS ***
OHO67: folds
Uncalled bet ($2) returned to ct-650
ct-650 collected $2 from pot
*** SUMMARY ***
Total pot $2 | Rake $0
Seat 1: ct-650 (big blind) collected ($2)
Seat 2: OHO67 (button) (small blind) folded before Flop


PokerStars Hand #145056635189:  Hold'em Limit ($3/$6 USD) - 2015/12/08 23:12:32 ET
Table 'Irpedina' 2-max Seat #2 is the button
Seat 1: ct-650 ($129.44 in chips)
Seat 2: OHO67 ($217.26 in chips)
OHO67: posts small blind $1
ct-650: posts big blind $3
*** HOLE CARDS ***
OHO67: raises $3 to $6
ct-650: calls $3
*** FLOP *** [2d 3h Td]
ct-650: checks
OHO67: bets $3
ct-650: calls $3
*** TURN *** [2d 3h Td] [5d]
ct-650: checks
OHO67: bets $6
ct-650: calls $6
*** RIVER *** [2d 3h Td 5d] [8d]
ct-650: checks
OHO67: bets $6
ct-650: folds
Uncalled bet ($6) returned to OHO67
OHO67 collected $29.50 from pot
*** SUMMARY ***
Total pot $30 | Rake $0.50
Board [2d 3h Td 5d 8d]
Seat 1: ct-650 (big blind) folded on the River
Seat 2: OHO67 (button) (small blind) collected ($29.50)


PokerStars Hand #145056625753:  Hold'em Limit ($3/$6 USD) - 2015/12/08 23:12:01 ET
Table 'Irpedina' 2-max Seat #1 is the button
Seat 1: ct-650 ($151.56 in chips)
Seat 2: OHO67 ($195.76 in chips)
ct-650: posts small blind $1
OHO67: posts big blind $3
*** HOLE CARDS ***
ct-650: raises $3 to $6
OHO67: raises $3 to $9
ct-650: calls $3
*** FLOP *** [Qh 2d 9s]
OHO67: bets $3
ct-650: calls $3
*** TURN *** [Qh 2d 9s] [8d]
OHO67: bets $6
ct-650: calls $6
*** RIVER *** [Qh 2d 9s 8d] [5c]
OHO67: bets $6
ct-650: calls $6
*** SHOW DOWN ***
OHO67: shows [8c As] (a pair of Eights)
ct-650: mucks hand
OHO67 collected $47.50 from pot
*** SUMMARY ***
Total pot $48 | Rake $0.50
Board [Qh 2d 9s 8d 5c]
Seat 1: ct-650 (button) (small blind) mucked
Seat 2: OHO67 (big blind) showed [8c As] and won ($47.50) with a pair of Eights


PokerStars Hand #145056630663:  Hold'em Limit ($3/$6 USD) - 2015/12/08 23:12:17 ET
Table 'Irpedina' 2-max Seat #2 is the button
Seat 1: ct-650 ($127.56 in chips)
Seat 2: OHO67 ($219.26 in chips)
OHO67: posts small blind $1
ct-650: posts big blind $3
*** HOLE CARDS ***
OHO67: calls $2
ct-650: checks
*** FLOP *** [Jc Td 3c]
ct-650: bets $3
OHO67: folds
Uncalled bet ($3) returned to ct-650
ct-650 collected $5.88 from pot
*** SUMMARY ***
Total pot $6 | Rake $0.12
Board [Jc Td 3c]
Seat 1: ct-650 (big blind) collected ($5.88)
Seat 2: OHO67 (button) (small blind) folded on the Flop


PokerStars Hand #145056633636:  Hold'em Limit ($3/$6 USD) - 2015/12/08 23:12:27 ET
Table 'Irpedina' 2-max Seat #1 is the button
Seat 1: ct-650 ($130.44 in chips)
Seat 2: OHO67 ($216.26 in chips)
ct-650: posts small blind $1
OHO67: posts big blind $3
*** HOLE CARDS ***
ct-650: folds
Uncalled bet ($2) returned to OHO67
OHO67 collected $2 from pot
*** SUMMARY ***
Total pot $2 | Rake $0
Seat 1: ct-650 (button) (small blind) folded before Flop
Seat 2: OHO67 (big blind) collected ($2)


PokerStars Hand #145056640152:  Hold'em Limit ($3/$6 USD) - 2015/12/08 23:12:48 ET
Table 'Irpedina' 2-max Seat #1 is the button
Seat 1: ct-650 ($114.44 in chips)
Seat 2: OHO67 ($231.76 in chips)
ct-650: posts small blind $1
OHO67: posts big blind $3
*** HOLE CARDS ***
ct-650: raises $3 to $6
OHO67: calls $3
*** FLOP *** [9h Ac Jd]
OHO67: checks
ct-650: bets $3
OHO67: calls $3
*** TURN *** [9h Ac Jd] [2c]
OHO67: checks
ct-650: checks
*** RIVER *** [9h Ac Jd 2c] [9s]
OHO67: bets $6
ct-650: folds
Uncalled bet ($6) returned to OHO67
OHO67 collected $17.64 from pot
*** SUMMARY ***
Total pot $18 | Rake $0.36
Board [9h Ac Jd 2c 9s]
Seat 1: ct-650 (button) (small blind) folded on the River
Seat 2: OHO67 (big blind) collected ($17.64)


PokerStars Hand #145056644020:  Hold'em Limit ($3/$6 USD) - 2015/12/08 23:13:00 ET
Table 'Irpedina' 2-max Seat #2 is the button
Seat 1: ct-650 ($105.44 in chips)
Seat 2: OHO67 ($240.40 in chips)
OHO67: posts small blind $1
ct-650: posts big blind $3
*** HOLE CARDS ***
OHO67: raises $3 to $6
ct-650: raises $3 to $9
OHO67: calls $3
*** FLOP *** [8d 6h Qd]
ct-650: bets $3
OHO67: calls $3
*** TURN *** [8d 6h Qd] [8c]
ct-650: bets $6
OHO67: calls $6
*** RIVER *** [8d 6h Qd 8c] [2s]
ct-650: checks
OHO67: checks
*** SHOW DOWN ***
ct-650: shows [As Ac] (two pair, Aces and Eights)
OHO67: mucks hand
ct-650 collected $35.50 from pot
*** SUMMARY ***
Total pot $36 | Rake $0.50
Board [8d 6h Qd 8c 2s]
Seat 1: ct-650 (big blind) showed [As Ac] and won ($35.50) with two pair, Aces and Eights
Seat 2: OHO67 (button) (small blind) mucked


PokerStars Hand #145056648314:  Hold'em Limit ($3/$6 USD) - 2015/12/08 23:13:15 ET
Table 'Irpedina' 2-max Seat #1 is the button
Seat 1: ct-650 ($122.94 in chips)
Seat 2: OHO67 ($222.40 in chips)
ct-650: posts small blind $1
OHO67: posts big blind $3
*** HOLE CARDS ***
ct-650: raises $3 to $6
OHO67: raises $3 to $9
ct-650: calls $3
*** FLOP *** [Ts Td 2h]
OHO67: bets $3
ct-650: calls $3
*** TURN *** [Ts Td 2h] [Qh]
OHO67: bets $6
ct-650: folds
Uncalled bet ($6) returned to OHO67
OHO67 collected $23.52 from pot
*** SUMMARY ***
Total pot $24 | Rake $0.48
Board [Ts Td 2h Qh]
Seat 1: ct-650 (button) (small blind) folded on the Turn
Seat 2: OHO67 (big blind) collected ($23.52)


PokerStars Hand #145056652118:  Hold'em Limit ($3/$6 USD) - 2015/12/08 23:13:27 ET
Table 'Irpedina' 2-max Seat #2 is the button
Seat 1: ct-650 ($110.94 in chips)
Seat 2: OHO67 ($233.92 in chips)
OHO67: posts small blind $1
ct-650: posts big blind $3
*** HOLE CARDS ***
OHO67: raises $3 to $6
ct-650: folds
Uncalled bet ($3) returned to OHO67
OHO67 collected $6 from pot
*** SUMMARY ***
Total pot $6 | Rake $0
Seat 1: ct-650 (big blind) folded before Flop
Seat 2: OHO67 (button) (small blind) collected ($6)


PokerStars Hand #145056653593:  Hold'em Limit ($3/$6 USD) - 2015/12/08 23:13:32 ET
Table 'Irpedina' 2-max Seat #1 is the button
Seat 1: ct-650 ($107.94 in chips)
Seat 2: OHO67 ($236.92 in chips)
ct-650: posts small blind $1
OHO67: posts big blind $3
*** HOLE CARDS ***
ct-650: raises $3 to $6
OHO67: calls $3
*** FLOP *** [5c 7d As]
OHO67: checks
ct-650: checks
*** TURN *** [5c 7d As] [Td]
OHO67: checks
ct-650: bets $6
OHO67: calls $6
*** RIVER *** [5c 7d As Td] [7c]
OHO67: checks
ct-650: checks
*** SHOW DOWN ***
OHO67: shows [Jc Qs] (a pair of Sevens)
ct-650: mucks hand
OHO67 collected $23.52 from pot
*** SUMMARY ***
Total pot $24 | Rake $0.48
Board [5c 7d As Td 7c]
Seat 1: ct-650 (button) (small blind) mucked
Seat 2: OHO67 (big blind) showed [Jc Qs] and won ($23.52) with a pair of Sevens


PokerStars Hand #145056662376:  Hold'em Limit ($3/$6 USD) - 2015/12/08 23:14:01 ET
Table 'Irpedina' 2-max Seat #1 is the button
Seat 1: ct-650 ($98.82 in chips)
Seat 2: OHO67 ($245.44 in chips)
ct-650: posts small blind $1
OHO67: posts big blind $3
*** HOLE CARDS ***
ct-650: folds
Uncalled bet ($2) returned to OHO67
OHO67 collected $2 from pot
*** SUMMARY ***
Total pot $2 | Rake $0
Seat 1: ct-650 (button) (small blind) folded before Flop
Seat 2: OHO67 (big blind) collected ($2)


PokerStars Hand #145056658197:  Hold'em Limit ($3/$6 USD) - 2015/12/08 23:13:47 ET
Table 'Irpedina' 2-max Seat #2 is the button
Seat 1: ct-650 ($95.94 in chips)
Seat 2: OHO67 ($248.44 in chips)
OHO67: posts small blind $1
ct-650: posts big blind $3
*** HOLE CARDS ***
OHO67: calls $2
ct-650: checks
*** FLOP *** [4d 2h Ad]
ct-650: checks
OHO67: checks
*** TURN *** [4d 2h Ad] [Js]
ct-650: checks
OHO67: checks
*** RIVER *** [4d 2h Ad Js] [Qh]
ct-650: bets $6
OHO67: folds
Uncalled bet ($6) returned to ct-650
ct-650 collected $5.88 from pot
*** SUMMARY ***
Total pot $6 | Rake $0.12
Board [4d 2h Ad Js Qh]
Seat 1: ct-650 (big blind) collected ($5.88)
Seat 2: OHO67 (button) (small blind) folded on the River


PokerStars Hand #145056669730:  Hold'em Limit ($3/$6 USD) - 2015/12/08 23:14:25 ET
Table 'Irpedina' 2-max Seat #1 is the button
Seat 1: ct-650 ($130.32 in chips)
Seat 2: OHO67 ($213.44 in chips)
ct-650: posts small blind $1
OHO67: posts big blind $3
*** HOLE CARDS ***
ct-650: raises $3 to $6
OHO67: raises $3 to $9
ct-650: calls $3
*** FLOP *** [2c 8h 6s]
OHO67: bets $3
ct-650: calls $3
*** TURN *** [2c 8h 6s] [5s]
OHO67: bets $6
ct-650: folds
Uncalled bet ($6) returned to OHO67
OHO67 collected $23.52 from pot
*** SUMMARY ***
Total pot $24 | Rake $0.48
Board [2c 8h 6s 5s]
Seat 1: ct-650 (button) (small blind) folded on the Turn
Seat 2: OHO67 (big blind) collected ($23.52)


PokerStars Hand #145056673474:  Hold'em Limit ($3/$6 USD) - 2015/12/08 23:14:37 ET
Table 'Irpedina' 2-max Seat #2 is the button
Seat 1: ct-650 ($118.32 in chips)
Seat 2: OHO67 ($224.96 in chips)
OHO67: posts small blind $1
ct-650: posts big blind $3
*** HOLE CARDS ***
OHO67: calls $2
ct-650: raises $3 to $6
OHO67: calls $3
*** FLOP *** [Th 7s 9s]
ct-650: bets $3
OHO67: calls $3
*** TURN *** [Th 7s 9s] [4h]
ct-650: bets $6
OHO67: calls $6
*** RIVER *** [Th 7s 9s 4h] [4c]
ct-650: checks
OHO67: checks
*** SHOW DOWN ***
ct-650: shows [Jh Kh] (a pair of Fours)
OHO67: shows [6d As] (a pair of Fours - Ace kicker)
OHO67 collected $29.50 from pot
*** SUMMARY ***
Total pot $30 | Rake $0.50
Board [Th 7s 9s 4h 4c]
Seat 1: ct-650 (big blind) showed [Jh Kh] and lost with a pair of Fours
Seat 2: OHO67 (button) (small blind) showed [6d As] and won ($29.50) with a pair of Fours


PokerStars Hand #145056678176:  Hold'em Limit ($3/$6 USD) - 2015/12/08 23:14:53 ET
Table 'Irpedina' 2-max Seat #1 is the button
Seat 1: ct-650 ($103.32 in chips)
Seat 2: OHO67 ($239.46 in chips)
ct-650: posts small blind $1
OHO67: posts big blind $3
*** HOLE CARDS ***
ct-650: raises $3 to $6
OHO67: calls $3
*** FLOP *** [8h 2s 3c]
OHO67: checks
ct-650: bets $3
OHO67: calls $3
*** TURN *** [8h 2s 3c] [Qc]
OHO67: checks
ct-650: bets $6
OHO67: folds
Uncalled bet ($6) returned to ct-650
ct-650 collected $17.64 from pot
*** SUMMARY ***
Total pot $18 | Rake $0.36
Board [8h 2s 3c Qc]
Seat 1: ct-650 (button) (small blind) collected ($17.64)
Seat 2: OHO67 (big blind) folded on the Turn


PokerStars Hand #145056663736:  Hold'em Limit ($3/$6 USD) - 2015/12/08 23:14:05 ET
Table 'Irpedina' 2-max Seat #2 is the button
Seat 1: ct-650 ($97.82 in chips)
Seat 2: OHO67 ($246.44 in chips)
OHO67: posts small blind $1
ct-650: posts big blind $3
*** HOLE CARDS ***
OHO67: raises $3 to $6
ct-650: calls $3
*** FLOP *** [6s Js 9c]
ct-650: checks
OHO67: bets $3
ct-650: raises $3 to $6
OHO67: raises $3 to $9
ct-650: calls $3
*** TURN *** [6s Js 9c] [7h]
ct-650: checks
OHO67: bets $6
ct-650: calls $6
*** RIVER *** [6s Js 9c 7h] [Ks]
ct-650: checks
OHO67: bets $6
ct-650: raises $6 to $12
OHO67: calls $6
*** SHOW DOWN ***
ct-650: shows [5s 7s] (a flush, King high)
OHO67: mucks hand
ct-650 collected $65.50 from pot
*** SUMMARY ***
Total pot $66 | Rake $0.50
Board [6s Js 9c 7h Ks]
Seat 1: ct-650 (big blind) showed [5s 7s] and won ($65.50) with a flush, King high
Seat 2: OHO67 (button) (small blind) mucked


PokerStars Hand #145056683634:  Hold'em Limit ($3/$6 USD) - 2015/12/08 23:15:11 ET
Table 'Irpedina' 2-max Seat #1 is the button
Seat 1: ct-650 ($108.96 in chips)
Seat 2: OHO67 ($233.46 in chips)
ct-650: posts small blind $1
OHO67: posts big blind $3
*** HOLE CARDS ***
ct-650: raises $3 to $6
OHO67: raises $3 to $9
ct-650: calls $3
*** FLOP *** [Kh 9h 8h]
OHO67: bets $3
ct-650: folds
Uncalled bet ($3) returned to OHO67
OHO67 collected $17.64 from pot
*** SUMMARY ***
Total pot $18 | Rake $0.36
Board [Kh 9h 8h]
Seat 1: ct-650 (button) (small blind) folded on the Flop
Seat 2: OHO67 (big blind) collected ($17.64)


PokerStars Hand #145056681400:  Hold'em Limit ($3/$6 USD) - 2015/12/08 23:15:04 ET
Table 'Irpedina' 2-max Seat #2 is the button
Seat 1: ct-650 ($111.96 in chips)
Seat 2: OHO67 ($230.46 in chips)
OHO67: posts small blind $1
ct-650: posts big blind $3
*** HOLE CARDS ***
OHO67: raises $3 to $6
ct-650: folds
Uncalled bet ($3) returned to OHO67
OHO67 collected $6 from pot
*** SUMMARY ***
Total pot $6 | Rake $0
Seat 1: ct-650 (big blind) folded before Flop
Seat 2: OHO67 (button) (small blind) collected ($6)


PokerStars Hand #145056686008:  Hold'em Limit ($3/$6 USD) - 2015/12/08 23:15:19 ET
Table 'Irpedina' 2-max Seat #2 is the button
Seat 1: ct-650 ($99.96 in chips)
Seat 2: OHO67 ($242.10 in chips)
OHO67: posts small blind $1
ct-650: posts big blind $3
*** HOLE CARDS ***
OHO67: raises $3 to $6
ct-650: raises $3 to $9
OHO67: calls $3
*** FLOP *** [Qh Qs 4s]
ct-650: bets $3
OHO67: calls $3
*** TURN *** [Qh Qs 4s] [Th]
ct-650: bets $6
OHO67: folds
Uncalled bet ($6) returned to ct-650
ct-650 collected $23.52 from pot
*** SUMMARY ***
Total pot $24 | Rake $0.48
Board [Qh Qs 4s Th]
Seat 1: ct-650 (big blind) collected ($23.52)
Seat 2: OHO67 (button) (small blind) folded on the Turn


PokerStars Hand #145056689089:  Hold'em Limit ($3/$6 USD) - 2015/12/08 23:15:29 ET
Table 'Irpedina' 2-max Seat #1 is the button
Seat 1: ct-650 ($111.48 in chips)
Seat 2: OHO67 ($230.10 in chips)
ct-650: posts small blind $1
OHO67: posts big blind $3
*** HOLE CARDS ***
ct-650: raises $3 to $6
OHO67: raises $3 to $9
ct-650: calls $3
*** FLOP *** [5c 7d Jd]
OHO67: bets $3
ct-650: calls $3
*** TURN *** [5c 7d Jd] [3c]
OHO67: bets $6
ct-650: raises $6 to $12
OHO67: calls $6
*** RIVER *** [5c 7d Jd 3c] [Ts]
OHO67: checks
ct-650: bets $6
OHO67: calls $6
*** SHOW DOWN ***
ct-650: shows [4s Jh] (a pair of Jacks)
OHO67: mucks hand
ct-650 collected $59.50 from pot
*** SUMMARY ***
Total pot $60 | Rake $0.50
Board [5c 7d Jd 3c Ts]
Seat 1: ct-650 (button) (small blind) showed [4s Jh] and won ($59.50) with a pair of Jacks
Seat 2: OHO67 (big blind) mucked


PokerStars Hand #145056699838:  Hold'em Limit ($3/$6 USD) - 2015/12/08 23:16:04 ET
Table 'Irpedina' 2-max Seat #2 is the button
Seat 1: ct-650 ($140.98 in chips)
Seat 2: OHO67 ($200.10 in chips)
OHO67: posts small blind $1
ct-650: posts big blind $3
*** HOLE CARDS ***
OHO67: raises $3 to $6
ct-650: calls $3
*** FLOP *** [5h 6d Qh]
ct-650: checks
OHO67: bets $3
ct-650: calls $3
*** TURN *** [5h 6d Qh] [Kd]
ct-650: checks
OHO67: checks
*** RIVER *** [5h 6d Qh Kd] [Tc]
ct-650: checks
OHO67: checks
*** SHOW DOWN ***
ct-650: shows [As 3d] (high card Ace)
OHO67: mucks hand
ct-650 collected $17.64 from pot
*** SUMMARY ***
Total pot $18 | Rake $0.36
Board [5h 6d Qh Kd Tc]
Seat 1: ct-650 (big blind) showed [As 3d] and won ($17.64) with high card Ace
Seat 2: OHO67 (button) (small blind) mucked


PokerStars Hand #145056704098:  Hold'em Limit ($3/$6 USD) - 2015/12/08 23:16:18 ET
Table 'Irpedina' 2-max Seat #1 is the button
Seat 1: ct-650 ($149.62 in chips)
Seat 2: OHO67 ($191.10 in chips)
ct-650: posts small blind $1
OHO67: posts big blind $3
*** HOLE CARDS ***
ct-650: raises $3 to $6
OHO67: calls $3
*** FLOP *** [4h Ks 3d]
OHO67: checks
ct-650: bets $3
OHO67: calls $3
*** TURN *** [4h Ks 3d] [7h]
OHO67: checks
ct-650: bets $6
OHO67: raises $6 to $12
ct-650: folds
Uncalled bet ($6) returned to OHO67
OHO67 collected $29.50 from pot
*** SUMMARY ***
Total pot $30 | Rake $0.50
Board [4h Ks 3d 7h]
Seat 1: ct-650 (button) (small blind) folded on the Turn
Seat 2: OHO67 (big blind) collected ($29.50)


PokerStars Hand #145056712361:  Hold'em Limit ($3/$6 USD) - 2015/12/08 23:16:45 ET
Table 'Irpedina' 2-max Seat #1 is the button
Seat 1: ct-650 ($119.62 in chips)
Seat 2: OHO67 ($220.10 in chips)
ct-650: posts small blind $1
OHO67: posts big blind $3
*** HOLE CARDS ***
ct-650: raises $3 to $6
OHO67: folds
Uncalled bet ($3) returned to ct-650
ct-650 collected $6 from pot
*** SUMMARY ***
Total pot $6 | Rake $0
Seat 1: ct-650 (button) (small blind) collected ($6)
Seat 2: OHO67 (big blind) folded before Flop


PokerStars Hand #145056707803:  Hold'em Limit ($3/$6 USD) - 2015/12/08 23:16:30 ET
Table 'Irpedina' 2-max Seat #2 is the button
Seat 1: ct-650 ($134.62 in chips)
Seat 2: OHO67 ($205.60 in chips)
OHO67: posts small blind $1
ct-650: posts big blind $3
*** HOLE CARDS ***
OHO67: raises $3 to $6
ct-650: calls $3
*** FLOP *** [Jc 6d 5h]
ct-650: checks
OHO67: bets $3
ct-650: calls $3
*** TURN *** [Jc 6d 5h] [9c]
ct-650: checks
OHO67: checks
*** RIVER *** [Jc 6d 5h 9c] [8h]
ct-650: bets $6
OHO67: raises $6 to $12
ct-650: folds
Uncalled bet ($6) returned to OHO67
OHO67 collected $29.50 from pot
*** SUMMARY ***
Total pot $30 | Rake $0.50
Board [Jc 6d 5h 9c 8h]
Seat 1: ct-650 (big blind) folded on the River
Seat 2: OHO67 (button) (small blind) collected ($29.50)


PokerStars Hand #145056714197:  Hold'em Limit ($3/$6 USD) - 2015/12/08 23:16:51 ET
Table 'Irpedina' 2-max Seat #2 is the button
Seat 1: ct-650 ($122.62 in chips)
Seat 2: OHO67 ($217.10 in chips)
OHO67: posts small blind $1
ct-650: posts big blind $3
*** HOLE CARDS ***
OHO67: raises $3 to $6
ct-650: calls $3
*** FLOP *** [7d 9h Ah]
ct-650: checks
OHO67: bets $3
ct-650: calls $3
*** TURN *** [7d 9h Ah] [Jc]
ct-650: checks
OHO67: bets $6
ct-650: folds
Uncalled bet ($6) returned to OHO67
OHO67 collected $17.64 from pot
*** SUMMARY ***
Total pot $18 | Rake $0.36
Board [7d 9h Ah Jc]
Seat 1: ct-650 (big blind) folded on the Turn
Seat 2: OHO67 (button) (small blind) collected ($17.64)


PokerStars Hand #145056718700:  Hold'em Limit ($3/$6 USD) - 2015/12/08 23:17:06 ET
Table 'Irpedina' 2-max Seat #1 is the button
Seat 1: ct-650 ($113.62 in chips)
Seat 2: OHO67 ($225.74 in chips)
ct-650: posts small blind $1
OHO67: posts big blind $3
*** HOLE CARDS ***
ct-650: raises $3 to $6
OHO67: folds
Uncalled bet ($3) returned to ct-650
ct-650 collected $6 from pot
*** SUMMARY ***
Total pot $6 | Rake $0
Seat 1: ct-650 (button) (small blind) collected ($6)
Seat 2: OHO67 (big blind) folded before Flop


PokerStars Hand #145056720333:  Hold'em Limit ($3/$6 USD) - 2015/12/08 23:17:11 ET
Table 'Irpedina' 2-max Seat #2 is the button
Seat 1: ct-650 ($116.62 in chips)
Seat 2: OHO67 ($222.74 in chips)
OHO67: posts small blind $1
ct-650: posts big blind $3
*** HOLE CARDS ***
OHO67: raises $3 to $6
ct-650: calls $3
*** FLOP *** [5d 3s 8d]
ct-650: checks
OHO67: bets $3
ct-650: calls $3
*** TURN *** [5d 3s 8d] [9c]
ct-650: checks
OHO67: bets $6
ct-650: calls $6
*** RIVER *** [5d 3s 8d 9c] [Kh]
ct-650: checks
OHO67: checks
*** SHOW DOWN ***
ct-650: shows [Ac 2s] (high card Ace)
OHO67: shows [7c As] (high card Ace - King+Nine+Eight+Seven kicker)
OHO67 collected $29.50 from pot
*** SUMMARY ***
Total pot $30 | Rake $0.50
Board [5d 3s 8d 9c Kh]
Seat 1: ct-650 (big blind) showed [Ac 2s] and lost with high card Ace
Seat 2: OHO67 (button) (small blind) showed [7c As] and won ($29.50) with high card Ace


PokerStars Hand #145056726012:  Hold'em Limit ($3/$6 USD) - 2015/12/08 23:17:29 ET
Table 'Irpedina' 2-max Seat #1 is the button
Seat 1: ct-650 ($101.62 in chips)
Seat 2: OHO67 ($237.24 in chips)
ct-650: posts small blind $1
OHO67: posts big blind $3
*** HOLE CARDS ***
ct-650: raises $3 to $6
OHO67: calls $3
*** FLOP *** [Qh 9d 6h]
OHO67: checks
ct-650: bets $3
OHO67: calls $3
*** TURN *** [Qh 9d 6h] [8d]
OHO67: checks
ct-650: bets $6
OHO67: calls $6
*** RIVER *** [Qh 9d 6h 8d] [3h]
OHO67: checks
ct-650: checks
*** SHOW DOWN ***
OHO67: shows [6d Ks] (a pair of Sixes)
ct-650: mucks hand
OHO67 collected $29.50 from pot
*** SUMMARY ***
Total pot $30 | Rake $0.50
Board [Qh 9d 6h 8d 3h]
Seat 1: ct-650 (button) (small blind) mucked
Seat 2: OHO67 (big blind) showed [6d Ks] and won ($29.50) with a pair of Sixes


PokerStars Hand #145056731543:  Hold'em Limit ($3/$6 USD) - 2015/12/08 23:17:48 ET
Table 'Irpedina' 2-max Seat #2 is the button
Seat 1: ct-650 ($86.62 in chips)
Seat 2: OHO67 ($251.74 in chips)
OHO67: posts small blind $1
ct-650: posts big blind $3
*** HOLE CARDS ***
OHO67: calls $2
ct-650: checks
*** FLOP *** [2c 5d Kh]
ct-650: checks
OHO67: checks
*** TURN *** [2c 5d Kh] [As]
ct-650: bets $6
OHO67: calls $6
*** RIVER *** [2c 5d Kh As] [Js]
ct-650: bets $6
OHO67: folds
Uncalled bet ($6) returned to ct-650
ct-650 collected $17.64 from pot
*** SUMMARY ***
Total pot $18 | Rake $0.36
Board [2c 5d Kh As Js]
Seat 1: ct-650 (big blind) collected ($17.64)
Seat 2: OHO67 (button) (small blind) folded on the River


PokerStars Hand #145056736677:  Hold'em Limit ($3/$6 USD) - 2015/12/08 23:18:05 ET
Table 'Irpedina' 2-max Seat #1 is the button
Seat 1: ct-650 ($95.26 in chips)
Seat 2: OHO67 ($242.74 in chips)
ct-650: posts small blind $1
OHO67: posts big blind $3
*** HOLE CARDS ***
ct-650: raises $3 to $6
OHO67: raises $3 to $9
ct-650: calls $3
*** FLOP *** [Th 5c Kh]
OHO67: bets $3
ct-650: calls $3
*** TURN *** [Th 5c Kh] [Qd]
OHO67: bets $6
ct-650: raises $6 to $12
OHO67: raises $6 to $18
ct-650: calls $6
*** RIVER *** [Th 5c Kh Qd] [Jh]
OHO67: bets $6
ct-650: calls $6
*** SHOW DOWN ***
OHO67: shows [5s 5h] (three of a kind, Fives)
ct-650: shows [Ks 9h] (a straight, Nine to King)
ct-650 collected $71.50 from pot
*** SUMMARY ***
Total pot $72 | Rake $0.50
Board [Th 5c Kh Qd Jh]
Seat 1: ct-650 (button) (small blind) showed [Ks 9h] and won ($71.50) with a straight, Nine to King
Seat 2: OHO67 (big blind) showed [5s 5h] and lost with three of a kind, Fives


PokerStars Hand #145056741640:  Hold'em Limit ($3/$6 USD) - 2015/12/08 23:18:21 ET
Table 'Irpedina' 2-max Seat #2 is the button
Seat 1: ct-650 ($190.76 in chips)
Seat 2: OHO67 ($206.74 in chips)
OHO67: posts small blind $1
ct-650: posts big blind $3
*** HOLE CARDS ***
OHO67: raises $3 to $6
ct-650: calls $3
*** FLOP *** [Ks Kc 7h]
ct-650: checks
OHO67: bets $3
ct-650: calls $3
*** TURN *** [Ks Kc 7h] [9h]
ct-650: checks
OHO67: checks
*** RIVER *** [Ks Kc 7h 9h] [2c]
ct-650: checks
OHO67: checks
*** SHOW DOWN ***
ct-650: shows [Qs 5c] (a pair of Kings)
OHO67: mucks hand
ct-650 collected $17.64 from pot
*** SUMMARY ***
Total pot $18 | Rake $0.36
Board [Ks Kc 7h 9h 2c]
Seat 1: ct-650 (big blind) showed [Qs 5c] and won ($17.64) with a pair of Kings
Seat 2: OHO67 (button) (small blind) mucked


PokerStars Hand #145056747396:  Hold'em Limit ($3/$6 USD) - 2015/12/08 23:18:40 ET
Table 'Irpedina' 2-max Seat #1 is the button
Seat 1: ct-650 ($199.40 in chips)
Seat 2: OHO67 ($197.74 in chips)
ct-650: posts small blind $1
OHO67: posts big blind $3
*** HOLE CARDS ***
ct-650: raises $3 to $6
OHO67: raises $3 to $9
ct-650: calls $3
*** FLOP *** [9s Ah As]
OHO67: bets $3
ct-650: calls $3
*** TURN *** [9s Ah As] [Kd]
OHO67: bets $6
ct-650: calls $6
*** RIVER *** [9s Ah As Kd] [6h]
OHO67: bets $6
ct-650: calls $6
*** SHOW DOWN ***
OHO67: shows [7c 4d] (a pair of Aces)
ct-650: shows [Jh Jd] (two pair, Aces and Jacks)
ct-650 collected $47.50 from pot
*** SUMMARY ***
Total pot $48 | Rake $0.50
Board [9s Ah As Kd 6h]
Seat 1: ct-650 (button) (small blind) showed [Jh Jd] and won ($47.50) with two pair, Aces and Jacks
Seat 2: OHO67 (big blind) showed [7c 4d] and lost with a pair of Aces


PokerStars Hand #145056751946:  Hold'em Limit ($3/$6 USD) - 2015/12/08 23:18:55 ET
Table 'Irpedina' 2-max Seat #2 is the button
Seat 1: ct-650 ($222.90 in chips)
Seat 2: OHO67 ($173.74 in chips)
OHO67: posts small blind $1
ct-650: posts big blind $3
*** HOLE CARDS ***
OHO67: raises $3 to $6
ct-650: calls $3
*** FLOP *** [Ts Qc Qs]
ct-650: checks
OHO67: bets $3
ct-650: folds
Uncalled bet ($3) returned to OHO67
OHO67 collected $11.76 from pot
*** SUMMARY ***
Total pot $12 | Rake $0.24
Board [Ts Qc Qs]
Seat 1: ct-650 (big blind) folded on the Flop
Seat 2: OHO67 (button) (small blind) collected ($11.76)


PokerStars Hand #145056754514:  Hold'em Limit ($3/$6 USD) - 2015/12/08 23:19:03 ET
Table 'Irpedina' 2-max Seat #1 is the button
Seat 1: ct-650 ($216.90 in chips)
Seat 2: OHO67 ($179.50 in chips)
ct-650: posts small blind $1
OHO67: posts big blind $3
*** HOLE CARDS ***
ct-650: raises $3 to $6
OHO67: raises $3 to $9
ct-650: calls $3
*** FLOP *** [2d 5c 7c]
OHO67: bets $3
ct-650: calls $3
*** TURN *** [2d 5c 7c] [7d]
OHO67: bets $6
ct-650: raises $6 to $12
OHO67: calls $6
*** RIVER *** [2d 5c 7c 7d] [Qh]
OHO67: checks
ct-650: bets $6
OHO67: calls $6
*** SHOW DOWN ***
ct-650: shows [Ts Tc] (two pair, Tens and Sevens)
OHO67: mucks hand
ct-650 collected $59.50 from pot
*** SUMMARY ***
Total pot $60 | Rake $0.50
Board [2d 5c 7c 7d Qh]
Seat 1: ct-650 (button) (small blind) showed [Ts Tc] and won ($59.50) with two pair, Tens and Sevens
Seat 2: OHO67 (big blind) mucked


PokerStars Hand #145056759940:  Hold'em Limit ($3/$6 USD) - 2015/12/08 23:19:21 ET
Table 'Irpedina' 2-max Seat #2 is the button
Seat 1: ct-650 ($246.40 in chips)
Seat 2: OHO67 ($149.50 in chips)
OHO67: posts small blind $1
ct-650: posts big blind $3
*** HOLE CARDS ***
OHO67: raises $3 to $6
ct-650: calls $3
*** FLOP *** [As Th Kd]
ct-650: checks
OHO67: bets $3
ct-650: raises $3 to $6
OHO67: calls $3
*** TURN *** [As Th Kd] [4d]
ct-650: bets $6
OHO67: calls $6
*** RIVER *** [As Th Kd 4d] [4s]
ct-650: bets $6
OHO67: calls $6
*** SHOW DOWN ***
ct-650: shows [Ks Js] (two pair, Kings and Fours)
OHO67: mucks hand
ct-650 collected $47.50 from pot
*** SUMMARY ***
Total pot $48 | Rake $0.50
Board [As Th Kd 4d 4s]
Seat 1: ct-650 (big blind) showed [Ks Js] and won ($47.50) with two pair, Kings and Fours
Seat 2: OHO67 (button) (small blind) mucked


PokerStars Hand #145056765402:  Hold'em Limit ($3/$6 USD) - 2015/12/08 23:19:39 ET
Table 'Irpedina' 2-max Seat #1 is the button
Seat 1: ct-650 ($269.90 in chips)
Seat 2: OHO67 ($125.50 in chips)
ct-650: posts small blind $1
OHO67: posts big blind $3
*** HOLE CARDS ***
ct-650: folds
Uncalled bet ($2) returned to OHO67
OHO67 collected $2 from pot
*** SUMMARY ***
Total pot $2 | Rake $0
Seat 1: ct-650 (button) (small blind) folded before Flop
Seat 2: OHO67 (big blind) collected ($2)


PokerStars Hand #145056766802:  Hold'em Limit ($3/$6 USD) - 2015/12/08 23:19:44 ET
Table 'Irpedina' 2-max Seat #2 is the button
Seat 1: ct-650 ($268.90 in chips)
Seat 2: OHO67 ($126.50 in chips)
OHO67: posts small blind $1
ct-650: posts big blind $3
*** HOLE CARDS ***
OHO67: raises $3 to $6
ct-650: calls $3
*** FLOP *** [2d 9s 8c]
ct-650: checks
OHO67: bets $3
ct-650: raises $3 to $6
OHO67: raises $3 to $9
ct-650: calls $3
*** TURN *** [2d 9s 8c] [Ks]
ct-650: checks
OHO67: bets $6
ct-650: calls $6
*** RIVER *** [2d 9s 8c Ks] [3d]
ct-650: checks
OHO67: checks
*** SHOW DOWN ***
ct-650: shows [Th 7s] (high card King)
OHO67: shows [8s Jc] (a pair of Eights)
OHO67 collected $41.50 from pot
*** SUMMARY ***
Total pot $42 | Rake $0.50
Board [2d 9s 8c Ks 3d]
Seat 1: ct-650 (big blind) showed [Th 7s] and lost with high card King
Seat 2: OHO67 (button) (small blind) showed [8s Jc] and won ($41.50) with a pair of Eights


PokerStars Hand #145056771429:  Hold'em Limit ($3/$6 USD) - 2015/12/08 23:19:59 ET
Table 'Irpedina' 2-max Seat #1 is the button
Seat 1: ct-650 ($247.90 in chips)
Seat 2: OHO67 ($147 in chips)
ct-650: posts small blind $1
OHO67: posts big blind $3
*** HOLE CARDS ***
ct-650: raises $3 to $6
OHO67: calls $3
*** FLOP *** [4d 5h Kh]
OHO67: checks
ct-650: bets $3
OHO67: calls $3
*** TURN *** [4d 5h Kh] [Qc]
OHO67: checks
ct-650: bets $6
OHO67: calls $6
*** RIVER *** [4d 5h Kh Qc] [9h]
OHO67: checks
ct-650: bets $6
OHO67: folds
Uncalled bet ($6) returned to ct-650
ct-650 collected $29.50 from pot
*** SUMMARY ***
Total pot $30 | Rake $0.50
Board [4d 5h Kh Qc 9h]
Seat 1: ct-650 (button) (small blind) collected ($29.50)
Seat 2: OHO67 (big blind) folded on the River


PokerStars Hand #145056775398:  Hold'em Limit ($3/$6 USD) - 2015/12/08 23:20:12 ET
Table 'Irpedina' 2-max Seat #2 is the button
Seat 1: ct-650 ($262.40 in chips)
Seat 2: OHO67 ($132 in chips)
OHO67: posts small blind $1
ct-650: posts big blind $3
*** HOLE CARDS ***
OHO67: raises $3 to $6
ct-650: folds
Uncalled bet ($3) returned to OHO67
OHO67 collected $6 from pot
*** SUMMARY ***
Total pot $6 | Rake $0
Seat 1: ct-650 (big blind) folded before Flop
Seat 2: OHO67 (button) (small blind) collected ($6)


PokerStars Hand #145056781758:  Hold'em Limit ($3/$6 USD) - 2015/12/08 23:20:33 ET
Table 'Irpedina' 2-max Seat #2 is the button
Seat 1: ct-650 ($288.90 in chips)
Seat 2: OHO67 ($105 in chips)
OHO67: posts small blind $1
ct-650: posts big blind $3
*** HOLE CARDS ***
OHO67: raises $3 to $6
ct-650: folds
Uncalled bet ($3) returned to OHO67
OHO67 collected $6 from pot
*** SUMMARY ***
Total pot $6 | Rake $0
Seat 1: ct-650 (big blind) folded before Flop
Seat 2: OHO67 (button) (small blind) collected ($6)


PokerStars Hand #145056776894:  Hold'em Limit ($3/$6 USD) - 2015/12/08 23:20:17 ET
Table 'Irpedina' 2-max Seat #1 is the button
Seat 1: ct-650 ($259.40 in chips)
Seat 2: OHO67 ($135 in chips)
ct-650: posts small blind $1
OHO67: posts big blind $3
*** HOLE CARDS ***
ct-650: raises $3 to $6
OHO67: raises $3 to $9
ct-650: calls $3
*** FLOP *** [5s 4c 9s]
OHO67: bets $3
ct-650: calls $3
*** TURN *** [5s 4c 9s] [6s]
OHO67: bets $6
ct-650: raises $6 to $12
OHO67: calls $6
*** RIVER *** [5s 4c 9s 6s] [7s]
OHO67: checks
ct-650: bets $6
OHO67: calls $6
*** SHOW DOWN ***
ct-650: shows [Qs 8s] (a straight flush, Five to Nine)
OHO67: mucks hand
ct-650 collected $59.50 from pot
*** SUMMARY ***
Total pot $60 | Rake $0.50
Board [5s 4c 9s 6s 7s]
Seat 1: ct-650 (button) (small blind) showed [Qs 8s] and won ($59.50) with a straight flush, Five to Nine
Seat 2: OHO67 (big blind) mucked


PokerStars Hand #145056788348:  Hold'em Limit ($3/$6 USD) - 2015/12/08 23:20:55 ET
Table 'Irpedina' 2-max Seat #2 is the button
Seat 1: ct-650 ($267.90 in chips)
Seat 2: OHO67 ($125.50 in chips)
OHO67: posts small blind $1
ct-650: posts big blind $3
*** HOLE CARDS ***
OHO67: folds
Uncalled bet ($2) returned to ct-650
ct-650 collected $2 from pot
*** SUMMARY ***
Total pot $2 | Rake $0
Seat 1: ct-650 (big blind) collected ($2)
Seat 2: OHO67 (button) (small blind) folded before Flop


PokerStars Hand #145056783686:  Hold'em Limit ($3/$6 USD) - 2015/12/08 23:20:39 ET
Table 'Irpedina' 2-max Seat #1 is the button
Seat 1: ct-650 ($285.90 in chips)
Seat 2: OHO67 ($108 in chips)
ct-650: posts small blind $1
OHO67: posts big blind $3
*** HOLE CARDS ***
ct-650: raises $3 to $6
OHO67: raises $3 to $9
ct-650: calls $3
*** FLOP *** [5h Th Ad]
OHO67: bets $3
ct-650: calls $3
*** TURN *** [5h Th Ad] [8d]
OHO67: bets $6
ct-650: calls $6
*** RIVER *** [5h Th Ad 8d] [Ts]
OHO67: bets $6
ct-650: folds
Uncalled bet ($6) returned to OHO67
OHO67 collected $35.50 from pot
*** SUMMARY ***
Total pot $36 | Rake $0.50
Board [5h Th Ad 8d Ts]
Seat 1: ct-650 (button) (small blind) folded on the River
Seat 2: OHO67 (big blind) collected ($35.50)


PokerStars Hand #145056789899:  Hold'em Limit ($3/$6 USD) - 2015/12/08 23:21:00 ET
Table 'Irpedina' 2-max Seat #1 is the button
Seat 1: ct-650 ($268.90 in chips)
Seat 2: OHO67 ($124.50 in chips)
ct-650: posts small blind $1
OHO67: posts big blind $3
*** HOLE CARDS ***
ct-650: raises $3 to $6
OHO67: raises $3 to $9
ct-650: calls $3
*** FLOP *** [8c 8d 2h]
OHO67: bets $3
ct-650: calls $3
*** TURN *** [8c 8d 2h] [Td]
OHO67: bets $6
ct-650: folds
Uncalled bet ($6) returned to OHO67
OHO67 collected $23.52 from pot
*** SUMMARY ***
Total pot $24 | Rake $0.48
Board [8c 8d 2h Td]
Seat 1: ct-650 (button) (small blind) folded on the Turn
Seat 2: OHO67 (big blind) collected ($23.52)


PokerStars Hand #145056793628:  Hold'em Limit ($3/$6 USD) - 2015/12/08 23:21:12 ET
Table 'Irpedina' 2-max Seat #2 is the button
Seat 1: ct-650 ($256.90 in chips)
Seat 2: OHO67 ($136.02 in chips)
OHO67: posts small blind $1
ct-650: posts big blind $3
*** HOLE CARDS ***
OHO67: folds
Uncalled bet ($2) returned to ct-650
ct-650 collected $2 from pot
*** SUMMARY ***
Total pot $2 | Rake $0
Seat 1: ct-650 (big blind) collected ($2)
Seat 2: OHO67 (button) (small blind) folded before Flop


PokerStars Hand #145056795185:  Hold'em Limit ($3/$6 USD) - 2015/12/08 23:21:17 ET
Table 'Irpedina' 2-max Seat #1 is the button
Seat 1: ct-650 ($257.90 in chips)
Seat 2: OHO67 ($135.02 in chips)
ct-650: posts small blind $1
OHO67: posts big blind $3
*** HOLE CARDS ***
ct-650: raises $3 to $6
OHO67: raises $3 to $9
ct-650: calls $3
*** FLOP *** [3c Qd 2c]
OHO67: bets $3
ct-650: calls $3
*** TURN *** [3c Qd 2c] [8c]
OHO67: bets $6
ct-650: raises $6 to $12
OHO67: calls $6
*** RIVER *** [3c Qd 2c 8c] [2d]
OHO67: checks
ct-650: bets $6
OHO67: calls $6
*** SHOW DOWN ***
ct-650: shows [5h Qh] (two pair, Queens and Deuces)
OHO67: mucks hand
ct-650 collected $59.50 from pot
*** SUMMARY ***
Total pot $60 | Rake $0.50
Board [3c Qd 2c 8c 2d]
Seat 1: ct-650 (button) (small blind) showed [5h Qh] and won ($59.50) with two pair, Queens and Deuces
Seat 2: OHO67 (big blind) mucked


PokerStars Hand #145056800374:  Hold'em Limit ($3/$6 USD) - 2015/12/08 23:21:35 ET
Table 'Irpedina' 2-max Seat #2 is the button
Seat 1: ct-650 ($287.40 in chips)
Seat 2: OHO67 ($105.02 in chips)
OHO67: posts small blind $1
ct-650: posts big blind $3
*** HOLE CARDS ***
OHO67: raises $3 to $6
ct-650: calls $3
*** FLOP *** [5c 4h 8s]
ct-650: checks
OHO67: bets $3
ct-650: calls $3
*** TURN *** [5c 4h 8s] [2c]
ct-650: checks
OHO67: checks
*** RIVER *** [5c 4h 8s 2c] [Jc]
ct-650: bets $6
OHO67: folds
Uncalled bet ($6) returned to ct-650
ct-650 collected $17.64 from pot
*** SUMMARY ***
Total pot $18 | Rake $0.36
Board [5c 4h 8s 2c Jc]
Seat 1: ct-650 (big blind) collected ($17.64)
Seat 2: OHO67 (button) (small blind) folded on the River


PokerStars Hand #145056805231:  Hold'em Limit ($3/$6 USD) - 2015/12/08 23:21:51 ET
Table 'Irpedina' 2-max Seat #1 is the button
Seat 1: ct-650 ($296.04 in chips)
Seat 2: OHO67 ($96.02 in chips)
ct-650: posts small blind $1
OHO67: posts big blind $3
*** HOLE CARDS ***
ct-650: raises $3 to $6
OHO67: raises $3 to $9
ct-650: calls $3
*** FLOP *** [7h 4s 4c]
OHO67: bets $3
ct-650: calls $3
*** TURN *** [7h 4s 4c] [9c]
OHO67: bets $6
ct-650: calls $6
*** RIVER *** [7h 4s 4c 9c] [6s]
OHO67: bets $6
ct-650: calls $6
*** SHOW DOWN ***
OHO67: shows [9h Ts] (two pair, Nines and Fours)
ct-650: mucks hand
OHO67 collected $47.50 from pot
*** SUMMARY ***
Total pot $48 | Rake $0.50
Board [7h 4s 4c 9c 6s]
Seat 1: ct-650 (button) (small blind) mucked
Seat 2: OHO67 (big blind) showed [9h Ts] and won ($47.50) with two pair, Nines and Fours


PokerStars Hand #145056809942:  Hold'em Limit ($3/$6 USD) - 2015/12/08 23:22:07 ET
Table 'Irpedina' 2-max Seat #2 is the button
Seat 1: ct-650 ($272.04 in chips)
Seat 2: OHO67 ($119.52 in chips)
OHO67: posts small blind $1
ct-650: posts big blind $3
*** HOLE CARDS ***
OHO67: raises $3 to $6
ct-650: raises $3 to $9
OHO67: calls $3
*** FLOP *** [2s 3h Td]
ct-650: bets $3
OHO67: calls $3
*** TURN *** [2s 3h Td] [As]
ct-650: bets $6
OHO67: calls $6
*** RIVER *** [2s 3h Td As] [4d]
ct-650: bets $6
OHO67: calls $6
*** SHOW DOWN ***
ct-650: shows [Js Ah] (a pair of Aces)
OHO67: mucks hand
ct-650 collected $47.50 from pot
*** SUMMARY ***
Total pot $48 | Rake $0.50
Board [2s 3h Td As 4d]
Seat 1: ct-650 (big blind) showed [Js Ah] and won ($47.50) with a pair of Aces
Seat 2: OHO67 (button) (small blind) mucked


PokerStars Hand #145056814124:  Hold'em Limit ($3/$6 USD) - 2015/12/08 23:22:21 ET
Table 'Irpedina' 2-max Seat #1 is the button
Seat 1: ct-650 ($295.54 in chips)
Seat 2: OHO67 ($95.52 in chips)
ct-650: posts small blind $1
OHO67: posts big blind $3
*** HOLE CARDS ***
ct-650: folds
Uncalled bet ($2) returned to OHO67
OHO67 collected $2 from pot
*** SUMMARY ***
Total pot $2 | Rake $0
Seat 1: ct-650 (button) (small blind) folded before Flop
Seat 2: OHO67 (big blind) collected ($2)


PokerStars Hand #145056815695:  Hold'em Limit ($3/$6 USD) - 2015/12/08 23:22:26 ET
Table 'Irpedina' 2-max Seat #2 is the button
Seat 1: ct-650 ($294.54 in chips)
Seat 2: OHO67 ($96.52 in chips)
OHO67: posts small blind $1
ct-650: posts big blind $3
*** HOLE CARDS ***
OHO67: raises $3 to $6
ct-650: raises $3 to $9
OHO67: raises $3 to $12
Betting is capped
ct-650: calls $3
*** FLOP *** [6s 2s 4s]
ct-650: checks
OHO67: bets $3
ct-650: calls $3
*** TURN *** [6s 2s 4s] [Jc]
ct-650: checks
OHO67: bets $6
ct-650: calls $6
*** RIVER *** [6s 2s 4s Jc] [Jd]
ct-650: checks
OHO67: bets $6
ct-650: calls $6
*** SHOW DOWN ***
OHO67: shows [9d 9h] (two pair, Jacks and Nines)
ct-650: mucks hand
OHO67 collected $53.50 from pot
*** SUMMARY ***
Total pot $54 | Rake $0.50
Board [6s 2s 4s Jc Jd]
Seat 1: ct-650 (big blind) mucked
Seat 2: OHO67 (button) (small blind) showed [9d 9h] and won ($53.50) with two pair, Jacks and Nines


PokerStars Hand #145056823530:  Hold'em Limit ($3/$6 USD) - 2015/12/08 23:22:53 ET
Table 'Irpedina' 2-max Seat #2 is the button
Seat 1: ct-650 ($266.54 in chips)
Seat 2: OHO67 ($124.02 in chips)
OHO67: posts small blind $1
ct-650: posts big blind $3
*** HOLE CARDS ***
OHO67: raises $3 to $6
ct-650: folds
Uncalled bet ($3) returned to OHO67
OHO67 collected $6 from pot
*** SUMMARY ***
Total pot $6 | Rake $0
Seat 1: ct-650 (big blind) folded before Flop
Seat 2: OHO67 (button) (small blind) collected ($6)


PokerStars Hand #145056821885:  Hold'em Limit ($3/$6 USD) - 2015/12/08 23:22:47 ET
Table 'Irpedina' 2-max Seat #1 is the button
Seat 1: ct-650 ($267.54 in chips)
Seat 2: OHO67 ($123.02 in chips)
ct-650: posts small blind $1
OHO67: posts big blind $3
*** HOLE CARDS ***
ct-650: folds
Uncalled bet ($2) returned to OHO67
OHO67 collected $2 from pot
*** SUMMARY ***
Total pot $2 | Rake $0
Seat 1: ct-650 (button) (small blind) folded before Flop
Seat 2: OHO67 (big blind) collected ($2)


PokerStars Hand #145056825441:  Hold'em Limit ($3/$6 USD) - 2015/12/08 23:22:59 ET
Table 'Irpedina' 2-max Seat #1 is the button
Seat 1: ct-650 ($263.54 in chips)
Seat 2: OHO67 ($127.02 in chips)
ct-650: posts small blind $1
OHO67: posts big blind $3
*** HOLE CARDS ***
ct-650: folds
Uncalled bet ($2) returned to OHO67
OHO67 collected $2 from pot
*** SUMMARY ***
Total pot $2 | Rake $0
Seat 1: ct-650 (button) (small blind) folded before Flop
Seat 2: OHO67 (big blind) collected ($2)


PokerStars Hand #145056830600:  Hold'em Limit ($3/$6 USD) - 2015/12/08 23:23:16 ET
Table 'Irpedina' 2-max Seat #1 is the button
Seat 1: ct-650 ($265.42 in chips)
Seat 2: OHO67 ($125.02 in chips)
ct-650: posts small blind $1
OHO67: posts big blind $3
*** HOLE CARDS ***
ct-650: raises $3 to $6
OHO67: raises $3 to $9
ct-650: calls $3
*** FLOP *** [4h 7s Tc]
OHO67: bets $3
ct-650: calls $3
*** TURN *** [4h 7s Tc] [Jd]
OHO67: bets $6
ct-650: calls $6
*** RIVER *** [4h 7s Tc Jd] [Ts]
OHO67: bets $6
ct-650: calls $6
*** SHOW DOWN ***
OHO67: shows [Jh 5h] (two pair, Jacks and Tens)
ct-650: mucks hand
OHO67 collected $47.50 from pot
*** SUMMARY ***
Total pot $48 | Rake $0.50
Board [4h 7s Tc Jd Ts]
Seat 1: ct-650 (button) (small blind) mucked
Seat 2: OHO67 (big blind) showed [Jh 5h] and won ($47.50) with two pair, Jacks and Tens


PokerStars Hand #145056836197:  Hold'em Limit ($3/$6 USD) - 2015/12/08 23:23:35 ET
Table 'Irpedina' 2-max Seat #2 is the button
Seat 1: ct-650 ($241.42 in chips)
Seat 2: OHO67 ($148.52 in chips)
OHO67: posts small blind $1
ct-650: posts big blind $3
*** HOLE CARDS ***
OHO67: raises $3 to $6
ct-650: calls $3
*** FLOP *** [3c Jc 6d]
ct-650: checks
OHO67: bets $3
ct-650: calls $3
*** TURN *** [3c Jc 6d] [9h]
ct-650: checks
OHO67: bets $6
ct-650: calls $6
*** RIVER *** [3c Jc 6d 9h] [4s]
ct-650: checks
OHO67: checks
*** SHOW DOWN ***
ct-650: shows [7s 9c] (a pair of Nines)
OHO67: mucks hand
ct-650 collected $29.50 from pot
*** SUMMARY ***
Total pot $30 | Rake $0.50
Board [3c Jc 6d 9h 4s]
Seat 1: ct-650 (big blind) showed [7s 9c] and won ($29.50) with a pair of Nines
Seat 2: OHO67 (button) (small blind) mucked


PokerStars Hand #145056843261:  Hold'em Limit ($3/$6 USD) - 2015/12/08 23:23:59 ET
Table 'Irpedina' 2-max Seat #1 is the button
Seat 1: ct-650 ($255.92 in chips)
Seat 2: OHO67 ($133.52 in chips)
ct-650: posts small blind $1
OHO67: posts big blind $3
*** HOLE CARDS ***
ct-650: raises $3 to $6
OHO67: calls $3
*** FLOP *** [7c 6d Qs]
OHO67: checks
ct-650: bets $3
OHO67: folds
Uncalled bet ($3) returned to ct-650
ct-650 collected $11.76 from pot
*** SUMMARY ***
Total pot $12 | Rake $0.24
Board [7c 6d Qs]
Seat 1: ct-650 (button) (small blind) collected ($11.76)
Seat 2: OHO67 (big blind) folded on the Flop


PokerStars Hand #145056827453:  Hold'em Limit ($3/$6 USD) - 2015/12/08 23:23:06 ET
Table 'Irpedina' 2-max Seat #2 is the button
Seat 1: ct-650 ($262.54 in chips)
Seat 2: OHO67 ($128.02 in chips)
OHO67: posts small blind $1
ct-650: posts big blind $3
*** HOLE CARDS ***
OHO67: calls $2
ct-650: checks
*** FLOP *** [7d 9c 4d]
ct-650: bets $3
OHO67: folds
Uncalled bet ($3) returned to ct-650
ct-650 collected $5.88 from pot
*** SUMMARY ***
Total pot $6 | Rake $0.12
Board [7d 9c 4d]
Seat 1: ct-650 (big blind) collected ($5.88)
Seat 2: OHO67 (button) (small blind) folded on the Flop


PokerStars Hand #145056853287:  Hold'em Limit ($3/$6 USD) - 2015/12/08 23:24:33 ET
Table 'Irpedina' 2-max Seat #2 is the button
Seat 1: ct-650 ($279.18 in chips)
Seat 2: OHO67 ($109.28 in chips)
OHO67: posts small blind $1
ct-650: posts big blind $3
*** HOLE CARDS ***
OHO67: raises $3 to $6
ct-650: folds
Uncalled bet ($3) returned to OHO67
OHO67 collected $6 from pot
*** SUMMARY ***
Total pot $6 | Rake $0
Seat 1: ct-650 (big blind) folded before Flop
Seat 2: OHO67 (button) (small blind) collected ($6)


PokerStars Hand #145056848710:  Hold'em Limit ($3/$6 USD) - 2015/12/08 23:24:17 ET
Table 'Irpedina' 2-max Seat #1 is the button
Seat 1: ct-650 ($255.68 in chips)
Seat 2: OHO67 ($133.28 in chips)
ct-650: posts small blind $1
OHO67: posts big blind $3
*** HOLE CARDS ***
ct-650: raises $3 to $6
OHO67: raises $3 to $9
ct-650: calls $3
*** FLOP *** [5h Ts 2d]
OHO67: bets $3
ct-650: calls $3
*** TURN *** [5h Ts 2d] [4c]
OHO67: bets $6
ct-650: calls $6
*** RIVER *** [5h Ts 2d 4c] [Th]
OHO67: bets $6
ct-650: calls $6
*** SHOW DOWN ***
OHO67: shows [Js Qc] (a pair of Tens)
ct-650: shows [Jd 4s] (two pair, Tens and Fours)
ct-650 collected $47.50 from pot
*** SUMMARY ***
Total pot $48 | Rake $0.50
Board [5h Ts 2d 4c Th]
Seat 1: ct-650 (button) (small blind) showed [Jd 4s] and won ($47.50) with two pair, Tens and Fours
Seat 2: OHO67 (big blind) showed [Js Qc] and lost with a pair of Tens


PokerStars Hand #145056855027:  Hold'em Limit ($3/$6 USD) - 2015/12/08 23:24:39 ET
Table 'Irpedina' 2-max Seat #1 is the button
Seat 1: ct-650 ($276.18 in chips)
Seat 2: OHO67 ($112.28 in chips)
ct-650: posts small blind $1
OHO67: posts big blind $3
*** HOLE CARDS ***
ct-650: raises $3 to $6
OHO67: raises $3 to $9
ct-650: calls $3
*** FLOP *** [6h 5d 5s]
OHO67: bets $3
ct-650: calls $3
*** TURN *** [6h 5d 5s] [4d]
OHO67: bets $6
ct-650: calls $6
*** RIVER *** [6h 5d 5s 4d] [Js]
OHO67: bets $6
ct-650: calls $6
*** SHOW DOWN ***
OHO67: shows [3c 9h] (a pair of Fives)
ct-650: shows [6c 8c] (two pair, Sixes and Fives)
ct-650 collected $47.50 from pot
*** SUMMARY ***
Total pot $48 | Rake $0.50
Board [6h 5d 5s 4d Js]
Seat 1: ct-650 (button) (small blind) showed [6c 8c] and won ($47.50) with two pair, Sixes and Fives
Seat 2: OHO67 (big blind) showed [3c 9h] and lost with a pair of Fives


PokerStars Hand #145056845886:  Hold'em Limit ($3/$6 USD) - 2015/12/08 23:24:08 ET
Table 'Irpedina' 2-max Seat #2 is the button
Seat 1: ct-650 ($261.68 in chips)
Seat 2: OHO67 ($127.52 in chips)
OHO67: posts small blind $1
ct-650: posts big blind $3
*** HOLE CARDS ***
OHO67: raises $3 to $6
ct-650: calls $3
*** FLOP *** [2h Ah 8c]
ct-650: checks
OHO67: bets $3
ct-650: folds
Uncalled bet ($3) returned to OHO67
OHO67 collected $11.76 from pot
*** SUMMARY ***
Total pot $12 | Rake $0.24
Board [2h Ah 8c]
Seat 1: ct-650 (big blind) folded on the Flop
Seat 2: OHO67 (button) (small blind) collected ($11.76)


PokerStars Hand #145056859874:  Hold'em Limit ($3/$6 USD) - 2015/12/08 23:24:55 ET
Table 'Irpedina' 2-max Seat #2 is the button
Seat 1: ct-650 ($299.68 in chips)
Seat 2: OHO67 ($88.28 in chips)
OHO67: posts small blind $1
ct-650: posts big blind $3
*** HOLE CARDS ***
OHO67: raises $3 to $6
ct-650: calls $3
*** FLOP *** [3s 3h 9d]
ct-650: checks
OHO67 said, "bot"
OHO67: bets $3
ct-650: calls $3
*** TURN *** [3s 3h 9d] [8s]
ct-650: checks
OHO67: bets $6
ct-650: calls $6
*** RIVER *** [3s 3h 9d 8s] [3d]
ct-650: checks
OHO67: bets $6
ct-650 said, "aga"
ct-650: folds
Uncalled bet ($6) returned to OHO67
OHO67 collected $29.50 from pot
*** SUMMARY ***
Total pot $30 | Rake $0.50
Board [3s 3h 9d 8s 3d]
Seat 1: ct-650 (big blind) folded on the River
Seat 2: OHO67 (button) (small blind) collected ($29.50)


PokerStars Hand #145056871015:  Hold'em Limit ($3/$6 USD) - 2015/12/08 23:25:33 ET
Table 'Irpedina' 2-max Seat #1 is the button
Seat 1: ct-650 ($284.68 in chips)
Seat 2: OHO67 ($102.78 in chips)
ct-650: posts small blind $1
OHO67: posts big blind $3
*** HOLE CARDS ***
ct-650: raises $3 to $6
OHO67: calls $3
*** FLOP *** [3d Kh 8h]
OHO67: checks
ct-650: bets $3
OHO67: calls $3
*** TURN *** [3d Kh 8h] [Tc]
OHO67: checks
ct-650: checks
*** RIVER *** [3d Kh 8h Tc] [Qd]
OHO67: bets $6
ct-650: folds
Uncalled bet ($6) returned to OHO67
OHO67 collected $17.64 from pot
*** SUMMARY ***
Total pot $18 | Rake $0.36
Board [3d Kh 8h Tc Qd]
Seat 1: ct-650 (button) (small blind) folded on the River
Seat 2: OHO67 (big blind) collected ($17.64)


PokerStars Hand #145056877118:  Hold'em Limit ($3/$6 USD) - 2015/12/08 23:25:54 ET
Table 'Irpedina' 2-max Seat #1 is the button
Seat 1: ct-650 ($272.68 in chips)
Seat 2: OHO67 ($114.42 in chips)
ct-650: posts small blind $1
OHO67: posts big blind $3
*** HOLE CARDS ***
ct-650: folds
Uncalled bet ($2) returned to OHO67
OHO67 collected $2 from pot
*** SUMMARY ***
Total pot $2 | Rake $0
Seat 1: ct-650 (button) (small blind) folded before Flop
Seat 2: OHO67 (big blind) collected ($2)


PokerStars Hand #145056875099:  Hold'em Limit ($3/$6 USD) - 2015/12/08 23:25:47 ET
Table 'Irpedina' 2-max Seat #2 is the button
Seat 1: ct-650 ($275.68 in chips)
Seat 2: OHO67 ($111.42 in chips)
OHO67: posts small blind $1
ct-650: posts big blind $3
*** HOLE CARDS ***
OHO67: raises $3 to $6
ct-650: folds
Uncalled bet ($3) returned to OHO67
OHO67 collected $6 from pot
*** SUMMARY ***
Total pot $6 | Rake $0
Seat 1: ct-650 (big blind) folded before Flop
Seat 2: OHO67 (button) (small blind) collected ($6)


PokerStars Hand #145056878440:  Hold'em Limit ($3/$6 USD) - 2015/12/08 23:25:58 ET
Table 'Irpedina' 2-max Seat #2 is the button
Seat 1: ct-650 ($271.68 in chips)
Seat 2: OHO67 ($115.42 in chips)
OHO67: posts small blind $1
ct-650: posts big blind $3
*** HOLE CARDS ***
OHO67: raises $3 to $6
ct-650: calls $3
*** FLOP *** [5c Ks 7d]
ct-650: checks
OHO67: bets $3
ct-650: raises $3 to $6
OHO67: calls $3
*** TURN *** [5c Ks 7d] [7c]
ct-650: checks
OHO67: checks
*** RIVER *** [5c Ks 7d 7c] [8c]
ct-650: checks
OHO67: checks
*** SHOW DOWN ***
ct-650: shows [Js 9s] (a pair of Sevens)
OHO67: shows [2d 2c] (two pair, Sevens and Deuces)
OHO67 collected $23.52 from pot
*** SUMMARY ***
Total pot $24 | Rake $0.48
Board [5c Ks 7d 7c 8c]
Seat 1: ct-650 (big blind) showed [Js 9s] and lost with a pair of Sevens
Seat 2: OHO67 (button) (small blind) showed [2d 2c] and won ($23.52) with two pair, Sevens and Deuces


PokerStars Hand #145056884661:  Hold'em Limit ($3/$6 USD) - 2015/12/08 23:26:19 ET
Table 'Irpedina' 2-max Seat #2 is the button
Seat 1: ct-650 ($258.68 in chips)
Seat 2: OHO67 ($127.94 in chips)
OHO67: posts small blind $1
ct-650: posts big blind $3
*** HOLE CARDS ***
OHO67: raises $3 to $6
ct-650: folds
Uncalled bet ($3) returned to OHO67
OHO67 collected $6 from pot
*** SUMMARY ***
Total pot $6 | Rake $0
Seat 1: ct-650 (big blind) folded before Flop
Seat 2: OHO67 (button) (small blind) collected ($6)


PokerStars Hand #145056886122:  Hold'em Limit ($3/$6 USD) - 2015/12/08 23:26:24 ET
Table 'Irpedina' 2-max Seat #1 is the button
Seat 1: ct-650 ($255.68 in chips)
Seat 2: OHO67 ($130.94 in chips)
ct-650: posts small blind $1
OHO67: posts big blind $3
*** HOLE CARDS ***
ct-650: raises $3 to $6
OHO67: calls $3
*** FLOP *** [Ts 9h 7d]
OHO67: checks
ct-650: bets $3
OHO67: calls $3
*** TURN *** [Ts 9h 7d] [3s]
OHO67: checks
ct-650: checks
*** RIVER *** [Ts 9h 7d 3s] [Jd]
OHO67: bets $6
ct-650: calls $6
*** SHOW DOWN ***
OHO67: shows [7s 8s] (a straight, Seven to Jack)
ct-650: mucks hand
OHO67 collected $29.50 from pot
*** SUMMARY ***
Total pot $30 | Rake $0.50
Board [Ts 9h 7d 3s Jd]
Seat 1: ct-650 (button) (small blind) mucked
Seat 2: OHO67 (big blind) showed [7s 8s] and won ($29.50) with a straight, Seven to Jack


PokerStars Hand #145056883397:  Hold'em Limit ($3/$6 USD) - 2015/12/08 23:26:15 ET
Table 'Irpedina' 2-max Seat #1 is the button
Seat 1: ct-650 ($259.68 in chips)
Seat 2: OHO67 ($126.94 in chips)
ct-650: posts small blind $1
OHO67: posts big blind $3
*** HOLE CARDS ***
ct-650: folds
Uncalled bet ($2) returned to OHO67
OHO67 collected $2 from pot
*** SUMMARY ***
Total pot $2 | Rake $0
Seat 1: ct-650 (button) (small blind) folded before Flop
Seat 2: OHO67 (big blind) collected ($2)


PokerStars Hand #145056890902:  Hold'em Limit ($3/$6 USD) - 2015/12/08 23:26:40 ET
Table 'Irpedina' 2-max Seat #2 is the button
Seat 1: ct-650 ($240.68 in chips)
Seat 2: OHO67 ($145.44 in chips)
OHO67: posts small blind $1
ct-650: posts big blind $3
*** HOLE CARDS ***
OHO67: raises $3 to $6
ct-650: folds
Uncalled bet ($3) returned to OHO67
OHO67 collected $6 from pot
*** SUMMARY ***
Total pot $6 | Rake $0
Seat 1: ct-650 (big blind) folded before Flop
Seat 2: OHO67 (button) (small blind) collected ($6)


PokerStars Hand #145056895924:  Hold'em Limit ($3/$6 USD) - 2015/12/08 23:26:58 ET
Table 'Irpedina' 2-max Seat #2 is the button
Seat 1: ct-650 ($246.32 in chips)
Seat 2: OHO67 ($139.44 in chips)
OHO67: posts small blind $1
ct-650: posts big blind $3
*** HOLE CARDS ***
OHO67: raises $3 to $6
ct-650: folds
Uncalled bet ($3) returned to OHO67
OHO67 collected $6 from pot
*** SUMMARY ***
Total pot $6 | Rake $0
Seat 1: ct-650 (big blind) folded before Flop
Seat 2: OHO67 (button) (small blind) collected ($6)


PokerStars Hand #145056892723:  Hold'em Limit ($3/$6 USD) - 2015/12/08 23:26:47 ET
Table 'Irpedina' 2-max Seat #1 is the button
Seat 1: ct-650 ($237.68 in chips)
Seat 2: OHO67 ($148.44 in chips)
ct-650: posts small blind $1
OHO67: posts big blind $3
*** HOLE CARDS ***
ct-650: raises $3 to $6
OHO67: calls $3
*** FLOP *** [Th 2c 3c]
OHO67: checks
ct-650: bets $3
OHO67: calls $3
*** TURN *** [Th 2c 3c] [2h]
OHO67: checks
ct-650: bets $6
OHO67: folds
Uncalled bet ($6) returned to ct-650
ct-650 collected $17.64 from pot
*** SUMMARY ***
Total pot $18 | Rake $0.36
Board [Th 2c 3c 2h]
Seat 1: ct-650 (button) (small blind) collected ($17.64)
Seat 2: OHO67 (big blind) folded on the Turn


PokerStars Hand #145056903738:  Hold'em Limit ($3/$6 USD) - 2015/12/08 23:27:24 ET
Table 'Irpedina' 2-max Seat #1 is the button
Seat 1: ct-650 ($244.07 in chips)
Seat 2: OHO67 ($141.19 in chips)
ct-650: posts small blind $1
OHO67: posts big blind $3
*** HOLE CARDS ***
ct-650: folds
Uncalled bet ($2) returned to OHO67
OHO67 collected $2 from pot
*** SUMMARY ***
Total pot $2 | Rake $0
Seat 1: ct-650 (button) (small blind) folded before Flop
Seat 2: OHO67 (big blind) collected ($2)


PokerStars Hand #145056907581:  Hold'em Limit ($3/$6 USD) - 2015/12/08 23:27:37 ET
Table 'Irpedina' 2-max Seat #1 is the button
Seat 1: ct-650 ($251.71 in chips)
Seat 2: OHO67 ($133.19 in chips)
ct-650: posts small blind $1
OHO67: posts big blind $3
*** HOLE CARDS ***
ct-650: folds
Uncalled bet ($2) returned to OHO67
OHO67 collected $2 from pot
*** SUMMARY ***
Total pot $2 | Rake $0
Seat 1: ct-650 (button) (small blind) folded before Flop
Seat 2: OHO67 (big blind) collected ($2)


PokerStars Hand #145056904983:  Hold'em Limit ($3/$6 USD) - 2015/12/08 23:27:29 ET
Table 'Irpedina' 2-max Seat #2 is the button
Seat 1: ct-650 ($243.07 in chips)
Seat 2: OHO67 ($142.19 in chips)
OHO67: posts small blind $1
ct-650: posts big blind $3
*** HOLE CARDS ***
OHO67: raises $3 to $6
ct-650: raises $3 to $9
OHO67: calls $3
*** FLOP *** [Kc Kh Js]
ct-650: bets $3
OHO67: folds
Uncalled bet ($3) returned to ct-650
ct-650 collected $17.64 from pot
*** SUMMARY ***
Total pot $18 | Rake $0.36
Board [Kc Kh Js]
Seat 1: ct-650 (big blind) collected ($17.64)
Seat 2: OHO67 (button) (small blind) folded on the Flop


PokerStars Hand #145056910663:  Hold'em Limit ($3/$6 USD) - 2015/12/08 23:27:48 ET
Table 'Irpedina' 2-max Seat #1 is the button
Seat 1: ct-650 ($247.71 in chips)
Seat 2: OHO67 ($137.19 in chips)
ct-650: posts small blind $1
OHO67: posts big blind $3
*** HOLE CARDS ***
ct-650: raises $3 to $6
OHO67: raises $3 to $9
ct-650: calls $3
*** FLOP *** [Td 5d As]
OHO67: bets $3
ct-650: calls $3
*** TURN *** [Td 5d As] [7h]
OHO67: bets $6
ct-650: raises $6 to $12
OHO67: calls $6
*** RIVER *** [Td 5d As 7h] [2d]
OHO67: checks
ct-650: bets $6
OHO67: calls $6
*** SHOW DOWN ***
ct-650: shows [Ac Th] (two pair, Aces and Tens)
OHO67: mucks hand
ct-650 collected $59.50 from pot
*** SUMMARY ***
Total pot $60 | Rake $0.50
Board [Td 5d As 7h 2d]
Seat 1: ct-650 (button) (small blind) showed [Ac Th] and won ($59.50) with two pair, Aces and Tens
Seat 2: OHO67 (big blind) mucked


PokerStars Hand #145056908914:  Hold'em Limit ($3/$6 USD) - 2015/12/08 23:27:42 ET
Table 'Irpedina' 2-max Seat #2 is the button
Seat 1: ct-650 ($250.71 in chips)
Seat 2: OHO67 ($134.19 in chips)
OHO67: posts small blind $1
ct-650: posts big blind $3
*** HOLE CARDS ***
OHO67: raises $3 to $6
ct-650: folds
Uncalled bet ($3) returned to OHO67
OHO67 collected $6 from pot
*** SUMMARY ***
Total pot $6 | Rake $0
Seat 1: ct-650 (big blind) folded before Flop
Seat 2: OHO67 (button) (small blind) collected ($6)


PokerStars Hand #145056897295:  Hold'em Limit ($3/$6 USD) - 2015/12/08 23:27:02 ET
Table 'Irpedina' 2-max Seat #1 is the button
Seat 1: ct-650 ($243.32 in chips)
Seat 2: OHO67 ($142.44 in chips)
ct-650: posts small blind $1
OHO67: posts big blind $3
*** HOLE CARDS ***
ct-650: raises $3 to $6
OHO67: raises $3 to $9
ct-650: calls $3
*** FLOP *** [5c Ad 4h]
OHO67: bets $3
ct-650: calls $3
*** TURN *** [5c Ad 4h] [5h]
OHO67: bets $6
ct-650: raises $6 to $12
OHO67: calls $6
*** RIVER *** [5c Ad 4h 5h] [9d]
OHO67: checks
ct-650: bets $6
OHO67: calls $6
*** SHOW DOWN ***
ct-650: shows [Ac 2h] (two pair, Aces and Fives)
OHO67: shows [As 4s] (two pair, Aces and Fives)
OHO67 collected $29.75 from pot
ct-650 collected $29.75 from pot
*** SUMMARY ***
Total pot $60 | Rake $0.50
Board [5c Ad 4h 5h 9d]
Seat 1: ct-650 (button) (small blind) showed [Ac 2h] and won ($29.75) with two pair, Aces and Fives
Seat 2: OHO67 (big blind) showed [As 4s] and won ($29.75) with two pair, Aces and Fives


PokerStars Hand #145056902242:  Hold'em Limit ($3/$6 USD) - 2015/12/08 23:27:19 ET
Table 'Irpedina' 2-max Seat #2 is the button
Seat 1: ct-650 ($243.07 in chips)
Seat 2: OHO67 ($142.19 in chips)
OHO67: posts small blind $1
ct-650: posts big blind $3
*** HOLE CARDS ***
OHO67: folds
Uncalled bet ($2) returned to ct-650
ct-650 collected $2 from pot
*** SUMMARY ***
Total pot $2 | Rake $0
Seat 1: ct-650 (big blind) collected ($2)
Seat 2: OHO67 (button) (small blind) folded before Flop


PokerStars Hand #145056927806:  Hold'em Limit ($3/$6 USD) - 2015/12/08 23:28:47 ET
Table 'Irpedina' 2-max Seat #1 is the button
Seat 1: ct-650 ($267.71 in chips)
Seat 2: OHO67 ($115.33 in chips)
ct-650: posts small blind $1
OHO67: posts big blind $3
*** HOLE CARDS ***
ct-650 said, "lol"
ct-650: raises $3 to $6
OHO67: raises $3 to $9
ct-650: calls $3
*** FLOP *** [7d Ts 2d]
OHO67: bets $3
ct-650: calls $3
*** TURN *** [7d Ts 2d] [Kd]
OHO67: bets $6
ct-650: calls $6
*** RIVER *** [7d Ts 2d Kd] [4s]
OHO67: bets $6
ct-650: calls $6
*** SHOW DOWN ***
OHO67: shows [Qh Jh] (high card King)
ct-650: shows [Jc 2c] (a pair of Deuces)
ct-650 collected $47.50 from pot
*** SUMMARY ***
Total pot $48 | Rake $0.50
Board [7d Ts 2d Kd 4s]
Seat 1: ct-650 (button) (small blind) showed [Jc 2c] and won ($47.50) with a pair of Deuces
Seat 2: OHO67 (big blind) showed [Qh Jh] and lost with high card King


PokerStars Hand #145056924215:  Hold'em Limit ($3/$6 USD) - 2015/12/08 23:28:34 ET
Table 'Irpedina' 2-max Seat #2 is the button
Seat 1: ct-650 ($276.71 in chips)
Seat 2: OHO67 ($106.69 in chips)
OHO67: posts small blind $1
ct-650: posts big blind $3
*** HOLE CARDS ***
OHO67: raises $3 to $6
ct-650: calls $3
*** FLOP *** [Ah 4c Qh]
ct-650: checks
OHO67: bets $3
ct-650: calls $3
*** TURN *** [Ah 4c Qh] [Jh]
ct-650: checks
OHO67: checks
*** RIVER *** [Ah 4c Qh Jh] [2c]
ct-650: checks
OHO67: checks
*** SHOW DOWN ***
ct-650: shows [Kh 5s] (high card Ace)
OHO67: shows [3s 2d] (a pair of Deuces)
OHO67 collected $17.64 from pot
*** SUMMARY ***
Total pot $18 | Rake $0.36
Board [Ah 4c Qh Jh 2c]
Seat 1: ct-650 (big blind) showed [Kh 5s] and lost with high card Ace
Seat 2: OHO67 (button) (small blind) showed [3s 2d] and won ($17.64) with a pair of Deuces


PokerStars Hand #145056919637:  Hold'em Limit ($3/$6 USD) - 2015/12/08 23:28:19 ET
Table 'Irpedina' 2-max Seat #1 is the button
Seat 1: ct-650 ($259.21 in chips)
Seat 2: OHO67 ($124.69 in chips)
ct-650: posts small blind $1
OHO67: posts big blind $3
*** HOLE CARDS ***
ct-650: raises $3 to $6
OHO67: raises $3 to $9
ct-650: calls $3
*** FLOP *** [3h 6s 4d]
OHO67: bets $3
ct-650: calls $3
*** TURN *** [3h 6s 4d] [7c]
OHO67: checks
ct-650: bets $6
OHO67: calls $6
*** RIVER *** [3h 6s 4d 7c] [6d]
OHO67: checks
ct-650: bets $6
OHO67: folds
Uncalled bet ($6) returned to ct-650
ct-650 collected $35.50 from pot
*** SUMMARY ***
Total pot $36 | Rake $0.50
Board [3h 6s 4d 7c 6d]
Seat 1: ct-650 (button) (small blind) collected ($35.50)
Seat 2: OHO67 (big blind) folded on the River


PokerStars Hand #145056915532:  Hold'em Limit ($3/$6 USD) - 2015/12/08 23:28:05 ET
Table 'Irpedina' 2-max Seat #2 is the button
Seat 1: ct-650 ($277.21 in chips)
Seat 2: OHO67 ($107.19 in chips)
OHO67: posts small blind $1
ct-650: posts big blind $3
*** HOLE CARDS ***
OHO67: raises $3 to $6
ct-650: raises $3 to $9
OHO67: calls $3
*** FLOP *** [Kd 4c 3h]
ct-650: bets $3
OHO67: calls $3
*** TURN *** [Kd 4c 3h] [3c]
ct-650: checks
OHO67: bets $6
ct-650: calls $6
*** RIVER *** [Kd 4c 3h 3c] [Ts]
ct-650: checks
OHO67: checks
*** SHOW DOWN ***
ct-650: shows [As 2s] (a pair of Threes)
OHO67: shows [Jc 4h] (two pair, Fours and Threes)
OHO67 collected $35.50 from pot
*** SUMMARY ***
Total pot $36 | Rake $0.50
Board [Kd 4c 3h 3c Ts]
Seat 1: ct-650 (big blind) showed [As 2s] and lost with a pair of Threes
Seat 2: OHO67 (button) (small blind) showed [Jc 4h] and won ($35.50) with two pair, Fours and Threes


PokerStars Hand #145056945964:  Hold'em Limit ($3/$6 USD) - 2015/12/08 23:29:50 ET
Table 'Irpedina' 2-max Seat #2 is the button
Seat 1: ct-650 ($313.46 in chips)
Seat 2: OHO67 ($68.08 in chips)
OHO67: posts small blind $1
ct-650: posts big blind $3
*** HOLE CARDS ***
OHO67: raises $3 to $6
ct-650: calls $3
*** FLOP *** [3s 9h 6c]
ct-650: checks
OHO67: bets $3
ct-650: folds
Uncalled bet ($3) returned to OHO67
OHO67 collected $11.76 from pot
*** SUMMARY ***
Total pot $12 | Rake $0.24
Board [3s 9h 6c]
Seat 1: ct-650 (big blind) folded on the Flop
Seat 2: OHO67 (button) (small blind) collected ($11.76)


PokerStars Hand #145056944807:  Hold'em Limit ($3/$6 USD) - 2015/12/08 23:29:46 ET
Table 'Irpedina' 2-max Seat #1 is the button
Seat 1: ct-650 ($314.46 in chips)
Seat 2: OHO67 ($67.08 in chips)
ct-650: posts small blind $1
OHO67: posts big blind $3
*** HOLE CARDS ***
ct-650: folds
Uncalled bet ($2) returned to OHO67
OHO67 collected $2 from pot
*** SUMMARY ***
Total pot $2 | Rake $0
Seat 1: ct-650 (button) (small blind) folded before Flop
Seat 2: OHO67 (big blind) collected ($2)


PokerStars Hand #145056943255:  Hold'em Limit ($3/$6 USD) - 2015/12/08 23:29:40 ET
Table 'Irpedina' 2-max Seat #2 is the button
Seat 1: ct-650 ($317.46 in chips)
Seat 2: OHO67 ($64.08 in chips)
OHO67: posts small blind $1
ct-650: posts big blind $3
*** HOLE CARDS ***
OHO67: raises $3 to $6
ct-650: folds
Uncalled bet ($3) returned to OHO67
OHO67 collected $6 from pot
*** SUMMARY ***
Total pot $6 | Rake $0
Seat 1: ct-650 (big blind) folded before Flop
Seat 2: OHO67 (button) (small blind) collected ($6)


PokerStars Hand #145056938702:  Hold'em Limit ($3/$6 USD) - 2015/12/08 23:29:24 ET
Table 'Irpedina' 2-max Seat #1 is the button
Seat 1: ct-650 ($317.71 in chips)
Seat 2: OHO67 ($64.33 in chips)
ct-650: posts small blind $1
OHO67: posts big blind $3
*** HOLE CARDS ***
ct-650: raises $3 to $6
OHO67: raises $3 to $9
ct-650: calls $3
*** FLOP *** [Ah Jh Ks]
OHO67: bets $3
ct-650: calls $3
*** TURN *** [Ah Jh Ks] [Kc]
OHO67: bets $6
ct-650: calls $6
*** RIVER *** [Ah Jh Ks Kc] [As]
OHO67: checks
ct-650: checks
*** SHOW DOWN ***
OHO67: shows [6h 7s] (two pair, Aces and Kings)
ct-650: shows [4d Jc] (two pair, Aces and Kings)
OHO67 collected $17.75 from pot
ct-650 collected $17.75 from pot
*** SUMMARY ***
Total pot $36 | Rake $0.50
Board [Ah Jh Ks Kc As]
Seat 1: ct-650 (button) (small blind) showed [4d Jc] and won ($17.75) with two pair, Aces and Kings
Seat 2: OHO67 (big blind) showed [6h 7s] and won ($17.75) with two pair, Aces and Kings


PokerStars Hand #145056934103:  Hold'em Limit ($3/$6 USD) - 2015/12/08 23:29:09 ET
Table 'Irpedina' 2-max Seat #2 is the button
Seat 1: ct-650 ($291.21 in chips)
Seat 2: OHO67 ($91.33 in chips)
OHO67: posts small blind $1
ct-650: posts big blind $3
*** HOLE CARDS ***
OHO67: calls $2
ct-650: raises $3 to $6
OHO67: calls $3
*** FLOP *** [4s 8d 6h]
ct-650: bets $3
OHO67: calls $3
*** TURN *** [4s 8d 6h] [7h]
ct-650: bets $6
OHO67: raises $6 to $12
ct-650: calls $6
*** RIVER *** [4s 8d 6h 7h] [3c]
ct-650: checks
OHO67: bets $6
ct-650: calls $6
*** SHOW DOWN ***
OHO67: shows [7d Qs] (a pair of Sevens)
ct-650: shows [Ad 8h] (a pair of Eights)
ct-650 collected $53.50 from pot
*** SUMMARY ***
Total pot $54 | Rake $0.50
Board [4s 8d 6h 7h 3c]
Seat 1: ct-650 (big blind) showed [Ad 8h] and won ($53.50) with a pair of Eights
Seat 2: OHO67 (button) (small blind) showed [7d Qs] and lost with a pair of Sevens


PokerStars Hand #145056965468:  Hold'em Limit ($3/$6 USD) - 2015/12/08 23:30:58 ET
Table 'Irpedina' 2-max Seat #1 is the button
Seat 1: ct-650 ($282.72 in chips)
Seat 2: OHO67 ($96.84 in chips)
ct-650: posts small blind $1
OHO67: posts big blind $3
*** HOLE CARDS ***
ct-650: raises $3 to $6
OHO67: calls $3
*** FLOP *** [9s Kc 3h]
OHO67: checks
ct-650: bets $3
OHO67: calls $3
*** TURN *** [9s Kc 3h] [2c]
OHO67: checks
ct-650: checks
*** RIVER *** [9s Kc 3h 2c] [Tc]
OHO67: bets $6
ct-650: folds
Uncalled bet ($6) returned to OHO67
OHO67 collected $17.64 from pot
*** SUMMARY ***
Total pot $18 | Rake $0.36
Board [9s Kc 3h 2c Tc]
Seat 1: ct-650 (button) (small blind) folded on the River
Seat 2: OHO67 (big blind) collected ($17.64)


PokerStars Hand #145056957035:  Hold'em Limit ($3/$6 USD) - 2015/12/08 23:30:28 ET
Table 'Irpedina' 2-max Seat #1 is the button
Seat 1: ct-650 ($289.22 in chips)
Seat 2: OHO67 ($91.34 in chips)
ct-650: posts small blind $1
OHO67: posts big blind $3
*** HOLE CARDS ***
ct-650: raises $3 to $6
OHO67: raises $3 to $9
ct-650: calls $3
*** FLOP *** [7h Js 7d]
OHO67: bets $3
ct-650: calls $3
*** TURN *** [7h Js 7d] [4h]
OHO67: bets $6
ct-650: calls $6
*** RIVER *** [7h Js 7d 4h] [6s]
OHO67: bets $6
ct-650: calls $6
*** SHOW DOWN ***
OHO67: shows [Jc 5d] (two pair, Jacks and Sevens)
ct-650: mucks hand
OHO67 collected $47.50 from pot
*** SUMMARY ***
Total pot $48 | Rake $0.50
Board [7h Js 7d 4h 6s]
Seat 1: ct-650 (button) (small blind) mucked
Seat 2: OHO67 (big blind) showed [Jc 5d] and won ($47.50) with two pair, Jacks and Sevens


PokerStars Hand #145056953949:  Hold'em Limit ($3/$6 USD) - 2015/12/08 23:30:17 ET
Table 'Irpedina' 2-max Seat #2 is the button
Seat 1: ct-650 ($283.46 in chips)
Seat 2: OHO67 ($97.34 in chips)
OHO67: posts small blind $1
ct-650: posts big blind $3
*** HOLE CARDS ***
OHO67: raises $3 to $6
ct-650: calls $3
*** FLOP *** [8d 2c 7c]
ct-650: checks
OHO67: checks
*** TURN *** [8d 2c 7c] [Js]
ct-650: checks
OHO67: checks
*** RIVER *** [8d 2c 7c Js] [Jd]
ct-650: bets $6
OHO67: folds
Uncalled bet ($6) returned to ct-650
ct-650 collected $11.76 from pot
*** SUMMARY ***
Total pot $12 | Rake $0.24
Board [8d 2c 7c Js Jd]
Seat 1: ct-650 (big blind) collected ($11.76)
Seat 2: OHO67 (button) (small blind) folded on the River


PokerStars Hand #145056948512:  Hold'em Limit ($3/$6 USD) - 2015/12/08 23:29:58 ET
Table 'Irpedina' 2-max Seat #1 is the button
Seat 1: ct-650 ($307.46 in chips)
Seat 2: OHO67 ($73.84 in chips)
ct-650: posts small blind $1
OHO67: posts big blind $3
*** HOLE CARDS ***
ct-650: raises $3 to $6
OHO67: raises $3 to $9
ct-650: calls $3
*** FLOP *** [Ks 7s Kc]
OHO67: bets $3
ct-650: calls $3
*** TURN *** [Ks 7s Kc] [Qd]
OHO67: bets $6
ct-650: calls $6
*** RIVER *** [Ks 7s Kc Qd] [5s]
OHO67: bets $6
ct-650: calls $6
*** SHOW DOWN ***
OHO67: shows [As 4s] (a flush, Ace high)
ct-650: mucks hand
OHO67 collected $47.50 from pot
*** SUMMARY ***
Total pot $48 | Rake $0.50
Board [Ks 7s Kc Qd 5s]
Seat 1: ct-650 (button) (small blind) mucked
Seat 2: OHO67 (big blind) showed [As 4s] and won ($47.50) with a flush, Ace high


PokerStars Hand #145056961771:  Hold'em Limit ($3/$6 USD) - 2015/12/08 23:30:45 ET
Table 'Irpedina' 2-max Seat #2 is the button
Seat 1: ct-650 ($265.22 in chips)
Seat 2: OHO67 ($114.84 in chips)
OHO67: posts small blind $1
ct-650: posts big blind $3
*** HOLE CARDS ***
OHO67: raises $3 to $6
ct-650: raises $3 to $9
OHO67: calls $3
*** FLOP *** [6s Qs Kh]
ct-650: bets $3
OHO67: calls $3
*** TURN *** [6s Qs Kh] [8s]
ct-650: bets $6
OHO67: calls $6
*** RIVER *** [6s Qs Kh 8s] [Tc]
ct-650: bets $6
OHO67: folds
Uncalled bet ($6) returned to ct-650
ct-650 collected $35.50 from pot
*** SUMMARY ***
Total pot $36 | Rake $0.50
Board [6s Qs Kh 8s Tc]
Seat 1: ct-650 (big blind) collected ($35.50)
Seat 2: OHO67 (button) (small blind) folded on the River


PokerStars Hand #145056977841:  Hold'em Limit ($3/$6 USD) - 2015/12/08 23:31:41 ET
Table 'Irpedina' 2-max Seat #1 is the button
Seat 1: ct-650 ($248.72 in chips)
Seat 2: OHO67 ($129.74 in chips)
ct-650: posts small blind $1
OHO67: posts big blind $3
*** HOLE CARDS ***
ct-650: raises $3 to $6
OHO67: raises $3 to $9
ct-650: calls $3
*** FLOP *** [5h 4c 2s]
OHO67: bets $3
ct-650: calls $3
*** TURN *** [5h 4c 2s] [Ac]
OHO67: bets $6
ct-650: raises $6 to $12
OHO67: raises $6 to $18
ct-650: raises $6 to $24
Betting is capped
OHO67: calls $6
*** RIVER *** [5h 4c 2s Ac] [Ts]
OHO67: bets $6
ct-650: raises $6 to $12
OHO67: calls $6
*** SHOW DOWN ***
ct-650: shows [Th 3h] (a straight, Ace to Five)
OHO67: mucks hand
ct-650 collected $95.50 from pot
*** SUMMARY ***
Total pot $96 | Rake $0.50
Board [5h 4c 2s Ac Ts]
Seat 1: ct-650 (button) (small blind) showed [Th 3h] and won ($95.50) with a straight, Ace to Five
Seat 2: OHO67 (big blind) mucked


PokerStars Hand #145056975043:  Hold'em Limit ($3/$6 USD) - 2015/12/08 23:31:31 ET
Table 'Irpedina' 2-max Seat #2 is the button
Seat 1: ct-650 ($254.72 in chips)
Seat 2: OHO67 ($123.98 in chips)
OHO67: posts small blind $1
ct-650: posts big blind $3
*** HOLE CARDS ***
OHO67: raises $3 to $6
ct-650: calls $3
*** FLOP *** [Ad Tc 3s]
ct-650: checks
OHO67: bets $3
ct-650: folds
Uncalled bet ($3) returned to OHO67
OHO67 collected $11.76 from pot
*** SUMMARY ***
Total pot $12 | Rake $0.24
Board [Ad Tc 3s]
Seat 1: ct-650 (big blind) folded on the Flop
Seat 2: OHO67 (button) (small blind) collected ($11.76)


PokerStars Hand #145056973678:  Hold'em Limit ($3/$6 USD) - 2015/12/08 23:31:27 ET
Table 'Irpedina' 2-max Seat #1 is the button
Seat 1: ct-650 ($255.72 in chips)
Seat 2: OHO67 ($122.98 in chips)
ct-650: posts small blind $1
OHO67: posts big blind $3
*** HOLE CARDS ***
ct-650: folds
Uncalled bet ($2) returned to OHO67
OHO67 collected $2 from pot
*** SUMMARY ***
Total pot $2 | Rake $0
Seat 1: ct-650 (button) (small blind) folded before Flop
Seat 2: OHO67 (big blind) collected ($2)


PokerStars Hand #145056969065:  Hold'em Limit ($3/$6 USD) - 2015/12/08 23:31:11 ET
Table 'Irpedina' 2-max Seat #2 is the button
Seat 1: ct-650 ($273.72 in chips)
Seat 2: OHO67 ($105.48 in chips)
OHO67: posts small blind $1
ct-650: posts big blind $3
*** HOLE CARDS ***
OHO67: raises $3 to $6
ct-650: raises $3 to $9
OHO67: calls $3
*** FLOP *** [6d 2d Jd]
ct-650: bets $3
OHO67: calls $3
*** TURN *** [6d 2d Jd] [8s]
ct-650: checks
OHO67: bets $6
ct-650: calls $6
*** RIVER *** [6d 2d Jd 8s] [9h]
ct-650: checks
OHO67: bets $6
ct-650: folds
Uncalled bet ($6) returned to OHO67
OHO67 collected $35.50 from pot
*** SUMMARY ***
Total pot $36 | Rake $0.50
Board [6d 2d Jd 8s 9h]
Seat 1: ct-650 (big blind) folded on the River
Seat 2: OHO67 (button) (small blind) collected ($35.50)


PokerStars Hand #145056998930:  Hold'em Limit ($3/$6 USD) - 2015/12/08 23:32:56 ET
Table 'Irpedina' 2-max Seat #1 is the button
Seat 1: ct-650 ($271.74 in chips)
Seat 2: OHO67 ($104.76 in chips)
ct-650: posts small blind $1
OHO67: posts big blind $3
*** HOLE CARDS ***
ct-650: raises $3 to $6
OHO67: raises $3 to $9
ct-650: calls $3
*** FLOP *** [8s Qd 5h]
OHO67: bets $3
ct-650: calls $3
*** TURN *** [8s Qd 5h] [Kd]
OHO67: bets $6
ct-650: calls $6
*** RIVER *** [8s Qd 5h Kd] [5s]
OHO67: bets $6
ct-650: calls $6
*** SHOW DOWN ***
OHO67: shows [9c Tc] (a pair of Fives)
ct-650: shows [Qs Jd] (two pair, Queens and Fives)
ct-650 collected $47.50 from pot
*** SUMMARY ***
Total pot $48 | Rake $0.50
Board [8s Qd 5h Kd 5s]
Seat 1: ct-650 (button) (small blind) showed [Qs Jd] and won ($47.50) with two pair, Queens and Fives
Seat 2: OHO67 (big blind) showed [9c Tc] and lost with a pair of Fives


PokerStars Hand #145056995518:  Hold'em Limit ($3/$6 USD) - 2015/12/08 23:32:44 ET
Table 'Irpedina' 2-max Seat #2 is the button
Seat 1: ct-650 ($260.22 in chips)
Seat 2: OHO67 ($116.76 in chips)
OHO67: posts small blind $1
ct-650: posts big blind $3
*** HOLE CARDS ***
OHO67: raises $3 to $6
ct-650: raises $3 to $9
OHO67: calls $3
*** FLOP *** [Ts 5s Ks]
ct-650: bets $3
OHO67: calls $3
*** TURN *** [Ts 5s Ks] [5d]
ct-650: bets $6
OHO67: folds
Uncalled bet ($6) returned to ct-650
ct-650 collected $23.52 from pot
*** SUMMARY ***
Total pot $24 | Rake $0.48
Board [Ts 5s Ks 5d]
Seat 1: ct-650 (big blind) collected ($23.52)
Seat 2: OHO67 (button) (small blind) folded on the Turn


PokerStars Hand #145056990207:  Hold'em Limit ($3/$6 USD) - 2015/12/08 23:32:25 ET
Table 'Irpedina' 2-max Seat #1 is the button
Seat 1: ct-650 ($284.22 in chips)
Seat 2: OHO67 ($93.26 in chips)
ct-650: posts small blind $1
OHO67: posts big blind $3
*** HOLE CARDS ***
ct-650: raises $3 to $6
OHO67: raises $3 to $9
ct-650: calls $3
*** FLOP *** [Kd 9s 3s]
OHO67: bets $3
ct-650: calls $3
*** TURN *** [Kd 9s 3s] [Ks]
OHO67: bets $6
ct-650: calls $6
*** RIVER *** [Kd 9s 3s Ks] [Kh]
OHO67: bets $6
ct-650: calls $6
*** SHOW DOWN ***
OHO67: shows [2c Kc] (four of a kind, Kings)
ct-650: mucks hand
OHO67 collected $47.50 from pot
*** SUMMARY ***
Total pot $48 | Rake $0.50
Board [Kd 9s 3s Ks Kh]
Seat 1: ct-650 (button) (small blind) mucked
Seat 2: OHO67 (big blind) showed [2c Kc] and won ($47.50) with four of a kind, Kings


PokerStars Hand #145056982872:  Hold'em Limit ($3/$6 USD) - 2015/12/08 23:31:59 ET
Table 'Irpedina' 2-max Seat #2 is the button
Seat 1: ct-650 ($296.22 in chips)
Seat 2: OHO67 ($81.74 in chips)
OHO67: posts small blind $1
ct-650: posts big blind $3
*** HOLE CARDS ***
OHO67 said, "hm"
OHO67: raises $3 to $6
ct-650: calls $3
*** FLOP *** [Ts 5c 3s]
ct-650 said, "ups"
ct-650: bets $3
OHO67: raises $3 to $6
ct-650: calls $3
*** TURN *** [Ts 5c 3s] [8h]
ct-650: checks
OHO67: checks
*** RIVER *** [Ts 5c 3s 8h] [3d]
ct-650: checks
OHO67: bets $6
ct-650: folds
Uncalled bet ($6) returned to OHO67
OHO67 collected $23.52 from pot
*** SUMMARY ***
Total pot $24 | Rake $0.48
Board [Ts 5c 3s 8h 3d]
Seat 1: ct-650 (big blind) folded on the River
Seat 2: OHO67 (button) (small blind) collected ($23.52)


PokerStars Hand #145057011857:  Hold'em Limit ($3/$6 USD) - 2015/12/08 23:33:41 ET
Table 'Irpedina' 2-max Seat #2 is the button
Seat 1: ct-650 ($345.24 in chips)
Seat 2: OHO67 ($29.76 in chips)
OHO67: posts small blind $1
ct-650: posts big blind $3
*** HOLE CARDS ***
OHO67: raises $3 to $6
ct-650: calls $3
*** FLOP *** [5d 6h Kh]
ct-650: checks
OHO67: bets $3
ct-650: raises $3 to $6
OHO67: raises $3 to $9
ct-650: raises $3 to $12
Betting is capped
OHO67: calls $3
*** TURN *** [5d 6h Kh] [Qd]
ct-650: bets $6
OHO67: raises $5.76 to $11.76 and is all-in
ct-650: calls $5.76
*** RIVER *** [5d 6h Kh Qd] [6s]
*** SHOW DOWN ***
ct-650: shows [9h 6c] (three of a kind, Sixes)
OHO67: shows [Ks Ac] (two pair, Kings and Sixes)
ct-650 collected $59.02 from pot
*** SUMMARY ***
Total pot $59.52 | Rake $0.50
Board [5d 6h Kh Qd 6s]
Seat 1: ct-650 (big blind) showed [9h 6c] and won ($59.02) with three of a kind, Sixes
Seat 2: OHO67 (button) (small blind) showed [Ks Ac] and lost with two pair, Kings and Sixes


PokerStars Hand #145057008317:  Hold'em Limit ($3/$6 USD) - 2015/12/08 23:33:29 ET
Table 'Irpedina' 2-max Seat #1 is the button
Seat 1: ct-650 ($327.74 in chips)
Seat 2: OHO67 ($47.76 in chips)
ct-650: posts small blind $1
OHO67: posts big blind $3
*** HOLE CARDS ***
ct-650: raises $3 to $6
OHO67: raises $3 to $9
ct-650: calls $3
*** FLOP *** [As 7h 4s]
OHO67: bets $3
ct-650: calls $3
*** TURN *** [As 7h 4s] [6d]
OHO67: bets $6
ct-650: calls $6
*** RIVER *** [As 7h 4s 6d] [5d]
OHO67: checks
ct-650: checks
*** SHOW DOWN ***
OHO67: shows [Qc Js] (high card Ace)
ct-650: shows [7d Qh] (a pair of Sevens)
ct-650 collected $35.50 from pot
*** SUMMARY ***
Total pot $36 | Rake $0.50
Board [As 7h 4s 6d 5d]
Seat 1: ct-650 (button) (small blind) showed [7d Qh] and won ($35.50) with a pair of Sevens
Seat 2: OHO67 (big blind) showed [Qc Js] and lost with high card Ace


PokerStars Hand #145057002826:  Hold'em Limit ($3/$6 USD) - 2015/12/08 23:33:09 ET
Table 'Irpedina' 2-max Seat #2 is the button
Seat 1: ct-650 ($295.24 in chips)
Seat 2: OHO67 ($80.76 in chips)
OHO67: posts small blind $1
ct-650: posts big blind $3
*** HOLE CARDS ***
OHO67: raises $3 to $6
ct-650: raises $3 to $9
OHO67: raises $3 to $12
Betting is capped
ct-650: calls $3
*** FLOP *** [3s Kh 6c]
ct-650: checks
OHO67: bets $3
ct-650: calls $3
*** TURN *** [3s Kh 6c] [Js]
ct-650: checks
OHO67: bets $6
ct-650: raises $6 to $12
OHO67: calls $6
*** RIVER *** [3s Kh 6c Js] [9h]
ct-650: bets $6
OHO67: calls $6
*** SHOW DOWN ***
ct-650: shows [As Kd] (a pair of Kings)
OHO67: mucks hand
ct-650 collected $65.50 from pot
*** SUMMARY ***
Total pot $66 | Rake $0.50
Board [3s Kh 6c Js 9h]
Seat 1: ct-650 (big blind) showed [As Kd] and won ($65.50) with a pair of Kings
Seat 2: OHO67 (button) (small blind) mucked


