PokerStars Hand #175957483976:  Hold'em Limit ($3/$6 USD) - 2017/09/21 21:56:26 ET
Table 'Irus' 6-max Seat #1 is the button
Seat 1: LifeisagameX ($117.78 in chips)
Seat 3: libaikang ($120 in chips)
LifeisagameX: posts small blind $1
libaikang: posts big blind $3
*** HOLE CARDS ***
LifeisagameX: raises $3 to $6
libaikang: calls $3
*** FLOP *** [6h 8d 4c]
libaikang: checks
LifeisagameX: bets $3
libaikang: raises $3 to $6
LifeisagameX: calls $3
*** TURN *** [6h 8d 4c] [9d]
libaikang: bets $6
LifeisagameX: calls $6
*** RIVER *** [6h 8d 4c 9d] [Th]
libaikang: bets $6
LifeisagameX: calls $6
*** SHOW DOWN ***
libaikang: shows [4d 5h] (a pair of Fours)
LifeisagameX: mucks hand
libaikang collected $47.50 from pot
*** SUMMARY ***
Total pot $48 | Rake $0.50
Board [6h 8d 4c 9d Th]
Seat 1: LifeisagameX (button) (small blind) mucked
Seat 3: libaikang (big blind) showed [4d 5h] and won ($47.50) with a pair of Fours


PokerStars Hand #175957514803:  Hold'em Limit ($3/$6 USD) - 2017/09/21 21:58:08 ET
Table 'Irus' 6-max Seat #3 is the button
Seat 1: LifeisagameX ($93.78 in chips)
Seat 3: libaikang ($143.50 in chips)
libaikang: posts small blind $1
LifeisagameX: posts big blind $3
*** HOLE CARDS ***
libaikang: calls $2
LifeisagameX: raises $3 to $6
libaikang: calls $3
*** FLOP *** [As Td Ac]
LifeisagameX: bets $3
libaikang: calls $3
*** TURN *** [As Td Ac] [8d]
LifeisagameX: checks
libaikang: bets $6
LifeisagameX: calls $6
*** RIVER *** [As Td Ac 8d] [4c]
LifeisagameX: checks
libaikang: checks
*** SHOW DOWN ***
LifeisagameX: shows [Qs Jc] (a pair of Aces)
libaikang: mucks hand
LifeisagameX collected $29.50 from pot
*** SUMMARY ***
Total pot $30 | Rake $0.50
Board [As Td Ac 8d 4c]
Seat 1: LifeisagameX (big blind) showed [Qs Jc] and won ($29.50) with a pair of Aces
Seat 3: libaikang (button) (small blind) mucked


PokerStars Hand #175957542884:  Hold'em Limit ($3/$6 USD) - 2017/09/21 21:59:38 ET
Table 'Irus' 6-max Seat #3 is the button
Seat 1: LifeisagameX ($131.78 in chips)
Seat 3: libaikang ($104.50 in chips)
libaikang: posts small blind $1
LifeisagameX: posts big blind $3
*** HOLE CARDS ***
libaikang: folds
Uncalled bet ($2) returned to LifeisagameX
LifeisagameX collected $2 from pot
LifeisagameX: doesn't show hand
*** SUMMARY ***
Total pot $2 | Rake $0
Seat 1: LifeisagameX (big blind) collected ($2)
Seat 3: libaikang (button) (small blind) folded before Flop


PokerStars Hand #175957532206:  Hold'em Limit ($3/$6 USD) - 2017/09/21 21:59:04 ET
Table 'Irus' 6-max Seat #1 is the button
Seat 1: LifeisagameX ($108.28 in chips)
Seat 3: libaikang ($128.50 in chips)
LifeisagameX: posts small blind $1
libaikang: posts big blind $3
*** HOLE CARDS ***
LifeisagameX: raises $3 to $6
libaikang: raises $3 to $9
LifeisagameX: calls $3
*** FLOP *** [4c Ac 6s]
libaikang: bets $3
LifeisagameX: calls $3
*** TURN *** [4c Ac 6s] [8d]
libaikang: bets $6
LifeisagameX: calls $6
*** RIVER *** [4c Ac 6s 8d] [Ah]
libaikang: bets $6
LifeisagameX: calls $6
*** SHOW DOWN ***
libaikang: shows [Jh 9c] (a pair of Aces)
LifeisagameX: shows [5c 5h] (two pair, Aces and Fives)
LifeisagameX collected $47.50 from pot
*** SUMMARY ***
Total pot $48 | Rake $0.50
Board [4c Ac 6s 8d Ah]
Seat 1: LifeisagameX (button) (small blind) showed [5c 5h] and won ($47.50) with two pair, Aces and Fives
Seat 3: libaikang (big blind) showed [Jh 9c] and lost with a pair of Aces


PokerStars Hand #175957544720:  Hold'em Limit ($3/$6 USD) - 2017/09/21 21:59:44 ET
Table 'Irus' 6-max Seat #1 is the button
Seat 1: LifeisagameX ($132.78 in chips)
Seat 3: libaikang ($103.50 in chips)
LifeisagameX: posts small blind $1
libaikang: posts big blind $3
*** HOLE CARDS ***
LifeisagameX: raises $3 to $6
libaikang: folds
Uncalled bet ($3) returned to LifeisagameX
LifeisagameX collected $6 from pot
LifeisagameX: doesn't show hand
*** SUMMARY ***
Total pot $6 | Rake $0
Seat 1: LifeisagameX (button) (small blind) collected ($6)
Seat 3: libaikang (big blind) folded before Flop


PokerStars Hand #175957547243:  Hold'em Limit ($3/$6 USD) - 2017/09/21 21:59:53 ET
Table 'Irus' 6-max Seat #3 is the button
Seat 1: LifeisagameX ($135.78 in chips)
Seat 3: libaikang ($100.50 in chips)
libaikang: posts small blind $1
LifeisagameX: posts big blind $3
*** HOLE CARDS ***
libaikang: raises $3 to $6
LifeisagameX: calls $3
*** FLOP *** [7h 5d Th]
LifeisagameX: checks
libaikang: checks
*** TURN *** [7h 5d Th] [Kc]
LifeisagameX: checks
libaikang: checks
*** RIVER *** [7h 5d Th Kc] [3d]
LifeisagameX: bets $6
libaikang: calls $6
*** SHOW DOWN ***
LifeisagameX: shows [5c Ah] (a pair of Fives)
libaikang: mucks hand
LifeisagameX collected $23.52 from pot
*** SUMMARY ***
Total pot $24 | Rake $0.48
Board [7h 5d Th Kc 3d]
Seat 1: LifeisagameX (big blind) showed [5c Ah] and won ($23.52) with a pair of Fives
Seat 3: libaikang (button) (small blind) mucked


PokerStars Hand #175957558541:  Hold'em Limit ($3/$6 USD) - 2017/09/21 22:00:29 ET
Table 'Irus' 6-max Seat #1 is the button
Seat 1: LifeisagameX ($147.30 in chips)
Seat 3: libaikang ($88.50 in chips)
LifeisagameX: posts small blind $1
libaikang: posts big blind $3
*** HOLE CARDS ***
LifeisagameX: raises $3 to $6
libaikang: raises $3 to $9
LifeisagameX: calls $3
*** FLOP *** [7h 6c 9s]
libaikang: bets $3
LifeisagameX: calls $3
*** TURN *** [7h 6c 9s] [7s]
libaikang: bets $6
LifeisagameX: calls $6
*** RIVER *** [7h 6c 9s 7s] [Ah]
libaikang: bets $6
LifeisagameX: calls $6
*** SHOW DOWN ***
libaikang: shows [4d Kc] (a pair of Sevens)
LifeisagameX: shows [Qs 6h] (two pair, Sevens and Sixes)
LifeisagameX collected $47.50 from pot
*** SUMMARY ***
Total pot $48 | Rake $0.50
Board [7h 6c 9s 7s Ah]
Seat 1: LifeisagameX (button) (small blind) showed [Qs 6h] and won ($47.50) with two pair, Sevens and Sixes
Seat 3: libaikang (big blind) showed [4d Kc] and lost with a pair of Sevens


PokerStars Hand #175957570758:  Hold'em Limit ($3/$6 USD) - 2017/09/21 22:01:06 ET
Table 'Irus' 6-max Seat #1 is the button
Seat 1: LifeisagameX ($171.80 in chips)
Seat 3: libaikang ($63.50 in chips)
LifeisagameX: posts small blind $1
libaikang: posts big blind $3
*** HOLE CARDS ***
LifeisagameX: raises $3 to $6
libaikang: folds
Uncalled bet ($3) returned to LifeisagameX
libaikang leaves the table
LifeisagameX collected $6 from pot
LifeisagameX: doesn't show hand
*** SUMMARY ***
Total pot $6 | Rake $0
Seat 1: LifeisagameX (button) (small blind) collected ($6)
Seat 3: libaikang (big blind) folded before Flop


PokerStars Hand #175957568682:  Hold'em Limit ($3/$6 USD) - 2017/09/21 22:01:00 ET
Table 'Irus' 6-max Seat #3 is the button
Seat 1: LifeisagameX ($170.80 in chips)
Seat 3: libaikang ($64.50 in chips)
libaikang: posts small blind $1
LifeisagameX: posts big blind $3
*** HOLE CARDS ***
libaikang: folds
Uncalled bet ($2) returned to LifeisagameX
LifeisagameX collected $2 from pot
LifeisagameX: doesn't show hand
*** SUMMARY ***
Total pot $2 | Rake $0
Seat 1: LifeisagameX (big blind) collected ($2)
Seat 3: libaikang (button) (small blind) folded before Flop


