PokerStars Hand #172355294074:  Hold'em Limit ($3/$6 USD) - 2017/06/28 15:12:16 ET
Table 'Irus II' 6-max Seat #3 is the button
Seat 1: popeluha ($35.76 in chips)
Seat 3: sim5sim5 ($72 in chips)
sim5sim5: posts small blind $1
popeluha: posts big blind $3
*** HOLE CARDS ***
sim5sim5: raises $3 to $6
popeluha: calls $3
*** FLOP *** [8s Kd 9c]
popeluha: checks
sim5sim5: bets $3
popeluha: calls $3
*** TURN *** [8s Kd 9c] [5s]
popeluha: checks
sim5sim5: checks
*** RIVER *** [8s Kd 9c 5s] [2h]
popeluha: bets $6
sim5sim5: calls $6
*** SHOW DOWN ***
popeluha: shows [8h 6d] (a pair of Eights)
sim5sim5: mucks hand
popeluha collected $29.50 from pot
*** SUMMARY ***
Total pot $30 | Rake $0.50
Board [8s Kd 9c 5s 2h]
Seat 1: popeluha (big blind) showed [8h 6d] and won ($29.50) with a pair of Eights
Seat 3: sim5sim5 (button) (small blind) mucked


PokerStars Hand #172355311403:  Hold'em Limit ($3/$6 USD) - 2017/06/28 15:12:38 ET
Table 'Irus II' 6-max Seat #1 is the button
Seat 1: popeluha ($50.26 in chips)
Seat 3: sim5sim5 ($72 in chips)
popeluha: posts small blind $1
sim5sim5: posts big blind $3
*** HOLE CARDS ***
popeluha: raises $3 to $6
sim5sim5: calls $3
*** FLOP *** [8c 3s Jc]
sim5sim5: checks
popeluha: bets $3
sim5sim5: calls $3
*** TURN *** [8c 3s Jc] [3c]
sim5sim5: checks
popeluha: checks
*** RIVER *** [8c 3s Jc 3c] [9h]
sim5sim5: checks
popeluha: checks
*** SHOW DOWN ***
sim5sim5: shows [Ah 7h] (a pair of Threes)
popeluha: shows [Ad Qs] (a pair of Threes - Ace+Queen kicker)
popeluha collected $17.64 from pot
*** SUMMARY ***
Total pot $18 | Rake $0.36
Board [8c 3s Jc 3c 9h]
Seat 1: popeluha (button) (small blind) showed [Ad Qs] and won ($17.64) with a pair of Threes
Seat 3: sim5sim5 (big blind) showed [Ah 7h] and lost with a pair of Threes


PokerStars Hand #172355331831:  Hold'em Limit ($3/$6 USD) - 2017/06/28 15:13:04 ET
Table 'Irus II' 6-max Seat #3 is the button
Seat 1: popeluha ($58.90 in chips)
Seat 3: sim5sim5 ($72 in chips)
sim5sim5: posts small blind $1
popeluha: posts big blind $3
*** HOLE CARDS ***
sim5sim5: raises $3 to $6
popeluha: calls $3
*** FLOP *** [Ks 4h Th]
popeluha: checks
sim5sim5: bets $3
popeluha: calls $3
*** TURN *** [Ks 4h Th] [3s]
popeluha: checks
sim5sim5: bets $6
popeluha: calls $6
*** RIVER *** [Ks 4h Th 3s] [Qs]
popeluha: bets $6
sim5sim5: calls $6
*** SHOW DOWN ***
popeluha: shows [Ad Qh] (a pair of Queens)
sim5sim5: shows [Kc Ac] (a pair of Kings)
sim5sim5 collected $41.50 from pot
*** SUMMARY ***
Total pot $42 | Rake $0.50
Board [Ks 4h Th 3s Qs]
Seat 1: popeluha (big blind) showed [Ad Qh] and lost with a pair of Queens
Seat 3: sim5sim5 (button) (small blind) showed [Kc Ac] and won ($41.50) with a pair of Kings


PokerStars Hand #172355375668:  Hold'em Limit ($3/$6 USD) - 2017/06/28 15:14:00 ET
Table 'Irus II' 6-max Seat #3 is the button
Seat 1: popeluha ($22.90 in chips)
Seat 3: sim5sim5 ($107 in chips)
sim5sim5: posts small blind $1
popeluha: posts big blind $3
*** HOLE CARDS ***
sim5sim5: folds
Uncalled bet ($2) returned to popeluha
popeluha collected $2 from pot
*** SUMMARY ***
Total pot $2 | Rake $0
Seat 1: popeluha (big blind) collected ($2)
Seat 3: sim5sim5 (button) (small blind) folded before Flop


PokerStars Hand #172355351919:  Hold'em Limit ($3/$6 USD) - 2017/06/28 15:13:30 ET
Table 'Irus II' 6-max Seat #1 is the button
Seat 1: popeluha ($37.90 in chips)
Seat 3: sim5sim5 ($92.50 in chips)
popeluha: posts small blind $1
sim5sim5: posts big blind $3
*** HOLE CARDS ***
popeluha: raises $3 to $6
sim5sim5: calls $3
*** FLOP *** [8d 5s Qd]
sim5sim5: checks
popeluha: bets $3
sim5sim5: calls $3
*** TURN *** [8d 5s Qd] [8c]
sim5sim5: checks
popeluha: checks
*** RIVER *** [8d 5s Qd 8c] [5h]
sim5sim5: checks
popeluha: bets $6
sim5sim5: calls $6
*** SHOW DOWN ***
popeluha: shows [6h Ts] (two pair, Eights and Fives)
sim5sim5: shows [Ks 7h] (two pair, Eights and Fives - King kicker)
sim5sim5 collected $29.50 from pot
*** SUMMARY ***
Total pot $30 | Rake $0.50
Board [8d 5s Qd 8c 5h]
Seat 1: popeluha (button) (small blind) showed [6h Ts] and lost with two pair, Eights and Fives
Seat 3: sim5sim5 (big blind) showed [Ks 7h] and won ($29.50) with two pair, Eights and Fives


PokerStars Hand #172355384551:  Hold'em Limit ($3/$6 USD) - 2017/06/28 15:14:11 ET
Table 'Irus II' 6-max Seat #3 is the button
Seat 1: popeluha ($22.90 in chips)
Seat 3: sim5sim5 ($107 in chips)
sim5sim5: posts small blind $1
popeluha: posts big blind $3
*** HOLE CARDS ***
sim5sim5: folds
Uncalled bet ($2) returned to popeluha
popeluha collected $2 from pot
*** SUMMARY ***
Total pot $2 | Rake $0
Seat 1: popeluha (big blind) collected ($2)
Seat 3: sim5sim5 (button) (small blind) folded before Flop


PokerStars Hand #172355380695:  Hold'em Limit ($3/$6 USD) - 2017/06/28 15:14:06 ET
Table 'Irus II' 6-max Seat #1 is the button
Seat 1: popeluha ($23.90 in chips)
Seat 3: sim5sim5 ($106 in chips)
popeluha: posts small blind $1
sim5sim5: posts big blind $3
*** HOLE CARDS ***
popeluha: folds
Uncalled bet ($2) returned to sim5sim5
sim5sim5 collected $2 from pot
sim5sim5: doesn't show hand
*** SUMMARY ***
Total pot $2 | Rake $0
Seat 1: popeluha (button) (small blind) folded before Flop
Seat 3: sim5sim5 (big blind) collected ($2)


PokerStars Hand #172355402660:  Hold'em Limit ($3/$6 USD) - 2017/06/28 15:14:35 ET
Table 'Irus II' 6-max Seat #3 is the button
Seat 1: popeluha ($29.66 in chips)
Seat 3: sim5sim5 ($100 in chips)
sim5sim5: posts small blind $1
popeluha: posts big blind $3
*** HOLE CARDS ***
sim5sim5: raises $3 to $6
popeluha: folds
Uncalled bet ($3) returned to sim5sim5
sim5sim5 collected $6 from pot
sim5sim5: doesn't show hand
*** SUMMARY ***
Total pot $6 | Rake $0
Seat 1: popeluha (big blind) folded before Flop
Seat 3: sim5sim5 (button) (small blind) collected ($6)


PokerStars Hand #172355390970:  Hold'em Limit ($3/$6 USD) - 2017/06/28 15:14:20 ET
Table 'Irus II' 6-max Seat #1 is the button
Seat 1: popeluha ($23.90 in chips)
Seat 3: sim5sim5 ($106 in chips)
popeluha: posts small blind $1
sim5sim5: posts big blind $3
*** HOLE CARDS ***
popeluha: raises $3 to $6
sim5sim5: calls $3
*** FLOP *** [Ac Kh 7s]
sim5sim5: checks
popeluha: bets $3
sim5sim5: folds
Uncalled bet ($3) returned to popeluha
popeluha collected $11.76 from pot
*** SUMMARY ***
Total pot $12 | Rake $0.24
Board [Ac Kh 7s]
Seat 1: popeluha (button) (small blind) collected ($11.76)
Seat 3: sim5sim5 (big blind) folded on the Flop


PokerStars Hand #172355408801:  Hold'em Limit ($3/$6 USD) - 2017/06/28 15:14:43 ET
Table 'Irus II' 6-max Seat #1 is the button
Seat 1: popeluha ($26.66 in chips)
Seat 3: sim5sim5 ($103 in chips)
popeluha: posts small blind $1
sim5sim5: posts big blind $3
*** HOLE CARDS ***
popeluha: raises $3 to $6
sim5sim5: calls $3
*** FLOP *** [Js 3s Ah]
sim5sim5: checks
popeluha: bets $3
sim5sim5: folds
Uncalled bet ($3) returned to popeluha
popeluha collected $11.76 from pot
*** SUMMARY ***
Total pot $12 | Rake $0.24
Board [Js 3s Ah]
Seat 1: popeluha (button) (small blind) collected ($11.76)
Seat 3: sim5sim5 (big blind) folded on the Flop


PokerStars Hand #172355419498:  Hold'em Limit ($3/$6 USD) - 2017/06/28 15:14:56 ET
Table 'Irus II' 6-max Seat #3 is the button
Seat 1: popeluha ($32.42 in chips)
Seat 3: sim5sim5 ($97 in chips)
sim5sim5: posts small blind $1
popeluha: posts big blind $3
*** HOLE CARDS ***
sim5sim5: raises $3 to $6
popeluha: calls $3
*** FLOP *** [Jd 2c 8c]
popeluha: checks
sim5sim5: bets $3
Hannibal2211 joins the table at seat #2
popeluha: folds
Uncalled bet ($3) returned to sim5sim5
sim5sim5 collected $11.76 from pot
sim5sim5: doesn't show hand
*** SUMMARY ***
Total pot $12 | Rake $0.24
Board [Jd 2c 8c]
Seat 1: popeluha (big blind) folded on the Flop
Seat 3: sim5sim5 (button) (small blind) collected ($11.76)


PokerStars Hand #172360959584:  Hold'em Limit ($3/$6 USD) - 2017/06/28 17:17:17 ET
Table 'Irus II' 6-max Seat #5 is the button
Seat 3: Vitalisek ($155.50 in chips)
Seat 5: krytalex ($104.23 in chips)
krytalex: posts small blind $1
Vitalisek: posts big blind $3
*** HOLE CARDS ***
krytalex: raises $3 to $6
Vitalisek: calls $3
*** FLOP *** [4s 3d 8h]
Vitalisek: checks
krytalex: bets $3
Vitalisek: raises $3 to $6
krytalex: calls $3
*** TURN *** [4s 3d 8h] [8s]
Vitalisek: bets $6
krytalex: folds
Uncalled bet ($6) returned to Vitalisek
Vitalisek collected $23.52 from pot
Vitalisek: doesn't show hand
*** SUMMARY ***
Total pot $24 | Rake $0.48
Board [4s 3d 8h 8s]
Seat 3: Vitalisek (big blind) collected ($23.52)
Seat 5: krytalex (button) (small blind) folded on the Turn


PokerStars Hand #172360942757:  Hold'em Limit ($3/$6 USD) - 2017/06/28 17:16:55 ET
Table 'Irus II' 6-max Seat #3 is the button
Seat 3: Vitalisek ($167.50 in chips)
Seat 5: krytalex ($92.71 in chips)
Vitalisek: posts small blind $1
krytalex: posts big blind $3
*** HOLE CARDS ***
Vitalisek: calls $2
krytalex: checks
*** FLOP *** [Jc Qh 5h]
krytalex: bets $3
Vitalisek: calls $3
*** TURN *** [Jc Qh 5h] [7c]
krytalex: bets $6
Vitalisek: calls $6
*** RIVER *** [Jc Qh 5h 7c] [8h]
krytalex: bets $6
Vitalisek: folds
Uncalled bet ($6) returned to krytalex
krytalex collected $23.52 from pot
*** SUMMARY ***
Total pot $24 | Rake $0.48
Board [Jc Qh 5h 7c 8h]
Seat 3: Vitalisek (button) (small blind) folded on the River
Seat 5: krytalex (big blind) collected ($23.52)


PokerStars Hand #172360995655:  Hold'em Limit ($3/$6 USD) - 2017/06/28 17:18:05 ET
Table 'Irus II' 6-max Seat #5 is the button
Seat 3: Vitalisek ($172.78 in chips)
Seat 5: krytalex ($86.23 in chips)
krytalex: posts small blind $1
Vitalisek: posts big blind $3
*** HOLE CARDS ***
krytalex: raises $3 to $6
Vitalisek: folds
Uncalled bet ($3) returned to krytalex
krytalex collected $6 from pot
*** SUMMARY ***
Total pot $6 | Rake $0
Seat 3: Vitalisek (big blind) folded before Flop
Seat 5: krytalex (button) (small blind) collected ($6)


PokerStars Hand #172361043448:  Hold'em Limit ($3/$6 USD) - 2017/06/28 17:19:08 ET
Table 'Irus II' 6-max Seat #5 is the button
Seat 3: Vitalisek ($151.78 in chips)
Seat 5: krytalex ($106.73 in chips)
krytalex: posts small blind $1
Vitalisek: posts big blind $3
*** HOLE CARDS ***
krytalex: folds
Uncalled bet ($2) returned to Vitalisek
Vitalisek collected $2 from pot
Vitalisek: doesn't show hand
*** SUMMARY ***
Total pot $2 | Rake $0
Seat 3: Vitalisek (big blind) collected ($2)
Seat 5: krytalex (button) (small blind) folded before Flop


PokerStars Hand #172361382533:  Hold'em Limit ($3/$6 USD) - 2017/06/28 17:26:30 ET
Table 'Irus II' 6-max Seat #3 is the button
Seat 3: Vitalisek ($168.13 in chips)
Seat 5: krytalex ($86.83 in chips)
Vitalisek: posts small blind $1
Zubasa07: is sitting out
krytalex: posts big blind $3
*** HOLE CARDS ***
Vitalisek: folds
Uncalled bet ($2) returned to krytalex
krytalex collected $2 from pot
*** SUMMARY ***
Total pot $2 | Rake $0
Seat 3: Vitalisek (button) (small blind) folded before Flop
Seat 5: krytalex (big blind) collected ($2)


PokerStars Hand #172361386675:  Hold'em Limit ($3/$6 USD) - 2017/06/28 17:26:35 ET
Table 'Irus II' 6-max Seat #5 is the button
Seat 3: Vitalisek ($167.13 in chips)
Seat 5: krytalex ($87.83 in chips)
krytalex: posts small blind $1
Vitalisek: posts big blind $3
*** HOLE CARDS ***
krytalex: raises $3 to $6
Vitalisek: calls $3
*** FLOP *** [6s 7h 3d]
Vitalisek: checks
krytalex: checks
*** TURN *** [6s 7h 3d] [8h]
Vitalisek: bets $6
krytalex: folds
Uncalled bet ($6) returned to Vitalisek
Vitalisek collected $11.76 from pot
Vitalisek: doesn't show hand
*** SUMMARY ***
Total pot $12 | Rake $0.24
Board [6s 7h 3d 8h]
Seat 3: Vitalisek (big blind) collected ($11.76)
Seat 5: krytalex (button) (small blind) folded on the Turn


PokerStars Hand #172361411531:  Hold'em Limit ($3/$6 USD) - 2017/06/28 17:27:09 ET
Table 'Irus II' 6-max Seat #3 is the button
Seat 3: Vitalisek ($172.89 in chips)
Seat 5: krytalex ($81.83 in chips)
Vitalisek: posts small blind $1
krytalex: posts big blind $3
*** HOLE CARDS ***
Vitalisek: raises $3 to $6
krytalex: calls $3
*** FLOP *** [Qh 5h 8d]
krytalex: checks
Vitalisek: bets $3
krytalex: calls $3
*** TURN *** [Qh 5h 8d] [7c]
krytalex: checks
Vitalisek: checks
*** RIVER *** [Qh 5h 8d 7c] [4d]
krytalex: bets $6
Vitalisek: calls $6
*** SHOW DOWN ***
krytalex: shows [7d Kd] (a pair of Sevens)
Vitalisek: mucks hand
krytalex collected $29.50 from pot
*** SUMMARY ***
Total pot $30 | Rake $0.50
Board [Qh 5h 8d 7c 4d]
Seat 3: Vitalisek (button) (small blind) mucked
Seat 5: krytalex (big blind) showed [7d Kd] and won ($29.50) with a pair of Sevens


PokerStars Hand #172361499943:  Hold'em Limit ($3/$6 USD) - 2017/06/28 17:29:07 ET
Table 'Irus II' 6-max Seat #5 is the button
Seat 3: Vitalisek ($148.65 in chips)
Seat 5: krytalex ($104.83 in chips)
krytalex: posts small blind $1
Vitalisek: posts big blind $3
*** HOLE CARDS ***
krytalex: raises $3 to $6
Vitalisek: raises $3 to $9
krytalex: calls $3
*** FLOP *** [7d 5h 9s]
Vitalisek: bets $3
krytalex: calls $3
*** TURN *** [7d 5h 9s] [Td]
Vitalisek: bets $6
krytalex: calls $6
*** RIVER *** [7d 5h 9s Td] [Ks]
Vitalisek: checks
krytalex: checks
*** SHOW DOWN ***
Vitalisek: shows [Ah 5s] (a pair of Fives)
krytalex: shows [Jh 7s] (a pair of Sevens)
krytalex collected $35.50 from pot
*** SUMMARY ***
Total pot $36 | Rake $0.50
Board [7d 5h 9s Td Ks]
Seat 3: Vitalisek (big blind) showed [Ah 5s] and lost with a pair of Fives
Seat 5: krytalex (button) (small blind) showed [Jh 7s] and won ($35.50) with a pair of Sevens


PokerStars Hand #172361514087:  Hold'em Limit ($3/$6 USD) - 2017/06/28 17:29:27 ET
Table 'Irus II' 6-max Seat #3 is the button
Seat 3: Vitalisek ($130.65 in chips)
Seat 5: krytalex ($122.33 in chips)
Vitalisek: posts small blind $1
krytalex: posts big blind $3
*** HOLE CARDS ***
Vitalisek: raises $3 to $6
krytalex: calls $3
*** FLOP *** [3d Kd 4h]
krytalex: checks
Vitalisek: bets $3
krytalex: calls $3
*** TURN *** [3d Kd 4h] [6c]
krytalex: checks
Vitalisek: checks
*** RIVER *** [3d Kd 4h 6c] [Jd]
krytalex: checks
Vitalisek: bets $6
krytalex: folds
Uncalled bet ($6) returned to Vitalisek
Vitalisek collected $17.64 from pot
Vitalisek: doesn't show hand
*** SUMMARY ***
Total pot $18 | Rake $0.36
Board [3d Kd 4h 6c Jd]
Seat 3: Vitalisek (button) (small blind) collected ($17.64)
Seat 5: krytalex (big blind) folded on the River


PokerStars Hand #172361534290:  Hold'em Limit ($3/$6 USD) - 2017/06/28 17:29:54 ET
Table 'Irus II' 6-max Seat #5 is the button
Seat 3: Vitalisek ($139.29 in chips)
Seat 5: krytalex ($113.33 in chips)
krytalex: posts small blind $1
Vitalisek: posts big blind $3
*** HOLE CARDS ***
krytalex: raises $3 to $6
Vitalisek: calls $3
*** FLOP *** [9c 3s Jc]
B_loJkl joins the table at seat #6
Vitalisek: checks
krytalex: bets $3
Vitalisek: calls $3
*** TURN *** [9c 3s Jc] [Qc]
Vitalisek: checks
krytalex: bets $6
TUBATAA joins the table at seat #1
Vitalisek: folds
Uncalled bet ($6) returned to krytalex
krytalex collected $17.64 from pot
*** SUMMARY ***
Total pot $18 | Rake $0.36
Board [9c 3s Jc Qc]
Seat 3: Vitalisek (big blind) folded on the Turn
Seat 5: krytalex (button) (small blind) collected ($17.64)


PokerStars Hand #172361569471:  Hold'em Limit ($3/$6 USD) - 2017/06/28 17:30:41 ET
Table 'Irus II' 6-max Seat #3 is the button
Seat 3: Vitalisek ($130.29 in chips)
Seat 5: krytalex ($121.97 in chips)
Vitalisek: posts small blind $1
krytalex: posts big blind $3
*** HOLE CARDS ***
Vitalisek: raises $3 to $6
krytalex: calls $3
*** FLOP *** [7d Tc Qs]
Actionni13 joins the table at seat #2
krytalex: checks
Vitalisek: bets $3
krytalex: raises $3 to $6
Vitalisek: calls $3
*** TURN *** [7d Tc Qs] [4s]
krytalex: bets $6
Vitalisek: raises $6 to $12
krytalex: folds
Uncalled bet ($6) returned to Vitalisek
Vitalisek collected $35.50 from pot
Vitalisek: doesn't show hand
*** SUMMARY ***
Total pot $36 | Rake $0.50
Board [7d Tc Qs 4s]
Seat 3: Vitalisek (button) (small blind) collected ($35.50)
Seat 5: krytalex (big blind) folded on the Turn


