PokerStars Hand #154072001069:  Hold'em Limit ($3/$6 USD) - 2016/05/30 18:50:06 ET
Table 'Irus' 6-max Seat #3 is the button
Seat 1: Zubasa07 ($505.76 in chips)
Seat 3: joao bauer ($594 in chips)
joao bauer: posts small blind $1
Zubasa07: posts big blind $3
*** HOLE CARDS ***
joao bauer: folds
Uncalled bet ($2) returned to Zubasa07
Zubasa07 collected $2 from pot
Zubasa07: doesn't show hand
*** SUMMARY ***
Total pot $2 | Rake $0
Seat 1: Zubasa07 (big blind) collected ($2)
Seat 3: joao bauer (button) (small blind) folded before Flop


PokerStars Hand #154071980653:  Hold'em Limit ($3/$6 USD) - 2016/05/30 18:49:35 ET
Table 'Irus' 6-max Seat #1 is the button
Seat 1: Zubasa07 ($500 in chips)
Seat 3: joao bauer ($600 in chips)
Zubasa07: posts small blind $1
joao bauer: posts big blind $3
*** HOLE CARDS ***
Zubasa07: raises $3 to $6
joao bauer: calls $3
*** FLOP *** [7h 6c Qh]
joao bauer: checks
Zubasa07: bets $3
joao bauer: folds
Uncalled bet ($3) returned to Zubasa07
Zubasa07 collected $11.76 from pot
Zubasa07: doesn't show hand
*** SUMMARY ***
Total pot $12 | Rake $0.24
Board [7h 6c Qh]
Seat 1: Zubasa07 (button) (small blind) collected ($11.76)
Seat 3: joao bauer (big blind) folded on the Flop


PokerStars Hand #154072005549:  Hold'em Limit ($3/$6 USD) - 2016/05/30 18:50:13 ET
Table 'Irus' 6-max Seat #1 is the button
Seat 1: Zubasa07 ($506.76 in chips)
Seat 3: joao bauer ($593 in chips)
Zubasa07: posts small blind $1
joao bauer: posts big blind $3
*** HOLE CARDS ***
Zubasa07: raises $3 to $6
joao bauer: calls $3
*** FLOP *** [4c 4s 2d]
joao bauer: checks
ToDaFelt joins the table at seat #4
Zubasa07: bets $3
joao bauer: raises $3 to $6
Zubasa07: calls $3
*** TURN *** [4c 4s 2d] [Jd]
joao bauer: bets $6
Zubasa07: folds
Uncalled bet ($6) returned to joao bauer
joao bauer collected $23.52 from pot
joao bauer: doesn't show hand
*** SUMMARY ***
Total pot $24 | Rake $0.48
Board [4c 4s 2d Jd]
Seat 1: Zubasa07 (button) (small blind) folded on the Turn
Seat 3: joao bauer (big blind) collected ($23.52)


PokerStars Hand #154072146633:  Hold'em Limit ($3/$6 USD) - 2016/05/30 18:53:44 ET
Table 'Irus' 6-max Seat #4 is the button
Seat 3: joao bauer ($590.71 in chips)
Seat 4: ToDaFelt ($200.64 in chips)
ToDaFelt: posts small blind $1
vestimokrec: is sitting out
Zubasa07: is sitting out
joao bauer: posts big blind $3
*** HOLE CARDS ***
ToDaFelt: raises $3 to $6
Zubasa07 leaves the table
joao bauer: calls $3
*** FLOP *** [5h 9d Ts]
joao bauer: checks
ToDaFelt: bets $3
joao bauer: calls $3
*** TURN *** [5h 9d Ts] [Qd]
vestimokrec leaves the table
joao bauer: checks
ToDaFelt: bets $6
joao bauer: folds
Uncalled bet ($6) returned to ToDaFelt
ToDaFelt collected $17.64 from pot
ToDaFelt: doesn't show hand
*** SUMMARY ***
Total pot $18 | Rake $0.36
Board [5h 9d Ts Qd]
Seat 3: joao bauer (big blind) folded on the Turn
Seat 4: ToDaFelt (button) (small blind) collected ($17.64)


PokerStars Hand #154072189327:  Hold'em Limit ($3/$6 USD) - 2016/05/30 18:54:49 ET
Table 'Irus' 6-max Seat #4 is the button
Seat 3: joao bauer ($623.21 in chips)
Seat 4: ToDaFelt ($180 in chips)
ToDaFelt: posts small blind $1
joao bauer: posts big blind $3
*** HOLE CARDS ***
ToDaFelt: raises $3 to $6
joao bauer: calls $3
*** FLOP *** [8c 5d 8h]
joao bauer: checks
ToDaFelt: bets $3
joao bauer: calls $3
*** TURN *** [8c 5d 8h] [6h]
joao bauer: bets $6
ToDaFelt: raises $6 to $12
joao bauer: folds
Uncalled bet ($6) returned to ToDaFelt
ToDaFelt collected $29.50 from pot
ToDaFelt: doesn't show hand
*** SUMMARY ***
Total pot $30 | Rake $0.50
Board [8c 5d 8h 6h]
Seat 3: joao bauer (big blind) folded on the Turn
Seat 4: ToDaFelt (button) (small blind) collected ($29.50)


