PokerStars Hand #151810330756:  Hold'em Limit ($3/$6 USD) - 2016/04/12 10:26:46 ET
Table 'Isa III' 6-max Seat #2 is the button
Seat 1: NAZKAR62 ($108.05 in chips)
Seat 2: kolaz03 ($72 in chips)
HAL9QQQ joins the table at seat #3
kolaz03: posts small blind $1
Agrotait: is sitting out
NAZKAR62: posts big blind $3
*** HOLE CARDS ***
kolaz03: raises $3 to $6
NAZKAR62: calls $3
*** FLOP *** [3s Jc 8h]
NAZKAR62: checks
Agrotait leaves the table
kolaz03: bets $3
NAZKAR62: folds
Uncalled bet ($3) returned to kolaz03
kolaz03 collected $11.76 from pot
kolaz03: doesn't show hand
*** SUMMARY ***
Total pot $12 | Rake $0.24
Board [3s Jc 8h]
Seat 1: NAZKAR62 (big blind) folded on the Flop
Seat 2: kolaz03 (button) (small blind) collected ($11.76)


PokerStars Hand #151810359094:  Hold'em Limit ($3/$6 USD) - 2016/04/12 10:27:32 ET
Table 'Isa III' 6-max Seat #1 is the button
Seat 1: NAZKAR62 ($102.05 in chips)
Seat 2: kolaz03 ($77.76 in chips)
NAZKAR62: posts small blind $1
kolaz03: posts big blind $3
*** HOLE CARDS ***
NAZKAR62: raises $3 to $6
kolaz03: raises $3 to $9
NAZKAR62: calls $3
*** FLOP *** [Td 4d 4c]
kolaz03: bets $3
NAZKAR62: calls $3
*** TURN *** [Td 4d 4c] [4h]
kolaz03: bets $6
NAZKAR62: calls $6
*** RIVER *** [Td 4d 4c 4h] [Ks]
kolaz03: bets $6
NAZKAR62: calls $6
*** SHOW DOWN ***
kolaz03: shows [9c 8c] (three of a kind, Fours)
NAZKAR62: shows [Qc Ah] (three of a kind, Fours - Ace kicker)
NAZKAR62 collected $47.50 from pot
*** SUMMARY ***
Total pot $48 | Rake $0.50
Board [Td 4d 4c 4h Ks]
Seat 1: NAZKAR62 (button) (small blind) showed [Qc Ah] and won ($47.50) with three of a kind, Fours
Seat 2: kolaz03 (big blind) showed [9c 8c] and lost with three of a kind, Fours


PokerStars Hand #151810570184:  Hold'em Limit ($3/$6 USD) - 2016/04/12 10:33:06 ET
Table 'Isa III' 6-max Seat #1 is the button
Seat 1: NAZKAR62 ($189.04 in chips)
Seat 3: HAL9QQQ ($124.62 in chips)
udemypoker will be allowed to play after the button
NAZKAR62: posts small blind $1
kolaz03: is sitting out
HAL9QQQ: posts big blind $3
*** HOLE CARDS ***
NAZKAR62: raises $3 to $6
oregordog joins the table at seat #5
HAL9QQQ: folds
Uncalled bet ($3) returned to NAZKAR62
NAZKAR62 collected $6 from pot
NAZKAR62: doesn't show hand
*** SUMMARY ***
Total pot $6 | Rake $0
Seat 1: NAZKAR62 (button) (small blind) collected ($6)
Seat 3: HAL9QQQ (big blind) folded before Flop


