PokerStars Hand #175722101499:  Hold'em Limit ($3/$6 USD) - 2017/09/16 12:45:50 ET
Table 'Isa' 6-max Seat #4 is the button
Seat 2: vestimokrec ($94.56 in chips)
Seat 4: OnlyLuck111 ($189.28 in chips)
OnlyLuck111: posts small blind $1
bourgeois50 has timed out while being disconnected
bourgeois50: is sitting out
vestimokrec: posts big blind $3
*** HOLE CARDS ***
OnlyLuck111: raises $3 to $6
vestimokrec: calls $3
*** FLOP *** [5h 2c Js]
vestimokrec: checks
OnlyLuck111: bets $3
vestimokrec: raises $3 to $6
OnlyLuck111: calls $3
*** TURN *** [5h 2c Js] [4d]
vestimokrec: bets $6
OnlyLuck111: calls $6
*** RIVER *** [5h 2c Js 4d] [2d]
vestimokrec: bets $6
OnlyLuck111: calls $6
*** SHOW DOWN ***
vestimokrec: shows [Qs Jd] (two pair, Jacks and Deuces)
OnlyLuck111: mucks hand
vestimokrec collected $47.50 from pot
*** SUMMARY ***
Total pot $48 | Rake $0.50
Board [5h 2c Js 4d 2d]
Seat 2: vestimokrec (big blind) showed [Qs Jd] and won ($47.50) with two pair, Jacks and Deuces
Seat 4: OnlyLuck111 (button) (small blind) mucked


PokerStars Hand #175722151015:  Hold'em Limit ($3/$6 USD) - 2017/09/16 12:47:04 ET
Table 'Isa' 6-max Seat #2 is the button
Seat 2: vestimokrec ($118.06 in chips)
Seat 4: OnlyLuck111 ($165.28 in chips)
vestimokrec: posts small blind $1
OnlyLuck111: posts big blind $3
*** HOLE CARDS ***
vestimokrec: raises $3 to $6
OnlyLuck111: calls $3
*** FLOP *** [Kd 2h 8c]
OnlyLuck111: checks
vestimokrec: bets $3
OnlyLuck111: raises $3 to $6
vestimokrec: calls $3
*** TURN *** [Kd 2h 8c] [Ah]
OnlyLuck111: bets $6
vestimokrec: calls $6
*** RIVER *** [Kd 2h 8c Ah] [8s]
OnlyLuck111: bets $6
vestimokrec: calls $6
*** SHOW DOWN ***
OnlyLuck111: shows [8d Ac] (a full house, Eights full of Aces)
vestimokrec: mucks hand
OnlyLuck111 collected $47.50 from pot
*** SUMMARY ***
Total pot $48 | Rake $0.50
Board [Kd 2h 8c Ah 8s]
Seat 2: vestimokrec (button) (small blind) mucked
Seat 4: OnlyLuck111 (big blind) showed [8d Ac] and won ($47.50) with a full house, Eights full of Aces


PokerStars Hand #175729213218:  Hold'em Limit ($3/$6 USD) - 2017/09/16 15:25:05 ET
Table 'Isa' 6-max Seat #4 is the button
Seat 3: aleks_4ym ($414.55 in chips)
Seat 4: B_loJkl ($67.46 in chips)
B_loJkl: posts small blind $1
Longstaaf: is sitting out
aleks_4ym: posts big blind $3
*** HOLE CARDS ***
B_loJkl: raises $3 to $6
aleks_4ym: calls $3
*** FLOP *** [3s 7s Ad]
aleks_4ym: checks
B_loJkl: bets $3
aleks_4ym: raises $3 to $6
B_loJkl: calls $3
*** TURN *** [3s 7s Ad] [2s]
aleks_4ym: bets $6
B_loJkl: calls $6
*** RIVER *** [3s 7s Ad 2s] [5d]
aleks_4ym: bets $6
B_loJkl: folds
Uncalled bet ($6) returned to aleks_4ym
aleks_4ym collected $35.50 from pot
aleks_4ym: doesn't show hand
*** SUMMARY ***
Total pot $36 | Rake $0.50
Board [3s 7s Ad 2s 5d]
Seat 3: aleks_4ym (big blind) collected ($35.50)
Seat 4: B_loJkl (button) (small blind) folded on the River


PokerStars Hand #175729251404:  Hold'em Limit ($3/$6 USD) - 2017/09/16 15:25:51 ET
Table 'Isa' 6-max Seat #3 is the button
Seat 3: aleks_4ym ($432.05 in chips)
Seat 4: B_loJkl ($49.46 in chips)
aleks_4ym: posts small blind $1
B_loJkl: posts big blind $3
*** HOLE CARDS ***
aleks_4ym: folds
Uncalled bet ($2) returned to B_loJkl
B_loJkl collected $2 from pot
B_loJkl: doesn't show hand
*** SUMMARY ***
Total pot $2 | Rake $0
Seat 3: aleks_4ym (button) (small blind) folded before Flop
Seat 4: B_loJkl (big blind) collected ($2)


