PokerStars Hand #163819218250:  Hold'em Limit ($3/$6 USD) - 2016/12/31 9:18:32 ET
Table 'Isa' 6-max Seat #3 is the button
Seat 1: LifeisagameX ($89.76 in chips)
Seat 3: mylifeluvsol ($24 in chips)
mylifeluvsol: posts small blind $1
LifeisagameX: posts big blind $3
*** HOLE CARDS ***
mylifeluvsol: folds
Uncalled bet ($2) returned to LifeisagameX
LifeisagameX collected $2 from pot
LifeisagameX: doesn't show hand
*** SUMMARY ***
Total pot $2 | Rake $0
Seat 1: LifeisagameX (big blind) collected ($2)
Seat 3: mylifeluvsol (button) (small blind) folded before Flop


PokerStars Hand #163819189600:  Hold'em Limit ($3/$6 USD) - 2016/12/31 9:17:51 ET
Table 'Isa' 6-max Seat #1 is the button
Seat 1: LifeisagameX ($84 in chips)
Seat 3: mylifeluvsol ($30 in chips)
LifeisagameX: posts small blind $1
mylifeluvsol: posts big blind $3
*** HOLE CARDS ***
LifeisagameX: raises $3 to $6
mylifeluvsol: calls $3
*** FLOP *** [3d 5s Jd]
mylifeluvsol: checks
LifeisagameX: bets $3
mylifeluvsol: folds
Uncalled bet ($3) returned to LifeisagameX
LifeisagameX collected $11.76 from pot
LifeisagameX: doesn't show hand
*** SUMMARY ***
Total pot $12 | Rake $0.24
Board [3d 5s Jd]
Seat 1: LifeisagameX (button) (small blind) collected ($11.76)
Seat 3: mylifeluvsol (big blind) folded on the Flop


PokerStars Hand #163819222321:  Hold'em Limit ($3/$6 USD) - 2016/12/31 9:18:38 ET
Table 'Isa' 6-max Seat #1 is the button
Seat 1: LifeisagameX ($90.76 in chips)
Seat 3: mylifeluvsol ($23 in chips)
LifeisagameX: posts small blind $1
mylifeluvsol: posts big blind $3
*** HOLE CARDS ***
LifeisagameX: raises $3 to $6
mylifeluvsol: raises $3 to $9
LifeisagameX: calls $3
*** FLOP *** [As 7d 5h]
mylifeluvsol: checks
LifeisagameX: bets $3
mylifeluvsol: calls $3
*** TURN *** [As 7d 5h] [8h]
mylifeluvsol: checks
LifeisagameX: bets $6
mylifeluvsol: raises $5 to $11 and is all-in
LifeisagameX: calls $5
*** RIVER *** [As 7d 5h 8h] [Td]
*** SHOW DOWN ***
mylifeluvsol: shows [Qs Qc] (a pair of Queens)
LifeisagameX: shows [8d 7c] (two pair, Eights and Sevens)
LifeisagameX collected $45.50 from pot
*** SUMMARY ***
Total pot $46 | Rake $0.50
Board [As 7d 5h 8h Td]
Seat 1: LifeisagameX (button) (small blind) showed [8d 7c] and won ($45.50) with two pair, Eights and Sevens
Seat 3: mylifeluvsol (big blind) showed [Qs Qc] and lost with a pair of Queens


PokerStars Hand #163819274781:  Hold'em Limit ($3/$6 USD) - 2016/12/31 9:19:54 ET
Table 'Isa' 6-max Seat #3 is the button
Seat 3: mylifeluvsol ($30 in chips)
Seat 4: Krazy90 ($120 in chips)
mylifeluvsol: posts small blind $1
Krazy90: posts big blind $3
*** HOLE CARDS ***
mylifeluvsol: folds
Uncalled bet ($2) returned to Krazy90
Krazy90 collected $2 from pot
Krazy90: doesn't show hand
*** SUMMARY ***
Total pot $2 | Rake $0
Seat 3: mylifeluvsol (button) (small blind) folded before Flop
Seat 4: Krazy90 (big blind) collected ($2)


PokerStars Hand #163819296158:  Hold'em Limit ($3/$6 USD) - 2016/12/31 9:20:24 ET
Table 'Isa' 6-max Seat #3 is the button
Seat 3: mylifeluvsol ($25 in chips)
Seat 4: Krazy90 ($124.76 in chips)
mylifeluvsol: posts small blind $1
Krazy90: posts big blind $3
*** HOLE CARDS ***
mylifeluvsol: raises $3 to $6
Krazy90: calls $3
*** FLOP *** [6c Th 2d]
Krazy90: checks
mylifeluvsol: checks
*** TURN *** [6c Th 2d] [3c]
Krazy90: bets $6
mylifeluvsol: calls $6
*** RIVER *** [6c Th 2d 3c] [8s]
Krazy90: bets $6
mylifeluvsol: folds
Uncalled bet ($6) returned to Krazy90
Krazy90 collected $23.52 from pot
Krazy90: doesn't show hand
*** SUMMARY ***
Total pot $24 | Rake $0.48
Board [6c Th 2d 3c 8s]
Seat 3: mylifeluvsol (button) (small blind) folded on the River
Seat 4: Krazy90 (big blind) collected ($23.52)


PokerStars Hand #163819282289:  Hold'em Limit ($3/$6 USD) - 2016/12/31 9:20:04 ET
Table 'Isa' 6-max Seat #3 is the button
Seat 3: mylifeluvsol ($30 in chips)
Seat 4: Krazy90 ($120 in chips)
mylifeluvsol: posts small blind $1
Krazy90: posts big blind $3
*** HOLE CARDS ***
mylifeluvsol: raises $3 to $6
Krazy90: calls $3
*** FLOP *** [5d Qc 2c]
Krazy90: checks
mylifeluvsol: checks
*** TURN *** [5d Qc 2c] [8h]
Krazy90: bets $6
mylifeluvsol: folds
Uncalled bet ($6) returned to Krazy90
Krazy90 collected $11.76 from pot
Krazy90: doesn't show hand
*** SUMMARY ***
Total pot $12 | Rake $0.24
Board [5d Qc 2c 8h]
Seat 3: mylifeluvsol (button) (small blind) folded on the Turn
Seat 4: Krazy90 (big blind) collected ($11.76)


PokerStars Hand #163819292024:  Hold'em Limit ($3/$6 USD) - 2016/12/31 9:20:18 ET
Table 'Isa' 6-max Seat #4 is the button
Seat 3: mylifeluvsol ($24 in chips)
Seat 4: Krazy90 ($125.76 in chips)
Krazy90: posts small blind $1
mylifeluvsol: posts big blind $3
*** HOLE CARDS ***
Krazy90: folds
Uncalled bet ($2) returned to mylifeluvsol
mylifeluvsol collected $2 from pot
mylifeluvsol: doesn't show hand
*** SUMMARY ***
Total pot $2 | Rake $0
Seat 3: mylifeluvsol (big blind) collected ($2)
Seat 4: Krazy90 (button) (small blind) folded before Flop


PokerStars Hand #163819279067:  Hold'em Limit ($3/$6 USD) - 2016/12/31 9:20:00 ET
Table 'Isa' 6-max Seat #4 is the button
Seat 3: mylifeluvsol ($29 in chips)
Seat 4: Krazy90 ($121 in chips)
Krazy90: posts small blind $1
mylifeluvsol: posts big blind $3
*** HOLE CARDS ***
Krazy90: folds
Uncalled bet ($2) returned to mylifeluvsol
mylifeluvsol collected $2 from pot
mylifeluvsol: doesn't show hand
*** SUMMARY ***
Total pot $2 | Rake $0
Seat 3: mylifeluvsol (big blind) collected ($2)
Seat 4: Krazy90 (button) (small blind) folded before Flop


PokerStars Hand #163819321048:  Hold'em Limit ($3/$6 USD) - 2016/12/31 9:21:00 ET
Table 'Isa' 6-max Seat #4 is the button
Seat 3: mylifeluvsol ($9 in chips)
Seat 4: Krazy90 ($140.28 in chips)
Krazy90: posts small blind $1
mylifeluvsol: posts big blind $3
*** HOLE CARDS ***
Krazy90: folds
Uncalled bet ($2) returned to mylifeluvsol
mylifeluvsol collected $2 from pot
mylifeluvsol: doesn't show hand
*** SUMMARY ***
Total pot $2 | Rake $0
Seat 3: mylifeluvsol (big blind) collected ($2)
Seat 4: Krazy90 (button) (small blind) folded before Flop


PokerStars Hand #163819324783:  Hold'em Limit ($3/$6 USD) - 2016/12/31 9:21:05 ET
Table 'Isa' 6-max Seat #3 is the button
Seat 3: mylifeluvsol ($10 in chips)
Seat 4: Krazy90 ($139.28 in chips)
mylifeluvsol: posts small blind $1
Krazy90: posts big blind $3
*** HOLE CARDS ***
mylifeluvsol: raises $3 to $6
Krazy90: raises $3 to $9
mylifeluvsol: raises $1 to $10 and is all-in
Betting is capped
Krazy90: calls $1
*** FLOP *** [Th 8s 6s]
*** TURN *** [Th 8s 6s] [8d]
*** RIVER *** [Th 8s 6s 8d] [Jc]
*** SHOW DOWN ***
Krazy90: shows [Kd Tc] (two pair, Tens and Eights)
mylifeluvsol: shows [6d 8c] (a full house, Eights full of Sixes)
mylifeluvsol collected $19.60 from pot
*** SUMMARY ***
Total pot $20 | Rake $0.40
Board [Th 8s 6s 8d Jc]
Seat 3: mylifeluvsol (button) (small blind) showed [6d 8c] and won ($19.60) with a full house, Eights full of Sixes
Seat 4: Krazy90 (big blind) showed [Kd Tc] and lost with two pair, Tens and Eights


PokerStars Hand #163819342199:  Hold'em Limit ($3/$6 USD) - 2016/12/31 9:21:31 ET
Table 'Isa' 6-max Seat #4 is the button
Seat 3: mylifeluvsol ($19.60 in chips)
Seat 4: Krazy90 ($129.28 in chips)
Krazy90: posts small blind $1
mylifeluvsol: posts big blind $3
*** HOLE CARDS ***
Krazy90: raises $3 to $6
mylifeluvsol: calls $3
*** FLOP *** [Kh 3s 7d]
mylifeluvsol: checks
Krazy90: bets $3
mylifeluvsol: folds
Uncalled bet ($3) returned to Krazy90
Krazy90 collected $11.76 from pot
Krazy90: doesn't show hand
*** SUMMARY ***
Total pot $12 | Rake $0.24
Board [Kh 3s 7d]
Seat 3: mylifeluvsol (big blind) folded on the Flop
Seat 4: Krazy90 (button) (small blind) collected ($11.76)


PokerStars Hand #163819338366:  Hold'em Limit ($3/$6 USD) - 2016/12/31 9:21:25 ET
Table 'Isa' 6-max Seat #3 is the button
Seat 3: mylifeluvsol ($20.60 in chips)
Seat 4: Krazy90 ($128.28 in chips)
mylifeluvsol: posts small blind $1
Krazy90: posts big blind $3
*** HOLE CARDS ***
mylifeluvsol: folds
Uncalled bet ($2) returned to Krazy90
Krazy90 collected $2 from pot
Krazy90: doesn't show hand
*** SUMMARY ***
Total pot $2 | Rake $0
Seat 3: mylifeluvsol (button) (small blind) folded before Flop
Seat 4: Krazy90 (big blind) collected ($2)


PokerStars Hand #163819335100:  Hold'em Limit ($3/$6 USD) - 2016/12/31 9:21:20 ET
Table 'Isa' 6-max Seat #4 is the button
Seat 3: mylifeluvsol ($19.60 in chips)
Seat 4: Krazy90 ($129.28 in chips)
Krazy90: posts small blind $1
mylifeluvsol: posts big blind $3
*** HOLE CARDS ***
Krazy90: folds
Uncalled bet ($2) returned to mylifeluvsol
mylifeluvsol collected $2 from pot
mylifeluvsol: doesn't show hand
*** SUMMARY ***
Total pot $2 | Rake $0
Seat 3: mylifeluvsol (big blind) collected ($2)
Seat 4: Krazy90 (button) (small blind) folded before Flop


PokerStars Hand #163819316599:  Hold'em Limit ($3/$6 USD) - 2016/12/31 9:20:54 ET
Table 'Isa' 6-max Seat #3 is the button
Seat 3: mylifeluvsol ($10 in chips)
Seat 4: Krazy90 ($139.28 in chips)
mylifeluvsol: posts small blind $1
Krazy90: posts big blind $3
*** HOLE CARDS ***
mylifeluvsol: folds
Uncalled bet ($2) returned to Krazy90
Krazy90 collected $2 from pot
Krazy90: doesn't show hand
*** SUMMARY ***
Total pot $2 | Rake $0
Seat 3: mylifeluvsol (button) (small blind) folded before Flop
Seat 4: Krazy90 (big blind) collected ($2)


PokerStars Hand #163819310063:  Hold'em Limit ($3/$6 USD) - 2016/12/31 9:20:45 ET
Table 'Isa' 6-max Seat #4 is the button
Seat 3: mylifeluvsol ($13 in chips)
Seat 4: Krazy90 ($136.28 in chips)
Krazy90: posts small blind $1
mylifeluvsol: posts big blind $3
*** HOLE CARDS ***
Krazy90: raises $3 to $6
mylifeluvsol: folds
Uncalled bet ($3) returned to Krazy90
Krazy90 collected $6 from pot
Krazy90: doesn't show hand
*** SUMMARY ***
Total pot $6 | Rake $0
Seat 3: mylifeluvsol (big blind) folded before Flop
Seat 4: Krazy90 (button) (small blind) collected ($6)


PokerStars Hand #163819354700:  Hold'em Limit ($3/$6 USD) - 2016/12/31 9:21:48 ET
Table 'Isa' 6-max Seat #3 is the button
Seat 3: mylifeluvsol ($13.60 in chips)
Seat 4: Krazy90 ($135.04 in chips)
mylifeluvsol: posts small blind $1
Krazy90: posts big blind $3
*** HOLE CARDS ***
mylifeluvsol: raises $3 to $6
Krazy90: calls $3
*** FLOP *** [8s 6h 8h]
Krazy90: checks
mylifeluvsol: bets $3
Krazy90: raises $3 to $6
mylifeluvsol: raises $1.60 to $7.60 and is all-in
Krazy90: calls $1.60
ToDaFelt joins the table at seat #5
*** TURN *** [8s 6h 8h] [2c]
*** RIVER *** [8s 6h 8h 2c] [As]
*** SHOW DOWN ***
Krazy90: shows [2h Jh] (two pair, Eights and Deuces)
mylifeluvsol: shows [Jd Ac] (two pair, Aces and Eights)
mylifeluvsol collected $26.70 from pot
*** SUMMARY ***
Total pot $27.20 | Rake $0.50
Board [8s 6h 8h 2c As]
Seat 3: mylifeluvsol (button) (small blind) showed [Jd Ac] and won ($26.70) with two pair, Aces and Eights
Seat 4: Krazy90 (big blind) showed [2h Jh] and lost with two pair, Eights and Deuces


PokerStars Hand #163822623795:  Hold'em Limit ($3/$6 USD) - 2016/12/31 10:37:34 ET
Table 'Isa' 6-max Seat #6 is the button
Seat 3: MATEKATA2 ($364.27 in chips)
Seat 6: zizonmusang ($108.03 in chips)
RUNNINGMAN70 will be allowed to play after the button
zizonmusang: posts small blind $1
Chessnok: is sitting out
MATEKATA2: posts big blind $3
*** HOLE CARDS ***
zizonmusang: raises $3 to $6
MATEKATA2: calls $3
*** FLOP *** [6s Qd Qh]
MATEKATA2: checks
zizonmusang: bets $3
MATEKATA2: raises $3 to $6
zizonmusang: calls $3
*** TURN *** [6s Qd Qh] [4h]
MATEKATA2: checks
zizonmusang: bets $6
MATEKATA2: calls $6
*** RIVER *** [6s Qd Qh 4h] [Qc]
MATEKATA2: checks
zizonmusang: checks
*** SHOW DOWN ***
MATEKATA2: shows [5h Ac] (three of a kind, Queens)
zizonmusang: mucks hand
MATEKATA2 collected $35.50 from pot
*** SUMMARY ***
Total pot $36 | Rake $0.50
Board [6s Qd Qh 4h Qc]
Seat 3: MATEKATA2 (big blind) showed [5h Ac] and won ($35.50) with three of a kind, Queens
Seat 6: zizonmusang (button) (small blind) mucked


PokerStars Hand #163822656617:  Hold'em Limit ($3/$6 USD) - 2016/12/31 10:38:19 ET
Table 'Isa' 6-max Seat #3 is the button
Seat 3: MATEKATA2 ($381.77 in chips)
Seat 5: RUNNINGMAN70 ($127.16 in chips)
MATEKATA2: posts small blind $1
RUNNINGMAN70: posts big blind $3
*** HOLE CARDS ***
MATEKATA2: folds
Uncalled bet ($2) returned to RUNNINGMAN70
RUNNINGMAN70 collected $2 from pot
RUNNINGMAN70: doesn't show hand
*** SUMMARY ***
Total pot $2 | Rake $0
Seat 3: MATEKATA2 (button) (small blind) folded before Flop
Seat 5: RUNNINGMAN70 (big blind) collected ($2)


PokerStars Hand #163822651576:  Hold'em Limit ($3/$6 USD) - 2016/12/31 10:38:12 ET
Table 'Isa' 6-max Seat #5 is the button
Seat 3: MATEKATA2 ($380.77 in chips)
Seat 5: RUNNINGMAN70 ($128.16 in chips)
RUNNINGMAN70: posts small blind $1
zizonmusang: is sitting out
MATEKATA2: posts big blind $3
*** HOLE CARDS ***
RUNNINGMAN70: folds
Uncalled bet ($2) returned to MATEKATA2
MATEKATA2 collected $2 from pot
*** SUMMARY ***
Total pot $2 | Rake $0
Seat 3: MATEKATA2 (big blind) collected ($2)
Seat 5: RUNNINGMAN70 (button) (small blind) folded before Flop


PokerStars Hand #163822719842:  Hold'em Limit ($3/$6 USD) - 2016/12/31 10:39:45 ET
Table 'Isa' 6-max Seat #5 is the button
Seat 3: MATEKATA2 ($364.77 in chips)
Seat 5: RUNNINGMAN70 ($106.16 in chips)
RUNNINGMAN70: posts small blind $1
zizonmusang: is sitting out
MATEKATA2: posts big blind $3
*** HOLE CARDS ***
RUNNINGMAN70: raises $3 to $6
MATEKATA2: calls $3
*** FLOP *** [7d 8d 4h]
MATEKATA2: checks
RUNNINGMAN70: checks
*** TURN *** [7d 8d 4h] [8h]
MATEKATA2: bets $6
RUNNINGMAN70: calls $6
*** RIVER *** [7d 8d 4h 8h] [3h]
MATEKATA2: checks
RUNNINGMAN70: bets $6
MATEKATA2: calls $6
*** SHOW DOWN ***
RUNNINGMAN70: shows [Ah Js] (a pair of Eights)
MATEKATA2: shows [Qs 7h] (two pair, Eights and Sevens)
MATEKATA2 collected $35.50 from pot
*** SUMMARY ***
Total pot $36 | Rake $0.50
Board [7d 8d 4h 8h 3h]
Seat 3: MATEKATA2 (big blind) showed [Qs 7h] and won ($35.50) with two pair, Eights and Sevens
Seat 5: RUNNINGMAN70 (button) (small blind) showed [Ah Js] and lost with a pair of Eights


