PokerStars Hand #169347182699:  Hold'em Limit ($3/$6 USD) - 2017/04/21 8:36:52 ET
Table 'Isa' 6-max Seat #6 is the button
Seat 3: tilion22 ($120 in chips)
Seat 6: sim5sim5 ($72 in chips)
sim5sim5: posts small blind $1
tilion22: posts big blind $3
*** HOLE CARDS ***
sim5sim5: raises $3 to $6
tilion22: calls $3
*** FLOP *** [3c 6c 6d]
tilion22: checks
sim5sim5: bets $3
tilion22: calls $3
*** TURN *** [3c 6c 6d] [5h]
tilion22: checks
sim5sim5: bets $6
tilion22: folds
Uncalled bet ($6) returned to sim5sim5
sim5sim5 collected $17.64 from pot
sim5sim5: doesn't show hand
*** SUMMARY ***
Total pot $18 | Rake $0.36
Board [3c 6c 6d 5h]
Seat 3: tilion22 (big blind) folded on the Turn
Seat 6: sim5sim5 (button) (small blind) collected ($17.64)


PokerStars Hand #169347198287:  Hold'em Limit ($3/$6 USD) - 2017/04/21 8:37:21 ET
Table 'Isa' 6-max Seat #3 is the button
Seat 3: tilion22 ($111 in chips)
Seat 6: sim5sim5 ($80.64 in chips)
tilion22: posts small blind $1
sim5sim5: posts big blind $3
*** HOLE CARDS ***
tilion22: raises $3 to $6
sim5sim5: folds
Uncalled bet ($3) returned to tilion22
tilion22 collected $6 from pot
tilion22: doesn't show hand
*** SUMMARY ***
Total pot $6 | Rake $0
Seat 3: tilion22 (button) (small blind) collected ($6)
Seat 6: sim5sim5 (big blind) folded before Flop


PokerStars Hand #169347210003:  Hold'em Limit ($3/$6 USD) - 2017/04/21 8:37:44 ET
Table 'Isa' 6-max Seat #6 is the button
Seat 3: tilion22 ($114 in chips)
Seat 6: sim5sim5 ($77.64 in chips)
sim5sim5: posts small blind $1
tilion22: posts big blind $3
*** HOLE CARDS ***
sim5sim5: raises $3 to $6
tilion22: calls $3
*** FLOP *** [3h 9c 4h]
tilion22: checks
sim5sim5: bets $3
tilion22: raises $3 to $6
sim5sim5: calls $3
*** TURN *** [3h 9c 4h] [3c]
tilion22: bets $6
sim5sim5: calls $6
*** RIVER *** [3h 9c 4h 3c] [6c]
tilion22: bets $6
sim5sim5: calls $6
*** SHOW DOWN ***
tilion22: shows [Kd 6d] (two pair, Sixes and Threes)
sim5sim5: mucks hand
tilion22 collected $47.50 from pot
*** SUMMARY ***
Total pot $48 | Rake $0.50
Board [3h 9c 4h 3c 6c]
Seat 3: tilion22 (big blind) showed [Kd 6d] and won ($47.50) with two pair, Sixes and Threes
Seat 6: sim5sim5 (button) (small blind) mucked


PokerStars Hand #169347231497:  Hold'em Limit ($3/$6 USD) - 2017/04/21 8:38:25 ET
Table 'Isa' 6-max Seat #3 is the button
Seat 3: tilion22 ($137.50 in chips)
Seat 6: sim5sim5 ($72 in chips)
tilion22: posts small blind $1
sim5sim5: posts big blind $3
*** HOLE CARDS ***
tilion22: folds
Uncalled bet ($2) returned to sim5sim5
sim5sim5 collected $2 from pot
sim5sim5: doesn't show hand
*** SUMMARY ***
Total pot $2 | Rake $0
Seat 3: tilion22 (button) (small blind) folded before Flop
Seat 6: sim5sim5 (big blind) collected ($2)


PokerStars Hand #169347235486:  Hold'em Limit ($3/$6 USD) - 2017/04/21 8:38:33 ET
Table 'Isa' 6-max Seat #6 is the button
Seat 3: tilion22 ($136.50 in chips)
Seat 6: sim5sim5 ($73 in chips)
sim5sim5: posts small blind $1
tilion22: posts big blind $3
*** HOLE CARDS ***
sim5sim5: raises $3 to $6
tilion22: calls $3
*** FLOP *** [Js Ah 7d]
tilion22: checks
sim5sim5: bets $3
tilion22: folds
Uncalled bet ($3) returned to sim5sim5
sim5sim5 collected $11.76 from pot
sim5sim5: doesn't show hand
*** SUMMARY ***
Total pot $12 | Rake $0.24
Board [Js Ah 7d]
Seat 3: tilion22 (big blind) folded on the Flop
Seat 6: sim5sim5 (button) (small blind) collected ($11.76)


PokerStars Hand #169347249549:  Hold'em Limit ($3/$6 USD) - 2017/04/21 8:39:00 ET
Table 'Isa' 6-max Seat #3 is the button
Seat 3: tilion22 ($130.50 in chips)
Seat 6: sim5sim5 ($78.76 in chips)
tilion22: posts small blind $1
sim5sim5: posts big blind $3
*** HOLE CARDS ***
tilion22: raises $3 to $6
sim5sim5: calls $3
*** FLOP *** [8h 9h 3c]
sim5sim5: checks
tilion22: bets $3
sim5sim5: calls $3
*** TURN *** [8h 9h 3c] [2d]
sim5sim5: checks
tilion22: bets $6
sim5sim5: calls $6
*** RIVER *** [8h 9h 3c 2d] [Qs]
sim5sim5: checks
tilion22: checks
*** SHOW DOWN ***
sim5sim5: shows [Kh 5c] (high card King)
tilion22: shows [4s 8s] (a pair of Eights)
tilion22 collected $29.50 from pot
*** SUMMARY ***
Total pot $30 | Rake $0.50
Board [8h 9h 3c 2d Qs]
Seat 3: tilion22 (button) (small blind) showed [4s 8s] and won ($29.50) with a pair of Eights
Seat 6: sim5sim5 (big blind) showed [Kh 5c] and lost with high card King


PokerStars Hand #169347263369:  Hold'em Limit ($3/$6 USD) - 2017/04/21 8:39:27 ET
Table 'Isa' 6-max Seat #6 is the button
Seat 3: tilion22 ($145 in chips)
Seat 6: sim5sim5 ($72 in chips)
sim5sim5: posts small blind $1
tilion22: posts big blind $3
*** HOLE CARDS ***
sim5sim5: raises $3 to $6
tilion22: calls $3
*** FLOP *** [6d Ah 7d]
tilion22: checks
sim5sim5: bets $3
tilion22: calls $3
*** TURN *** [6d Ah 7d] [2d]
tilion22: checks
sim5sim5: checks
*** RIVER *** [6d Ah 7d 2d] [Ad]
tilion22: checks
sim5sim5: checks
*** SHOW DOWN ***
tilion22: shows [8s 5d] (a flush, Ace high)
sim5sim5: mucks hand
tilion22 collected $17.64 from pot
*** SUMMARY ***
Total pot $18 | Rake $0.36
Board [6d Ah 7d 2d Ad]
Seat 3: tilion22 (big blind) showed [8s 5d] and won ($17.64) with a flush, Ace high
Seat 6: sim5sim5 (button) (small blind) mucked


PokerStars Hand #169347278015:  Hold'em Limit ($3/$6 USD) - 2017/04/21 8:39:55 ET
Table 'Isa' 6-max Seat #3 is the button
Seat 3: tilion22 ($153.64 in chips)
Seat 6: sim5sim5 ($72 in chips)
tilion22: posts small blind $1
sim5sim5: posts big blind $3
*** HOLE CARDS ***
tilion22: folds
Uncalled bet ($2) returned to sim5sim5
sim5sim5 collected $2 from pot
sim5sim5: doesn't show hand
*** SUMMARY ***
Total pot $2 | Rake $0
Seat 3: tilion22 (button) (small blind) folded before Flop
Seat 6: sim5sim5 (big blind) collected ($2)


PokerStars Hand #169347282885:  Hold'em Limit ($3/$6 USD) - 2017/04/21 8:40:04 ET
Table 'Isa' 6-max Seat #6 is the button
Seat 3: tilion22 ($152.64 in chips)
Seat 6: sim5sim5 ($73 in chips)
sim5sim5: posts small blind $1
tilion22: posts big blind $3
*** HOLE CARDS ***
sim5sim5: raises $3 to $6
tilion22: calls $3
*** FLOP *** [Th 8s Jd]
tilion22: checks
sim5sim5: bets $3
tilion22: calls $3
*** TURN *** [Th 8s Jd] [Tc]
tilion22: checks
sim5sim5: checks
*** RIVER *** [Th 8s Jd Tc] [5d]
tilion22: bets $6
sim5sim5: folds
Uncalled bet ($6) returned to tilion22
tilion22 collected $17.64 from pot
tilion22: doesn't show hand
*** SUMMARY ***
Total pot $18 | Rake $0.36
Board [Th 8s Jd Tc 5d]
Seat 3: tilion22 (big blind) collected ($17.64)
Seat 6: sim5sim5 (button) (small blind) folded on the River


PokerStars Hand #169347299523:  Hold'em Limit ($3/$6 USD) - 2017/04/21 8:40:37 ET
Table 'Isa' 6-max Seat #3 is the button
Seat 3: tilion22 ($161.28 in chips)
Seat 6: sim5sim5 ($72 in chips)
tilion22: posts small blind $1
sim5sim5: posts big blind $3
*** HOLE CARDS ***
tilion22: raises $3 to $6
sim5sim5: calls $3
*** FLOP *** [8d 4h 5c]
sim5sim5: checks
tilion22: bets $3
sim5sim5: raises $3 to $6
tilion22: calls $3
*** TURN *** [8d 4h 5c] [2d]
sim5sim5: bets $6
tilion22: calls $6
*** RIVER *** [8d 4h 5c 2d] [6s]
sim5sim5: bets $6
tilion22: folds
Uncalled bet ($6) returned to sim5sim5
sim5sim5 collected $35.50 from pot
sim5sim5: doesn't show hand
*** SUMMARY ***
Total pot $36 | Rake $0.50
Board [8d 4h 5c 2d 6s]
Seat 3: tilion22 (button) (small blind) folded on the River
Seat 6: sim5sim5 (big blind) collected ($35.50)


PokerStars Hand #169347317057:  Hold'em Limit ($3/$6 USD) - 2017/04/21 8:41:10 ET
Table 'Isa' 6-max Seat #6 is the button
Seat 3: tilion22 ($143.28 in chips)
Seat 6: sim5sim5 ($89.50 in chips)
sim5sim5: posts small blind $1
tilion22: posts big blind $3
*** HOLE CARDS ***
sim5sim5: raises $3 to $6
tilion22: raises $3 to $9
sim5sim5: calls $3
*** FLOP *** [7c 6s 5c]
tilion22: bets $3
sim5sim5: calls $3
*** TURN *** [7c 6s 5c] [5h]
tilion22: bets $6
sim5sim5: calls $6
*** RIVER *** [7c 6s 5c 5h] [Kc]
tilion22: bets $6
sim5sim5: folds
Uncalled bet ($6) returned to tilion22
tilion22 collected $35.50 from pot
tilion22: doesn't show hand
*** SUMMARY ***
Total pot $36 | Rake $0.50
Board [7c 6s 5c 5h Kc]
Seat 3: tilion22 (big blind) collected ($35.50)
Seat 6: sim5sim5 (button) (small blind) folded on the River


PokerStars Hand #169347337693:  Hold'em Limit ($3/$6 USD) - 2017/04/21 8:41:49 ET
Table 'Isa' 6-max Seat #6 is the button
Seat 3: tilion22 ($163.78 in chips)
Seat 6: sim5sim5 ($72 in chips)
sim5sim5: posts small blind $1
tilion22: posts big blind $3
*** HOLE CARDS ***
sim5sim5: raises $3 to $6
tilion22: folds
Uncalled bet ($3) returned to sim5sim5
sim5sim5 collected $6 from pot
sim5sim5: doesn't show hand
*** SUMMARY ***
Total pot $6 | Rake $0
Seat 3: tilion22 (big blind) folded before Flop
Seat 6: sim5sim5 (button) (small blind) collected ($6)


PokerStars Hand #169347333664:  Hold'em Limit ($3/$6 USD) - 2017/04/21 8:41:42 ET
Table 'Isa' 6-max Seat #3 is the button
Seat 3: tilion22 ($160.78 in chips)
Seat 6: sim5sim5 ($72 in chips)
tilion22: posts small blind $1
sim5sim5: posts big blind $3
*** HOLE CARDS ***
tilion22: raises $3 to $6
sim5sim5: folds
Uncalled bet ($3) returned to tilion22
tilion22 collected $6 from pot
tilion22: doesn't show hand
*** SUMMARY ***
Total pot $6 | Rake $0
Seat 3: tilion22 (button) (small blind) collected ($6)
Seat 6: sim5sim5 (big blind) folded before Flop


PokerStars Hand #169347358274:  Hold'em Limit ($3/$6 USD) - 2017/04/21 8:42:29 ET
Table 'Isa' 6-max Seat #6 is the button
Seat 3: tilion22 ($145.78 in chips)
Seat 6: sim5sim5 ($89.50 in chips)
sim5sim5: posts small blind $1
tilion22: posts big blind $3
*** HOLE CARDS ***
sim5sim5: raises $3 to $6
tilion22: folds
Uncalled bet ($3) returned to sim5sim5
sim5sim5 collected $6 from pot
sim5sim5: doesn't show hand
*** SUMMARY ***
Total pot $6 | Rake $0
Seat 3: tilion22 (big blind) folded before Flop
Seat 6: sim5sim5 (button) (small blind) collected ($6)


PokerStars Hand #169347341719:  Hold'em Limit ($3/$6 USD) - 2017/04/21 8:41:57 ET
Table 'Isa' 6-max Seat #3 is the button
Seat 3: tilion22 ($160.78 in chips)
Seat 6: sim5sim5 ($75 in chips)
tilion22: posts small blind $1
sim5sim5: posts big blind $3
*** HOLE CARDS ***
tilion22: raises $3 to $6
sim5sim5: calls $3
*** FLOP *** [7d Qd 4h]
sim5sim5: checks
tilion22: bets $3
sim5sim5: calls $3
*** TURN *** [7d Qd 4h] [3d]
sim5sim5: checks
tilion22: checks
*** RIVER *** [7d Qd 4h 3d] [5h]
sim5sim5: bets $6
tilion22: calls $6
*** SHOW DOWN ***
sim5sim5: shows [2c Ac] (a straight, Ace to Five)
tilion22: mucks hand
sim5sim5 collected $29.50 from pot
*** SUMMARY ***
Total pot $30 | Rake $0.50
Board [7d Qd 4h 3d 5h]
Seat 3: tilion22 (button) (small blind) mucked
Seat 6: sim5sim5 (big blind) showed [2c Ac] and won ($29.50) with a straight, Ace to Five


PokerStars Hand #169347362421:  Hold'em Limit ($3/$6 USD) - 2017/04/21 8:42:37 ET
Table 'Isa' 6-max Seat #3 is the button
Seat 3: tilion22 ($142.78 in chips)
Seat 6: sim5sim5 ($92.50 in chips)
tilion22: posts small blind $1
sim5sim5: posts big blind $3
*** HOLE CARDS ***
tilion22: raises $3 to $6
sim5sim5: raises $3 to $9
tilion22: calls $3
*** FLOP *** [Ah 7c Qs]
sim5sim5: bets $3
tilion22: folds
Uncalled bet ($3) returned to sim5sim5
sim5sim5 collected $17.64 from pot
sim5sim5: doesn't show hand
*** SUMMARY ***
Total pot $18 | Rake $0.36
Board [Ah 7c Qs]
Seat 3: tilion22 (button) (small blind) folded on the Flop
Seat 6: sim5sim5 (big blind) collected ($17.64)


PokerStars Hand #169347368626:  Hold'em Limit ($3/$6 USD) - 2017/04/21 8:42:48 ET
Table 'Isa' 6-max Seat #6 is the button
Seat 3: tilion22 ($133.78 in chips)
Seat 6: sim5sim5 ($101.14 in chips)
sim5sim5: posts small blind $1
tilion22: posts big blind $3
*** HOLE CARDS ***
sim5sim5: folds
Uncalled bet ($2) returned to tilion22
tilion22 collected $2 from pot
tilion22: doesn't show hand
*** SUMMARY ***
Total pot $2 | Rake $0
Seat 3: tilion22 (big blind) collected ($2)
Seat 6: sim5sim5 (button) (small blind) folded before Flop


PokerStars Hand #169347372613:  Hold'em Limit ($3/$6 USD) - 2017/04/21 8:42:56 ET
Table 'Isa' 6-max Seat #3 is the button
Seat 3: tilion22 ($134.78 in chips)
Seat 6: sim5sim5 ($100.14 in chips)
tilion22: posts small blind $1
sim5sim5: posts big blind $3
*** HOLE CARDS ***
tilion22: raises $3 to $6
sim5sim5: folds
Uncalled bet ($3) returned to tilion22
tilion22 collected $6 from pot
tilion22: doesn't show hand
*** SUMMARY ***
Total pot $6 | Rake $0
Seat 3: tilion22 (button) (small blind) collected ($6)
Seat 6: sim5sim5 (big blind) folded before Flop


PokerStars Hand #169347376235:  Hold'em Limit ($3/$6 USD) - 2017/04/21 8:43:03 ET
Table 'Isa' 6-max Seat #6 is the button
Seat 3: tilion22 ($137.78 in chips)
Seat 6: sim5sim5 ($97.14 in chips)
sim5sim5: posts small blind $1
tilion22: posts big blind $3
*** HOLE CARDS ***
sim5sim5: raises $3 to $6
tilion22: folds
Uncalled bet ($3) returned to sim5sim5
sim5sim5 collected $6 from pot
sim5sim5: doesn't show hand
*** SUMMARY ***
Total pot $6 | Rake $0
Seat 3: tilion22 (big blind) folded before Flop
Seat 6: sim5sim5 (button) (small blind) collected ($6)


PokerStars Hand #169347379695:  Hold'em Limit ($3/$6 USD) - 2017/04/21 8:43:10 ET
Table 'Isa' 6-max Seat #3 is the button
Seat 3: tilion22 ($134.78 in chips)
Seat 6: sim5sim5 ($100.14 in chips)
tilion22: posts small blind $1
sim5sim5: posts big blind $3
*** HOLE CARDS ***
tilion22: raises $3 to $6
sim5sim5: calls $3
*** FLOP *** [Ts Ah 8c]
sim5sim5: checks
tilion22: bets $3
sim5sim5: folds
Uncalled bet ($3) returned to tilion22
tilion22 collected $11.76 from pot
tilion22: doesn't show hand
*** SUMMARY ***
Total pot $12 | Rake $0.24
Board [Ts Ah 8c]
Seat 3: tilion22 (button) (small blind) collected ($11.76)
Seat 6: sim5sim5 (big blind) folded on the Flop


PokerStars Hand #169347407544:  Hold'em Limit ($3/$6 USD) - 2017/04/21 8:44:03 ET
Table 'Isa' 6-max Seat #3 is the button
Seat 3: tilion22 ($173.04 in chips)
Seat 6: sim5sim5 ($72 in chips)
tilion22: posts small blind $1
sim5sim5: posts big blind $3
*** HOLE CARDS ***
tilion22: folds
Uncalled bet ($2) returned to sim5sim5
sim5sim5 collected $2 from pot
sim5sim5: doesn't show hand
*** SUMMARY ***
Total pot $2 | Rake $0
Seat 3: tilion22 (button) (small blind) folded before Flop
Seat 6: sim5sim5 (big blind) collected ($2)


PokerStars Hand #169347387358:  Hold'em Limit ($3/$6 USD) - 2017/04/21 8:43:24 ET
Table 'Isa' 6-max Seat #6 is the button
Seat 3: tilion22 ($140.54 in chips)
Seat 6: sim5sim5 ($94.14 in chips)
sim5sim5: posts small blind $1
tilion22: posts big blind $3
*** HOLE CARDS ***
sim5sim5: raises $3 to $6
tilion22: raises $3 to $9
sim5sim5: calls $3
*** FLOP *** [6d As Qd]
tilion22: bets $3
sim5sim5: raises $3 to $6
tilion22: calls $3
*** TURN *** [6d As Qd] [5s]
tilion22: checks
sim5sim5: bets $6
tilion22: raises $6 to $12
sim5sim5: calls $6
*** RIVER *** [6d As Qd 5s] [Ah]
tilion22: bets $6
sim5sim5: calls $6
*** SHOW DOWN ***
tilion22: shows [Ac Jh] (three of a kind, Aces)
sim5sim5: mucks hand
tilion22 collected $65.50 from pot
*** SUMMARY ***
Total pot $66 | Rake $0.50
Board [6d As Qd 5s Ah]
Seat 3: tilion22 (big blind) showed [Ac Jh] and won ($65.50) with three of a kind, Aces
Seat 6: sim5sim5 (button) (small blind) mucked


PokerStars Hand #169347410322:  Hold'em Limit ($3/$6 USD) - 2017/04/21 8:44:09 ET
Table 'Isa' 6-max Seat #6 is the button
Seat 3: tilion22 ($172.04 in chips)
Seat 6: sim5sim5 ($73 in chips)
sim5sim5: posts small blind $1
tilion22: posts big blind $3
*** HOLE CARDS ***
sim5sim5: raises $3 to $6
tilion22: calls $3
*** FLOP *** [2c 2h Js]
tilion22: checks
sim5sim5: bets $3
tilion22: folds
Uncalled bet ($3) returned to sim5sim5
sim5sim5 collected $11.76 from pot
sim5sim5: doesn't show hand
*** SUMMARY ***
Total pot $12 | Rake $0.24
Board [2c 2h Js]
Seat 3: tilion22 (big blind) folded on the Flop
Seat 6: sim5sim5 (button) (small blind) collected ($11.76)


PokerStars Hand #169347418187:  Hold'em Limit ($3/$6 USD) - 2017/04/21 8:44:24 ET
Table 'Isa' 6-max Seat #3 is the button
Seat 3: tilion22 ($166.04 in chips)
Seat 6: sim5sim5 ($78.76 in chips)
tilion22: posts small blind $1
sim5sim5: posts big blind $3
*** HOLE CARDS ***
tilion22: folds
Uncalled bet ($2) returned to sim5sim5
sim5sim5 collected $2 from pot
sim5sim5: doesn't show hand
*** SUMMARY ***
Total pot $2 | Rake $0
Seat 3: tilion22 (button) (small blind) folded before Flop
Seat 6: sim5sim5 (big blind) collected ($2)


PokerStars Hand #169347421058:  Hold'em Limit ($3/$6 USD) - 2017/04/21 8:44:29 ET
Table 'Isa' 6-max Seat #6 is the button
Seat 3: tilion22 ($165.04 in chips)
Seat 6: sim5sim5 ($79.76 in chips)
sim5sim5: posts small blind $1
tilion22: posts big blind $3
*** HOLE CARDS ***
sim5sim5: raises $3 to $6
tilion22: raises $3 to $9
sim5sim5: calls $3
*** FLOP *** [Qc Kc 2h]
tilion22: bets $3
sim5sim5: folds
Uncalled bet ($3) returned to tilion22
tilion22 collected $17.64 from pot
tilion22: doesn't show hand
*** SUMMARY ***
Total pot $18 | Rake $0.36
Board [Qc Kc 2h]
Seat 3: tilion22 (big blind) collected ($17.64)
Seat 6: sim5sim5 (button) (small blind) folded on the Flop


PokerStars Hand #169347429036:  Hold'em Limit ($3/$6 USD) - 2017/04/21 8:44:44 ET
Table 'Isa' 6-max Seat #3 is the button
Seat 3: tilion22 ($173.68 in chips)
Seat 6: sim5sim5 ($72 in chips)
tilion22: posts small blind $1
sim5sim5: posts big blind $3
*** HOLE CARDS ***
tilion22: raises $3 to $6
sim5sim5: calls $3
*** FLOP *** [Tc 6h 5h]
sim5sim5: checks
tilion22: bets $3
sim5sim5: calls $3
*** TURN *** [Tc 6h 5h] [Qh]
sim5sim5: checks
tilion22: bets $6
sim5sim5: calls $6
*** RIVER *** [Tc 6h 5h Qh] [4d]
sim5sim5: checks
tilion22: bets $6
sim5sim5: calls $6
*** SHOW DOWN ***
tilion22: shows [Qc Td] (two pair, Queens and Tens)
sim5sim5: mucks hand
tilion22 collected $41.50 from pot
*** SUMMARY ***
Total pot $42 | Rake $0.50
Board [Tc 6h 5h Qh 4d]
Seat 3: tilion22 (button) (small blind) showed [Qc Td] and won ($41.50) with two pair, Queens and Tens
Seat 6: sim5sim5 (big blind) mucked


PokerStars Hand #169347447090:  Hold'em Limit ($3/$6 USD) - 2017/04/21 8:45:19 ET
Table 'Isa' 6-max Seat #6 is the button
Seat 3: tilion22 ($194.18 in chips)
Seat 6: sim5sim5 ($72 in chips)
sim5sim5: posts small blind $1
tilion22: posts big blind $3
*** HOLE CARDS ***
sim5sim5: raises $3 to $6
tilion22: calls $3
*** FLOP *** [3h 2c Ad]
tilion22: checks
sim5sim5: bets $3
tilion22: folds
Uncalled bet ($3) returned to sim5sim5
sim5sim5 collected $11.76 from pot
sim5sim5: doesn't show hand
*** SUMMARY ***
Total pot $12 | Rake $0.24
Board [3h 2c Ad]
Seat 3: tilion22 (big blind) folded on the Flop
Seat 6: sim5sim5 (button) (small blind) collected ($11.76)


PokerStars Hand #169347455605:  Hold'em Limit ($3/$6 USD) - 2017/04/21 8:45:35 ET
Table 'Isa' 6-max Seat #3 is the button
Seat 3: tilion22 ($188.18 in chips)
Seat 6: sim5sim5 ($77.76 in chips)
tilion22: posts small blind $1
sim5sim5: posts big blind $3
*** HOLE CARDS ***
tilion22: raises $3 to $6
sim5sim5: calls $3
*** FLOP *** [Ks Jd 6s]
sim5sim5: checks
tilion22: bets $3
sim5sim5: calls $3
*** TURN *** [Ks Jd 6s] [Qh]
sim5sim5: checks
tilion22: checks
*** RIVER *** [Ks Jd 6s Qh] [9s]
sim5sim5: checks
tilion22: checks
*** SHOW DOWN ***
sim5sim5: shows [8d As] (high card Ace)
tilion22: shows [9h 4h] (a pair of Nines)
tilion22 collected $17.64 from pot
*** SUMMARY ***
Total pot $18 | Rake $0.36
Board [Ks Jd 6s Qh 9s]
Seat 3: tilion22 (button) (small blind) showed [9h 4h] and won ($17.64) with a pair of Nines
Seat 6: sim5sim5 (big blind) showed [8d As] and lost with high card Ace


PokerStars Hand #169347468031:  Hold'em Limit ($3/$6 USD) - 2017/04/21 8:45:58 ET
Table 'Isa' 6-max Seat #6 is the button
Seat 3: tilion22 ($196.82 in chips)
Seat 6: sim5sim5 ($72 in chips)
sim5sim5: posts small blind $1
tilion22: posts big blind $3
*** HOLE CARDS ***
sim5sim5: raises $3 to $6
tilion22: calls $3
*** FLOP *** [3d As 7c]
tilion22: checks
sim5sim5: bets $3
tilion22: folds
Uncalled bet ($3) returned to sim5sim5
sim5sim5 collected $11.76 from pot
sim5sim5: doesn't show hand
*** SUMMARY ***
Total pot $12 | Rake $0.24
Board [3d As 7c]
Seat 3: tilion22 (big blind) folded on the Flop
Seat 6: sim5sim5 (button) (small blind) collected ($11.76)


PokerStars Hand #169347480541:  Hold'em Limit ($3/$6 USD) - 2017/04/21 8:46:22 ET
Table 'Isa' 6-max Seat #6 is the button
Seat 3: tilion22 ($189.82 in chips)
Seat 6: sim5sim5 ($78.76 in chips)
sim5sim5: posts small blind $1
tilion22: posts big blind $3
*** HOLE CARDS ***
sim5sim5: raises $3 to $6
tilion22: folds
Uncalled bet ($3) returned to sim5sim5
sim5sim5 collected $6 from pot
sim5sim5: doesn't show hand
*** SUMMARY ***
Total pot $6 | Rake $0
Seat 3: tilion22 (big blind) folded before Flop
Seat 6: sim5sim5 (button) (small blind) collected ($6)


PokerStars Hand #169347477073:  Hold'em Limit ($3/$6 USD) - 2017/04/21 8:46:16 ET
Table 'Isa' 6-max Seat #3 is the button
Seat 3: tilion22 ($190.82 in chips)
Seat 6: sim5sim5 ($77.76 in chips)
tilion22: posts small blind $1
sim5sim5: posts big blind $3
*** HOLE CARDS ***
tilion22: folds
Uncalled bet ($2) returned to sim5sim5
sim5sim5 collected $2 from pot
sim5sim5: doesn't show hand
*** SUMMARY ***
Total pot $2 | Rake $0
Seat 3: tilion22 (button) (small blind) folded before Flop
Seat 6: sim5sim5 (big blind) collected ($2)


PokerStars Hand #169347483967:  Hold'em Limit ($3/$6 USD) - 2017/04/21 8:46:29 ET
Table 'Isa' 6-max Seat #3 is the button
Seat 3: tilion22 ($186.82 in chips)
Seat 6: sim5sim5 ($81.76 in chips)
tilion22: posts small blind $1
sim5sim5: posts big blind $3
*** HOLE CARDS ***
tilion22: raises $3 to $6
sim5sim5: calls $3
*** FLOP *** [3h 7c As]
sim5sim5: checks
tilion22: bets $3
sim5sim5: calls $3
*** TURN *** [3h 7c As] [Th]
sim5sim5: checks
tilion22: bets $6
sim5sim5: raises $6 to $12
tilion22: calls $6
*** RIVER *** [3h 7c As Th] [8h]
sim5sim5: bets $6
tilion22: calls $6
*** SHOW DOWN ***
sim5sim5: shows [Ah 4c] (a pair of Aces)
tilion22: shows [Kc Ad] (a pair of Aces - King kicker)
tilion22 collected $53.50 from pot
*** SUMMARY ***
Total pot $54 | Rake $0.50
Board [3h 7c As Th 8h]
Seat 3: tilion22 (button) (small blind) showed [Kc Ad] and won ($53.50) with a pair of Aces
Seat 6: sim5sim5 (big blind) showed [Ah 4c] and lost with a pair of Aces


PokerStars Hand #169347520870:  Hold'em Limit ($3/$6 USD) - 2017/04/21 8:47:38 ET
Table 'Isa' 6-max Seat #6 is the button
Seat 3: tilion22 ($197.32 in chips)
Seat 6: sim5sim5 ($87.50 in chips)
sim5sim5: posts small blind $1
tilion22: posts big blind $3
*** HOLE CARDS ***
sim5sim5: raises $3 to $6
tilion22: calls $3
*** FLOP *** [As Jh Jd]
tilion22: checks
sim5sim5: checks
*** TURN *** [As Jh Jd] [3d]
tilion22: checks
sim5sim5: checks
*** RIVER *** [As Jh Jd 3d] [5d]
tilion22: checks
sim5sim5: checks
*** SHOW DOWN ***
tilion22: shows [7h 5s] (two pair, Jacks and Fives)
sim5sim5: mucks hand
tilion22 collected $11.76 from pot
*** SUMMARY ***
Total pot $12 | Rake $0.24
Board [As Jh Jd 3d 5d]
Seat 3: tilion22 (big blind) showed [7h 5s] and won ($11.76) with two pair, Jacks and Fives
Seat 6: sim5sim5 (button) (small blind) mucked


PokerStars Hand #169347517822:  Hold'em Limit ($3/$6 USD) - 2017/04/21 8:47:32 ET
Table 'Isa' 6-max Seat #3 is the button
Seat 3: tilion22 ($198.32 in chips)
Seat 6: sim5sim5 ($86.50 in chips)
tilion22: posts small blind $1
sim5sim5: posts big blind $3
*** HOLE CARDS ***
tilion22: folds
Uncalled bet ($2) returned to sim5sim5
sim5sim5 collected $2 from pot
sim5sim5: doesn't show hand
*** SUMMARY ***
Total pot $2 | Rake $0
Seat 3: tilion22 (button) (small blind) folded before Flop
Seat 6: sim5sim5 (big blind) collected ($2)


PokerStars Hand #169347503757:  Hold'em Limit ($3/$6 USD) - 2017/04/21 8:47:05 ET
Table 'Isa' 6-max Seat #6 is the button
Seat 3: tilion22 ($213.32 in chips)
Seat 6: sim5sim5 ($72 in chips)
sim5sim5: posts small blind $1
tilion22: posts big blind $3
*** HOLE CARDS ***
sim5sim5: raises $3 to $6
tilion22: calls $3
*** FLOP *** [5c Jd Qd]
tilion22: checks
sim5sim5: bets $3
tilion22: calls $3
*** TURN *** [5c Jd Qd] [7h]
tilion22: checks
sim5sim5: bets $6
tilion22: calls $6
*** RIVER *** [5c Jd Qd 7h] [6c]
tilion22: checks
sim5sim5: bets $6
tilion22: folds
Uncalled bet ($6) returned to sim5sim5
sim5sim5 collected $29.50 from pot
sim5sim5: doesn't show hand
*** SUMMARY ***
Total pot $30 | Rake $0.50
Board [5c Jd Qd 7h 6c]
Seat 3: tilion22 (big blind) folded on the River
Seat 6: sim5sim5 (button) (small blind) collected ($29.50)


PokerStars Hand #169347557737:  Hold'em Limit ($3/$6 USD) - 2017/04/21 8:48:47 ET
Table 'Isa' 6-max Seat #3 is the button
Seat 3: tilion22 ($187.72 in chips)
Seat 6: sim5sim5 ($96 in chips)
tilion22: posts small blind $1
sim5sim5: posts big blind $3
*** HOLE CARDS ***
tilion22: raises $3 to $6
sim5sim5: folds
Uncalled bet ($3) returned to tilion22
tilion22 collected $6 from pot
tilion22: doesn't show hand
*** SUMMARY ***
Total pot $6 | Rake $0
Seat 3: tilion22 (button) (small blind) collected ($6)
Seat 6: sim5sim5 (big blind) folded before Flop


PokerStars Hand #169347541659:  Hold'em Limit ($3/$6 USD) - 2017/04/21 8:48:17 ET
Table 'Isa' 6-max Seat #6 is the button
Seat 3: tilion22 ($211.72 in chips)
Seat 6: sim5sim5 ($72.50 in chips)
sim5sim5: posts small blind $1
tilion22: posts big blind $3
*** HOLE CARDS ***
sim5sim5: raises $3 to $6
tilion22: raises $3 to $9
sim5sim5: calls $3
*** FLOP *** [Kh 7s Ad]
tilion22: bets $3
sim5sim5: calls $3
*** TURN *** [Kh 7s Ad] [Kd]
tilion22: bets $6
sim5sim5: calls $6
*** RIVER *** [Kh 7s Ad Kd] [Qc]
tilion22: bets $6
sim5sim5: calls $6
*** SHOW DOWN ***
tilion22: shows [Jh Qd] (two pair, Kings and Queens)
sim5sim5: shows [Ts Ac] (two pair, Aces and Kings)
sim5sim5 collected $47.50 from pot
*** SUMMARY ***
Total pot $48 | Rake $0.50
Board [Kh 7s Ad Kd Qc]
Seat 3: tilion22 (big blind) showed [Jh Qd] and lost with two pair, Kings and Queens
Seat 6: sim5sim5 (button) (small blind) showed [Ts Ac] and won ($47.50) with two pair, Aces and Kings


PokerStars Hand #169347531697:  Hold'em Limit ($3/$6 USD) - 2017/04/21 8:47:58 ET
Table 'Isa' 6-max Seat #3 is the button
Seat 3: tilion22 ($203.08 in chips)
Seat 6: sim5sim5 ($81.50 in chips)
tilion22: posts small blind $1
sim5sim5: posts big blind $3
*** HOLE CARDS ***
tilion22: raises $3 to $6
sim5sim5: calls $3
*** FLOP *** [Kc Ah 4s]
sim5sim5: checks
tilion22: bets $3
sim5sim5: calls $3
*** TURN *** [Kc Ah 4s] [As]
sim5sim5: checks
tilion22: bets $6
sim5sim5: folds
Uncalled bet ($6) returned to tilion22
tilion22 collected $17.64 from pot
tilion22: doesn't show hand
*** SUMMARY ***
Total pot $18 | Rake $0.36
Board [Kc Ah 4s As]
Seat 3: tilion22 (button) (small blind) collected ($17.64)
Seat 6: sim5sim5 (big blind) folded on the Turn


PokerStars Hand #169347581994:  Hold'em Limit ($3/$6 USD) - 2017/04/21 8:49:33 ET
Table 'Isa' 6-max Seat #6 is the button
Seat 3: tilion22 ($193.24 in chips)
Seat 6: sim5sim5 ($89.64 in chips)
sim5sim5: posts small blind $1
tilion22: posts big blind $3
*** HOLE CARDS ***
sim5sim5: folds
Uncalled bet ($2) returned to tilion22
tilion22 collected $2 from pot
tilion22: doesn't show hand
*** SUMMARY ***
Total pot $2 | Rake $0
Seat 3: tilion22 (big blind) collected ($2)
Seat 6: sim5sim5 (button) (small blind) folded before Flop


PokerStars Hand #169347576675:  Hold'em Limit ($3/$6 USD) - 2017/04/21 8:49:23 ET
Table 'Isa' 6-max Seat #3 is the button
Seat 3: tilion22 ($202.24 in chips)
Seat 6: sim5sim5 ($81 in chips)
tilion22: posts small blind $1
sim5sim5: posts big blind $3
*** HOLE CARDS ***
tilion22: raises $3 to $6
sim5sim5: raises $3 to $9
tilion22: calls $3
*** FLOP *** [2c 8c Ad]
sim5sim5: bets $3
tilion22: folds
Uncalled bet ($3) returned to sim5sim5
sim5sim5 collected $17.64 from pot
sim5sim5: doesn't show hand
*** SUMMARY ***
Total pot $18 | Rake $0.36
Board [2c 8c Ad]
Seat 3: tilion22 (button) (small blind) folded on the Flop
Seat 6: sim5sim5 (big blind) collected ($17.64)


PokerStars Hand #169347561320:  Hold'em Limit ($3/$6 USD) - 2017/04/21 8:48:54 ET
Table 'Isa' 6-max Seat #6 is the button
Seat 3: tilion22 ($190.72 in chips)
Seat 6: sim5sim5 ($93 in chips)
sim5sim5: posts small blind $1
tilion22: posts big blind $3
*** HOLE CARDS ***
sim5sim5: raises $3 to $6
tilion22: calls $3
*** FLOP *** [Td 2h 3s]
tilion22: checks
sim5sim5: bets $3
tilion22: raises $3 to $6
sim5sim5: calls $3
*** TURN *** [Td 2h 3s] [Ad]
tilion22: bets $6
sim5sim5: folds
Uncalled bet ($6) returned to tilion22
tilion22 collected $23.52 from pot
tilion22: doesn't show hand
*** SUMMARY ***
Total pot $24 | Rake $0.48
Board [Td 2h 3s Ad]
Seat 3: tilion22 (big blind) collected ($23.52)
Seat 6: sim5sim5 (button) (small blind) folded on the Turn


PokerStars Hand #169347596612:  Hold'em Limit ($3/$6 USD) - 2017/04/21 8:50:01 ET
Table 'Isa' 6-max Seat #6 is the button
Seat 3: tilion22 ($211.74 in chips)
Seat 6: sim5sim5 ($72 in chips)
sim5sim5: posts small blind $1
tilion22: posts big blind $3
*** HOLE CARDS ***
sim5sim5: raises $3 to $6
tilion22: raises $3 to $9
sim5sim5: calls $3
*** FLOP *** [Qc 4c Jc]
tilion22: bets $3
sim5sim5: raises $3 to $6
tilion22: calls $3
*** TURN *** [Qc 4c Jc] [6h]
tilion22: checks
sim5sim5: bets $6
tilion22: raises $6 to $12
sim5sim5: calls $6
*** RIVER *** [Qc 4c Jc 6h] [3d]
tilion22: bets $6
sim5sim5: raises $6 to $12
tilion22: calls $6
*** SHOW DOWN ***
sim5sim5: shows [2c 9c] (a flush, Queen high)
tilion22: mucks hand
sim5sim5 collected $77.50 from pot
*** SUMMARY ***
Total pot $78 | Rake $0.50
Board [Qc 4c Jc 6h 3d]
Seat 3: tilion22 (big blind) mucked
Seat 6: sim5sim5 (button) (small blind) showed [2c 9c] and won ($77.50) with a flush, Queen high


PokerStars Hand #169347584983:  Hold'em Limit ($3/$6 USD) - 2017/04/21 8:49:39 ET
Table 'Isa' 6-max Seat #3 is the button
Seat 3: tilion22 ($194.24 in chips)
Seat 6: sim5sim5 ($88.64 in chips)
tilion22: posts small blind $1
sim5sim5: posts big blind $3
*** HOLE CARDS ***
tilion22: raises $3 to $6
sim5sim5: raises $3 to $9
tilion22: calls $3
*** FLOP *** [2h 3d 5h]
sim5sim5: bets $3
tilion22: calls $3
*** TURN *** [2h 3d 5h] [Jh]
sim5sim5: bets $6
tilion22: raises $6 to $12
sim5sim5: folds
Uncalled bet ($6) returned to tilion22
tilion22 collected $35.50 from pot
tilion22: doesn't show hand
*** SUMMARY ***
Total pot $36 | Rake $0.50
Board [2h 3d 5h Jh]
Seat 3: tilion22 (button) (small blind) collected ($35.50)
Seat 6: sim5sim5 (big blind) folded on the Turn


PokerStars Hand #169347770386:  Hold'em Limit ($3/$6 USD) - 2017/04/21 8:55:29 ET
Table 'Isa' 6-max Seat #4 is the button
Seat 3: sim5sim5 ($72 in chips)
Seat 4: Bablonaut ($85.85 in chips)
hooverr joins the table at seat #6
Bablonaut: posts small blind $1
sim5sim5: posts big blind $3
*** HOLE CARDS ***
Bablonaut: raises $3 to $6
tilion22 joins the table at seat #5
sim5sim5: calls $3
*** FLOP *** [Kc 4d 3c]
sim5sim5: checks
Bablonaut: bets $3
sim5sim5: raises $3 to $6
Bablonaut: folds
Uncalled bet ($3) returned to sim5sim5
sim5sim5 collected $17.64 from pot
sim5sim5: doesn't show hand
*** SUMMARY ***
Total pot $18 | Rake $0.36
Board [Kc 4d 3c]
Seat 3: sim5sim5 (big blind) collected ($17.64)
Seat 4: Bablonaut (button) (small blind) folded on the Flop


PokerStars Hand #169347755545:  Hold'em Limit ($3/$6 USD) - 2017/04/21 8:54:59 ET
Table 'Isa' 6-max Seat #3 is the button
Seat 3: sim5sim5 ($72 in chips)
Seat 4: Bablonaut ($68.35 in chips)
sim5sim5: posts small blind $1
Bablonaut: posts big blind $3
*** HOLE CARDS ***
sim5sim5: raises $3 to $6
Bablonaut: calls $3
*** FLOP *** [9c Qc Th]
Bablonaut: checks
sim5sim5: bets $3
Bablonaut: raises $3 to $6
sim5sim5: calls $3
*** TURN *** [9c Qc Th] [5c]
Bablonaut: bets $6
sim5sim5: calls $6
*** RIVER *** [9c Qc Th 5c] [2d]
Bablonaut: bets $6
sim5sim5: folds
Uncalled bet ($6) returned to Bablonaut
Bablonaut collected $35.50 from pot
Bablonaut: doesn't show hand
*** SUMMARY ***
Total pot $36 | Rake $0.50
Board [9c Qc Th 5c 2d]
Seat 3: sim5sim5 (button) (small blind) folded on the River
Seat 4: Bablonaut (big blind) collected ($35.50)


PokerStars Hand #169347779663:  Hold'em Limit ($3/$6 USD) - 2017/04/21 8:55:49 ET
Table 'Isa' 6-max Seat #3 is the button
Seat 3: sim5sim5 ($80.64 in chips)
Seat 4: Bablonaut ($76.85 in chips)
sim5sim5: posts small blind $1
Bablonaut: posts big blind $3
*** HOLE CARDS ***
sim5sim5: folds
Uncalled bet ($2) returned to Bablonaut
Bablonaut collected $2 from pot
Bablonaut: doesn't show hand
*** SUMMARY ***
Total pot $2 | Rake $0
Seat 3: sim5sim5 (button) (small blind) folded before Flop
Seat 4: Bablonaut (big blind) collected ($2)


