PokerStars Hand #176385376588:  Hold'em Limit ($3/$6 USD) - 2017/10/02 4:06:03 ET
Table 'Isabella' 6-max Seat #1 is the button
Seat 1: gor222286 ($38.64 in chips)
Seat 2: karambakilla ($111 in chips)
gor222286: posts small blind $1
karambakilla: posts big blind $3
*** HOLE CARDS ***
gor222286: calls $2
karambakilla: checks
*** FLOP *** [Js 7h Ah]
karambakilla: checks
gor222286: checks
*** TURN *** [Js 7h Ah] [Ad]
karambakilla: bets $6
gor222286: folds
Uncalled bet ($6) returned to karambakilla
karambakilla collected $5.88 from pot
karambakilla: doesn't show hand
*** SUMMARY ***
Total pot $6 | Rake $0.12
Board [Js 7h Ah Ad]
Seat 1: gor222286 (button) (small blind) folded on the Turn
Seat 2: karambakilla (big blind) collected ($5.88)


PokerStars Hand #176385364563:  Hold'em Limit ($3/$6 USD) - 2017/10/02 4:05:18 ET
Table 'Isabella' 6-max Seat #2 is the button
Seat 1: gor222286 ($30 in chips)
Seat 2: karambakilla ($120 in chips)
karambakilla: posts small blind $1
Agrotait: is sitting out
gor222286: posts big blind $3
*** HOLE CARDS ***
karambakilla: raises $3 to $6
gor222286: calls $3
*** FLOP *** [2h 8d Js]
gor222286: checks
karambakilla: bets $3
gor222286: calls $3
*** TURN *** [2h 8d Js] [2d]
Kasperla joins the table at seat #5
gor222286: checks
Agrotait leaves the table
karambakilla: checks
*** RIVER *** [2h 8d Js 2d] [2s]
gor222286: bets $6
karambakilla: folds
Uncalled bet ($6) returned to gor222286
gor222286 collected $17.64 from pot
gor222286: doesn't show hand
*** SUMMARY ***
Total pot $18 | Rake $0.36
Board [2h 8d Js 2d 2s]
Seat 1: gor222286 (big blind) collected ($17.64)
Seat 2: karambakilla (button) (small blind) folded on the River


PokerStars Hand #176385410774:  Hold'em Limit ($3/$6 USD) - 2017/10/02 4:08:14 ET
Table 'Isabella' 6-max Seat #2 is the button
Seat 2: karambakilla ($158.54 in chips)
Seat 5: Kasperla ($105.79 in chips)
karambakilla: posts small blind $1
Kasperla: posts big blind $3
*** HOLE CARDS ***
karambakilla: raises $3 to $6
Kasperla: calls $3
*** FLOP *** [Ks 3h Qh]
Kasperla: checks
karambakilla: bets $3
Kasperla: calls $3
*** TURN *** [Ks 3h Qh] [2c]
Kasperla: checks
karambakilla: checks
*** RIVER *** [Ks 3h Qh 2c] [9c]
Kasperla: bets $6
karambakilla: folds
Uncalled bet ($6) returned to Kasperla
Kasperla collected $17.64 from pot
Kasperla: doesn't show hand
*** SUMMARY ***
Total pot $18 | Rake $0.36
Board [Ks 3h Qh 2c 9c]
Seat 2: karambakilla (button) (small blind) folded on the River
Seat 5: Kasperla (big blind) collected ($17.64)


