PokerStars Hand #150739502283:  Hold'em Limit ($3/$6 USD) - 2016/03/21 23:40:20 ET
Table 'Isberga' 6-max Seat #4 is the button
Seat 3: QueticoSteve ($123 in chips)
Seat 4: VolkovDmitri ($120 in chips)
VolkovDmitri: posts small blind $1
QueticoSteve: posts big blind $3
*** HOLE CARDS ***
VolkovDmitri: raises $3 to $6
QueticoSteve: raises $3 to $9
VolkovDmitri: calls $3
*** FLOP *** [9c 9s 2c]
QueticoSteve: bets $3
VolkovDmitri: folds
Uncalled bet ($3) returned to QueticoSteve
QueticoSteve collected $17.64 from pot
QueticoSteve: doesn't show hand
*** SUMMARY ***
Total pot $18 | Rake $0.36
Board [9c 9s 2c]
Seat 3: QueticoSteve (big blind) collected ($17.64)
Seat 4: VolkovDmitri (button) (small blind) folded on the Flop


PokerStars Hand #150739498051:  Hold'em Limit ($3/$6 USD) - 2016/03/21 23:40:07 ET
Table 'Isberga' 6-max Seat #3 is the button
Seat 3: QueticoSteve ($120 in chips)
Seat 4: VolkovDmitri ($120 in chips)
QueticoSteve: posts small blind $1
VolkovDmitri: posts big blind $3
*** HOLE CARDS ***
QueticoSteve: raises $3 to $6
VolkovDmitri: folds
Uncalled bet ($3) returned to QueticoSteve
QueticoSteve collected $6 from pot
QueticoSteve: doesn't show hand
*** SUMMARY ***
Total pot $6 | Rake $0
Seat 3: QueticoSteve (button) (small blind) collected ($6)
Seat 4: VolkovDmitri (big blind) folded before Flop


PokerStars Hand #150739519078:  Hold'em Limit ($3/$6 USD) - 2016/03/21 23:40:59 ET
Table 'Isberga' 6-max Seat #4 is the button
Seat 3: QueticoSteve ($137.40 in chips)
Seat 4: VolkovDmitri ($120 in chips)
VolkovDmitri: posts small blind $1
QueticoSteve: posts big blind $3
*** HOLE CARDS ***
VolkovDmitri: raises $3 to $6
QueticoSteve: folds
Uncalled bet ($3) returned to VolkovDmitri
VolkovDmitri collected $6 from pot
VolkovDmitri: doesn't show hand
*** SUMMARY ***
Total pot $6 | Rake $0
Seat 3: QueticoSteve (big blind) folded before Flop
Seat 4: VolkovDmitri (button) (small blind) collected ($6)


PokerStars Hand #150739533397:  Hold'em Limit ($3/$6 USD) - 2016/03/21 23:41:44 ET
Table 'Isberga' 6-max Seat #4 is the button
Seat 3: QueticoSteve ($104.40 in chips)
Seat 4: VolkovDmitri ($152.50 in chips)
VolkovDmitri: posts small blind $1
QueticoSteve: posts big blind $3
*** HOLE CARDS ***
VolkovDmitri: raises $3 to $6
QueticoSteve: calls $3
*** FLOP *** [9d 5s 5d]
QueticoSteve: checks
VolkovDmitri: bets $3
QueticoSteve: calls $3
*** TURN *** [9d 5s 5d] [8h]
QueticoSteve: checks
VolkovDmitri: checks
*** RIVER *** [9d 5s 5d 8h] [Ad]
QueticoSteve: checks
VolkovDmitri: checks
*** SHOW DOWN ***
QueticoSteve: shows [6s Jc] (a pair of Fives)
VolkovDmitri: shows [7h Jd] (a pair of Fives)
QueticoSteve collected $8.82 from pot
VolkovDmitri collected $8.82 from pot
*** SUMMARY ***
Total pot $18 | Rake $0.36
Board [9d 5s 5d 8h Ad]
Seat 3: QueticoSteve (big blind) showed [6s Jc] and won ($8.82) with a pair of Fives
Seat 4: VolkovDmitri (button) (small blind) showed [7h Jd] and won ($8.82) with a pair of Fives


PokerStars Hand #150739521647:  Hold'em Limit ($3/$6 USD) - 2016/03/21 23:41:07 ET
Table 'Isberga' 6-max Seat #3 is the button
Seat 3: QueticoSteve ($134.40 in chips)
Seat 4: VolkovDmitri ($123 in chips)
QueticoSteve: posts small blind $1
VolkovDmitri: posts big blind $3
*** HOLE CARDS ***
QueticoSteve: raises $3 to $6
VolkovDmitri: calls $3
*** FLOP *** [9c 4s 7s]
VolkovDmitri: checks
QueticoSteve: bets $3
VolkovDmitri: raises $3 to $6
QueticoSteve: raises $3 to $9
VolkovDmitri: raises $3 to $12
Betting is capped
QueticoSteve: calls $3
*** TURN *** [9c 4s 7s] [6h]
VolkovDmitri: bets $6
QueticoSteve: calls $6
*** RIVER *** [9c 4s 7s 6h] [8h]
VolkovDmitri: bets $6
QueticoSteve: calls $6
*** SHOW DOWN ***
VolkovDmitri: shows [9d 7h] (two pair, Nines and Sevens)
QueticoSteve: mucks hand
VolkovDmitri collected $59.50 from pot
*** SUMMARY ***
Total pot $60 | Rake $0.50
Board [9c 4s 7s 6h 8h]
Seat 3: QueticoSteve (button) (small blind) mucked
Seat 4: VolkovDmitri (big blind) showed [9d 7h] and won ($59.50) with two pair, Nines and Sevens


PokerStars Hand #150739544606:  Hold'em Limit ($3/$6 USD) - 2016/03/21 23:42:19 ET
Table 'Isberga' 6-max Seat #3 is the button
Seat 3: QueticoSteve ($104.22 in chips)
Seat 4: VolkovDmitri ($152.32 in chips)
QueticoSteve: posts small blind $1
VolkovDmitri: posts big blind $3
*** HOLE CARDS ***
QueticoSteve: raises $3 to $6
VolkovDmitri: raises $3 to $9
QueticoSteve: calls $3
*** FLOP *** [2h Tc 5d]
VolkovDmitri: bets $3
QueticoSteve: calls $3
*** TURN *** [2h Tc 5d] [Td]
VolkovDmitri: checks
QueticoSteve: bets $6
VolkovDmitri: calls $6
*** RIVER *** [2h Tc 5d Td] [Qh]
VolkovDmitri: checks
QueticoSteve: bets $6
VolkovDmitri: calls $6
*** SHOW DOWN ***
QueticoSteve: shows [Ad 7s] (a pair of Tens)
VolkovDmitri: mucks hand
QueticoSteve collected $47.50 from pot
*** SUMMARY ***
Total pot $48 | Rake $0.50
Board [2h Tc 5d Td Qh]
Seat 3: QueticoSteve (button) (small blind) showed [Ad 7s] and won ($47.50) with a pair of Tens
Seat 4: VolkovDmitri (big blind) mucked


PokerStars Hand #150739575524:  Hold'em Limit ($3/$6 USD) - 2016/03/21 23:43:57 ET
Table 'Isberga' 6-max Seat #3 is the button
Seat 3: QueticoSteve ($151.22 in chips)
Seat 4: VolkovDmitri ($120 in chips)
QueticoSteve: posts small blind $1
VolkovDmitri: posts big blind $3
*** HOLE CARDS ***
QueticoSteve: folds
Uncalled bet ($2) returned to VolkovDmitri
VolkovDmitri collected $2 from pot
VolkovDmitri: doesn't show hand
*** SUMMARY ***
Total pot $2 | Rake $0
Seat 3: QueticoSteve (button) (small blind) folded before Flop
Seat 4: VolkovDmitri (big blind) collected ($2)


PokerStars Hand #150739562633:  Hold'em Limit ($3/$6 USD) - 2016/03/21 23:43:16 ET
Table 'Isberga' 6-max Seat #4 is the button
Seat 3: QueticoSteve ($127.72 in chips)
Seat 4: VolkovDmitri ($128.32 in chips)
VolkovDmitri: posts small blind $1
QueticoSteve: posts big blind $3
*** HOLE CARDS ***
VolkovDmitri: raises $3 to $6
QueticoSteve: raises $3 to $9
VolkovDmitri: calls $3
*** FLOP *** [4h As 9h]
QueticoSteve: bets $3
VolkovDmitri: calls $3
*** TURN *** [4h As 9h] [Ac]
QueticoSteve: bets $6
VolkovDmitri: calls $6
*** RIVER *** [4h As 9h Ac] [Th]
QueticoSteve: bets $6
VolkovDmitri: calls $6
*** SHOW DOWN ***
QueticoSteve: shows [Ah Tc] (a full house, Aces full of Tens)
VolkovDmitri: mucks hand
QueticoSteve collected $47.50 from pot
*** SUMMARY ***
Total pot $48 | Rake $0.50
Board [4h As 9h Ac Th]
Seat 3: QueticoSteve (big blind) showed [Ah Tc] and won ($47.50) with a full house, Aces full of Tens
Seat 4: VolkovDmitri (button) (small blind) mucked


