PokerStars Hand #163639261828:  Hold'em Limit ($3/$6 USD) - 2016/12/27 21:08:19 ET
Table 'Isberga' 6-max Seat #6 is the button
Seat 4: pianopoker ($120 in chips)
Seat 6: aless284 ($120 in chips)
aless284: posts small blind $1
pianopoker: posts big blind $3
*** HOLE CARDS ***
aless284: raises $3 to $6
pianopoker: folds
Uncalled bet ($3) returned to aless284
aless284 collected $6 from pot
aless284: doesn't show hand
*** SUMMARY ***
Total pot $6 | Rake $0
Seat 4: pianopoker (big blind) folded before Flop
Seat 6: aless284 (button) (small blind) collected ($6)


PokerStars Hand #163639265894:  Hold'em Limit ($3/$6 USD) - 2016/12/27 21:08:27 ET
Table 'Isberga' 6-max Seat #4 is the button
Seat 4: pianopoker ($117 in chips)
Seat 6: aless284 ($123 in chips)
pianopoker: posts small blind $1
aless284: posts big blind $3
*** HOLE CARDS ***
pianopoker: folds
Uncalled bet ($2) returned to aless284
aless284 collected $2 from pot
aless284: doesn't show hand
*** SUMMARY ***
Total pot $2 | Rake $0
Seat 4: pianopoker (button) (small blind) folded before Flop
Seat 6: aless284 (big blind) collected ($2)


PokerStars Hand #163639270384:  Hold'em Limit ($3/$6 USD) - 2016/12/27 21:08:36 ET
Table 'Isberga' 6-max Seat #6 is the button
Seat 4: pianopoker ($190.89 in chips)
Seat 6: aless284 ($124 in chips)
aless284: posts small blind $1
pianopoker: posts big blind $3
*** HOLE CARDS ***
aless284: raises $3 to $6
pianopoker is connected
pianopoker: calls $3
*** FLOP *** [5d Ks 4h]
pianopoker: bets $3
aless284: raises $3 to $6
pianopoker is connected
GoliafUa leaves the table
pianopoker: calls $3
*** TURN *** [5d Ks 4h] [Th]
pianopoker: checks
aless284: bets $6
pianopoker: calls $6
*** RIVER *** [5d Ks 4h Th] [2h]
pianopoker: checks
aless284: bets $6
pianopoker: raises $6 to $12
aless284: calls $6
*** SHOW DOWN ***
pianopoker: shows [3d 6d] (a straight, Deuce to Six)
aless284: shows [8h 7h] (a flush, Ten high)
aless284 collected $59.50 from pot
*** SUMMARY ***
Total pot $60 | Rake $0.50
Board [5d Ks 4h Th 2h]
Seat 4: pianopoker (big blind) showed [3d 6d] and lost with a straight, Deuce to Six
Seat 6: aless284 (button) (small blind) showed [8h 7h] and won ($59.50) with a flush, Ten high


PokerStars Hand #163639313396:  Hold'em Limit ($3/$6 USD) - 2016/12/27 21:09:57 ET
Table 'Isberga' 6-max Seat #4 is the button
Seat 4: pianopoker ($167.65 in chips)
Seat 6: aless284 ($146.50 in chips)
pianopoker: posts small blind $1
aless284: posts big blind $3
*** HOLE CARDS ***
pianopoker: raises $3 to $6
aless284: calls $3
*** FLOP *** [4d 9h 3d]
aless284: checks
pianopoker: bets $3
aless284: raises $3 to $6
pianopoker: calls $3
*** TURN *** [4d 9h 3d] [6c]
aless284: bets $6
pianopoker is connected
pianopoker: folds
Uncalled bet ($6) returned to aless284
aless284 collected $23.52 from pot
aless284: doesn't show hand
*** SUMMARY ***
Total pot $24 | Rake $0.48
Board [4d 9h 3d 6c]
Seat 4: pianopoker (button) (small blind) folded on the Turn
Seat 6: aless284 (big blind) collected ($23.52)


PokerStars Hand #163639310275:  Hold'em Limit ($3/$6 USD) - 2016/12/27 21:09:51 ET
Table 'Isberga' 6-max Seat #6 is the button
Seat 4: pianopoker ($166.65 in chips)
Seat 6: aless284 ($147.50 in chips)
aless284: posts small blind $1
pianopoker: posts big blind $3
*** HOLE CARDS ***
aless284: folds
Uncalled bet ($2) returned to pianopoker
pianopoker collected $2 from pot
pianopoker: doesn't show hand
*** SUMMARY ***
Total pot $2 | Rake $0
Seat 4: pianopoker (big blind) collected ($2)
Seat 6: aless284 (button) (small blind) folded before Flop


PokerStars Hand #163639298830:  Hold'em Limit ($3/$6 USD) - 2016/12/27 21:09:29 ET
Table 'Isberga' 6-max Seat #4 is the button
Seat 4: pianopoker ($160.89 in chips)
Seat 6: aless284 ($153.50 in chips)
pianopoker: posts small blind $1
aless284: posts big blind $3
*** HOLE CARDS ***
pianopoker is connected
pianopoker: raises $3 to $6
aless284: calls $3
*** FLOP *** [8s 7d 8h]
aless284: checks
pianopoker: bets $3
aless284: folds
Uncalled bet ($3) returned to pianopoker
pianopoker collected $11.76 from pot
pianopoker: doesn't show hand
*** SUMMARY ***
Total pot $12 | Rake $0.24
Board [8s 7d 8h]
Seat 4: pianopoker (button) (small blind) collected ($11.76)
Seat 6: aless284 (big blind) folded on the Flop


PokerStars Hand #163639327241:  Hold'em Limit ($3/$6 USD) - 2016/12/27 21:10:23 ET
Table 'Isberga' 6-max Seat #6 is the button
Seat 4: pianopoker ($155.65 in chips)
Seat 6: aless284 ($158.02 in chips)
aless284: posts small blind $1
pianopoker: posts big blind $3
*** HOLE CARDS ***
aless284: raises $3 to $6
basetang joins the table at seat #3
pianopoker: calls $3
*** FLOP *** [8s 4d 3s]
pianopoker: checks
aless284: bets $3
ToDaFelt joins the table at seat #1
pianopoker is connected
pianopoker: raises $3 to $6
aless284: calls $3
*** TURN *** [8s 4d 3s] [Ah]
pianopoker: bets $6
aless284: calls $6
*** RIVER *** [8s 4d 3s Ah] [Ac]
pianopoker: bets $6
aless284: calls $6
*** SHOW DOWN ***
pianopoker: shows [6s 5h] (a pair of Aces)
aless284: shows [6d Ks] (a pair of Aces - King kicker)
aless284 collected $47.50 from pot
*** SUMMARY ***
Total pot $48 | Rake $0.50
Board [8s 4d 3s Ah Ac]
Seat 4: pianopoker (big blind) showed [6s 5h] and lost with a pair of Aces
Seat 6: aless284 (button) (small blind) showed [6d Ks] and won ($47.50) with a pair of Aces


PokerStars Hand #163639344814:  Hold'em Limit ($3/$6 USD) - 2016/12/27 21:10:56 ET
Table 'Isberga' 6-max Seat #4 is the button
Seat 4: pianopoker ($131.65 in chips)
Seat 6: aless284 ($181.52 in chips)
pianopoker: posts small blind $1
aless284: posts big blind $3
*** HOLE CARDS ***
pianopoker: folds
Uncalled bet ($2) returned to aless284
aless284 collected $2 from pot
aless284: doesn't show hand
*** SUMMARY ***
Total pot $2 | Rake $0
Seat 4: pianopoker (button) (small blind) folded before Flop
Seat 6: aless284 (big blind) collected ($2)


PokerStars Hand #163639548221:  Hold'em Limit ($3/$6 USD) - 2016/12/27 21:17:29 ET
Table 'Isberga' 6-max Seat #6 is the button
Seat 1: ToDaFelt ($127.86 in chips)
Seat 6: aless284 ($247.02 in chips)
aless284: posts small blind $1
ToDaFelt: posts big blind $3
*** HOLE CARDS ***
aless284: folds
Uncalled bet ($2) returned to ToDaFelt
aless284 leaves the table
basetang leaves the table
ToDaFelt collected $2 from pot
ToDaFelt: doesn't show hand
*** SUMMARY ***
Total pot $2 | Rake $0
Seat 1: ToDaFelt (big blind) collected ($2)
Seat 6: aless284 (button) (small blind) folded before Flop


