PokerStars Hand #161014592947:  Hold'em Limit ($3/$6 USD) - 2016/11/06 17:20:01 ET
Table 'Isergina' 6-max Seat #4 is the button
Seat 2: Kabina Hater ($38.64 in chips)
Seat 4: Actionni13 ($150 in chips)
Actionni13: posts small blind $1
Kabina Hater: posts big blind $3
*** HOLE CARDS ***
s4ntaa joins the table at seat #3
Actionni13: raises $3 to $6
Kabina Hater: calls $3
*** FLOP *** [Ks Kh Kc]
Kabina Hater: bets $3
Actionni13: calls $3
*** TURN *** [Ks Kh Kc] [Qc]
Kabina Hater: bets $6
Actionni13: folds
Uncalled bet ($6) returned to Kabina Hater
Kabina Hater collected $17.64 from pot
Kabina Hater: doesn't show hand
*** SUMMARY ***
Total pot $18 | Rake $0.36
Board [Ks Kh Kc Qc]
Seat 2: Kabina Hater (big blind) collected ($17.64)
Seat 4: Actionni13 (button) (small blind) folded on the Turn


PokerStars Hand #161015724376:  Hold'em Limit ($3/$6 USD) - 2016/11/06 17:39:28 ET
Table 'Isergina' 6-max Seat #5 is the button
Seat 4: Actionni13 ($150 in chips)
Seat 5: habari786 ($128.77 in chips)
habari786: posts small blind $1
ValeryRon: is sitting out
s4ntaa: is sitting out
Actionni13: posts big blind $3
*** HOLE CARDS ***
habari786: folds
Uncalled bet ($2) returned to Actionni13
s4ntaa leaves the table
Actionni13 collected $2 from pot
Actionni13: doesn't show hand
*** SUMMARY ***
Total pot $2 | Rake $0
Seat 4: Actionni13 (big blind) collected ($2)
Seat 5: habari786 (button) (small blind) folded before Flop


PokerStars Hand #161015734060:  Hold'em Limit ($3/$6 USD) - 2016/11/06 17:39:39 ET
Table 'Isergina' 6-max Seat #5 is the button
Seat 4: Actionni13 ($154 in chips)
Seat 5: habari786 ($124.77 in chips)
habari786: posts small blind $1
Actionni13: posts big blind $3
*** HOLE CARDS ***
habari786: folds
Uncalled bet ($2) returned to Actionni13
Actionni13 collected $2 from pot
Actionni13: doesn't show hand
*** SUMMARY ***
Total pot $2 | Rake $0
Seat 4: Actionni13 (big blind) collected ($2)
Seat 5: habari786 (button) (small blind) folded before Flop


PokerStars Hand #161015728585:  Hold'em Limit ($3/$6 USD) - 2016/11/06 17:39:33 ET
Table 'Isergina' 6-max Seat #4 is the button
Seat 4: Actionni13 ($151 in chips)
Seat 5: habari786 ($127.77 in chips)
Actionni13: posts small blind $1
habari786: posts big blind $3
*** HOLE CARDS ***
Actionni13: raises $3 to $6
habari786: folds
Uncalled bet ($3) returned to Actionni13
Actionni13 collected $6 from pot
Actionni13: doesn't show hand
ValeryRon leaves the table
*** SUMMARY ***
Total pot $6 | Rake $0
Seat 4: Actionni13 (button) (small blind) collected ($6)
Seat 5: habari786 (big blind) folded before Flop


PokerStars Hand #161015787289:  Hold'em Limit ($3/$6 USD) - 2016/11/06 17:40:40 ET
Table 'Isergina' 6-max Seat #5 is the button
Seat 4: Actionni13 ($150 in chips)
Seat 5: habari786 ($147.27 in chips)
habari786: posts small blind $1
Actionni13: posts big blind $3
*** HOLE CARDS ***
habari786: folds
Uncalled bet ($2) returned to Actionni13
Actionni13 collected $2 from pot
Actionni13: doesn't show hand
*** SUMMARY ***
Total pot $2 | Rake $0
Seat 4: Actionni13 (big blind) collected ($2)
Seat 5: habari786 (button) (small blind) folded before Flop


PokerStars Hand #161015738473:  Hold'em Limit ($3/$6 USD) - 2016/11/06 17:39:44 ET
Table 'Isergina' 6-max Seat #4 is the button
Seat 4: Actionni13 ($155 in chips)
Seat 5: habari786 ($123.77 in chips)
Actionni13: posts small blind $1
habari786: posts big blind $3
*** HOLE CARDS ***
Actionni13: raises $3 to $6
habari786: raises $3 to $9
Actionni13: calls $3
*** FLOP *** [4h 6c 3s]
habari786: bets $3
Actionni13: calls $3
*** TURN *** [4h 6c 3s] [5c]
habari786: bets $6
Actionni13: calls $6
*** RIVER *** [4h 6c 3s 5c] [Qs]
habari786: bets $6
Actionni13: calls $6
*** SHOW DOWN ***
habari786: shows [Jd 7d] (a straight, Three to Seven)
Actionni13: mucks hand
habari786 collected $47.50 from pot
*** SUMMARY ***
Total pot $48 | Rake $0.50
Board [4h 6c 3s 5c Qs]
Seat 4: Actionni13 (button) (small blind) mucked
Seat 5: habari786 (big blind) showed [Jd 7d] and won ($47.50) with a straight, Three to Seven


PokerStars Hand #161015791513:  Hold'em Limit ($3/$6 USD) - 2016/11/06 17:40:45 ET
Table 'Isergina' 6-max Seat #4 is the button
Seat 4: Actionni13 ($151 in chips)
Seat 5: habari786 ($146.27 in chips)
Actionni13: posts small blind $1
habari786: posts big blind $3
*** HOLE CARDS ***
Actionni13: folds
Uncalled bet ($2) returned to habari786
habari786 collected $2 from pot
habari786: doesn't show hand
*** SUMMARY ***
Total pot $2 | Rake $0
Seat 4: Actionni13 (button) (small blind) folded before Flop
Seat 5: habari786 (big blind) collected ($2)


PokerStars Hand #161015812305:  Hold'em Limit ($3/$6 USD) - 2016/11/06 17:41:09 ET
Table 'Isergina' 6-max Seat #5 is the button
Seat 4: Actionni13 ($153 in chips)
Seat 5: habari786 ($147.27 in chips)
habari786: posts small blind $1
Actionni13: posts big blind $3
*** HOLE CARDS ***
habari786: folds
Uncalled bet ($2) returned to Actionni13
Actionni13 collected $2 from pot
Actionni13: doesn't show hand
*** SUMMARY ***
Total pot $2 | Rake $0
Seat 4: Actionni13 (big blind) collected ($2)
Seat 5: habari786 (button) (small blind) folded before Flop


PokerStars Hand #161015804507:  Hold'em Limit ($3/$6 USD) - 2016/11/06 17:41:00 ET
Table 'Isergina' 6-max Seat #4 is the button
Seat 4: Actionni13 ($150 in chips)
Seat 5: habari786 ($150.27 in chips)
Actionni13: posts small blind $1
habari786: posts big blind $3
*** HOLE CARDS ***
Actionni13: raises $3 to $6
habari786: folds
Uncalled bet ($3) returned to Actionni13
Actionni13 collected $6 from pot
Actionni13: doesn't show hand
*** SUMMARY ***
Total pot $6 | Rake $0
Seat 4: Actionni13 (button) (small blind) collected ($6)
Seat 5: habari786 (big blind) folded before Flop


PokerStars Hand #161015817445:  Hold'em Limit ($3/$6 USD) - 2016/11/06 17:41:15 ET
Table 'Isergina' 6-max Seat #4 is the button
Seat 4: Actionni13 ($154 in chips)
Seat 5: habari786 ($146.27 in chips)
Actionni13: posts small blind $1
habari786: posts big blind $3
*** HOLE CARDS ***
Actionni13: raises $3 to $6
habari786: calls $3
*** FLOP *** [7s Jd 8h]
robertass84 joins the table at seat #3
habari786: checks
Actionni13: bets $3
habari786: calls $3
*** TURN *** [7s Jd 8h] [4s]
habari786: checks
Actionni13: bets $6
habari786: calls $6
*** RIVER *** [7s Jd 8h 4s] [5h]
habari786: checks
Actionni13: checks
*** SHOW DOWN ***
habari786: shows [Qs 3s] (high card Queen)
Actionni13: shows [Ah 8c] (a pair of Eights)
Actionni13 collected $29.50 from pot
*** SUMMARY ***
Total pot $30 | Rake $0.50
Board [7s Jd 8h 4s 5h]
Seat 4: Actionni13 (button) (small blind) showed [Ah 8c] and won ($29.50) with a pair of Eights
Seat 5: habari786 (big blind) showed [Qs 3s] and lost with high card Queen


PokerStars Hand #161015795394:  Hold'em Limit ($3/$6 USD) - 2016/11/06 17:40:50 ET
Table 'Isergina' 6-max Seat #5 is the button
Seat 4: Actionni13 ($150 in chips)
Seat 5: habari786 ($147.27 in chips)
habari786: posts small blind $1
Actionni13: posts big blind $3
*** HOLE CARDS ***
habari786: raises $3 to $6
Actionni13: folds
Uncalled bet ($3) returned to habari786
habari786 collected $6 from pot
habari786: doesn't show hand
*** SUMMARY ***
Total pot $6 | Rake $0
Seat 4: Actionni13 (big blind) folded before Flop
Seat 5: habari786 (button) (small blind) collected ($6)


PokerStars Hand #161017063735:  Hold'em Limit ($3/$6 USD) - 2016/11/06 18:06:49 ET
Table 'Isergina' 6-max Seat #4 is the button
Seat 4: Actionni13 ($213.19 in chips)
Seat 6: liamOS ($165.67 in chips)
too2ez will be allowed to play after the button
Actionni13: posts small blind $1
ValeryRon: is sitting out
liamOS: posts big blind $3
*** HOLE CARDS ***
Actionni13: raises $3 to $6
liamOS: folds
Uncalled bet ($3) returned to Actionni13
ValeryRon leaves the table
Actionni13 collected $6 from pot
Actionni13: doesn't show hand
*** SUMMARY ***
Total pot $6 | Rake $0
Seat 4: Actionni13 (button) (small blind) collected ($6)
Seat 6: liamOS (big blind) folded before Flop


PokerStars Hand #161018820090:  Hold'em Limit ($3/$6 USD) - 2016/11/06 18:45:36 ET
Table 'Isergina' 6-max Seat #2 is the button
Seat 1: Velbor107 ($318.61 in chips)
Seat 2: ABATAPP ($73.75 in chips)
ABATAPP: posts small blind $1
liamOS: is sitting out
Velbor107: posts big blind $3
*** HOLE CARDS ***
ABATAPP: raises $3 to $6
liamOS leaves the table
Velbor107: folds
Uncalled bet ($3) returned to ABATAPP
ABATAPP collected $6 from pot
ABATAPP: doesn't show hand
*** SUMMARY ***
Total pot $6 | Rake $0
Seat 1: Velbor107 (big blind) folded before Flop
Seat 2: ABATAPP (button) (small blind) collected ($6)


