PokerStars Hand #154593297063:  Hold'em Limit ($3/$6 USD) - 2016/06/11 11:39:13 ET
Table 'Isergina II' 6-max Seat #4 is the button
Seat 1: RGSmith1 ($134.50 in chips)
Seat 4: Agrotait ($72 in chips)
Agrotait: posts small blind $1
RGSmith1: posts big blind $3
*** HOLE CARDS ***
Agrotait: raises $3 to $6
RGSmith1: calls $3
*** FLOP *** [9c 5h 6c]
RGSmith1: checks
Agrotait: bets $3
RGSmith1: raises $3 to $6
poherstar777 joins the table at seat #3
Agrotait: raises $3 to $9
RGSmith1: calls $3
*** TURN *** [9c 5h 6c] [6s]
RGSmith1: checks
Agrotait: bets $6
RGSmith1: calls $6
*** RIVER *** [9c 5h 6c 6s] [Qd]
RGSmith1: checks
Agrotait: bets $6
grabaz joins the table at seat #5
RGSmith1: folds
Uncalled bet ($6) returned to Agrotait
Agrotait collected $41.50 from pot
Agrotait: doesn't show hand
*** SUMMARY ***
Total pot $42 | Rake $0.50
Board [9c 5h 6c 6s Qd]
Seat 1: RGSmith1 (big blind) folded on the River
Seat 4: Agrotait (button) (small blind) collected ($41.50)


PokerStars Hand #154595009961:  Hold'em Limit ($3/$6 USD) - 2016/06/11 12:23:12 ET
Table 'Isergina II' 6-max Seat #4 is the button
Seat 1: RGSmith1 ($137.13 in chips)
Seat 4: jadajadamasa ($180 in chips)
jadajadamasa: posts small blind $1
grabaz: is sitting out
RGSmith1: posts big blind $3
*** HOLE CARDS ***
jadajadamasa: folds
Uncalled bet ($2) returned to RGSmith1
grabaz leaves the table
RGSmith1 collected $2 from pot
RGSmith1: doesn't show hand
*** SUMMARY ***
Total pot $2 | Rake $0
Seat 1: RGSmith1 (big blind) collected ($2)
Seat 4: jadajadamasa (button) (small blind) folded before Flop


