PokerStars Hand #155631853449:  Hold'em Limit ($3/$6 USD) - 2016/07/06 9:15:14 ET
Table 'Isergina' 6-max Seat #1 is the button
Seat 1: Bazi712 ($39 in chips)
Seat 2: B_loJkl ($150 in chips)
Bazi712: posts small blind $1
B_loJkl: posts big blind $3
*** HOLE CARDS ***
Bazi712: folds
Uncalled bet ($2) returned to B_loJkl
B_loJkl collected $2 from pot
B_loJkl: doesn't show hand
*** SUMMARY ***
Total pot $2 | Rake $0
Seat 1: Bazi712 (button) (small blind) folded before Flop
Seat 2: B_loJkl (big blind) collected ($2)


PokerStars Hand #155631833532:  Hold'em Limit ($3/$6 USD) - 2016/07/06 9:14:34 ET
Table 'Isergina' 6-max Seat #4 is the button
Seat 1: Bazi712 ($66 in chips)
Seat 4: VolkovDmitri ($125.76 in chips)
VolkovDmitri: posts small blind $1
Bazi712: posts big blind $3
*** HOLE CARDS ***
VolkovDmitri: raises $3 to $6
Bazi712: raises $3 to $9
VolkovDmitri: raises $3 to $12
Betting is capped
Bazi712: calls $3
*** FLOP *** [7d 9s 4d]
Bazi712: checks
VolkovDmitri: bets $3
Bazi712: calls $3
*** TURN *** [7d 9s 4d] [2h]
Bazi712: checks
VolkovDmitri: bets $6
Bazi712: calls $6
*** RIVER *** [7d 9s 4d 2h] [9d]
Bazi712: bets $6
VolkovDmitri: raises $6 to $12
Bazi712: folds
Uncalled bet ($6) returned to VolkovDmitri
VolkovDmitri collected $53.50 from pot
VolkovDmitri: doesn't show hand
*** SUMMARY ***
Total pot $54 | Rake $0.50
Board [7d 9s 4d 2h 9d]
Seat 1: Bazi712 (big blind) folded on the River
Seat 4: VolkovDmitri (button) (small blind) collected ($53.50)


PokerStars Hand #155631818757:  Hold'em Limit ($3/$6 USD) - 2016/07/06 9:14:05 ET
Table 'Isergina' 6-max Seat #1 is the button
Seat 1: Bazi712 ($72 in chips)
Seat 4: VolkovDmitri ($120 in chips)
Bazi712: posts small blind $1
B_loJkl joins the table at seat #2
VolkovDmitri: posts big blind $3
*** HOLE CARDS ***
Bazi712: calls $2
VolkovDmitri: raises $3 to $6
Bazi712: calls $3
*** FLOP *** [Ac 3h Ks]
VolkovDmitri: bets $3
Bazi712: folds
Uncalled bet ($3) returned to VolkovDmitri
VolkovDmitri collected $11.76 from pot
VolkovDmitri: doesn't show hand
*** SUMMARY ***
Total pot $12 | Rake $0.24
Board [Ac 3h Ks]
Seat 1: Bazi712 (button) (small blind) folded on the Flop
Seat 4: VolkovDmitri (big blind) collected ($11.76)


PokerStars Hand #155631857007:  Hold'em Limit ($3/$6 USD) - 2016/07/06 9:15:21 ET
Table 'Isergina' 6-max Seat #2 is the button
Seat 1: Bazi712 ($38 in chips)
Seat 2: B_loJkl ($151 in chips)
B_loJkl: posts small blind $1
Bazi712: posts big blind $3
*** HOLE CARDS ***
B_loJkl: raises $3 to $6
Bazi712: folds
Uncalled bet ($3) returned to B_loJkl
B_loJkl collected $6 from pot
B_loJkl: doesn't show hand
*** SUMMARY ***
Total pot $6 | Rake $0
Seat 1: Bazi712 (big blind) folded before Flop
Seat 2: B_loJkl (button) (small blind) collected ($6)


PokerStars Hand #155631861294:  Hold'em Limit ($3/$6 USD) - 2016/07/06 9:15:30 ET
Table 'Isergina' 6-max Seat #1 is the button
Seat 1: Bazi712 ($35 in chips)
Seat 2: B_loJkl ($154 in chips)
Bazi712: posts small blind $1
B_loJkl: posts big blind $3
*** HOLE CARDS ***
VolkovDmitri leaves the table
Bazi712: raises $3 to $6
B_loJkl: calls $3
*** FLOP *** [Td 6d 3h]
B_loJkl: bets $3
Bazi712: calls $3
*** TURN *** [Td 6d 3h] [8c]
B_loJkl: checks
Bazi712: bets $6
B_loJkl: calls $6
*** RIVER *** [Td 6d 3h 8c] [6c]
B_loJkl: checks
Bazi712: bets $6
B_loJkl: raises $6 to $12
nefartovaya joins the table at seat #4
Bazi712: folds
Uncalled bet ($6) returned to B_loJkl
B_loJkl collected $41.50 from pot
B_loJkl: doesn't show hand
*** SUMMARY ***
Total pot $42 | Rake $0.50
Board [Td 6d 3h 8c 6c]
Seat 1: Bazi712 (button) (small blind) folded on the River
Seat 2: B_loJkl (big blind) collected ($41.50)


PokerStars Hand #155631931800:  Hold'em Limit ($3/$6 USD) - 2016/07/06 9:17:49 ET
Table 'Isergina' 6-max Seat #2 is the button
Seat 2: B_loJkl ($201.12 in chips)
Seat 4: nefartovaya ($43.85 in chips)
B_loJkl: posts small blind $1
nefartovaya: posts big blind $3
*** HOLE CARDS ***
B_loJkl: raises $3 to $6
nefartovaya: calls $3
*** FLOP *** [Qd Ah 2c]
nefartovaya: checks
B_loJkl: bets $3
nefartovaya: calls $3
*** TURN *** [Qd Ah 2c] [Kh]
nefartovaya: checks
B_loJkl: checks
*** RIVER *** [Qd Ah 2c Kh] [2d]
nefartovaya: checks
B_loJkl: checks
*** SHOW DOWN ***
nefartovaya: shows [Th Ks] (two pair, Kings and Deuces)
B_loJkl: mucks hand
nefartovaya collected $17.64 from pot
*** SUMMARY ***
Total pot $18 | Rake $0.36
Board [Qd Ah 2c Kh 2d]
Seat 2: B_loJkl (button) (small blind) mucked
Seat 4: nefartovaya (big blind) showed [Th Ks] and won ($17.64) with two pair, Kings and Deuces


PokerStars Hand #155632077730:  Hold'em Limit ($3/$6 USD) - 2016/07/06 9:22:37 ET
Table 'Isergina' 6-max Seat #6 is the button
Seat 2: B_loJkl ($181.83 in chips)
Seat 6: Actionni13 ($154.73 in chips)
Actionni13: posts small blind $1
B_loJkl: posts big blind $3
*** HOLE CARDS ***
Actionni13: folds
Uncalled bet ($2) returned to B_loJkl
B_loJkl collected $2 from pot
B_loJkl: doesn't show hand
*** SUMMARY ***
Total pot $2 | Rake $0
Seat 2: B_loJkl (big blind) collected ($2)
Seat 6: Actionni13 (button) (small blind) folded before Flop


