PokerStars Hand #144817559498:  Hold'em Limit ($3/$6 USD) - 2015/12/04 13:40:47 ET
Table 'Isis II' 2-max Seat #2 is the button
Seat 1: desso777 ($85.40 in chips)
Seat 2: mdif ($153.14 in chips)
mdif: posts small blind $1
desso777: posts big blind $3
*** HOLE CARDS ***
mdif: folds
Uncalled bet ($2) returned to desso777
desso777 collected $2 from pot
desso777: doesn't show hand
*** SUMMARY ***
Total pot $2 | Rake $0
Seat 1: desso777 (big blind) collected ($2)
Seat 2: mdif (button) (small blind) folded before Flop


PokerStars Hand #144817546204:  Hold'em Limit ($3/$6 USD) - 2015/12/04 13:40:31 ET
Table 'Isis II' 2-max Seat #1 is the button
Seat 1: desso777 ($94.40 in chips)
Seat 2: mdif ($144.50 in chips)
desso777: posts small blind $1
mdif: posts big blind $3
*** HOLE CARDS ***
desso777: raises $3 to $6
mdif: raises $3 to $9
desso777: calls $3
*** FLOP *** [3c 9h Kd]
mdif: bets $3
desso777: folds
Uncalled bet ($3) returned to mdif
mdif collected $17.64 from pot
mdif: doesn't show hand
*** SUMMARY ***
Total pot $18 | Rake $0.36
Board [3c 9h Kd]
Seat 1: desso777 (button) (small blind) folded on the Flop
Seat 2: mdif (big blind) collected ($17.64)


PokerStars Hand #144817540085:  Hold'em Limit ($3/$6 USD) - 2015/12/04 13:40:24 ET
Table 'Isis II' 2-max Seat #2 is the button
Seat 1: desso777 ($97.40 in chips)
Seat 2: mdif ($141.50 in chips)
mdif: posts small blind $1
desso777: posts big blind $3
*** HOLE CARDS ***
mdif: raises $3 to $6
desso777: folds
Uncalled bet ($3) returned to mdif
mdif collected $6 from pot
mdif: doesn't show hand
*** SUMMARY ***
Total pot $6 | Rake $0
Seat 1: desso777 (big blind) folded before Flop
Seat 2: mdif (button) (small blind) collected ($6)


PokerStars Hand #144817588967:  Hold'em Limit ($3/$6 USD) - 2015/12/04 13:41:21 ET
Table 'Isis II' 2-max Seat #2 is the button
Seat 1: desso777 ($77.40 in chips)
Seat 2: mdif ($160.78 in chips)
mdif: posts small blind $1
desso777: posts big blind $3
*** HOLE CARDS ***
mdif: raises $3 to $6
desso777: raises $3 to $9
mdif: calls $3
*** FLOP *** [5s 2d Ts]
desso777: bets $3
mdif: calls $3
*** TURN *** [5s 2d Ts] [Jh]
desso777: bets $6
mdif: raises $6 to $12
desso777: calls $6
*** RIVER *** [5s 2d Ts Jh] [2h]
desso777: checks
mdif: bets $6
desso777: calls $6
*** SHOW DOWN ***
mdif: shows [7d Th] (two pair, Tens and Deuces)
desso777: mucks hand
mdif collected $59.50 from pot
*** SUMMARY ***
Total pot $60 | Rake $0.50
Board [5s 2d Ts Jh 2h]
Seat 1: desso777 (big blind) mucked
Seat 2: mdif (button) (small blind) showed [7d Th] and won ($59.50) with two pair, Tens and Deuces


PokerStars Hand #144817564686:  Hold'em Limit ($3/$6 USD) - 2015/12/04 13:40:53 ET
Table 'Isis II' 2-max Seat #1 is the button
Seat 1: desso777 ($86.40 in chips)
Seat 2: mdif ($152.14 in chips)
desso777: posts small blind $1
mdif: posts big blind $3
*** HOLE CARDS ***
desso777: raises $3 to $6
mdif: calls $3
*** FLOP *** [6d 4h Td]
mdif: checks
desso777: bets $3
mdif: calls $3
*** TURN *** [6d 4h Td] [4s]
mdif: checks
desso777: checks
*** RIVER *** [6d 4h Td 4s] [2h]
mdif: bets $6
desso777: folds
Uncalled bet ($6) returned to mdif
mdif collected $17.64 from pot
mdif: doesn't show hand
*** SUMMARY ***
Total pot $18 | Rake $0.36
Board [6d 4h Td 4s 2h]
Seat 1: desso777 (button) (small blind) folded on the River
Seat 2: mdif (big blind) collected ($17.64)


PokerStars Hand #144817669474:  Hold'em Limit ($3/$6 USD) - 2015/12/04 13:42:53 ET
Table 'Isis II' 2-max Seat #2 is the button
Seat 1: desso777 ($40.80 in chips)
Seat 2: mdif ($195.78 in chips)
mdif: posts small blind $1
desso777: posts big blind $3
*** HOLE CARDS ***
mdif: folds
Uncalled bet ($2) returned to desso777
desso777 collected $2 from pot
desso777: doesn't show hand
*** SUMMARY ***
Total pot $2 | Rake $0
Seat 1: desso777 (big blind) collected ($2)
Seat 2: mdif (button) (small blind) folded before Flop


PokerStars Hand #144817647406:  Hold'em Limit ($3/$6 USD) - 2015/12/04 13:42:27 ET
Table 'Isis II' 2-max Seat #1 is the button
Seat 1: desso777 ($61.80 in chips)
Seat 2: mdif ($175.28 in chips)
desso777: posts small blind $1
mdif: posts big blind $3
*** HOLE CARDS ***
desso777: raises $3 to $6
mdif: calls $3
*** FLOP *** [7h As 6c]
mdif: checks
desso777: bets $3
mdif: calls $3
*** TURN *** [7h As 6c] [2s]
mdif: checks
desso777: bets $6
mdif: calls $6
*** RIVER *** [7h As 6c 2s] [2d]
mdif: checks
desso777: bets $6
mdif: calls $6
*** SHOW DOWN ***
desso777: shows [9c Kh] (a pair of Deuces)
mdif: shows [6h 8h] (two pair, Sixes and Deuces)
mdif collected $41.50 from pot
*** SUMMARY ***
Total pot $42 | Rake $0.50
Board [7h As 6c 2s 2d]
Seat 1: desso777 (button) (small blind) showed [9c Kh] and lost with a pair of Deuces
Seat 2: mdif (big blind) showed [6h 8h] and won ($41.50) with two pair, Sixes and Deuces


PokerStars Hand #144817631747:  Hold'em Limit ($3/$6 USD) - 2015/12/04 13:42:08 ET
Table 'Isis II' 2-max Seat #2 is the button
Seat 1: desso777 ($53.16 in chips)
Seat 2: mdif ($184.28 in chips)
mdif: posts small blind $1
desso777: posts big blind $3
*** HOLE CARDS ***
mdif: raises $3 to $6
desso777: calls $3
*** FLOP *** [6h 9h Jd]
desso777: checks
mdif: bets $3
desso777: raises $3 to $6
mdif: folds
Uncalled bet ($3) returned to desso777
desso777 collected $17.64 from pot
desso777: doesn't show hand
*** SUMMARY ***
Total pot $18 | Rake $0.36
Board [6h 9h Jd]
Seat 1: desso777 (big blind) collected ($17.64)
Seat 2: mdif (button) (small blind) folded on the Flop


PokerStars Hand #144817617150:  Hold'em Limit ($3/$6 USD) - 2015/12/04 13:41:53 ET
Table 'Isis II' 2-max Seat #1 is the button
Seat 1: desso777 ($47.40 in chips)
Seat 2: mdif ($190.28 in chips)
desso777: posts small blind $1
mdif: posts big blind $3
*** HOLE CARDS ***
desso777: raises $3 to $6
mdif: calls $3
*** FLOP *** [5s 6s Ah]
mdif: checks
desso777: bets $3
mdif: folds
Uncalled bet ($3) returned to desso777
desso777 collected $11.76 from pot
desso777: doesn't show hand
*** SUMMARY ***
Total pot $12 | Rake $0.24
Board [5s 6s Ah]
Seat 1: desso777 (button) (small blind) collected ($11.76)
Seat 2: mdif (big blind) folded on the Flop


PokerStars Hand #144817714294:  Hold'em Limit ($3/$6 USD) - 2015/12/04 13:43:44 ET
Table 'Isis II' 2-max Seat #2 is the button
Seat 1: desso777 ($65.06 in chips)
Seat 2: mdif ($170.78 in chips)
mdif: posts small blind $1
desso777: posts big blind $3
*** HOLE CARDS ***
mdif: raises $3 to $6
desso777: folds
Uncalled bet ($3) returned to mdif
mdif collected $6 from pot
mdif: doesn't show hand
*** SUMMARY ***
Total pot $6 | Rake $0
Seat 1: desso777 (big blind) folded before Flop
Seat 2: mdif (button) (small blind) collected ($6)


PokerStars Hand #144817702177:  Hold'em Limit ($3/$6 USD) - 2015/12/04 13:43:30 ET
Table 'Isis II' 2-max Seat #1 is the button
Seat 1: desso777 ($59.30 in chips)
Seat 2: mdif ($176.78 in chips)
desso777: posts small blind $1
mdif: posts big blind $3
*** HOLE CARDS ***
desso777: raises $3 to $6
mdif: calls $3
*** FLOP *** [7s 4s 9s]
mdif: checks
desso777: bets $3
mdif: folds
Uncalled bet ($3) returned to desso777
desso777 collected $11.76 from pot
desso777: doesn't show hand
*** SUMMARY ***
Total pot $12 | Rake $0.24
Board [7s 4s 9s]
Seat 1: desso777 (button) (small blind) collected ($11.76)
Seat 2: mdif (big blind) folded on the Flop


PokerStars Hand #144817695699:  Hold'em Limit ($3/$6 USD) - 2015/12/04 13:43:23 ET
Table 'Isis II' 2-max Seat #2 is the button
Seat 1: desso777 ($62.30 in chips)
Seat 2: mdif ($173.78 in chips)
mdif: posts small blind $1
desso777: posts big blind $3
*** HOLE CARDS ***
mdif: raises $3 to $6
desso777: folds
Uncalled bet ($3) returned to mdif
mdif collected $6 from pot
mdif: doesn't show hand
*** SUMMARY ***
Total pot $6 | Rake $0
Seat 1: desso777 (big blind) folded before Flop
Seat 2: mdif (button) (small blind) collected ($6)


PokerStars Hand #144817674072:  Hold'em Limit ($3/$6 USD) - 2015/12/04 13:42:58 ET
Table 'Isis II' 2-max Seat #1 is the button
Seat 1: desso777 ($41.80 in chips)
Seat 2: mdif ($194.78 in chips)
desso777: posts small blind $1
mdif: posts big blind $3
*** HOLE CARDS ***
desso777: raises $3 to $6
mdif: calls $3
*** FLOP *** [Js 5d 6h]
mdif: checks
desso777: bets $3
mdif: calls $3
*** TURN *** [Js 5d 6h] [Th]
mdif: checks
desso777: bets $6
mdif: calls $6
*** RIVER *** [Js 5d 6h Th] [9h]
mdif: checks
desso777: bets $6
mdif: calls $6
*** SHOW DOWN ***
desso777: shows [Kh 6s] (a pair of Sixes)
mdif: mucks hand
desso777 collected $41.50 from pot
*** SUMMARY ***
Total pot $42 | Rake $0.50
Board [Js 5d 6h Th 9h]
Seat 1: desso777 (button) (small blind) showed [Kh 6s] and won ($41.50) with a pair of Sixes
Seat 2: mdif (big blind) mucked


PokerStars Hand #144817775889:  Hold'em Limit ($3/$6 USD) - 2015/12/04 13:44:54 ET
Table 'Isis II' 2-max Seat #2 is the button
Seat 1: desso777 ($68.56 in chips)
Seat 2: mdif ($166.28 in chips)
mdif: posts small blind $1
desso777: posts big blind $3
*** HOLE CARDS ***
mdif: folds
Uncalled bet ($2) returned to desso777
desso777 collected $2 from pot
desso777: doesn't show hand
*** SUMMARY ***
Total pot $2 | Rake $0
Seat 1: desso777 (big blind) collected ($2)
Seat 2: mdif (button) (small blind) folded before Flop


PokerStars Hand #144817750813:  Hold'em Limit ($3/$6 USD) - 2015/12/04 13:44:26 ET
Table 'Isis II' 2-max Seat #1 is the button
Seat 1: desso777 ($86.56 in chips)
Seat 2: mdif ($148.78 in chips)
desso777: posts small blind $1
mdif: posts big blind $3
*** HOLE CARDS ***
desso777: raises $3 to $6
mdif: calls $3
*** FLOP *** [2c 3s Ad]
mdif: checks
desso777: checks
*** TURN *** [2c 3s Ad] [5s]
mdif: checks
desso777: bets $6
mdif: calls $6
*** RIVER *** [2c 3s Ad 5s] [8c]
mdif: checks
desso777: bets $6
mdif: raises $6 to $12
desso777: folds
Uncalled bet ($6) returned to mdif
mdif collected $35.50 from pot
mdif: doesn't show hand
*** SUMMARY ***
Total pot $36 | Rake $0.50
Board [2c 3s Ad 5s 8c]
Seat 1: desso777 (button) (small blind) folded on the River
Seat 2: mdif (big blind) collected ($35.50)


PokerStars Hand #144817746522:  Hold'em Limit ($3/$6 USD) - 2015/12/04 13:44:21 ET
Table 'Isis II' 2-max Seat #2 is the button
Seat 1: desso777 ($85.56 in chips)
Seat 2: mdif ($149.78 in chips)
mdif: posts small blind $1
desso777: posts big blind $3
*** HOLE CARDS ***
mdif: folds
Uncalled bet ($2) returned to desso777
desso777 collected $2 from pot
desso777: doesn't show hand
*** SUMMARY ***
Total pot $2 | Rake $0
Seat 1: desso777 (big blind) collected ($2)
Seat 2: mdif (button) (small blind) folded before Flop


PokerStars Hand #144817720441:  Hold'em Limit ($3/$6 USD) - 2015/12/04 13:43:51 ET
Table 'Isis II' 2-max Seat #1 is the button
Seat 1: desso777 ($62.06 in chips)
Seat 2: mdif ($173.78 in chips)
desso777: posts small blind $1
mdif: posts big blind $3
*** HOLE CARDS ***
desso777: raises $3 to $6
mdif: raises $3 to $9
desso777: calls $3
*** FLOP *** [8s 5c 4s]
mdif: bets $3
desso777: calls $3
*** TURN *** [8s 5c 4s] [Qh]
mdif: checks
desso777: bets $6
mdif: calls $6
*** RIVER *** [8s 5c 4s Qh] [4d]
mdif: checks
desso777: bets $6
mdif: calls $6
*** SHOW DOWN ***
desso777: shows [6d 5d] (two pair, Fives and Fours)
mdif: mucks hand
desso777 collected $47.50 from pot
*** SUMMARY ***
Total pot $48 | Rake $0.50
Board [8s 5c 4s Qh 4d]
Seat 1: desso777 (button) (small blind) showed [6d 5d] and won ($47.50) with two pair, Fives and Fours
Seat 2: mdif (big blind) mucked


PokerStars Hand #144817829494:  Hold'em Limit ($3/$6 USD) - 2015/12/04 13:45:55 ET
Table 'Isis II' 2-max Seat #1 is the button
Seat 1: desso777 ($9.56 in chips)
Seat 2: mdif ($224.28 in chips)
desso777: posts small blind $1
mdif: posts big blind $3
*** HOLE CARDS ***
desso777: raises $3 to $6
mdif: raises $3 to $9
desso777: raises $0.56 to $9.56 and is all-in
Betting is capped
mdif: calls $0.56
*** FLOP *** [3c 8c 4s]
*** TURN *** [3c 8c 4s] [6s]
*** RIVER *** [3c 8c 4s 6s] [Ad]
*** SHOW DOWN ***
mdif: shows [6d Ks] (a pair of Sixes)
desso777: shows [Jc 7c] (high card Ace)
mdif collected $18.74 from pot
*** SUMMARY ***
Total pot $19.12 | Rake $0.38
Board [3c 8c 4s 6s Ad]
Seat 1: desso777 (button) (small blind) showed [Jc 7c] and lost with high card Ace
Seat 2: mdif (big blind) showed [6d Ks] and won ($18.74) with a pair of Sixes


PokerStars Hand #144817781046:  Hold'em Limit ($3/$6 USD) - 2015/12/04 13:45:00 ET
Table 'Isis II' 2-max Seat #1 is the button
Seat 1: desso777 ($69.56 in chips)
Seat 2: mdif ($165.28 in chips)
desso777: posts small blind $1
mdif: posts big blind $3
*** HOLE CARDS ***
desso777: raises $3 to $6
mdif: raises $3 to $9
desso777: calls $3
*** FLOP *** [Td 3h 2c]
mdif: bets $3
desso777: calls $3
*** TURN *** [Td 3h 2c] [5s]
mdif: checks
desso777: bets $6
mdif: calls $6
*** RIVER *** [Td 3h 2c 5s] [Kc]
mdif: checks
desso777: bets $6
mdif: calls $6
*** SHOW DOWN ***
desso777: shows [7d 8d] (high card King)
mdif: shows [As 6c] (high card Ace)
mdif collected $47.50 from pot
*** SUMMARY ***
Total pot $48 | Rake $0.50
Board [Td 3h 2c 5s Kc]
Seat 1: desso777 (button) (small blind) showed [7d 8d] and lost with high card King
Seat 2: mdif (big blind) showed [As 6c] and won ($47.50) with high card Ace


PokerStars Hand #144817805552:  Hold'em Limit ($3/$6 USD) - 2015/12/04 13:45:28 ET
Table 'Isis II' 2-max Seat #2 is the button
Seat 1: desso777 ($45.56 in chips)
Seat 2: mdif ($188.78 in chips)
mdif: posts small blind $1
desso777: posts big blind $3
*** HOLE CARDS ***
mdif: raises $3 to $6
desso777: raises $3 to $9
mdif: calls $3
*** FLOP *** [3s 2s Kc]
desso777: bets $3
mdif: calls $3
*** TURN *** [3s 2s Kc] [7s]
desso777: bets $6
mdif: raises $6 to $12
desso777: raises $6 to $18
mdif: calls $6
*** RIVER *** [3s 2s Kc 7s] [5d]
desso777: bets $6
mdif: calls $6
*** SHOW DOWN ***
desso777: shows [7h 9c] (a pair of Sevens)
mdif: shows [Kd 8c] (a pair of Kings)
mdif collected $71.50 from pot
*** SUMMARY ***
Total pot $72 | Rake $0.50
Board [3s 2s Kc 7s 5d]
Seat 1: desso777 (big blind) showed [7h 9c] and lost with a pair of Sevens
Seat 2: mdif (button) (small blind) showed [Kd 8c] and won ($71.50) with a pair of Kings


