PokerStars Hand #151309723951:  Hold'em Limit ($3/$6 USD) - 2016/04/02 7:29:57 ET
Table 'Isko' 6-max Seat #4 is the button
Seat 3: gangangan13 ($90.50 in chips)
Seat 4: TbIP-TbIP 88 ($72 in chips)
TbIP-TbIP 88: posts small blind $1
gangangan13: posts big blind $3
*** HOLE CARDS ***
TbIP-TbIP 88: raises $3 to $6
gangangan13: calls $3
*** FLOP *** [9h 8s 7c]
gangangan13: checks
MTails joins the table at seat #1
TbIP-TbIP 88: bets $3
gangangan13: raises $3 to $6
TbIP-TbIP 88: calls $3
*** TURN *** [9h 8s 7c] [Tc]
gangangan13: bets $6
TbIP-TbIP 88: folds
Uncalled bet ($6) returned to gangangan13
gangangan13 collected $23.52 from pot
gangangan13: doesn't show hand
*** SUMMARY ***
Total pot $24 | Rake $0.48
Board [9h 8s 7c Tc]
Seat 3: gangangan13 (big blind) collected ($23.52)
Seat 4: TbIP-TbIP 88 (button) (small blind) folded on the Turn


PokerStars Hand #151309741917:  Hold'em Limit ($3/$6 USD) - 2016/04/02 7:30:29 ET
Table 'Isko' 6-max Seat #3 is the button
Seat 3: gangangan13 ($102.02 in chips)
Seat 4: TbIP-TbIP 88 ($72 in chips)
gangangan13: posts small blind $1
TbIP-TbIP 88: posts big blind $3
*** HOLE CARDS ***
gangangan13: raises $3 to $6
TbIP-TbIP 88: calls $3
*** FLOP *** [Td Th 5s]
TbIP-TbIP 88: checks
gangangan13: bets $3
TbIP-TbIP 88: calls $3
*** TURN *** [Td Th 5s] [6h]
TbIP-TbIP 88: checks
gangangan13: checks
*** RIVER *** [Td Th 5s 6h] [7h]
TbIP-TbIP 88: bets $6
gangangan13: raises $6 to $12
TbIP-TbIP 88: calls $6
*** SHOW DOWN ***
gangangan13: shows [8h Ts] (three of a kind, Tens)
TbIP-TbIP 88: mucks hand
gangangan13 collected $41.50 from pot
*** SUMMARY ***
Total pot $42 | Rake $0.50
Board [Td Th 5s 6h 7h]
Seat 3: gangangan13 (button) (small blind) showed [8h Ts] and won ($41.50) with three of a kind, Tens
Seat 4: TbIP-TbIP 88 (big blind) mucked


PokerStars Hand #151317253566:  Hold'em Limit ($3/$6 USD) - 2016/04/02 10:48:29 ET
Table 'Isko' 6-max Seat #5 is the button
Seat 1: liolilove ($192.56 in chips)
Seat 5: JoeBlack1982 ($173.43 in chips)
JoeBlack1982: posts small blind $1
liolilove: posts big blind $3
*** HOLE CARDS ***
JoeBlack1982: folds
Uncalled bet ($2) returned to liolilove
liolilove collected $2 from pot
liolilove: doesn't show hand
*** SUMMARY ***
Total pot $2 | Rake $0
Seat 1: liolilove (big blind) collected ($2)
Seat 5: JoeBlack1982 (button) (small blind) folded before Flop


PokerStars Hand #151317248291:  Hold'em Limit ($3/$6 USD) - 2016/04/02 10:48:21 ET
Table 'Isko' 6-max Seat #1 is the button
Seat 1: liolilove ($189.56 in chips)
Seat 5: JoeBlack1982 ($176.43 in chips)
liolilove: posts small blind $1
JoeBlack1982: posts big blind $3
*** HOLE CARDS ***
liolilove: raises $3 to $6
JoeBlack1982: folds
Uncalled bet ($3) returned to liolilove
niccy69 leaves the table
liolilove collected $6 from pot
liolilove: doesn't show hand
*** SUMMARY ***
Total pot $6 | Rake $0
Seat 1: liolilove (button) (small blind) collected ($6)
Seat 5: JoeBlack1982 (big blind) folded before Flop


PokerStars Hand #151317257566:  Hold'em Limit ($3/$6 USD) - 2016/04/02 10:48:34 ET
Table 'Isko' 6-max Seat #1 is the button
Seat 1: liolilove ($193.56 in chips)
Seat 5: JoeBlack1982 ($172.43 in chips)
liolilove: posts small blind $1
JoeBlack1982: posts big blind $3
*** HOLE CARDS ***
Fess7791 joins the table at seat #6
liolilove: raises $3 to $6
JoeBlack1982: calls $3
*** FLOP *** [8s 7h Qh]
JoeBlack1982: checks
liolilove: bets $3
JoeBlack1982: calls $3
*** TURN *** [8s 7h Qh] [As]
JoeBlack1982: checks
liolilove: bets $6
JoeBlack1982: calls $6
*** RIVER *** [8s 7h Qh As] [4s]
JoeBlack1982: checks
25RUS-ARS joins the table at seat #3
liolilove: bets $6
JoeBlack1982: folds
Uncalled bet ($6) returned to liolilove
liolilove collected $29.50 from pot
liolilove: doesn't show hand
*** SUMMARY ***
Total pot $30 | Rake $0.50
Board [8s 7h Qh As 4s]
Seat 1: liolilove (button) (small blind) collected ($29.50)
Seat 5: JoeBlack1982 (big blind) folded on the River


PokerStars Hand #151317347558:  Hold'em Limit ($3/$6 USD) - 2016/04/02 10:50:40 ET
Table 'Isko' 6-max Seat #6 is the button
Seat 5: JoeBlack1982 ($182.81 in chips)
Seat 6: Fess7791 ($60 in chips)
Fess7791: posts small blind $1
JoeBlack1982: posts big blind $3
*** HOLE CARDS ***
Fess7791: raises $3 to $6
JoeBlack1982: calls $3
*** FLOP *** [3h 2h As]
JoeBlack1982: checks
Fess7791: bets $3
JoeBlack1982: calls $3
*** TURN *** [3h 2h As] [Kc]
JoeBlack1982: checks
Fess7791: bets $6
JoeBlack1982: calls $6
*** RIVER *** [3h 2h As Kc] [7s]
JoeBlack1982: checks
Fess7791: checks
*** SHOW DOWN ***
JoeBlack1982: shows [3c 6c] (a pair of Threes)
Fess7791: shows [5c 7c] (a pair of Sevens)
Fess7791 collected $29.50 from pot
*** SUMMARY ***
Total pot $30 | Rake $0.50
Board [3h 2h As Kc 7s]
Seat 5: JoeBlack1982 (big blind) showed [3c 6c] and lost with a pair of Threes
Seat 6: Fess7791 (button) (small blind) showed [5c 7c] and won ($29.50) with a pair of Sevens


PokerStars Hand #151317371087:  Hold'em Limit ($3/$6 USD) - 2016/04/02 10:51:13 ET
Table 'Isko' 6-max Seat #6 is the button
Seat 5: JoeBlack1982 ($173.57 in chips)
Seat 6: Fess7791 ($68.50 in chips)
Fess7791: posts small blind $1
JoeBlack1982: posts big blind $3
*** HOLE CARDS ***
Fess7791: folds
Uncalled bet ($2) returned to JoeBlack1982
JoeBlack1982 collected $2 from pot
JoeBlack1982: doesn't show hand
*** SUMMARY ***
Total pot $2 | Rake $0
Seat 5: JoeBlack1982 (big blind) collected ($2)
Seat 6: Fess7791 (button) (small blind) folded before Flop


PokerStars Hand #151317379955:  Hold'em Limit ($3/$6 USD) - 2016/04/02 10:51:26 ET
Table 'Isko' 6-max Seat #6 is the button
Seat 5: JoeBlack1982 ($177.57 in chips)
Seat 6: Fess7791 ($64.50 in chips)
Fess7791: posts small blind $1
JoeBlack1982: posts big blind $3
*** HOLE CARDS ***
Fess7791: folds
Uncalled bet ($2) returned to JoeBlack1982
JoeBlack1982 collected $2 from pot
JoeBlack1982: doesn't show hand
*** SUMMARY ***
Total pot $2 | Rake $0
Seat 5: JoeBlack1982 (big blind) collected ($2)
Seat 6: Fess7791 (button) (small blind) folded before Flop


PokerStars Hand #151317375438:  Hold'em Limit ($3/$6 USD) - 2016/04/02 10:51:19 ET
Table 'Isko' 6-max Seat #5 is the button
Seat 5: JoeBlack1982 ($174.57 in chips)
Seat 6: Fess7791 ($67.50 in chips)
JoeBlack1982: posts small blind $1
Fess7791: posts big blind $3
*** HOLE CARDS ***
JoeBlack1982: raises $3 to $6
Fess7791: folds
Uncalled bet ($3) returned to JoeBlack1982
JoeBlack1982 collected $6 from pot
JoeBlack1982: doesn't show hand
*** SUMMARY ***
Total pot $6 | Rake $0
Seat 5: JoeBlack1982 (button) (small blind) collected ($6)
Seat 6: Fess7791 (big blind) folded before Flop


PokerStars Hand #151317362976:  Hold'em Limit ($3/$6 USD) - 2016/04/02 10:51:02 ET
Table 'Isko' 6-max Seat #5 is the button
Seat 5: JoeBlack1982 ($167.81 in chips)
Seat 6: Fess7791 ($74.50 in chips)
JoeBlack1982: posts small blind $1
Fess7791: posts big blind $3
*** HOLE CARDS ***
JoeBlack1982: raises $3 to $6
Fess7791: calls $3
*** FLOP *** [3c Ts Ks]
Fess7791: checks
JoeBlack1982: bets $3
Fess7791: folds
Uncalled bet ($3) returned to JoeBlack1982
JoeBlack1982 collected $11.76 from pot
JoeBlack1982: doesn't show hand
*** SUMMARY ***
Total pot $12 | Rake $0.24
Board [3c Ts Ks]
Seat 5: JoeBlack1982 (button) (small blind) collected ($11.76)
Seat 6: Fess7791 (big blind) folded on the Flop


PokerStars Hand #151317414239:  Hold'em Limit ($3/$6 USD) - 2016/04/02 10:52:13 ET
Table 'Isko' 6-max Seat #5 is the button
Seat 5: JoeBlack1982 ($151.57 in chips)
Seat 6: Fess7791 ($89.76 in chips)
JoeBlack1982: posts small blind $1
Fess7791: posts big blind $3
*** HOLE CARDS ***
JoeBlack1982: raises $3 to $6
Fess7791: folds
Uncalled bet ($3) returned to JoeBlack1982
JoeBlack1982 collected $6 from pot
JoeBlack1982: doesn't show hand
*** SUMMARY ***
Total pot $6 | Rake $0
Seat 5: JoeBlack1982 (button) (small blind) collected ($6)
Seat 6: Fess7791 (big blind) folded before Flop


PokerStars Hand #151317418636:  Hold'em Limit ($3/$6 USD) - 2016/04/02 10:52:19 ET
Table 'Isko' 6-max Seat #6 is the button
Seat 5: JoeBlack1982 ($154.57 in chips)
Seat 6: Fess7791 ($86.76 in chips)
Fess7791: posts small blind $1
JoeBlack1982: posts big blind $3
*** HOLE CARDS ***
Fess7791: raises $3 to $6
JoeBlack1982: calls $3
*** FLOP *** [Qd Qs Kc]
JoeBlack1982: checks
Fess7791: bets $3
JoeBlack1982: folds
Uncalled bet ($3) returned to Fess7791
Fess7791 collected $11.76 from pot
Fess7791: doesn't show hand
*** SUMMARY ***
Total pot $12 | Rake $0.24
Board [Qd Qs Kc]
Seat 5: JoeBlack1982 (big blind) folded on the Flop
Seat 6: Fess7791 (button) (small blind) collected ($11.76)


PokerStars Hand #151317384267:  Hold'em Limit ($3/$6 USD) - 2016/04/02 10:51:31 ET
Table 'Isko' 6-max Seat #5 is the button
Seat 5: JoeBlack1982 ($178.57 in chips)
Seat 6: Fess7791 ($63.50 in chips)
JoeBlack1982: posts small blind $1
Fess7791: posts big blind $3
*** HOLE CARDS ***
JoeBlack1982: calls $2
Fess7791: raises $3 to $6
JoeBlack1982: calls $3
*** FLOP *** [5s Js 3s]
Fess7791: bets $3
JoeBlack1982: calls $3
*** TURN *** [5s Js 3s] [Td]
Fess7791: bets $6
JoeBlack1982: calls $6
*** RIVER *** [5s Js 3s Td] [6d]
Fess7791: bets $6
JoeBlack1982: calls $6
*** SHOW DOWN ***
Fess7791: shows [Jh Ad] (a pair of Jacks)
JoeBlack1982: mucks hand
Fess7791 collected $41.50 from pot
*** SUMMARY ***
Total pot $42 | Rake $0.50
Board [5s Js 3s Td 6d]
Seat 5: JoeBlack1982 (button) (small blind) mucked
Seat 6: Fess7791 (big blind) showed [Jh Ad] and won ($41.50) with a pair of Jacks


PokerStars Hand #151317404594:  Hold'em Limit ($3/$6 USD) - 2016/04/02 10:52:00 ET
Table 'Isko' 6-max Seat #6 is the button
Seat 5: JoeBlack1982 ($157.57 in chips)
Seat 6: Fess7791 ($84 in chips)
Fess7791: posts small blind $1
JoeBlack1982: posts big blind $3
*** HOLE CARDS ***
Fess7791: raises $3 to $6
JoeBlack1982: calls $3
*** FLOP *** [7d 5h 4s]
JoeBlack1982: checks
Fess7791: bets $3
JoeBlack1982: folds
Uncalled bet ($3) returned to Fess7791
Fess7791 collected $11.76 from pot
Fess7791: doesn't show hand
*** SUMMARY ***
Total pot $12 | Rake $0.24
Board [7d 5h 4s]
Seat 5: JoeBlack1982 (big blind) folded on the Flop
Seat 6: Fess7791 (button) (small blind) collected ($11.76)


PokerStars Hand #151317430530:  Hold'em Limit ($3/$6 USD) - 2016/04/02 10:52:36 ET
Table 'Isko' 6-max Seat #5 is the button
Seat 5: JoeBlack1982 ($148.57 in chips)
Seat 6: Fess7791 ($92.52 in chips)
JoeBlack1982: posts small blind $1
Fess7791: posts big blind $3
*** HOLE CARDS ***
JoeBlack1982: raises $3 to $6
Fess7791: calls $3
*** FLOP *** [6d 8d 5s]
Fess7791: checks
JoeBlack1982: checks
*** TURN *** [6d 8d 5s] [Td]
Fess7791: bets $6
JoeBlack1982: folds
Uncalled bet ($6) returned to Fess7791
Fess7791 collected $11.76 from pot
Fess7791: doesn't show hand
*** SUMMARY ***
Total pot $12 | Rake $0.24
Board [6d 8d 5s Td]
Seat 5: JoeBlack1982 (button) (small blind) folded on the Turn
Seat 6: Fess7791 (big blind) collected ($11.76)


PokerStars Hand #151317475614:  Hold'em Limit ($3/$6 USD) - 2016/04/02 10:53:39 ET
Table 'Isko' 6-max Seat #5 is the button
Seat 5: JoeBlack1982 ($147.21 in chips)
Seat 6: Fess7791 ($93.28 in chips)
JoeBlack1982: posts small blind $1
Fess7791: posts big blind $3
*** HOLE CARDS ***
JoeBlack1982: folds
Uncalled bet ($2) returned to Fess7791
Fess7791 collected $2 from pot
Fess7791: doesn't show hand
*** SUMMARY ***
Total pot $2 | Rake $0
Seat 5: JoeBlack1982 (button) (small blind) folded before Flop
Seat 6: Fess7791 (big blind) collected ($2)


PokerStars Hand #151317472414:  Hold'em Limit ($3/$6 USD) - 2016/04/02 10:53:34 ET
Table 'Isko' 6-max Seat #6 is the button
Seat 5: JoeBlack1982 ($146.21 in chips)
Seat 6: Fess7791 ($94.28 in chips)
Fess7791: posts small blind $1
JoeBlack1982: posts big blind $3
*** HOLE CARDS ***
Fess7791: folds
Uncalled bet ($2) returned to JoeBlack1982
JoeBlack1982 collected $2 from pot
JoeBlack1982: doesn't show hand
*** SUMMARY ***
Total pot $2 | Rake $0
Seat 5: JoeBlack1982 (big blind) collected ($2)
Seat 6: Fess7791 (button) (small blind) folded before Flop


PokerStars Hand #151317468597:  Hold'em Limit ($3/$6 USD) - 2016/04/02 10:53:29 ET
Table 'Isko' 6-max Seat #5 is the button
Seat 5: JoeBlack1982 ($147.21 in chips)
Seat 6: Fess7791 ($93.28 in chips)
JoeBlack1982: posts small blind $1
Fess7791: posts big blind $3
*** HOLE CARDS ***
JoeBlack1982: folds
Uncalled bet ($2) returned to Fess7791
Fess7791 collected $2 from pot
Fess7791: doesn't show hand
*** SUMMARY ***
Total pot $2 | Rake $0
Seat 5: JoeBlack1982 (button) (small blind) folded before Flop
Seat 6: Fess7791 (big blind) collected ($2)


PokerStars Hand #151317463725:  Hold'em Limit ($3/$6 USD) - 2016/04/02 10:53:22 ET
Table 'Isko' 6-max Seat #6 is the button
Seat 5: JoeBlack1982 ($150.21 in chips)
Seat 6: Fess7791 ($90.28 in chips)
Fess7791: posts small blind $1
JoeBlack1982: posts big blind $3
*** HOLE CARDS ***
Fess7791: raises $3 to $6
JoeBlack1982: folds
Uncalled bet ($3) returned to Fess7791
Fess7791 collected $6 from pot
Fess7791: doesn't show hand
*** SUMMARY ***
Total pot $6 | Rake $0
Seat 5: JoeBlack1982 (big blind) folded before Flop
Seat 6: Fess7791 (button) (small blind) collected ($6)


PokerStars Hand #151317459641:  Hold'em Limit ($3/$6 USD) - 2016/04/02 10:53:16 ET
Table 'Isko' 6-max Seat #5 is the button
Seat 5: JoeBlack1982 ($151.21 in chips)
Seat 6: Fess7791 ($89.28 in chips)
JoeBlack1982: posts small blind $1
Fess7791: posts big blind $3
*** HOLE CARDS ***
JoeBlack1982: folds
Uncalled bet ($2) returned to Fess7791
Fess7791 collected $2 from pot
Fess7791: doesn't show hand
*** SUMMARY ***
Total pot $2 | Rake $0
Seat 5: JoeBlack1982 (button) (small blind) folded before Flop
Seat 6: Fess7791 (big blind) collected ($2)


PokerStars Hand #151317444829:  Hold'em Limit ($3/$6 USD) - 2016/04/02 10:52:56 ET
Table 'Isko' 6-max Seat #6 is the button
Seat 5: JoeBlack1982 ($142.57 in chips)
Seat 6: Fess7791 ($98.28 in chips)
Fess7791: posts small blind $1
JoeBlack1982: posts big blind $3
*** HOLE CARDS ***
Fess7791: raises $3 to $6
JoeBlack1982: raises $3 to $9
Fess7791: calls $3
*** FLOP *** [Td 2d 4c]
JoeBlack1982: bets $3
Fess7791: folds
Uncalled bet ($3) returned to JoeBlack1982
JoeBlack1982 collected $17.64 from pot
JoeBlack1982: doesn't show hand
*** SUMMARY ***
Total pot $18 | Rake $0.36
Board [Td 2d 4c]
Seat 5: JoeBlack1982 (big blind) collected ($17.64)
Seat 6: Fess7791 (button) (small blind) folded on the Flop


PokerStars Hand #151317491417:  Hold'em Limit ($3/$6 USD) - 2016/04/02 10:54:01 ET
Table 'Isko' 6-max Seat #5 is the button
Seat 5: JoeBlack1982 ($140.21 in chips)
Seat 6: Fess7791 ($100.04 in chips)
JoeBlack1982: posts small blind $1
Fess7791: posts big blind $3
*** HOLE CARDS ***
JoeBlack1982: raises $3 to $6
Fess7791: calls $3
*** FLOP *** [Qh 9s 9d]
Fess7791: checks
JoeBlack1982: bets $3
Fess7791: raises $3 to $6
JoeBlack1982: raises $3 to $9
Fess7791: calls $3
*** TURN *** [Qh 9s 9d] [Tc]
Fess7791: checks
JoeBlack1982: bets $6
Fess7791: calls $6
*** RIVER *** [Qh 9s 9d Tc] [Ac]
Fess7791: checks
JoeBlack1982: checks
*** SHOW DOWN ***
Fess7791: shows [Jh Qs] (two pair, Queens and Nines)
JoeBlack1982: mucks hand
Fess7791 collected $41.50 from pot
*** SUMMARY ***
Total pot $42 | Rake $0.50
Board [Qh 9s 9d Tc Ac]
Seat 5: JoeBlack1982 (button) (small blind) mucked
Seat 6: Fess7791 (big blind) showed [Jh Qs] and won ($41.50) with two pair, Queens and Nines


PokerStars Hand #151317479617:  Hold'em Limit ($3/$6 USD) - 2016/04/02 10:53:44 ET
Table 'Isko' 6-max Seat #6 is the button
Seat 5: JoeBlack1982 ($146.21 in chips)
Seat 6: Fess7791 ($94.28 in chips)
Fess7791: posts small blind $1
JoeBlack1982: posts big blind $3
*** HOLE CARDS ***
Fess7791: raises $3 to $6
JoeBlack1982: calls $3
*** FLOP *** [Jc Kd As]
JoeBlack1982: checks
Fess7791: bets $3
JoeBlack1982: folds
Uncalled bet ($3) returned to Fess7791
Fess7791 collected $11.76 from pot
Fess7791: doesn't show hand
*** SUMMARY ***
Total pot $12 | Rake $0.24
Board [Jc Kd As]
Seat 5: JoeBlack1982 (big blind) folded on the Flop
Seat 6: Fess7791 (button) (small blind) collected ($11.76)


PokerStars Hand #151317516172:  Hold'em Limit ($3/$6 USD) - 2016/04/02 10:54:36 ET
Table 'Isko' 6-max Seat #6 is the button
Seat 5: JoeBlack1982 ($119.21 in chips)
Seat 6: Fess7791 ($120.54 in chips)
Fess7791: posts small blind $1
JoeBlack1982: posts big blind $3
*** HOLE CARDS ***
Fess7791: raises $3 to $6
JoeBlack1982: calls $3
*** FLOP *** [Qh 6c Js]
JoeBlack1982: checks
Fess7791: bets $3
JoeBlack1982: folds
Uncalled bet ($3) returned to Fess7791
JoeBlack1982 leaves the table
Fess7791 collected $11.76 from pot
Fess7791: doesn't show hand
*** SUMMARY ***
Total pot $12 | Rake $0.24
Board [Qh 6c Js]
Seat 5: JoeBlack1982 (big blind) folded on the Flop
Seat 6: Fess7791 (button) (small blind) collected ($11.76)


