PokerStars Hand #145717949429:  Hold'em Limit ($3/$6 USD) - 2015/12/21 20:21:01 ET
Table 'Isko II' 6-max Seat #5 is the button
Seat 3: HasThaHustle ($127.64 in chips)
Seat 5: TinaTurner72 ($138 in chips)
TinaTurner72: posts small blind $1
HasThaHustle: posts big blind $3
*** HOLE CARDS ***
TinaTurner72: raises $3 to $6
HasThaHustle: calls $3
*** FLOP *** [9s 6c 5c]
HasThaHustle: checks
TinaTurner72: checks
*** TURN *** [9s 6c 5c] [6d]
HasThaHustle: bets $6
TinaTurner72: calls $6
*** RIVER *** [9s 6c 5c 6d] [Ah]
HasThaHustle: bets $6
TinaTurner72: calls $6
*** SHOW DOWN ***
HasThaHustle: shows [4s 8d] (a pair of Sixes)
TinaTurner72: shows [Tc As] (two pair, Aces and Sixes)
TinaTurner72 collected $35.50 from pot
*** SUMMARY ***
Total pot $36 | Rake $0.50
Board [9s 6c 5c 6d Ah]
Seat 3: HasThaHustle (big blind) showed [4s 8d] and lost with a pair of Sixes
Seat 5: TinaTurner72 (button) (small blind) showed [Tc As] and won ($35.50) with two pair, Aces and Sixes


PokerStars Hand #145717972271:  Hold'em Limit ($3/$6 USD) - 2015/12/21 20:21:43 ET
Table 'Isko II' 6-max Seat #5 is the button
Seat 3: HasThaHustle ($115.40 in chips)
Seat 5: TinaTurner72 ($149.50 in chips)
TinaTurner72: posts small blind $1
HasThaHustle: posts big blind $3
*** HOLE CARDS ***
assitoni joins the table at seat #4
TinaTurner72: raises $3 to $6
HasThaHustle: folds
Uncalled bet ($3) returned to TinaTurner72
TinaTurner72 collected $6 from pot
TinaTurner72: doesn't show hand
*** SUMMARY ***
Total pot $6 | Rake $0
Seat 3: HasThaHustle (big blind) folded before Flop
Seat 5: TinaTurner72 (button) (small blind) collected ($6)


PokerStars Hand #145717964757:  Hold'em Limit ($3/$6 USD) - 2015/12/21 20:21:29 ET
Table 'Isko II' 6-max Seat #3 is the button
Seat 3: HasThaHustle ($109.64 in chips)
Seat 5: TinaTurner72 ($155.50 in chips)
HasThaHustle: posts small blind $1
TinaTurner72: posts big blind $3
*** HOLE CARDS ***
HasThaHustle: raises $3 to $6
TinaTurner72: calls $3
*** FLOP *** [2d Jc 6h]
TinaTurner72: checks
HasThaHustle: bets $3
TinaTurner72: folds
Uncalled bet ($3) returned to HasThaHustle
HasThaHustle collected $11.76 from pot
HasThaHustle: doesn't show hand
*** SUMMARY ***
Total pot $12 | Rake $0.24
Board [2d Jc 6h]
Seat 3: HasThaHustle (button) (small blind) collected ($11.76)
Seat 5: TinaTurner72 (big blind) folded on the Flop


PokerStars Hand #145718574435:  Hold'em Limit ($3/$6 USD) - 2015/12/21 20:40:47 ET
Table 'Isko II' 6-max Seat #5 is the button
Seat 2: Karpik09 ($148 in chips)
Seat 5: TinaTurner72 ($120.92 in chips)
oj_pimpson will be allowed to play after the button
TinaTurner72: posts small blind $1
alexslep: is sitting out
alexslep leaves the table
aerialman30: is sitting out
Karpik09: posts big blind $3
*** HOLE CARDS ***
TinaTurner72: raises $3 to $6
aerialman30 leaves the table
Karpik09: calls $3
*** FLOP *** [7h Jd 9s]
Karpik09: checks
TinaTurner72: bets $3
Karpik09: raises $3 to $6
TinaTurner72: calls $3
*** TURN *** [7h Jd 9s] [7c]
Karpik09: bets $6
TinaTurner72: folds
Uncalled bet ($6) returned to Karpik09
Karpik09 collected $23.52 from pot
Karpik09: doesn't show hand
*** SUMMARY ***
Total pot $24 | Rake $0.48
Board [7h Jd 9s 7c]
Seat 2: Karpik09 (big blind) collected ($23.52)
Seat 5: TinaTurner72 (button) (small blind) folded on the Turn


