PokerStars Hand #150485685368:  Hold'em Limit ($3/$6 USD) - 2016/03/17 8:36:24 ET
Table 'Isko' 10-max Seat #1 is the button
Seat 1: nashmed99 ($258.41 in chips)
Seat 6: Agrotait ($72 in chips)
nashmed99: posts small blind $1
Agrotait: posts big blind $3
*** HOLE CARDS ***
nashmed99: raises $3 to $6
belik555 joins the table at seat #2
Agrotait: calls $3
*** FLOP *** [3s Qc Jd]
Agrotait: checks
nashmed99: checks
*** TURN *** [3s Qc Jd] [2d]
Agrotait: checks
nashmed99: bets $6
Agrotait: folds
Uncalled bet ($6) returned to nashmed99
nashmed99 collected $11.76 from pot
nashmed99: doesn't show hand
*** SUMMARY ***
Total pot $12 | Rake $0.24
Board [3s Qc Jd 2d]
Seat 1: nashmed99 (button) (small blind) collected ($11.76)
Seat 6: Agrotait (big blind) folded on the Turn


PokerStars Hand #150485682195:  Hold'em Limit ($3/$6 USD) - 2016/03/17 8:36:18 ET
Table 'Isko' 10-max Seat #6 is the button
Seat 1: nashmed99 ($261.41 in chips)
Seat 6: Agrotait ($69 in chips)
Agrotait: posts small blind $1
nashmed99: posts big blind $3
*** HOLE CARDS ***
Agrotait: raises $3 to $6
nashmed99: folds
Uncalled bet ($3) returned to Agrotait
Agrotait collected $6 from pot
Agrotait: doesn't show hand
*** SUMMARY ***
Total pot $6 | Rake $0
Seat 1: nashmed99 (big blind) folded before Flop
Seat 6: Agrotait (button) (small blind) collected ($6)


PokerStars Hand #150485675289:  Hold'em Limit ($3/$6 USD) - 2016/03/17 8:36:05 ET
Table 'Isko' 10-max Seat #1 is the button
Seat 1: nashmed99 ($258.41 in chips)
Seat 6: Agrotait ($72 in chips)
nashmed99: posts small blind $1
Agrotait: posts big blind $3
*** HOLE CARDS ***
nashmed99: raises $3 to $6
Agrotait: folds
Uncalled bet ($3) returned to nashmed99
nashmed99 collected $6 from pot
nashmed99: doesn't show hand
*** SUMMARY ***
Total pot $6 | Rake $0
Seat 1: nashmed99 (button) (small blind) collected ($6)
Seat 6: Agrotait (big blind) folded before Flop


PokerStars Hand #150485703096:  Hold'em Limit ($3/$6 USD) - 2016/03/17 8:36:57 ET
Table 'Isko' 10-max Seat #6 is the button
Seat 1: nashmed99 ($264.17 in chips)
Seat 6: Agrotait ($66 in chips)
Agrotait: posts small blind $1
nashmed99: posts big blind $3
*** HOLE CARDS ***
Agrotait: raises $3 to $6
nashmed99: calls $3
*** FLOP *** [9d Kh Ah]
nashmed99: checks
Agrotait: bets $3
nashmed99: folds
Uncalled bet ($3) returned to Agrotait
Agrotait collected $11.76 from pot
Agrotait: doesn't show hand
*** SUMMARY ***
Total pot $12 | Rake $0.24
Board [9d Kh Ah]
Seat 1: nashmed99 (big blind) folded on the Flop
Seat 6: Agrotait (button) (small blind) collected ($11.76)


PokerStars Hand #150485880821:  Hold'em Limit ($3/$6 USD) - 2016/03/17 8:42:32 ET
Table 'Isko' 10-max Seat #8 is the button
Seat 6: Agrotait ($71 in chips)
Seat 8: nashmed99 ($245.20 in chips)
nashmed99: posts small blind $1
Agrotait: posts big blind $3
*** HOLE CARDS ***
nashmed99: raises $3 to $6
Agrotait: raises $3 to $9
nashmed99: calls $3
*** FLOP *** [Qd Ts 3d]
Agrotait: bets $3
nashmed99: calls $3
*** TURN *** [Qd Ts 3d] [9c]
Agrotait: bets $6
nashmed99: calls $6
*** RIVER *** [Qd Ts 3d 9c] [4s]
Agrotait: bets $6
nashmed99: calls $6
*** SHOW DOWN ***
Agrotait: shows [Js Qs] (a pair of Queens)
nashmed99: mucks hand
Psynto joins the table at seat #9
Agrotait collected $47.50 from pot
*** SUMMARY ***
Total pot $48 | Rake $0.50
Board [Qd Ts 3d 9c 4s]
Seat 6: Agrotait (big blind) showed [Js Qs] and won ($47.50) with a pair of Queens
Seat 8: nashmed99 (button) (small blind) mucked


PokerStars Hand #150485890385:  Hold'em Limit ($3/$6 USD) - 2016/03/17 8:42:50 ET
Table 'Isko' 10-max Seat #6 is the button
Seat 6: Agrotait ($94.50 in chips)
Seat 8: nashmed99 ($221.20 in chips)
Agrotait: posts small blind $1
nashmed99: posts big blind $3
*** HOLE CARDS ***
Agrotait: folds
Uncalled bet ($2) returned to nashmed99
nashmed99 collected $2 from pot
nashmed99: doesn't show hand
*** SUMMARY ***
Total pot $2 | Rake $0
Seat 6: Agrotait (button) (small blind) folded before Flop
Seat 8: nashmed99 (big blind) collected ($2)


PokerStars Hand #150489432201:  Hold'em Limit ($3/$6 USD) - 2016/03/17 10:24:52 ET
Table 'Isko' 10-max Seat #8 is the button
Seat 4: B_loJkl ($232.38 in chips)
Seat 8: ESMALAY ($144 in chips)
ESMALAY: posts small blind $1
B_loJkl: posts big blind $3
*** HOLE CARDS ***
ESMALAY: folds
Uncalled bet ($2) returned to B_loJkl
adi1sa was removed from the table for failing to post
B_loJkl collected $2 from pot
B_loJkl: doesn't show hand
*** SUMMARY ***
Total pot $2 | Rake $0
Seat 4: B_loJkl (big blind) collected ($2)
Seat 8: ESMALAY (button) (small blind) folded before Flop


PokerStars Hand #150489406306:  Hold'em Limit ($3/$6 USD) - 2016/03/17 10:24:10 ET
Table 'Isko' 10-max Seat #4 is the button
Seat 4: B_loJkl ($226.62 in chips)
Seat 8: ESMALAY ($150 in chips)
B_loJkl: posts small blind $1
ESMALAY: posts big blind $3
*** HOLE CARDS ***
B_loJkl: raises $3 to $6
ESMALAY: calls $3
*** FLOP *** [8d 2c 7c]
ESMALAY: checks
B_loJkl: bets $3
ESMALAY: folds
Uncalled bet ($3) returned to B_loJkl
B_loJkl collected $11.76 from pot
B_loJkl: doesn't show hand
*** SUMMARY ***
Total pot $12 | Rake $0.24
Board [8d 2c 7c]
Seat 4: B_loJkl (button) (small blind) collected ($11.76)
Seat 8: ESMALAY (big blind) folded on the Flop


PokerStars Hand #150489438765:  Hold'em Limit ($3/$6 USD) - 2016/03/17 10:25:02 ET
Table 'Isko' 10-max Seat #4 is the button
Seat 4: B_loJkl ($233.38 in chips)
Seat 8: ESMALAY ($143 in chips)
B_loJkl: posts small blind $1
ESMALAY: posts big blind $3
*** HOLE CARDS ***
B_loJkl: raises $3 to $6
ESMALAY: folds
Uncalled bet ($3) returned to B_loJkl
B_loJkl collected $6 from pot
B_loJkl: doesn't show hand
*** SUMMARY ***
Total pot $6 | Rake $0
Seat 4: B_loJkl (button) (small blind) collected ($6)
Seat 8: ESMALAY (big blind) folded before Flop


PokerStars Hand #150489474610:  Hold'em Limit ($3/$6 USD) - 2016/03/17 10:26:00 ET
Table 'Isko' 10-max Seat #8 is the button
Seat 4: B_loJkl ($232.90 in chips)
Seat 8: ESMALAY ($142.50 in chips)
ESMALAY: posts small blind $1
B_loJkl: posts big blind $3
*** HOLE CARDS ***
ESMALAY: folds
Uncalled bet ($2) returned to B_loJkl
B_loJkl collected $2 from pot
B_loJkl: doesn't show hand
*** SUMMARY ***
Total pot $2 | Rake $0
Seat 4: B_loJkl (big blind) collected ($2)
Seat 8: ESMALAY (button) (small blind) folded before Flop


PokerStars Hand #150489442488:  Hold'em Limit ($3/$6 USD) - 2016/03/17 10:25:08 ET
Table 'Isko' 10-max Seat #8 is the button
Seat 4: B_loJkl ($236.38 in chips)
Seat 8: ESMALAY ($140 in chips)
ESMALAY: posts small blind $1
B_loJkl: posts big blind $3
*** HOLE CARDS ***
ESMALAY: raises $3 to $6
B_loJkl: calls $3
*** FLOP *** [8h 6d Ks]
B_loJkl: checks
ESMALAY: bets $3
B_loJkl: calls $3
*** TURN *** [8h 6d Ks] [Th]
B_loJkl: checks
ESMALAY: bets $6
B_loJkl: calls $6
*** RIVER *** [8h 6d Ks Th] [3h]
B_loJkl: checks
ESMALAY: checks
*** SHOW DOWN ***
B_loJkl: shows [8s 7d] (a pair of Eights)
ESMALAY: shows [Kd 6c] (two pair, Kings and Sixes)
ESMALAY collected $29.50 from pot
*** SUMMARY ***
Total pot $30 | Rake $0.50
Board [8h 6d Ks Th 3h]
Seat 4: B_loJkl (big blind) showed [8s 7d] and lost with a pair of Eights
Seat 8: ESMALAY (button) (small blind) showed [Kd 6c] and won ($29.50) with two pair, Kings and Sixes


PokerStars Hand #150489462088:  Hold'em Limit ($3/$6 USD) - 2016/03/17 10:25:39 ET
Table 'Isko' 10-max Seat #4 is the button
Seat 4: B_loJkl ($221.38 in chips)
Seat 8: ESMALAY ($154.50 in chips)
B_loJkl: posts small blind $1
ESMALAY: posts big blind $3
*** HOLE CARDS ***
B_loJkl: raises $3 to $6
ESMALAY: raises $3 to $9
B_loJkl: calls $3
*** FLOP *** [5d 6d 2d]
ESMALAY: bets $3
B_loJkl: raises $3 to $6
ESMALAY: folds
Uncalled bet ($3) returned to B_loJkl
B_loJkl collected $23.52 from pot
B_loJkl: doesn't show hand
*** SUMMARY ***
Total pot $24 | Rake $0.48
Board [5d 6d 2d]
Seat 4: B_loJkl (button) (small blind) collected ($23.52)
Seat 8: ESMALAY (big blind) folded on the Flop


PokerStars Hand #150489507678:  Hold'em Limit ($3/$6 USD) - 2016/03/17 10:26:53 ET
Table 'Isko' 10-max Seat #4 is the button
Seat 4: B_loJkl ($252.40 in chips)
Seat 8: ESMALAY ($122.50 in chips)
B_loJkl: posts small blind $1
ESMALAY: posts big blind $3
*** HOLE CARDS ***
B_loJkl: raises $3 to $6
ESMALAY: calls $3
*** FLOP *** [4s Ks 9d]
ESMALAY: checks
B_loJkl: bets $3
ESMALAY: calls $3
*** TURN *** [4s Ks 9d] [3d]
ESMALAY: checks
B_loJkl: checks
*** RIVER *** [4s Ks 9d 3d] [3c]
ESMALAY: bets $6
B_loJkl: calls $6
*** SHOW DOWN ***
ESMALAY: shows [Tc 9s] (two pair, Nines and Threes)
B_loJkl: mucks hand
ESMALAY collected $29.50 from pot
*** SUMMARY ***
Total pot $30 | Rake $0.50
Board [4s Ks 9d 3d 3c]
Seat 4: B_loJkl (button) (small blind) mucked
Seat 8: ESMALAY (big blind) showed [Tc 9s] and won ($29.50) with two pair, Nines and Threes


PokerStars Hand #150489484035:  Hold'em Limit ($3/$6 USD) - 2016/03/17 10:26:15 ET
Table 'Isko' 10-max Seat #8 is the button
Seat 4: B_loJkl ($236.90 in chips)
Seat 8: ESMALAY ($138.50 in chips)
ESMALAY: posts small blind $1
B_loJkl: posts big blind $3
*** HOLE CARDS ***
ESMALAY: raises $3 to $6
B_loJkl: folds
Uncalled bet ($3) returned to ESMALAY
ESMALAY collected $6 from pot
ESMALAY: doesn't show hand
*** SUMMARY ***
Total pot $6 | Rake $0
Seat 4: B_loJkl (big blind) folded before Flop
Seat 8: ESMALAY (button) (small blind) collected ($6)


PokerStars Hand #150489478022:  Hold'em Limit ($3/$6 USD) - 2016/03/17 10:26:05 ET
Table 'Isko' 10-max Seat #4 is the button
Seat 4: B_loJkl ($233.90 in chips)
Seat 8: ESMALAY ($141.50 in chips)
B_loJkl: posts small blind $1
ESMALAY: posts big blind $3
*** HOLE CARDS ***
B_loJkl: raises $3 to $6
ESMALAY: folds
Uncalled bet ($3) returned to B_loJkl
B_loJkl collected $6 from pot
B_loJkl: doesn't show hand
*** SUMMARY ***
Total pot $6 | Rake $0
Seat 4: B_loJkl (button) (small blind) collected ($6)
Seat 8: ESMALAY (big blind) folded before Flop


PokerStars Hand #150489504849:  Hold'em Limit ($3/$6 USD) - 2016/03/17 10:26:48 ET
Table 'Isko' 10-max Seat #8 is the button
Seat 4: B_loJkl ($251.40 in chips)
Seat 8: ESMALAY ($123.50 in chips)
ESMALAY: posts small blind $1
B_loJkl: posts big blind $3
*** HOLE CARDS ***
ESMALAY: folds
Uncalled bet ($2) returned to B_loJkl
B_loJkl collected $2 from pot
B_loJkl: doesn't show hand
*** SUMMARY ***
Total pot $2 | Rake $0
Seat 4: B_loJkl (big blind) collected ($2)
Seat 8: ESMALAY (button) (small blind) folded before Flop


PokerStars Hand #150489488744:  Hold'em Limit ($3/$6 USD) - 2016/03/17 10:26:22 ET
Table 'Isko' 10-max Seat #4 is the button
Seat 4: B_loJkl ($233.90 in chips)
Seat 8: ESMALAY ($141.50 in chips)
B_loJkl: posts small blind $1
ESMALAY: posts big blind $3
*** HOLE CARDS ***
B_loJkl: raises $3 to $6
ESMALAY: calls $3
*** FLOP *** [2s 4c 2h]
ESMALAY: checks
B_loJkl: checks
*** TURN *** [2s 4c 2h] [3h]
ESMALAY: bets $6
B_loJkl: calls $6
*** RIVER *** [2s 4c 2h 3h] [Js]
ESMALAY: bets $6
B_loJkl: raises $6 to $12
ESMALAY: folds
Uncalled bet ($6) returned to B_loJkl
B_loJkl collected $35.50 from pot
B_loJkl: doesn't show hand
*** SUMMARY ***
Total pot $36 | Rake $0.50
Board [2s 4c 2h 3h Js]
Seat 4: B_loJkl (button) (small blind) collected ($35.50)
Seat 8: ESMALAY (big blind) folded on the River


PokerStars Hand #150489558448:  Hold'em Limit ($3/$6 USD) - 2016/03/17 10:28:14 ET
Table 'Isko' 10-max Seat #4 is the button
Seat 4: B_loJkl ($207.40 in chips)
Seat 8: ESMALAY ($166.50 in chips)
B_loJkl: posts small blind $1
ESMALAY: posts big blind $3
*** HOLE CARDS ***
B_loJkl: raises $3 to $6
ESMALAY: folds
Uncalled bet ($3) returned to B_loJkl
B_loJkl collected $6 from pot
B_loJkl: doesn't show hand
*** SUMMARY ***
Total pot $6 | Rake $0
Seat 4: B_loJkl (button) (small blind) collected ($6)
Seat 8: ESMALAY (big blind) folded before Flop


PokerStars Hand #150489520261:  Hold'em Limit ($3/$6 USD) - 2016/03/17 10:27:13 ET
Table 'Isko' 10-max Seat #8 is the button
Seat 4: B_loJkl ($237.40 in chips)
Seat 8: ESMALAY ($137 in chips)
ESMALAY: posts small blind $1
B_loJkl: posts big blind $3
*** HOLE CARDS ***
ESMALAY: raises $3 to $6
B_loJkl: calls $3
*** FLOP *** [8s Tc 3s]
B_loJkl: checks
ESMALAY: bets $3
B_loJkl: raises $3 to $6
ESMALAY: calls $3
*** TURN *** [8s Tc 3s] [Qs]
B_loJkl: bets $6
ESMALAY: calls $6
*** RIVER *** [8s Tc 3s Qs] [9c]
B_loJkl: bets $6
ESMALAY: raises $6 to $12
B_loJkl: calls $6
*** SHOW DOWN ***
ESMALAY: shows [Js Ad] (a straight, Eight to Queen)
B_loJkl: mucks hand
ESMALAY collected $59.50 from pot
*** SUMMARY ***
Total pot $60 | Rake $0.50
Board [8s Tc 3s Qs 9c]
Seat 4: B_loJkl (big blind) mucked
Seat 8: ESMALAY (button) (small blind) showed [Js Ad] and won ($59.50) with a straight, Eight to Queen


PokerStars Hand #150489562348:  Hold'em Limit ($3/$6 USD) - 2016/03/17 10:28:20 ET
Table 'Isko' 10-max Seat #8 is the button
Seat 4: B_loJkl ($210.40 in chips)
Seat 8: ESMALAY ($163.50 in chips)
ESMALAY: posts small blind $1
B_loJkl: posts big blind $3
*** HOLE CARDS ***
ESMALAY: raises $3 to $6
B_loJkl: calls $3
*** FLOP *** [Th 3d 5c]
B_loJkl: checks
ESMALAY: bets $3
B_loJkl: raises $3 to $6
ESMALAY: calls $3
*** TURN *** [Th 3d 5c] [8d]
B_loJkl: bets $6
ESMALAY: calls $6
*** RIVER *** [Th 3d 5c 8d] [Qs]
B_loJkl: bets $6
ESMALAY: calls $6
*** SHOW DOWN ***
B_loJkl: shows [Ad Ac] (a pair of Aces)
ESMALAY: mucks hand
B_loJkl collected $47.50 from pot
*** SUMMARY ***
Total pot $48 | Rake $0.50
Board [Th 3d 5c 8d Qs]
Seat 4: B_loJkl (big blind) showed [Ad Ac] and won ($47.50) with a pair of Aces
Seat 8: ESMALAY (button) (small blind) mucked


PokerStars Hand #150489586928:  Hold'em Limit ($3/$6 USD) - 2016/03/17 10:28:59 ET
Table 'Isko' 10-max Seat #4 is the button
Seat 4: B_loJkl ($233.90 in chips)
Seat 8: ESMALAY ($139.50 in chips)
B_loJkl: posts small blind $1
ESMALAY: posts big blind $3
*** HOLE CARDS ***
B_loJkl: raises $3 to $6
ESMALAY: raises $3 to $9
B_loJkl: calls $3
*** FLOP *** [Kh 4d 5h]
ESMALAY: bets $3
B_loJkl: folds
Uncalled bet ($3) returned to ESMALAY
ESMALAY collected $17.64 from pot
ESMALAY: doesn't show hand
*** SUMMARY ***
Total pot $18 | Rake $0.36
Board [Kh 4d 5h]
Seat 4: B_loJkl (button) (small blind) folded on the Flop
Seat 8: ESMALAY (big blind) collected ($17.64)


PokerStars Hand #150489612122:  Hold'em Limit ($3/$6 USD) - 2016/03/17 10:29:39 ET
Table 'Isko' 10-max Seat #8 is the button
Seat 4: B_loJkl ($224.90 in chips)
Seat 8: ESMALAY ($148.14 in chips)
ESMALAY: posts small blind $1
B_loJkl: posts big blind $3
*** HOLE CARDS ***
ESMALAY: raises $3 to $6
B_loJkl: calls $3
*** FLOP *** [4d Ac 6c]
B_loJkl: checks
ESMALAY: bets $3
B_loJkl: calls $3
*** TURN *** [4d Ac 6c] [Ah]
B_loJkl: checks
ESMALAY: bets $6
B_loJkl: calls $6
*** RIVER *** [4d Ac 6c Ah] [Kd]
B_loJkl: checks
Chxmp is disconnected
ESMALAY: bets $6
B_loJkl: calls $6
*** SHOW DOWN ***
ESMALAY: shows [4s Ad] (a full house, Aces full of Fours)
B_loJkl: mucks hand
ESMALAY collected $41.50 from pot
*** SUMMARY ***
Total pot $42 | Rake $0.50
Board [4d Ac 6c Ah Kd]
Seat 4: B_loJkl (big blind) mucked
Seat 8: ESMALAY (button) (small blind) showed [4s Ad] and won ($41.50) with a full house, Aces full of Fours


PokerStars Hand #150489658308:  Hold'em Limit ($3/$6 USD) - 2016/03/17 10:30:53 ET
Table 'Isko' 10-max Seat #4 is the button
Seat 4: B_loJkl ($203.90 in chips)
Seat 8: ESMALAY ($168.64 in chips)
B_loJkl: posts small blind $1
ESMALAY: posts big blind $3
*** HOLE CARDS ***
B_loJkl: raises $3 to $6
klaci197304 joins the table at seat #10
ESMALAY: folds
Uncalled bet ($3) returned to B_loJkl
Ale4o joins the table at seat #1
B_loJkl collected $6 from pot
B_loJkl: doesn't show hand
*** SUMMARY ***
Total pot $6 | Rake $0
Seat 4: B_loJkl (button) (small blind) collected ($6)
Seat 8: ESMALAY (big blind) folded before Flop


PokerStars Hand #150489814789:  Hold'em Limit ($3/$6 USD) - 2016/03/17 10:35:01 ET
Table 'Isko' 10-max Seat #1 is the button
Seat 1: Ale4o ($143.21 in chips)
Seat 10: klaci197304 ($147.56 in chips)
Ale4o: posts small blind $1
klaci197304: posts big blind $3
*** HOLE CARDS ***
Ale4o: raises $3 to $6
klaci197304: calls $3
*** FLOP *** [Td 6s 4d]
klaci197304: checks
Ale4o: checks
*** TURN *** [Td 6s 4d] [Ac]
klaci197304: checks
Ale4o: checks
*** RIVER *** [Td 6s 4d Ac] [8s]
klaci197304: checks
Ale4o: checks
*** SHOW DOWN ***
klaci197304: shows [3s 7h] (high card Ace)
Ale4o: shows [Jc 9d] (high card Ace - Jack kicker)
Ale4o collected $11.76 from pot
*** SUMMARY ***
Total pot $12 | Rake $0.24
Board [Td 6s 4d Ac 8s]
Seat 1: Ale4o (button) (small blind) showed [Jc 9d] and won ($11.76) with high card Ace
Seat 10: klaci197304 (big blind) showed [3s 7h] and lost with high card Ace


PokerStars Hand #150489824322:  Hold'em Limit ($3/$6 USD) - 2016/03/17 10:35:16 ET
Table 'Isko' 10-max Seat #10 is the button
Seat 1: Ale4o ($148.97 in chips)
Seat 10: klaci197304 ($141.56 in chips)
klaci197304: posts small blind $1
Ale4o: posts big blind $3
*** HOLE CARDS ***
klaci197304: calls $2
Ale4o: checks
*** FLOP *** [3c 9s 6s]
Ale4o: checks
klaci197304: bets $3
Ale4o: folds
Uncalled bet ($3) returned to klaci197304
klaci197304 collected $5.88 from pot
klaci197304: doesn't show hand
*** SUMMARY ***
Total pot $6 | Rake $0.12
Board [3c 9s 6s]
Seat 1: Ale4o (big blind) folded on the Flop
Seat 10: klaci197304 (button) (small blind) collected ($5.88)


