PokerStars Hand #161035488428:  Hold'em Limit ($3/$6 USD) - 2016/11/07 7:22:34 ET
Table 'Ismene' 6-max Seat #5 is the button
Seat 1: Hi Im Alexey ($72 in chips)
Seat 5: jackRizzar ($307.59 in chips)
nordschrott will be allowed to play after the button
jackRizzar: posts small blind $1
zizonmusang: is sitting out
Hi Im Alexey: posts big blind $3
*** HOLE CARDS ***
jackRizzar: raises $3 to $6
Hi Im Alexey: calls $3
*** FLOP *** [3h 8s Td]
Hi Im Alexey: checks
jackRizzar: bets $3
Hi Im Alexey: raises $3 to $6
jackRizzar: calls $3
*** TURN *** [3h 8s Td] [7s]
Hi Im Alexey: bets $6
zizonmusang leaves the table
jackRizzar: raises $6 to $12
Hi Im Alexey: raises $6 to $18
jackRizzar: calls $6
*** RIVER *** [3h 8s Td 7s] [Qs]
Hi Im Alexey: bets $6
jackRizzar: folds
Uncalled bet ($6) returned to Hi Im Alexey
Hi Im Alexey collected $59.50 from pot
*** SUMMARY ***
Total pot $60 | Rake $0.50
Board [3h 8s Td 7s Qs]
Seat 1: Hi Im Alexey (big blind) collected ($59.50)
Seat 5: jackRizzar (button) (small blind) folded on the River


PokerStars Hand #161035600782:  Hold'em Limit ($3/$6 USD) - 2016/11/07 7:26:14 ET
Table 'Ismene' 6-max Seat #4 is the button
Seat 1: Hi Im Alexey ($133.43 in chips)
Seat 4: nordschrott ($11.78 in chips)
nordschrott: posts small blind $1
jackRizzar: is sitting out
Hi Im Alexey: posts big blind $3
*** HOLE CARDS ***
nordschrott: folds
Uncalled bet ($2) returned to Hi Im Alexey
jackRizzar leaves the table
Hi Im Alexey collected $2 from pot
*** SUMMARY ***
Total pot $2 | Rake $0
Seat 1: Hi Im Alexey (big blind) collected ($2)
Seat 4: nordschrott (button) (small blind) folded before Flop


PokerStars Hand #161035603607:  Hold'em Limit ($3/$6 USD) - 2016/11/07 7:26:19 ET
Table 'Ismene' 6-max Seat #1 is the button
Seat 1: Hi Im Alexey ($134.43 in chips)
Seat 4: nordschrott ($10.78 in chips)
Hi Im Alexey: posts small blind $1
nordschrott: posts big blind $3
*** HOLE CARDS ***
Hi Im Alexey: raises $3 to $6
nordschrott: raises $3 to $9
Hi Im Alexey: raises $3 to $12
Betting is capped
chanchorengo joins the table at seat #6
nordschrott: calls $1.78 and is all-in
Uncalled bet ($1.22) returned to Hi Im Alexey
*** FLOP *** [3d 4d 2d]
*** TURN *** [3d 4d 2d] [8s]
*** RIVER *** [3d 4d 2d 8s] [5c]
*** SHOW DOWN ***
nordschrott: shows [As Tc] (a straight, Ace to Five)
Hi Im Alexey: shows [Ks 6s] (a straight, Deuce to Six)
Hi Im Alexey collected $21.13 from pot
*** SUMMARY ***
Total pot $21.56 | Rake $0.43
Board [3d 4d 2d 8s 5c]
Seat 1: Hi Im Alexey (button) (small blind) showed [Ks 6s] and won ($21.13) with a straight, Deuce to Six
Seat 4: nordschrott (big blind) showed [As Tc] and lost with a straight, Ace to Five


PokerStars Hand #161035685028:  Hold'em Limit ($3/$6 USD) - 2016/11/07 7:28:57 ET
Table 'Ismene' 6-max Seat #1 is the button
Seat 1: Hi Im Alexey ($153.42 in chips)
Seat 6: chanchorengo ($102.66 in chips)
Hi Im Alexey: posts small blind $1
chanchorengo: posts big blind $3
*** HOLE CARDS ***
Hi Im Alexey: raises $3 to $6
chanchorengo: calls $3
*** FLOP *** [Js Kc 4d]
chanchorengo: checks
Hi Im Alexey: bets $3
chanchorengo: calls $3
*** TURN *** [Js Kc 4d] [Qc]
chanchorengo: checks
Hi Im Alexey: checks
*** RIVER *** [Js Kc 4d Qc] [8h]
chanchorengo: bets $6
Hi Im Alexey: folds
Uncalled bet ($6) returned to chanchorengo
chanchorengo collected $17.64 from pot
*** SUMMARY ***
Total pot $18 | Rake $0.36
Board [Js Kc 4d Qc 8h]
Seat 1: Hi Im Alexey (button) (small blind) folded on the River
Seat 6: chanchorengo (big blind) collected ($17.64)


PokerStars Hand #161035663426:  Hold'em Limit ($3/$6 USD) - 2016/11/07 7:28:15 ET
Table 'Ismene' 6-max Seat #6 is the button
Seat 1: Hi Im Alexey ($144.78 in chips)
Seat 6: chanchorengo ($111.66 in chips)
chanchorengo: posts small blind $1
Hi Im Alexey: posts big blind $3
*** HOLE CARDS ***
chanchorengo: raises $3 to $6
Hi Im Alexey: calls $3
*** FLOP *** [3d Kh Qd]
Hi Im Alexey: checks
chanchorengo: bets $3
Hi Im Alexey: calls $3
*** TURN *** [3d Kh Qd] [3c]
Hi Im Alexey: checks
chanchorengo: checks
*** RIVER *** [3d Kh Qd 3c] [7s]
Hi Im Alexey: bets $6
chanchorengo: folds
Uncalled bet ($6) returned to Hi Im Alexey
Hi Im Alexey collected $17.64 from pot
*** SUMMARY ***
Total pot $18 | Rake $0.36
Board [3d Kh Qd 3c 7s]
Seat 1: Hi Im Alexey (big blind) collected ($17.64)
Seat 6: chanchorengo (button) (small blind) folded on the River


PokerStars Hand #161035720382:  Hold'em Limit ($3/$6 USD) - 2016/11/07 7:30:06 ET
Table 'Ismene' 6-max Seat #1 is the button
Seat 1: Hi Im Alexey ($147.30 in chips)
Seat 6: chanchorengo ($108.30 in chips)
Hi Im Alexey: posts small blind $1
chanchorengo: posts big blind $3
*** HOLE CARDS ***
Hi Im Alexey: raises $3 to $6
chanchorengo: raises $3 to $9
Hi Im Alexey: calls $3
*** FLOP *** [2s 2h 8d]
chanchorengo: bets $3
Hi Im Alexey: calls $3
*** TURN *** [2s 2h 8d] [6d]
chanchorengo: bets $6
Hi Im Alexey: calls $6
*** RIVER *** [2s 2h 8d 6d] [7d]
Actionni13 joins the table at seat #5
chanchorengo: bets $6
Hi Im Alexey: calls $6
*** SHOW DOWN ***
chanchorengo: shows [Qh Qs] (two pair, Queens and Deuces)
Hi Im Alexey: mucks hand
chanchorengo collected $47.50 from pot
*** SUMMARY ***
Total pot $48 | Rake $0.50
Board [2s 2h 8d 6d 7d]
Seat 1: Hi Im Alexey (button) (small blind) mucked
Seat 6: chanchorengo (big blind) showed [Qh Qs] and won ($47.50) with two pair, Queens and Deuces


PokerStars Hand #161035711095:  Hold'em Limit ($3/$6 USD) - 2016/11/07 7:29:48 ET
Table 'Ismene' 6-max Seat #6 is the button
Seat 1: Hi Im Alexey ($144.42 in chips)
Seat 6: chanchorengo ($111.30 in chips)
chanchorengo: posts small blind $1
Hi Im Alexey: posts big blind $3
*** HOLE CARDS ***
chanchorengo: calls $2
Hi Im Alexey: checks
*** FLOP *** [2c Jd 3h]
Hi Im Alexey: bets $3
chanchorengo: folds
Uncalled bet ($3) returned to Hi Im Alexey
Hi Im Alexey collected $5.88 from pot
*** SUMMARY ***
Total pot $6 | Rake $0.12
Board [2c Jd 3h]
Seat 1: Hi Im Alexey (big blind) collected ($5.88)
Seat 6: chanchorengo (button) (small blind) folded on the Flop


PokerStars Hand #161035740298:  Hold'em Limit ($3/$6 USD) - 2016/11/07 7:30:45 ET
Table 'Ismene' 6-max Seat #6 is the button
Seat 1: Hi Im Alexey ($123.30 in chips)
Seat 6: chanchorengo ($131.80 in chips)
chanchorengo: posts small blind $1
Hi Im Alexey: posts big blind $3
*** HOLE CARDS ***
chanchorengo: folds
Uncalled bet ($2) returned to Hi Im Alexey
Hi Im Alexey collected $2 from pot
*** SUMMARY ***
Total pot $2 | Rake $0
Seat 1: Hi Im Alexey (big blind) collected ($2)
Seat 6: chanchorengo (button) (small blind) folded before Flop


PokerStars Hand #161037844157:  Hold'em Limit ($3/$6 USD) - 2016/11/07 8:36:23 ET
Table 'Ismene' 6-max Seat #1 is the button
Seat 1: PikkuHUMPPA ($175.88 in chips)
Seat 3: pecs680 ($120 in chips)
PikkuHUMPPA: posts small blind $1
HAL9QQQ: is sitting out
pecs680: posts big blind $3
*** HOLE CARDS ***
PikkuHUMPPA: raises $3 to $6
pecs680: calls $3
*** FLOP *** [Ad 8s Ks]
pecs680: checks
PikkuHUMPPA: bets $3
pecs680: folds
Uncalled bet ($3) returned to PikkuHUMPPA
PikkuHUMPPA collected $11.76 from pot
PikkuHUMPPA: doesn't show hand
*** SUMMARY ***
Total pot $12 | Rake $0.24
Board [Ad 8s Ks]
Seat 1: PikkuHUMPPA (button) (small blind) collected ($11.76)
Seat 3: pecs680 (big blind) folded on the Flop


PokerStars Hand #161037874033:  Hold'em Limit ($3/$6 USD) - 2016/11/07 8:37:16 ET
Table 'Ismene' 6-max Seat #3 is the button
Seat 3: SLK500 ($54 in chips)
Seat 5: tamnt10549 ($30 in chips)
SLK500: posts small blind $1
tamnt10549: posts big blind $3
*** HOLE CARDS ***
SLK500: raises $3 to $6
tamnt10549: raises $3 to $9
SLK500: calls $3
*** FLOP *** [4h 8c 6h]
tamnt10549: bets $3
SLK500: raises $3 to $6
tamnt10549: calls $3
*** TURN *** [4h 8c 6h] [3s]
tamnt10549: checks
SLK500: bets $6
PikkuHUMPPA joins the table at seat #1
tamnt10549: calls $6
*** RIVER *** [4h 8c 6h 3s] [9s]
tamnt10549: checks
SLK500: bets $6
tamnt10549: folds
Uncalled bet ($6) returned to SLK500
SLK500 collected $41.50 from pot
SLK500: doesn't show hand
*** SUMMARY ***
Total pot $42 | Rake $0.50
Board [4h 8c 6h 3s 9s]
Seat 3: SLK500 (button) (small blind) collected ($41.50)
Seat 5: tamnt10549 (big blind) folded on the River


PokerStars Hand #161037914042:  Hold'em Limit ($3/$6 USD) - 2016/11/07 8:38:26 ET
Table 'Ismene' 6-max Seat #1 is the button
Seat 1: PikkuHUMPPA ($62.46 in chips)
Seat 3: SLK500 ($70.50 in chips)
PikkuHUMPPA: posts small blind $1
SLK500: posts big blind $3
*** HOLE CARDS ***
PikkuHUMPPA: folds
Uncalled bet ($2) returned to SLK500
SLK500 collected $2 from pot
SLK500: doesn't show hand
*** SUMMARY ***
Total pot $2 | Rake $0
Seat 1: PikkuHUMPPA (button) (small blind) folded before Flop
Seat 3: SLK500 (big blind) collected ($2)


PokerStars Hand #161037909942:  Hold'em Limit ($3/$6 USD) - 2016/11/07 8:38:19 ET
Table 'Ismene' 6-max Seat #3 is the button
Seat 1: PikkuHUMPPA ($61.46 in chips)
Seat 3: SLK500 ($71.50 in chips)
SLK500: posts small blind $1
PikkuHUMPPA: posts big blind $3
*** HOLE CARDS ***
SLK500: folds
Uncalled bet ($2) returned to PikkuHUMPPA
PikkuHUMPPA collected $2 from pot
PikkuHUMPPA: doesn't show hand
*** SUMMARY ***
Total pot $2 | Rake $0
Seat 1: PikkuHUMPPA (big blind) collected ($2)
Seat 3: SLK500 (button) (small blind) folded before Flop


PokerStars Hand #161037906630:  Hold'em Limit ($3/$6 USD) - 2016/11/07 8:38:13 ET
Table 'Ismene' 6-max Seat #1 is the button
Seat 1: PikkuHUMPPA ($58.46 in chips)
Seat 3: SLK500 ($74.50 in chips)
PikkuHUMPPA: posts small blind $1
SLK500: posts big blind $3
*** HOLE CARDS ***
PikkuHUMPPA: raises $3 to $6
SLK500: folds
Uncalled bet ($3) returned to PikkuHUMPPA
PikkuHUMPPA collected $6 from pot
PikkuHUMPPA: doesn't show hand
*** SUMMARY ***
Total pot $6 | Rake $0
Seat 1: PikkuHUMPPA (button) (small blind) collected ($6)
Seat 3: SLK500 (big blind) folded before Flop


