PokerStars Hand #145479446806:  Hold'em Limit ($3/$6 USD) - 2015/12/17 9:06:14 ET
Table 'Ismene' 6-max Seat #4 is the button
Seat 3: 40 ft cliff ($115.50 in chips)
Seat 4: TbIP-TbIP 88 ($80.64 in chips)
TbIP-TbIP 88: posts small blind $1
40 ft cliff: posts big blind $3
*** HOLE CARDS ***
TbIP-TbIP 88: raises $3 to $6
40 ft cliff: calls $3
*** FLOP *** [Ad 6s Kc]
40 ft cliff: bets $3
TbIP-TbIP 88: folds
Uncalled bet ($3) returned to 40 ft cliff
40 ft cliff collected $11.76 from pot
40 ft cliff: doesn't show hand
*** SUMMARY ***
Total pot $12 | Rake $0.24
Board [Ad 6s Kc]
Seat 3: 40 ft cliff (big blind) collected ($11.76)
Seat 4: TbIP-TbIP 88 (button) (small blind) folded on the Flop


PokerStars Hand #145479462653:  Hold'em Limit ($3/$6 USD) - 2015/12/17 9:06:38 ET
Table 'Ismene' 6-max Seat #3 is the button
Seat 3: 40 ft cliff ($121.26 in chips)
Seat 4: TbIP-TbIP 88 ($74.64 in chips)
40 ft cliff: posts small blind $1
TbIP-TbIP 88: posts big blind $3
*** HOLE CARDS ***
40 ft cliff: raises $3 to $6
TbIP-TbIP 88: raises $3 to $9
40 ft cliff: calls $3
*** FLOP *** [6d Ah 6s]
TbIP-TbIP 88: bets $3
40 ft cliff: folds
Uncalled bet ($3) returned to TbIP-TbIP 88
TbIP-TbIP 88 collected $17.64 from pot
TbIP-TbIP 88: doesn't show hand
*** SUMMARY ***
Total pot $18 | Rake $0.36
Board [6d Ah 6s]
Seat 3: 40 ft cliff (button) (small blind) folded on the Flop
Seat 4: TbIP-TbIP 88 (big blind) collected ($17.64)


PokerStars Hand #145479471699:  Hold'em Limit ($3/$6 USD) - 2015/12/17 9:06:52 ET
Table 'Ismene' 6-max Seat #4 is the button
Seat 3: 40 ft cliff ($112.26 in chips)
Seat 4: TbIP-TbIP 88 ($83.28 in chips)
TbIP-TbIP 88: posts small blind $1
40 ft cliff: posts big blind $3
*** HOLE CARDS ***
TbIP-TbIP 88: raises $3 to $6
40 ft cliff: calls $3
*** FLOP *** [2d 7c Th]
40 ft cliff: bets $3
TbIP-TbIP 88: calls $3
*** TURN *** [2d 7c Th] [6h]
40 ft cliff: bets $6
TbIP-TbIP 88: folds
Uncalled bet ($6) returned to 40 ft cliff
40 ft cliff collected $17.64 from pot
40 ft cliff: doesn't show hand
*** SUMMARY ***
Total pot $18 | Rake $0.36
Board [2d 7c Th 6h]
Seat 3: 40 ft cliff (big blind) collected ($17.64)
Seat 4: TbIP-TbIP 88 (button) (small blind) folded on the Turn


PokerStars Hand #145479492712:  Hold'em Limit ($3/$6 USD) - 2015/12/17 9:07:25 ET
Table 'Ismene' 6-max Seat #3 is the button
Seat 3: 40 ft cliff ($120.90 in chips)
Seat 4: TbIP-TbIP 88 ($74.28 in chips)
40 ft cliff: posts small blind $1
TbIP-TbIP 88: posts big blind $3
*** HOLE CARDS ***
40 ft cliff: raises $3 to $6
TbIP-TbIP 88: raises $3 to $9
Mordnilap joins the table at seat #5
40 ft cliff: calls $3
*** FLOP *** [Js 2d 7c]
TbIP-TbIP 88: bets $3
40 ft cliff: folds
Uncalled bet ($3) returned to TbIP-TbIP 88
TbIP-TbIP 88 collected $17.64 from pot
TbIP-TbIP 88: doesn't show hand
*** SUMMARY ***
Total pot $18 | Rake $0.36
Board [Js 2d 7c]
Seat 3: 40 ft cliff (button) (small blind) folded on the Flop
Seat 4: TbIP-TbIP 88 (big blind) collected ($17.64)


