PokerStars Hand #145518824641:  Hold'em Limit ($3/$6 USD) - 2015/12/18 2:52:14 ET
Table 'Ismene' 2-max Seat #1 is the button
Seat 1: dodge658 ($28.35 in chips)
Seat 2: MTails ($140.50 in chips)
dodge658: posts small blind $1
MTails: posts big blind $3
*** HOLE CARDS ***
dodge658: calls $2
MTails: raises $3 to $6
dodge658: calls $3
*** FLOP *** [9h 5h 5c]
MTails: bets $3
dodge658: folds
Uncalled bet ($3) returned to MTails
MTails collected $11.76 from pot
*** SUMMARY ***
Total pot $12 | Rake $0.24
Board [9h 5h 5c]
Seat 1: dodge658 (button) (small blind) folded on the Flop
Seat 2: MTails (big blind) collected ($11.76)


PokerStars Hand #145518814150:  Hold'em Limit ($3/$6 USD) - 2015/12/18 2:51:38 ET
Table 'Ismene' 2-max Seat #2 is the button
Seat 1: dodge658 ($49.35 in chips)
Seat 2: MTails ($120 in chips)
MTails: posts small blind $1
dodge658: posts big blind $3
*** HOLE CARDS ***
MTails: raises $3 to $6
dodge658: calls $3
*** FLOP *** [Qs As 3s]
dodge658: bets $3
MTails: calls $3
*** TURN *** [Qs As 3s] [Ks]
dodge658: bets $6
MTails: calls $6
*** RIVER *** [Qs As 3s Ks] [Ah]
dodge658: bets $6
MTails: calls $6
*** SHOW DOWN ***
dodge658: shows [Qd 9h] (two pair, Aces and Queens)
MTails: shows [7c 6s] (a flush, Ace high)
MTails collected $41.50 from pot
*** SUMMARY ***
Total pot $42 | Rake $0.50
Board [Qs As 3s Ks Ah]
Seat 1: dodge658 (big blind) showed [Qd 9h] and lost with two pair, Aces and Queens
Seat 2: MTails (button) (small blind) showed [7c 6s] and won ($41.50) with a flush, Ace high


PokerStars Hand #145518829119:  Hold'em Limit ($3/$6 USD) - 2015/12/18 2:52:29 ET
Table 'Ismene' 2-max Seat #2 is the button
Seat 1: dodge658 ($22.35 in chips)
Seat 2: MTails ($146.26 in chips)
MTails: posts small blind $1
dodge658: posts big blind $3
*** HOLE CARDS ***
MTails: raises $3 to $6
dodge658: calls $3
*** FLOP *** [2c Kh 2s]
dodge658: checks
MTails: bets $3
dodge658: calls $3
*** TURN *** [2c Kh 2s] [6d]
dodge658: bets $6
MTails: folds
Uncalled bet ($6) returned to dodge658
dodge658 collected $17.64 from pot
dodge658: doesn't show hand
*** SUMMARY ***
Total pot $18 | Rake $0.36
Board [2c Kh 2s 6d]
Seat 1: dodge658 (big blind) collected ($17.64)
Seat 2: MTails (button) (small blind) folded on the Turn


PokerStars Hand #145518842191:  Hold'em Limit ($3/$6 USD) - 2015/12/18 2:53:14 ET
Table 'Ismene' 2-max Seat #2 is the button
Seat 1: dodge658 ($61.48 in chips)
Seat 2: MTails ($106.27 in chips)
MTails: posts small blind $1
dodge658: posts big blind $3
*** HOLE CARDS ***
MTails: raises $3 to $6
dodge658: calls $3
*** FLOP *** [2h Qc 6c]
dodge658: bets $3
MTails: calls $3
*** TURN *** [2h Qc 6c] [9d]
dodge658: checks
MTails: bets $6
dodge658: calls $6
*** RIVER *** [2h Qc 6c 9d] [6h]
dodge658: checks
MTails: bets $6
dodge658: calls $6
*** SHOW DOWN ***
MTails: shows [7d 5c] (a pair of Sixes)
dodge658: shows [2s Ac] (two pair, Sixes and Deuces)
dodge658 collected $41.50 from pot
*** SUMMARY ***
Total pot $42 | Rake $0.50
Board [2h Qc 6c 9d 6h]
Seat 1: dodge658 (big blind) showed [2s Ac] and won ($41.50) with two pair, Sixes and Deuces
Seat 2: MTails (button) (small blind) showed [7d 5c] and lost with a pair of Sixes


PokerStars Hand #145518834323:  Hold'em Limit ($3/$6 USD) - 2015/12/18 2:52:47 ET
Table 'Ismene' 2-max Seat #1 is the button
Seat 1: dodge658 ($30.99 in chips)
Seat 2: MTails ($137.26 in chips)
dodge658: posts small blind $1
MTails: posts big blind $3
*** HOLE CARDS ***
dodge658: calls $2
MTails: raises $3 to $6
dodge658: calls $3
*** FLOP *** [Kd Tc 2d]
MTails: bets $3
dodge658: calls $3
*** TURN *** [Kd Tc 2d] [6s]
MTails: checks
dodge658: bets $6
MTails: calls $6
*** RIVER *** [Kd Tc 2d 6s] [5s]
MTails: checks
dodge658: bets $6
MTails: raises $6 to $12
dodge658: raises $3.99 to $15.99 and is all-in
MTails: calls $3.99
*** SHOW DOWN ***
dodge658: shows [Kh Kc] (three of a kind, Kings)
MTails: shows [6d 5h] (two pair, Sixes and Fives)
dodge658 collected $61.48 from pot
*** SUMMARY ***
Total pot $61.98 | Rake $0.50
Board [Kd Tc 2d 6s 5s]
Seat 1: dodge658 (button) (small blind) showed [Kh Kc] and won ($61.48) with three of a kind, Kings
Seat 2: MTails (big blind) showed [6d 5h] and lost with two pair, Sixes and Fives


PokerStars Hand #145518862435:  Hold'em Limit ($3/$6 USD) - 2015/12/18 2:54:24 ET
Table 'Ismene' 2-max Seat #1 is the button
Seat 1: dodge658 ($87.48 in chips)
Seat 2: MTails ($78.91 in chips)
dodge658: posts small blind $1
MTails: posts big blind $3
*** HOLE CARDS ***
dodge658: calls $2
MTails: raises $3 to $6
dodge658: calls $3
*** FLOP *** [Th 3d Jc]
MTails: bets $3
dodge658: calls $3
*** TURN *** [Th 3d Jc] [8s]
MTails: checks
dodge658: bets $6
MTails: calls $6
*** RIVER *** [Th 3d Jc 8s] [Tc]
MTails: checks
dodge658: bets $6
MTails: folds
Uncalled bet ($6) returned to dodge658
dodge658 collected $29.50 from pot
dodge658: doesn't show hand
*** SUMMARY ***
Total pot $30 | Rake $0.50
Board [Th 3d Jc 8s Tc]
Seat 1: dodge658 (button) (small blind) collected ($29.50)
Seat 2: MTails (big blind) folded on the River


PokerStars Hand #145518854446:  Hold'em Limit ($3/$6 USD) - 2015/12/18 2:53:56 ET
Table 'Ismene' 2-max Seat #2 is the button
Seat 1: dodge658 ($96.48 in chips)
Seat 2: MTails ($70.27 in chips)
MTails: posts small blind $1
dodge658: posts big blind $3
*** HOLE CARDS ***
MTails: raises $3 to $6
dodge658: calls $3
*** FLOP *** [As 8s 4s]
dodge658: checks
MTails: bets $3
dodge658: calls $3
*** TURN *** [As 8s 4s] [2c]
dodge658: checks
MTails: bets $6
dodge658: folds
Uncalled bet ($6) returned to MTails
MTails collected $17.64 from pot
*** SUMMARY ***
Total pot $18 | Rake $0.36
Board [As 8s 4s 2c]
Seat 1: dodge658 (big blind) folded on the Turn
Seat 2: MTails (button) (small blind) collected ($17.64)


PokerStars Hand #145518848859:  Hold'em Limit ($3/$6 USD) - 2015/12/18 2:53:37 ET
Table 'Ismene' 2-max Seat #1 is the button
Seat 1: dodge658 ($81.98 in chips)
Seat 2: MTails ($85.27 in chips)
dodge658: posts small blind $1
MTails: posts big blind $3
*** HOLE CARDS ***
dodge658: calls $2
MTails: raises $3 to $6
dodge658: calls $3
*** FLOP *** [2h 7c 7h]
MTails: bets $3
dodge658: calls $3
*** TURN *** [2h 7c 7h] [2c]
MTails: bets $6
dodge658: raises $6 to $12
MTails: folds
Uncalled bet ($6) returned to dodge658
dodge658 collected $29.50 from pot
dodge658: doesn't show hand
*** SUMMARY ***
Total pot $30 | Rake $0.50
Board [2h 7c 7h 2c]
Seat 1: dodge658 (button) (small blind) collected ($29.50)
Seat 2: MTails (big blind) folded on the Turn


PokerStars Hand #145518877335:  Hold'em Limit ($3/$6 USD) - 2015/12/18 2:55:15 ET
Table 'Ismene' 2-max Seat #1 is the button
Seat 1: dodge658 ($71.98 in chips)
Seat 2: MTails ($93.41 in chips)
dodge658: posts small blind $1
MTails: posts big blind $3
*** HOLE CARDS ***
dodge658: calls $2
MTails: raises $3 to $6
dodge658: calls $3
*** FLOP *** [4c 4d Qc]
MTails: bets $3
dodge658: calls $3
*** TURN *** [4c 4d Qc] [Ts]
MTails: bets $6
dodge658: folds
Uncalled bet ($6) returned to MTails
MTails collected $17.64 from pot
*** SUMMARY ***
Total pot $18 | Rake $0.36
Board [4c 4d Qc Ts]
Seat 1: dodge658 (button) (small blind) folded on the Turn
Seat 2: MTails (big blind) collected ($17.64)


PokerStars Hand #145518871095:  Hold'em Limit ($3/$6 USD) - 2015/12/18 2:54:54 ET
Table 'Ismene' 2-max Seat #2 is the button
Seat 1: dodge658 ($101.98 in chips)
Seat 2: MTails ($63.91 in chips)
MTails: posts small blind $1
dodge658: posts big blind $3
*** HOLE CARDS ***
MTails: raises $3 to $6
dodge658: calls $3
*** FLOP *** [Ks 3s 7c]
dodge658: bets $3
MTails: raises $3 to $6
dodge658: calls $3
*** TURN *** [Ks 3s 7c] [Jc]
dodge658: bets $6
MTails: calls $6
*** RIVER *** [Ks 3s 7c Jc] [8h]
dodge658: bets $6
MTails: raises $6 to $12
dodge658: calls $6
*** SHOW DOWN ***
MTails: shows [Js 8c] (two pair, Jacks and Eights)
dodge658: mucks hand
MTails collected $59.50 from pot
*** SUMMARY ***
Total pot $60 | Rake $0.50
Board [Ks 3s 7c Jc 8h]
Seat 1: dodge658 (big blind) mucked
Seat 2: MTails (button) (small blind) showed [Js 8c] and won ($59.50) with two pair, Jacks and Eights


PokerStars Hand #145518889335:  Hold'em Limit ($3/$6 USD) - 2015/12/18 2:56:03 ET
Table 'Ismene' 2-max Seat #1 is the button
Seat 1: dodge658 ($77.48 in chips)
Seat 2: MTails ($87.05 in chips)
dodge658: posts small blind $1
MTails: posts big blind $3
*** HOLE CARDS ***
dodge658: calls $2
MTails: raises $3 to $6
dodge658: calls $3
*** FLOP *** [Qs Ks 4s]
MTails: bets $3
dodge658: calls $3
*** TURN *** [Qs Ks 4s] [3h]
MTails: bets $6
dodge658: calls $6
*** RIVER *** [Qs Ks 4s 3h] [3d]
MTails: bets $6
dodge658: folds
Uncalled bet ($6) returned to MTails
MTails collected $29.50 from pot
*** SUMMARY ***
Total pot $30 | Rake $0.50
Board [Qs Ks 4s 3h 3d]
Seat 1: dodge658 (button) (small blind) folded on the River
Seat 2: MTails (big blind) collected ($29.50)


PokerStars Hand #145518895658:  Hold'em Limit ($3/$6 USD) - 2015/12/18 2:56:28 ET
Table 'Ismene' 2-max Seat #2 is the button
Seat 1: dodge658 ($62.48 in chips)
Seat 2: MTails ($101.55 in chips)
MTails: posts small blind $1
dodge658: posts big blind $3
*** HOLE CARDS ***
MTails: raises $3 to $6
dodge658: calls $3
*** FLOP *** [9d 3s 3c]
dodge658: bets $3
MTails: raises $3 to $6
dodge658: calls $3
*** TURN *** [9d 3s 3c] [3d]
dodge658: bets $6
MTails: calls $6
*** RIVER *** [9d 3s 3c 3d] [7h]
dodge658: bets $6
MTails: calls $6
*** SHOW DOWN ***
dodge658: shows [Js Jc] (a full house, Threes full of Jacks)
MTails: mucks hand
dodge658 collected $47.50 from pot
*** SUMMARY ***
Total pot $48 | Rake $0.50
Board [9d 3s 3c 3d 7h]
Seat 1: dodge658 (big blind) showed [Js Jc] and won ($47.50) with a full house, Threes full of Jacks
Seat 2: MTails (button) (small blind) mucked


PokerStars Hand #145518881301:  Hold'em Limit ($3/$6 USD) - 2015/12/18 2:55:31 ET
Table 'Ismene' 2-max Seat #2 is the button
Seat 1: dodge658 ($62.98 in chips)
Seat 2: MTails ($102.05 in chips)
MTails: posts small blind $1
dodge658: posts big blind $3
*** HOLE CARDS ***
MTails: raises $3 to $6
dodge658: calls $3
*** FLOP *** [9s 4c 6d]
dodge658: checks
MTails: bets $3
dodge658: calls $3
*** TURN *** [9s 4c 6d] [2c]
dodge658: checks
MTails: bets $6
dodge658: calls $6
*** RIVER *** [9s 4c 6d 2c] [5c]
dodge658: bets $6
MTails: folds
Uncalled bet ($6) returned to dodge658
dodge658 collected $29.50 from pot
dodge658: doesn't show hand
*** SUMMARY ***
Total pot $30 | Rake $0.50
Board [9s 4c 6d 2c 5c]
Seat 1: dodge658 (big blind) collected ($29.50)
Seat 2: MTails (button) (small blind) folded on the River


PokerStars Hand #145518901426:  Hold'em Limit ($3/$6 USD) - 2015/12/18 2:56:50 ET
Table 'Ismene' 2-max Seat #1 is the button
Seat 1: dodge658 ($85.98 in chips)
Seat 2: MTails ($77.55 in chips)
dodge658: posts small blind $1
MTails: posts big blind $3
*** HOLE CARDS ***
dodge658: calls $2
MTails: raises $3 to $6
dodge658: calls $3
*** FLOP *** [Ts 8h 7c]
MTails: bets $3
dodge658: calls $3
*** TURN *** [Ts 8h 7c] [9d]
MTails: bets $6
dodge658: raises $6 to $12
MTails: calls $6
*** RIVER *** [Ts 8h 7c 9d] [6s]
MTails: checks
dodge658: bets $6
MTails: folds
Uncalled bet ($6) returned to dodge658
dodge658 collected $41.50 from pot
dodge658: doesn't show hand
*** SUMMARY ***
Total pot $42 | Rake $0.50
Board [Ts 8h 7c 9d 6s]
Seat 1: dodge658 (button) (small blind) collected ($41.50)
Seat 2: MTails (big blind) folded on the River


PokerStars Hand #145518907432:  Hold'em Limit ($3/$6 USD) - 2015/12/18 2:57:13 ET
Table 'Ismene' 2-max Seat #2 is the button
Seat 1: dodge658 ($106.48 in chips)
Seat 2: MTails ($56.55 in chips)
MTails: posts small blind $1
dodge658: posts big blind $3
*** HOLE CARDS ***
MTails: raises $3 to $6
dodge658: calls $3
*** FLOP *** [Qd Js Ah]
dodge658: checks
MTails: bets $3
dodge658: folds
Uncalled bet ($3) returned to MTails
MTails collected $11.76 from pot
*** SUMMARY ***
Total pot $12 | Rake $0.24
Board [Qd Js Ah]
Seat 1: dodge658 (big blind) folded on the Flop
Seat 2: MTails (button) (small blind) collected ($11.76)


PokerStars Hand #145518911147:  Hold'em Limit ($3/$6 USD) - 2015/12/18 2:57:28 ET
Table 'Ismene' 2-max Seat #1 is the button
Seat 1: dodge658 ($100.48 in chips)
Seat 2: MTails ($122.31 in chips)
dodge658: posts small blind $1
MTails: posts big blind $3
*** HOLE CARDS ***
dodge658: calls $2
MTails: checks
*** FLOP *** [3s 2c Ac]
MTails: checks
dodge658: bets $3
MTails: calls $3
*** TURN *** [3s 2c Ac] [Kh]
MTails: checks
dodge658: bets $6
MTails: calls $6
*** RIVER *** [3s 2c Ac Kh] [2s]
MTails: checks
dodge658: bets $6
MTails: folds
Uncalled bet ($6) returned to dodge658
dodge658 collected $23.52 from pot
dodge658: doesn't show hand
*** SUMMARY ***
Total pot $24 | Rake $0.48
Board [3s 2c Ac Kh 2s]
Seat 1: dodge658 (button) (small blind) collected ($23.52)
Seat 2: MTails (big blind) folded on the River


PokerStars Hand #145518921615:  Hold'em Limit ($3/$6 USD) - 2015/12/18 2:58:08 ET
Table 'Ismene' 2-max Seat #1 is the button
Seat 1: dodge658 ($106 in chips)
Seat 2: MTails ($116.07 in chips)
dodge658: posts small blind $1
MTails: posts big blind $3
*** HOLE CARDS ***
dodge658: calls $2
MTails: raises $3 to $6
dodge658: calls $3
*** FLOP *** [Ah Qd 4d]
MTails: bets $3
dodge658: calls $3
*** TURN *** [Ah Qd 4d] [Kd]
MTails: bets $6
dodge658: calls $6
*** RIVER *** [Ah Qd 4d Kd] [7h]
MTails: checks
dodge658: checks
*** SHOW DOWN ***
MTails: shows [As 5c] (a pair of Aces)
dodge658: mucks hand
MTails collected $29.50 from pot
*** SUMMARY ***
Total pot $30 | Rake $0.50
Board [Ah Qd 4d Kd 7h]
Seat 1: dodge658 (button) (small blind) mucked
Seat 2: MTails (big blind) showed [As 5c] and won ($29.50) with a pair of Aces


PokerStars Hand #145518918460:  Hold'em Limit ($3/$6 USD) - 2015/12/18 2:57:56 ET
Table 'Ismene' 2-max Seat #2 is the button
Seat 1: dodge658 ($112 in chips)
Seat 2: MTails ($110.31 in chips)
MTails: posts small blind $1
dodge658: posts big blind $3
*** HOLE CARDS ***
MTails: raises $3 to $6
dodge658: calls $3
*** FLOP *** [Kd 7d Qh]
dodge658: checks
MTails: bets $3
dodge658: folds
Uncalled bet ($3) returned to MTails
MTails collected $11.76 from pot
*** SUMMARY ***
Total pot $12 | Rake $0.24
Board [Kd 7d Qh]
Seat 1: dodge658 (big blind) folded on the Flop
Seat 2: MTails (button) (small blind) collected ($11.76)


PokerStars Hand #145518930019:  Hold'em Limit ($3/$6 USD) - 2015/12/18 2:58:41 ET
Table 'Ismene' 2-max Seat #2 is the button
Seat 1: dodge658 ($91 in chips)
Seat 2: MTails ($130.57 in chips)
MTails: posts small blind $1
dodge658: posts big blind $3
*** HOLE CARDS ***
MTails: raises $3 to $6
dodge658: calls $3
*** FLOP *** [5c 3c 2c]
dodge658: bets $3
MTails: calls $3
*** TURN *** [5c 3c 2c] [Jc]
dodge658: bets $6
MTails: calls $6
*** RIVER *** [5c 3c 2c Jc] [7c]
dodge658: bets $6
MTails: calls $6
*** SHOW DOWN ***
dodge658: shows [9c 2s] (a flush, Jack high)
MTails: mucks hand
dodge658 collected $41.50 from pot
*** SUMMARY ***
Total pot $42 | Rake $0.50
Board [5c 3c 2c Jc 7c]
Seat 1: dodge658 (big blind) showed [9c 2s] and won ($41.50) with a flush, Jack high
Seat 2: MTails (button) (small blind) mucked


PokerStars Hand #145518940914:  Hold'em Limit ($3/$6 USD) - 2015/12/18 2:59:24 ET
Table 'Ismene' 2-max Seat #2 is the button
Seat 1: dodge658 ($105.50 in chips)
Seat 2: MTails ($115.33 in chips)
MTails: posts small blind $1
dodge658: posts big blind $3
*** HOLE CARDS ***
MTails: raises $3 to $6
dodge658: calls $3
*** FLOP *** [9c Td 9h]
dodge658: checks
MTails: bets $3
dodge658: calls $3
*** TURN *** [9c Td 9h] [Ad]
dodge658: checks
MTails: bets $6
dodge658: calls $6
*** RIVER *** [9c Td 9h Ad] [Ts]
dodge658: checks
MTails: checks
*** SHOW DOWN ***
dodge658: shows [2s Ks] (two pair, Tens and Nines)
MTails: shows [6h Qc] (two pair, Tens and Nines)
dodge658 collected $14.75 from pot
MTails collected $14.75 from pot
*** SUMMARY ***
Total pot $30 | Rake $0.50
Board [9c Td 9h Ad Ts]
Seat 1: dodge658 (big blind) showed [2s Ks] and won ($14.75) with two pair, Tens and Nines
Seat 2: MTails (button) (small blind) showed [6h Qc] and won ($14.75) with two pair, Tens and Nines


PokerStars Hand #145518937196:  Hold'em Limit ($3/$6 USD) - 2015/12/18 2:59:09 ET
Table 'Ismene' 2-max Seat #1 is the button
Seat 1: dodge658 ($111.50 in chips)
Seat 2: MTails ($109.57 in chips)
dodge658: posts small blind $1
MTails: posts big blind $3
*** HOLE CARDS ***
dodge658: calls $2
MTails: raises $3 to $6
dodge658: calls $3
*** FLOP *** [3h 8h Qd]
MTails: bets $3
dodge658: folds
Uncalled bet ($3) returned to MTails
MTails collected $11.76 from pot
*** SUMMARY ***
Total pot $12 | Rake $0.24
Board [3h 8h Qd]
Seat 1: dodge658 (button) (small blind) folded on the Flop
Seat 2: MTails (big blind) collected ($11.76)


PokerStars Hand #145518949896:  Hold'em Limit ($3/$6 USD) - 2015/12/18 2:59:59 ET
Table 'Ismene' 2-max Seat #2 is the button
Seat 1: dodge658 ($113.89 in chips)
Seat 2: MTails ($106.08 in chips)
MTails: posts small blind $1
dodge658: posts big blind $3
*** HOLE CARDS ***
MTails: raises $3 to $6
dodge658: calls $3
*** FLOP *** [2d 8s 4h]
dodge658: checks
MTails: bets $3
dodge658: calls $3
*** TURN *** [2d 8s 4h] [Js]
dodge658: checks
MTails: bets $6
dodge658: calls $6
*** RIVER *** [2d 8s 4h Js] [Ks]
dodge658: bets $6
MTails: folds
Uncalled bet ($6) returned to dodge658
dodge658 collected $29.50 from pot
dodge658: doesn't show hand
*** SUMMARY ***
Total pot $30 | Rake $0.50
Board [2d 8s 4h Js Ks]
Seat 1: dodge658 (big blind) collected ($29.50)
Seat 2: MTails (button) (small blind) folded on the River


PokerStars Hand #145518946222:  Hold'em Limit ($3/$6 USD) - 2015/12/18 2:59:45 ET
Table 'Ismene' 2-max Seat #1 is the button
Seat 1: dodge658 ($105.25 in chips)
Seat 2: MTails ($115.08 in chips)
dodge658: posts small blind $1
MTails: posts big blind $3
*** HOLE CARDS ***
dodge658: calls $2
MTails: raises $3 to $6
dodge658: calls $3
*** FLOP *** [Ad 6c 3s]
MTails: bets $3
dodge658: raises $3 to $6
MTails: folds
Uncalled bet ($3) returned to dodge658
dodge658 collected $17.64 from pot
dodge658: doesn't show hand
*** SUMMARY ***
Total pot $18 | Rake $0.36
Board [Ad 6c 3s]
Seat 1: dodge658 (button) (small blind) collected ($17.64)
Seat 2: MTails (big blind) folded on the Flop


PokerStars Hand #145518975520:  Hold'em Limit ($3/$6 USD) - 2015/12/18 3:01:35 ET
Table 'Ismene' 2-max Seat #1 is the button
Seat 1: dodge658 ($127.67 in chips)
Seat 2: MTails ($90.58 in chips)
dodge658: posts small blind $1
MTails: posts big blind $3
*** HOLE CARDS ***
dodge658: calls $2
MTails: raises $3 to $6
dodge658: calls $3
*** FLOP *** [Jc 2s 3h]
MTails: bets $3
dodge658: folds
Uncalled bet ($3) returned to MTails
MTails collected $11.76 from pot
*** SUMMARY ***
Total pot $12 | Rake $0.24
Board [Jc 2s 3h]
Seat 1: dodge658 (button) (small blind) folded on the Flop
Seat 2: MTails (big blind) collected ($11.76)


PokerStars Hand #145518973580:  Hold'em Limit ($3/$6 USD) - 2015/12/18 3:01:29 ET
Table 'Ismene' 2-max Seat #2 is the button
Seat 1: dodge658 ($130.67 in chips)
Seat 2: MTails ($87.58 in chips)
MTails: posts small blind $1
dodge658: posts big blind $3
*** HOLE CARDS ***
MTails: raises $3 to $6
dodge658: folds
Uncalled bet ($3) returned to MTails
MTails collected $6 from pot
*** SUMMARY ***
Total pot $6 | Rake $0
Seat 1: dodge658 (big blind) folded before Flop
Seat 2: MTails (button) (small blind) collected ($6)


PokerStars Hand #145518968228:  Hold'em Limit ($3/$6 USD) - 2015/12/18 3:01:10 ET
Table 'Ismene' 2-max Seat #1 is the button
Seat 1: dodge658 ($145.67 in chips)
Seat 2: MTails ($73.08 in chips)
dodge658: posts small blind $1
MTails: posts big blind $3
*** HOLE CARDS ***
dodge658: calls $2
MTails: raises $3 to $6
dodge658: calls $3
*** FLOP *** [4h 2d Jd]
MTails: bets $3
dodge658: calls $3
*** TURN *** [4h 2d Jd] [6c]
MTails: checks
dodge658: checks
*** RIVER *** [4h 2d Jd 6c] [4d]
MTails: bets $6
dodge658: calls $6
*** SHOW DOWN ***
MTails: shows [9h 9d] (two pair, Nines and Fours)
dodge658: mucks hand
MTails collected $29.50 from pot
*** SUMMARY ***
Total pot $30 | Rake $0.50
Board [4h 2d Jd 6c 4d]
Seat 1: dodge658 (button) (small blind) mucked
Seat 2: MTails (big blind) showed [9h 9d] and won ($29.50) with two pair, Nines and Fours


PokerStars Hand #145518965225:  Hold'em Limit ($3/$6 USD) - 2015/12/18 3:00:58 ET
Table 'Ismene' 2-max Seat #2 is the button
Seat 1: dodge658 ($139.91 in chips)
Seat 2: MTails ($79.08 in chips)
MTails: posts small blind $1
dodge658: posts big blind $3
*** HOLE CARDS ***
MTails: raises $3 to $6
dodge658: calls $3
*** FLOP *** [8d Kh Ks]
dodge658: bets $3
MTails: folds
Uncalled bet ($3) returned to dodge658
dodge658 collected $11.76 from pot
dodge658: doesn't show hand
*** SUMMARY ***
Total pot $12 | Rake $0.24
Board [8d Kh Ks]
Seat 1: dodge658 (big blind) collected ($11.76)
Seat 2: MTails (button) (small blind) folded on the Flop


PokerStars Hand #145518957932:  Hold'em Limit ($3/$6 USD) - 2015/12/18 3:00:31 ET
Table 'Ismene' 2-max Seat #1 is the button
Seat 1: dodge658 ($128.39 in chips)
Seat 2: MTails ($91.08 in chips)
dodge658: posts small blind $1
MTails: posts big blind $3
*** HOLE CARDS ***
dodge658: calls $2
MTails: checks
*** FLOP *** [6c 3c 8d]
MTails: checks
dodge658: bets $3
MTails: calls $3
*** TURN *** [6c 3c 8d] [2d]
MTails: checks
dodge658: bets $6
MTails: calls $6
*** RIVER *** [6c 3c 8d 2d] [Ks]
MTails: checks
dodge658: bets $6
MTails: folds
Uncalled bet ($6) returned to dodge658
dodge658 collected $23.52 from pot
dodge658: doesn't show hand
*** SUMMARY ***
Total pot $24 | Rake $0.48
Board [6c 3c 8d 2d Ks]
Seat 1: dodge658 (button) (small blind) collected ($23.52)
Seat 2: MTails (big blind) folded on the River


PokerStars Hand #145518993047:  Hold'em Limit ($3/$6 USD) - 2015/12/18 3:02:38 ET
Table 'Ismene' 2-max Seat #2 is the button
Seat 1: dodge658 ($121.17 in chips)
Seat 2: MTails ($95.84 in chips)
MTails: posts small blind $1
dodge658: posts big blind $3
*** HOLE CARDS ***
MTails: folds
Uncalled bet ($2) returned to dodge658
dodge658 collected $2 from pot
dodge658: doesn't show hand
*** SUMMARY ***
Total pot $2 | Rake $0
Seat 1: dodge658 (big blind) collected ($2)
Seat 2: MTails (button) (small blind) folded before Flop


PokerStars Hand #145518986002:  Hold'em Limit ($3/$6 USD) - 2015/12/18 3:02:13 ET
Table 'Ismene' 2-max Seat #1 is the button
Seat 1: dodge658 ($94.67 in chips)
Seat 2: MTails ($122.84 in chips)
dodge658: posts small blind $1
MTails: posts big blind $3
*** HOLE CARDS ***
dodge658: calls $2
MTails: raises $3 to $6
dodge658: calls $3
*** FLOP *** [3d 4d 7d]
MTails: bets $3
dodge658: calls $3
*** TURN *** [3d 4d 7d] [9c]
MTails: bets $6
dodge658: calls $6
*** RIVER *** [3d 4d 7d 9c] [Qs]
MTails: bets $6
dodge658: raises $6 to $12
MTails: calls $6
*** SHOW DOWN ***
dodge658: shows [Ad Qd] (a flush, Ace high)
MTails: mucks hand
dodge658 collected $53.50 from pot
*** SUMMARY ***
Total pot $54 | Rake $0.50
Board [3d 4d 7d 9c Qs]
Seat 1: dodge658 (button) (small blind) showed [Ad Qd] and won ($53.50) with a flush, Ace high
Seat 2: MTails (big blind) mucked


PokerStars Hand #145518980017:  Hold'em Limit ($3/$6 USD) - 2015/12/18 3:01:50 ET
Table 'Ismene' 2-max Seat #2 is the button
Seat 1: dodge658 ($121.67 in chips)
Seat 2: MTails ($96.34 in chips)
MTails: posts small blind $1
dodge658: posts big blind $3
*** HOLE CARDS ***
MTails: raises $3 to $6
dodge658: calls $3
*** FLOP *** [Jd 5d 5s]
dodge658: checks
MTails: bets $3
dodge658: calls $3
*** TURN *** [Jd 5d 5s] [7c]
dodge658: bets $6
MTails: calls $6
*** RIVER *** [Jd 5d 5s 7c] [Ad]
dodge658: bets $6
MTails: raises $6 to $12
dodge658: calls $6
*** SHOW DOWN ***
MTails: shows [4s Ac] (two pair, Aces and Fives)
dodge658: mucks hand
MTails collected $53.50 from pot
*** SUMMARY ***
Total pot $54 | Rake $0.50
Board [Jd 5d 5s 7c Ad]
Seat 1: dodge658 (big blind) mucked
Seat 2: MTails (button) (small blind) showed [4s Ac] and won ($53.50) with two pair, Aces and Fives


PokerStars Hand #145518995106:  Hold'em Limit ($3/$6 USD) - 2015/12/18 3:02:46 ET
Table 'Ismene' 2-max Seat #1 is the button
Seat 1: dodge658 ($122.17 in chips)
Seat 2: MTails ($94.84 in chips)
dodge658: posts small blind $1
MTails: posts big blind $3
*** HOLE CARDS ***
dodge658: calls $2
MTails: raises $3 to $6
dodge658: calls $3
*** FLOP *** [2h 7d 8d]
MTails: bets $3
dodge658: calls $3
*** TURN *** [2h 7d 8d] [4d]
MTails: bets $6
dodge658: folds
Uncalled bet ($6) returned to MTails
MTails collected $17.64 from pot
*** SUMMARY ***
Total pot $18 | Rake $0.36
Board [2h 7d 8d 4d]
Seat 1: dodge658 (button) (small blind) folded on the Turn
Seat 2: MTails (big blind) collected ($17.64)


PokerStars Hand #145519006332:  Hold'em Limit ($3/$6 USD) - 2015/12/18 3:03:24 ET
Table 'Ismene' 2-max Seat #1 is the button
Seat 1: dodge658 ($139.67 in chips)
Seat 2: MTails ($76.48 in chips)
dodge658: posts small blind $1
MTails: posts big blind $3
*** HOLE CARDS ***
dodge658: calls $2
MTails: raises $3 to $6
dodge658: calls $3
*** FLOP *** [7d 5c Ah]
MTails: bets $3
dodge658: calls $3
*** TURN *** [7d 5c Ah] [Jd]
MTails: checks
dodge658: bets $6
MTails: calls $6
*** RIVER *** [7d 5c Ah Jd] [4d]
MTails: checks
dodge658: bets $6
MTails: calls $6
*** SHOW DOWN ***
dodge658: shows [5h 7c] (two pair, Sevens and Fives)
MTails: mucks hand
dodge658 collected $41.50 from pot
*** SUMMARY ***
Total pot $42 | Rake $0.50
Board [7d 5c Ah Jd 4d]
Seat 1: dodge658 (button) (small blind) showed [5h 7c] and won ($41.50) with two pair, Sevens and Fives
Seat 2: MTails (big blind) mucked


PokerStars Hand #145519000997:  Hold'em Limit ($3/$6 USD) - 2015/12/18 3:03:05 ET
Table 'Ismene' 2-max Seat #2 is the button
Seat 1: dodge658 ($113.17 in chips)
Seat 2: MTails ($103.48 in chips)
MTails: posts small blind $1
dodge658: posts big blind $3
*** HOLE CARDS ***
MTails: raises $3 to $6
dodge658: calls $3
*** FLOP *** [8c 3c 3h]
dodge658: bets $3
MTails: calls $3
*** TURN *** [8c 3c 3h] [4s]
dodge658: bets $6
MTails: raises $6 to $12
dodge658: calls $6
*** RIVER *** [8c 3c 3h 4s] [7s]
dodge658: bets $6
MTails: calls $6
*** SHOW DOWN ***
dodge658: shows [8h 7d] (two pair, Eights and Sevens)
MTails: mucks hand
dodge658 collected $53.50 from pot
*** SUMMARY ***
Total pot $54 | Rake $0.50
Board [8c 3c 3h 4s 7s]
Seat 1: dodge658 (big blind) showed [8h 7d] and won ($53.50) with two pair, Eights and Sevens
Seat 2: MTails (button) (small blind) mucked


PokerStars Hand #145519021107:  Hold'em Limit ($3/$6 USD) - 2015/12/18 3:04:13 ET
Table 'Ismene' 2-max Seat #1 is the button
Seat 1: dodge658 ($124.17 in chips)
Seat 2: MTails ($90.98 in chips)
dodge658: posts small blind $1
MTails: posts big blind $3
*** HOLE CARDS ***
dodge658: calls $2
MTails: raises $3 to $6
dodge658: calls $3
*** FLOP *** [Qh Td 2d]
MTails: bets $3
dodge658: calls $3
*** TURN *** [Qh Td 2d] [3c]
MTails: checks
dodge658: bets $6
MTails: calls $6
*** RIVER *** [Qh Td 2d 3c] [7c]
MTails: checks
dodge658: bets $6
MTails: calls $6
*** SHOW DOWN ***
dodge658: shows [7h 9s] (a pair of Sevens)
MTails: mucks hand
dodge658 collected $41.50 from pot
*** SUMMARY ***
Total pot $42 | Rake $0.50
Board [Qh Td 2d 3c 7c]
Seat 1: dodge658 (button) (small blind) showed [7h 9s] and won ($41.50) with a pair of Sevens
Seat 2: MTails (big blind) mucked


PokerStars Hand #145519014580:  Hold'em Limit ($3/$6 USD) - 2015/12/18 3:03:51 ET
Table 'Ismene' 2-max Seat #2 is the button
Seat 1: dodge658 ($160.17 in chips)
Seat 2: MTails ($55.48 in chips)
MTails: posts small blind $1
dodge658: posts big blind $3
*** HOLE CARDS ***
MTails: raises $3 to $6
dodge658: calls $3
*** FLOP *** [7h Td 4d]
dodge658: bets $3
MTails: raises $3 to $6
dodge658: calls $3
*** TURN *** [7h Td 4d] [Kc]
dodge658: bets $6
MTails: raises $6 to $12
dodge658: calls $6
*** RIVER *** [7h Td 4d Kc] [7d]
dodge658: bets $6
MTails: raises $6 to $12
dodge658: calls $6
*** SHOW DOWN ***
MTails: shows [Tc Kh] (two pair, Kings and Tens)
dodge658: mucks hand
MTails collected $71.50 from pot
*** SUMMARY ***
Total pot $72 | Rake $0.50
Board [7h Td 4d Kc 7d]
Seat 1: dodge658 (big blind) mucked
Seat 2: MTails (button) (small blind) showed [Tc Kh] and won ($71.50) with two pair, Kings and Tens


PokerStars Hand #145519028502:  Hold'em Limit ($3/$6 USD) - 2015/12/18 3:04:38 ET
Table 'Ismene' 2-max Seat #2 is the button
Seat 1: dodge658 ($144.67 in chips)
Seat 2: MTails ($69.98 in chips)
MTails: posts small blind $1
dodge658: posts big blind $3
*** HOLE CARDS ***
MTails: raises $3 to $6
dodge658: calls $3
*** FLOP *** [5s 6c Ac]
dodge658: checks
MTails: bets $3
dodge658: calls $3
*** TURN *** [5s 6c Ac] [7h]
dodge658: checks
MTails: bets $6
dodge658: calls $6
*** RIVER *** [5s 6c Ac 7h] [Js]
dodge658: bets $6
MTails: folds
Uncalled bet ($6) returned to dodge658
dodge658 collected $29.50 from pot
dodge658: doesn't show hand
*** SUMMARY ***
Total pot $30 | Rake $0.50
Board [5s 6c Ac 7h Js]
Seat 1: dodge658 (big blind) collected ($29.50)
Seat 2: MTails (button) (small blind) folded on the River


PokerStars Hand #145519035531:  Hold'em Limit ($3/$6 USD) - 2015/12/18 3:05:02 ET
Table 'Ismene' 2-max Seat #1 is the button
Seat 1: dodge658 ($159.17 in chips)
Seat 2: MTails ($54.98 in chips)
dodge658: posts small blind $1
MTails: posts big blind $3
*** HOLE CARDS ***
dodge658: calls $2
MTails: raises $3 to $6
dodge658: calls $3
*** FLOP *** [3c Kh 6d]
MTails: bets $3
dodge658: calls $3
*** TURN *** [3c Kh 6d] [Kd]
MTails: checks
dodge658: checks
*** RIVER *** [3c Kh 6d Kd] [9h]
MTails: bets $6
dodge658: folds
Uncalled bet ($6) returned to MTails
MTails collected $17.64 from pot
*** SUMMARY ***
Total pot $18 | Rake $0.36
Board [3c Kh 6d Kd 9h]
Seat 1: dodge658 (button) (small blind) folded on the River
Seat 2: MTails (big blind) collected ($17.64)


PokerStars Hand #145519042006:  Hold'em Limit ($3/$6 USD) - 2015/12/18 3:05:23 ET
Table 'Ismene' 2-max Seat #2 is the button
Seat 1: dodge658 ($150.17 in chips)
Seat 2: MTails ($63.62 in chips)
MTails: posts small blind $1
dodge658: posts big blind $3
*** HOLE CARDS ***
MTails: raises $3 to $6
dodge658: calls $3
*** FLOP *** [Kd 5s 3h]
dodge658: bets $3
MTails: calls $3
*** TURN *** [Kd 5s 3h] [7d]
dodge658: bets $6
MTails: calls $6
*** RIVER *** [Kd 5s 3h 7d] [7c]
dodge658: bets $6
MTails: folds
Uncalled bet ($6) returned to dodge658
dodge658 collected $29.50 from pot
dodge658: doesn't show hand
*** SUMMARY ***
Total pot $30 | Rake $0.50
Board [Kd 5s 3h 7d 7c]
Seat 1: dodge658 (big blind) collected ($29.50)
Seat 2: MTails (button) (small blind) folded on the River


PokerStars Hand #145519047524:  Hold'em Limit ($3/$6 USD) - 2015/12/18 3:05:42 ET
Table 'Ismene' 2-max Seat #1 is the button
Seat 1: dodge658 ($164.67 in chips)
Seat 2: MTails ($48.62 in chips)
dodge658: posts small blind $1
MTails: posts big blind $3
*** HOLE CARDS ***
dodge658: calls $2
MTails: raises $3 to $6
dodge658: calls $3
*** FLOP *** [Qs Ah Td]
MTails: bets $3
dodge658: calls $3
*** TURN *** [Qs Ah Td] [8c]
MTails: checks
dodge658: checks
*** RIVER *** [Qs Ah Td 8c] [8s]
MTails: bets $6
dodge658: calls $6
*** SHOW DOWN ***
MTails: shows [5c Ac] (two pair, Aces and Eights)
dodge658: mucks hand
MTails collected $29.50 from pot
*** SUMMARY ***
Total pot $30 | Rake $0.50
Board [Qs Ah Td 8c 8s]
Seat 1: dodge658 (button) (small blind) mucked
Seat 2: MTails (big blind) showed [5c Ac] and won ($29.50) with two pair, Aces and Eights


PokerStars Hand #145519053779:  Hold'em Limit ($3/$6 USD) - 2015/12/18 3:06:03 ET
Table 'Ismene' 2-max Seat #2 is the button
Seat 1: dodge658 ($149.67 in chips)
Seat 2: MTails ($63.12 in chips)
MTails: posts small blind $1
dodge658: posts big blind $3
*** HOLE CARDS ***
MTails: raises $3 to $6
dodge658: calls $3
*** FLOP *** [Kh 2s Qs]
dodge658: checks
MTails: bets $3
dodge658: calls $3
*** TURN *** [Kh 2s Qs] [Ah]
dodge658: checks
MTails: bets $6
dodge658: folds
Uncalled bet ($6) returned to MTails
MTails collected $17.64 from pot
*** SUMMARY ***
Total pot $18 | Rake $0.36
Board [Kh 2s Qs Ah]
Seat 1: dodge658 (big blind) folded on the Turn
Seat 2: MTails (button) (small blind) collected ($17.64)


PokerStars Hand #145519059737:  Hold'em Limit ($3/$6 USD) - 2015/12/18 3:06:23 ET
Table 'Ismene' 2-max Seat #1 is the button
Seat 1: dodge658 ($140.67 in chips)
Seat 2: MTails ($71.76 in chips)
dodge658: posts small blind $1
MTails: posts big blind $3
*** HOLE CARDS ***
dodge658: calls $2
MTails: raises $3 to $6
dodge658: calls $3
*** FLOP *** [Kh 7c 2h]
MTails: bets $3
dodge658: calls $3
*** TURN *** [Kh 7c 2h] [3c]
MTails: bets $6
dodge658: calls $6
*** RIVER *** [Kh 7c 2h 3c] [Qs]
MTails: bets $6
dodge658: calls $6
*** SHOW DOWN ***
MTails: shows [7s 5d] (a pair of Sevens)
dodge658: mucks hand
MTails collected $41.50 from pot
*** SUMMARY ***
Total pot $42 | Rake $0.50
Board [Kh 7c 2h 3c Qs]
Seat 1: dodge658 (button) (small blind) mucked
Seat 2: MTails (big blind) showed [7s 5d] and won ($41.50) with a pair of Sevens


PokerStars Hand #145519080072:  Hold'em Limit ($3/$6 USD) - 2015/12/18 3:07:30 ET
Table 'Ismene' 2-max Seat #2 is the button
Seat 1: dodge658 ($119.17 in chips)
Seat 2: MTails ($91.76 in chips)
MTails: posts small blind $1
dodge658: posts big blind $3
*** HOLE CARDS ***
MTails: raises $3 to $6
dodge658: calls $3
*** FLOP *** [5d Ah Jd]
dodge658: bets $3
MTails: calls $3
*** TURN *** [5d Ah Jd] [9s]
dodge658: checks
MTails: checks
*** RIVER *** [5d Ah Jd 9s] [3c]
dodge658: checks
MTails: checks
*** SHOW DOWN ***
dodge658: shows [Ks 5h] (a pair of Fives)
MTails: mucks hand
dodge658 collected $17.64 from pot
*** SUMMARY ***
Total pot $18 | Rake $0.36
Board [5d Ah Jd 9s 3c]
Seat 1: dodge658 (big blind) showed [Ks 5h] and won ($17.64) with a pair of Fives
Seat 2: MTails (button) (small blind) mucked


PokerStars Hand #145519072698:  Hold'em Limit ($3/$6 USD) - 2015/12/18 3:07:06 ET
Table 'Ismene' 2-max Seat #1 is the button
Seat 1: dodge658 ($104.67 in chips)
Seat 2: MTails ($106.76 in chips)
dodge658: posts small blind $1
MTails: posts big blind $3
*** HOLE CARDS ***
dodge658: calls $2
MTails: raises $3 to $6
dodge658: calls $3
*** FLOP *** [6c Js Qd]
MTails: bets $3
dodge658: calls $3
*** TURN *** [6c Js Qd] [Kc]
MTails: bets $6
dodge658: calls $6
*** RIVER *** [6c Js Qd Kc] [Ts]
MTails: checks
dodge658: bets $6
MTails: folds
Uncalled bet ($6) returned to dodge658
dodge658 collected $29.50 from pot
dodge658: doesn't show hand
*** SUMMARY ***
Total pot $30 | Rake $0.50
Board [6c Js Qd Kc Ts]
Seat 1: dodge658 (button) (small blind) collected ($29.50)
Seat 2: MTails (big blind) folded on the River


PokerStars Hand #145519065543:  Hold'em Limit ($3/$6 USD) - 2015/12/18 3:06:42 ET
Table 'Ismene' 2-max Seat #2 is the button
Seat 1: dodge658 ($119.67 in chips)
Seat 2: MTails ($92.26 in chips)
MTails: posts small blind $1
dodge658: posts big blind $3
*** HOLE CARDS ***
MTails: raises $3 to $6
dodge658: calls $3
*** FLOP *** [3d Kd 9d]
dodge658: checks
MTails: bets $3
dodge658: calls $3
*** TURN *** [3d Kd 9d] [6s]
dodge658: checks
MTails: bets $6
dodge658: calls $6
*** RIVER *** [3d Kd 9d 6s] [5h]
dodge658: checks
MTails: checks
*** SHOW DOWN ***
dodge658: shows [2s 8d] (high card King)
MTails: shows [3h Jd] (a pair of Threes)
MTails collected $29.50 from pot
*** SUMMARY ***
Total pot $30 | Rake $0.50
Board [3d Kd 9d 6s 5h]
Seat 1: dodge658 (big blind) showed [2s 8d] and lost with high card King
Seat 2: MTails (button) (small blind) showed [3h Jd] and won ($29.50) with a pair of Threes


PokerStars Hand #145519085660:  Hold'em Limit ($3/$6 USD) - 2015/12/18 3:07:49 ET
Table 'Ismene' 2-max Seat #1 is the button
Seat 1: dodge658 ($127.81 in chips)
Seat 2: MTails ($82.76 in chips)
dodge658: posts small blind $1
MTails: posts big blind $3
*** HOLE CARDS ***
dodge658: calls $2
MTails: raises $3 to $6
dodge658: calls $3
*** FLOP *** [Qd 3c Js]
MTails: bets $3
dodge658: calls $3
*** TURN *** [Qd 3c Js] [Tc]
MTails: bets $6
dodge658: calls $6
*** RIVER *** [Qd 3c Js Tc] [Ac]
MTails: checks
dodge658: bets $6
MTails: raises $6 to $12
dodge658: calls $6
*** SHOW DOWN ***
MTails: shows [7c 6c] (a flush, Ace high)
dodge658: mucks hand
MTails collected $53.50 from pot
*** SUMMARY ***
Total pot $54 | Rake $0.50
Board [Qd 3c Js Tc Ac]
Seat 1: dodge658 (button) (small blind) mucked
Seat 2: MTails (big blind) showed [7c 6c] and won ($53.50) with a flush, Ace high


PokerStars Hand #145519098012:  Hold'em Limit ($3/$6 USD) - 2015/12/18 3:08:30 ET
Table 'Ismene' 2-max Seat #1 is the button
Seat 1: dodge658 ($121.31 in chips)
Seat 2: MTails ($88.26 in chips)
dodge658: posts small blind $1
MTails: posts big blind $3
*** HOLE CARDS ***
dodge658: calls $2
MTails: raises $3 to $6
dodge658: calls $3
*** FLOP *** [7h 8c Tc]
MTails: bets $3
dodge658: calls $3
*** TURN *** [7h 8c Tc] [Kh]
MTails: bets $6
dodge658: calls $6
*** RIVER *** [7h 8c Tc Kh] [8s]
MTails: checks
dodge658: checks
*** SHOW DOWN ***
MTails: shows [Jc Ad] (a pair of Eights)
dodge658: mucks hand
MTails collected $29.50 from pot
*** SUMMARY ***
Total pot $30 | Rake $0.50
Board [7h 8c Tc Kh 8s]
Seat 1: dodge658 (button) (small blind) mucked
Seat 2: MTails (big blind) showed [Jc Ad] and won ($29.50) with a pair of Eights


PokerStars Hand #145519092266:  Hold'em Limit ($3/$6 USD) - 2015/12/18 3:08:11 ET
Table 'Ismene' 2-max Seat #2 is the button
Seat 1: dodge658 ($100.81 in chips)
Seat 2: MTails ($109.26 in chips)
MTails: posts small blind $1
dodge658: posts big blind $3
*** HOLE CARDS ***
MTails: raises $3 to $6
dodge658: calls $3
*** FLOP *** [3c 8h 4h]
dodge658: bets $3
MTails: calls $3
*** TURN *** [3c 8h 4h] [7d]
dodge658: bets $6
MTails: calls $6
*** RIVER *** [3c 8h 4h 7d] [3s]
dodge658: bets $6
MTails: calls $6
*** SHOW DOWN ***
dodge658: shows [Th Kh] (a pair of Threes)
MTails: mucks hand
dodge658 collected $41.50 from pot
*** SUMMARY ***
Total pot $42 | Rake $0.50
Board [3c 8h 4h 7d 3s]
Seat 1: dodge658 (big blind) showed [Th Kh] and won ($41.50) with a pair of Threes
Seat 2: MTails (button) (small blind) mucked


PokerStars Hand #145519103554:  Hold'em Limit ($3/$6 USD) - 2015/12/18 3:08:48 ET
Table 'Ismene' 2-max Seat #2 is the button
Seat 1: dodge658 ($106.31 in chips)
Seat 2: MTails ($102.76 in chips)
MTails: posts small blind $1
dodge658: posts big blind $3
*** HOLE CARDS ***
MTails: raises $3 to $6
dodge658: calls $3
*** FLOP *** [5d 5s 5c]
dodge658: checks
MTails: bets $3
dodge658: calls $3
*** TURN *** [5d 5s 5c] [8d]
dodge658: checks
MTails: bets $6
dodge658: calls $6
*** RIVER *** [5d 5s 5c 8d] [6h]
dodge658: checks
MTails: checks
*** SHOW DOWN ***
dodge658: shows [Ac 7h] (three of a kind, Fives)
MTails: mucks hand
dodge658 collected $29.50 from pot
*** SUMMARY ***
Total pot $30 | Rake $0.50
Board [5d 5s 5c 8d 6h]
Seat 1: dodge658 (big blind) showed [Ac 7h] and won ($29.50) with three of a kind, Fives
Seat 2: MTails (button) (small blind) mucked


PokerStars Hand #145519109531:  Hold'em Limit ($3/$6 USD) - 2015/12/18 3:09:08 ET
Table 'Ismene' 2-max Seat #1 is the button
Seat 1: dodge658 ($120.81 in chips)
Seat 2: MTails ($87.76 in chips)
dodge658: posts small blind $1
MTails: posts big blind $3
*** HOLE CARDS ***
dodge658: calls $2
MTails: checks
*** FLOP *** [7s Qd 2h]
MTails: checks
dodge658: bets $3
MTails: calls $3
*** TURN *** [7s Qd 2h] [Qc]
MTails: checks
dodge658: bets $6
MTails: calls $6
*** RIVER *** [7s Qd 2h Qc] [Kc]
MTails: checks
dodge658: bets $6
MTails: calls $6
*** SHOW DOWN ***
dodge658: shows [2d 8s] (two pair, Queens and Deuces)
MTails: shows [7d 2s] (two pair, Queens and Sevens)
MTails collected $35.50 from pot
*** SUMMARY ***
Total pot $36 | Rake $0.50
Board [7s Qd 2h Qc Kc]
Seat 1: dodge658 (button) (small blind) showed [2d 8s] and lost with two pair, Queens and Deuces
Seat 2: MTails (big blind) showed [7d 2s] and won ($35.50) with two pair, Queens and Sevens


PokerStars Hand #145519115133:  Hold'em Limit ($3/$6 USD) - 2015/12/18 3:09:27 ET
Table 'Ismene' 2-max Seat #2 is the button
Seat 1: dodge658 ($102.81 in chips)
Seat 2: MTails ($105.26 in chips)
MTails: posts small blind $1
dodge658: posts big blind $3
*** HOLE CARDS ***
MTails: raises $3 to $6
dodge658: calls $3
*** FLOP *** [4h Th 9s]
dodge658: checks
MTails: bets $3
dodge658: calls $3
*** TURN *** [4h Th 9s] [Kd]
dodge658: checks
MTails: bets $6
dodge658: calls $6
*** RIVER *** [4h Th 9s Kd] [As]
dodge658: checks
MTails: checks
*** SHOW DOWN ***
dodge658: shows [6s Jd] (high card Ace)
MTails: shows [7s 9h] (a pair of Nines)
MTails collected $29.50 from pot
*** SUMMARY ***
Total pot $30 | Rake $0.50
Board [4h Th 9s Kd As]
Seat 1: dodge658 (big blind) showed [6s Jd] and lost with high card Ace
Seat 2: MTails (button) (small blind) showed [7s 9h] and won ($29.50) with a pair of Nines


PokerStars Hand #145519123230:  Hold'em Limit ($3/$6 USD) - 2015/12/18 3:09:54 ET
Table 'Ismene' 2-max Seat #1 is the button
Seat 1: dodge658 ($87.81 in chips)
Seat 2: MTails ($119.76 in chips)
dodge658: posts small blind $1
MTails: posts big blind $3
*** HOLE CARDS ***
dodge658: calls $2
MTails: raises $3 to $6
dodge658: calls $3
*** FLOP *** [4s Kh 8h]
MTails: bets $3
dodge658: calls $3
*** TURN *** [4s Kh 8h] [8c]
MTails: bets $6
dodge658: calls $6
*** RIVER *** [4s Kh 8h 8c] [4h]
MTails: bets $6
dodge658: calls $6
*** SHOW DOWN ***
MTails: shows [5s 8s] (a full house, Eights full of Fours)
dodge658: mucks hand
MTails collected $41.50 from pot
*** SUMMARY ***
Total pot $42 | Rake $0.50
Board [4s Kh 8h 8c 4h]
Seat 1: dodge658 (button) (small blind) mucked
Seat 2: MTails (big blind) showed [5s 8s] and won ($41.50) with a full house, Eights full of Fours


PokerStars Hand #145519129478:  Hold'em Limit ($3/$6 USD) - 2015/12/18 3:10:15 ET
Table 'Ismene' 2-max Seat #2 is the button
Seat 1: dodge658 ($66.81 in chips)
Seat 2: MTails ($140.26 in chips)
MTails: posts small blind $1
dodge658: posts big blind $3
*** HOLE CARDS ***
MTails: raises $3 to $6
dodge658: calls $3
*** FLOP *** [Qd 8s 5d]
dodge658: bets $3
MTails: calls $3
*** TURN *** [Qd 8s 5d] [3c]
dodge658: checks
MTails: bets $6
dodge658: calls $6
*** RIVER *** [Qd 8s 5d 3c] [Js]
dodge658: checks
MTails: bets $6
dodge658: calls $6
*** SHOW DOWN ***
MTails: shows [2d Kh] (high card King)
dodge658: shows [8h Th] (a pair of Eights)
dodge658 collected $41.50 from pot
*** SUMMARY ***
Total pot $42 | Rake $0.50
Board [Qd 8s 5d 3c Js]
Seat 1: dodge658 (big blind) showed [8h Th] and won ($41.50) with a pair of Eights
Seat 2: MTails (button) (small blind) showed [2d Kh] and lost with high card King


PokerStars Hand #145519138260:  Hold'em Limit ($3/$6 USD) - 2015/12/18 3:10:44 ET
Table 'Ismene' 2-max Seat #1 is the button
Seat 1: dodge658 ($87.31 in chips)
Seat 2: MTails ($119.26 in chips)
dodge658: posts small blind $1
MTails: posts big blind $3
*** HOLE CARDS ***
dodge658: calls $2
MTails: raises $3 to $6
dodge658: calls $3
*** FLOP *** [Kd Jc Jh]
MTails: bets $3
dodge658: calls $3
*** TURN *** [Kd Jc Jh] [Jd]
MTails: bets $6
dodge658: calls $6
*** RIVER *** [Kd Jc Jh Jd] [Th]
MTails: checks
dodge658: checks
*** SHOW DOWN ***
MTails: shows [Qh 7c] (three of a kind, Jacks)
dodge658: mucks hand
MTails collected $29.50 from pot
*** SUMMARY ***
Total pot $30 | Rake $0.50
Board [Kd Jc Jh Jd Th]
Seat 1: dodge658 (button) (small blind) mucked
Seat 2: MTails (big blind) showed [Qh 7c] and won ($29.50) with three of a kind, Jacks


PokerStars Hand #145519153310:  Hold'em Limit ($3/$6 USD) - 2015/12/18 3:11:34 ET
Table 'Ismene' 2-max Seat #1 is the button
Seat 1: dodge658 ($63.31 in chips)
Seat 2: MTails ($142.40 in chips)
dodge658: posts small blind $1
MTails: posts big blind $3
*** HOLE CARDS ***
dodge658: calls $2
MTails: raises $3 to $6
dodge658: calls $3
*** FLOP *** [8s 3s 9h]
MTails: bets $3
dodge658: calls $3
*** TURN *** [8s 3s 9h] [6d]
MTails: bets $6
dodge658: calls $6
*** RIVER *** [8s 3s 9h 6d] [8c]
MTails: bets $6
dodge658: raises $6 to $12
MTails: folds
Uncalled bet ($6) returned to dodge658
dodge658 collected $41.50 from pot
dodge658: doesn't show hand
*** SUMMARY ***
Total pot $42 | Rake $0.50
Board [8s 3s 9h 6d 8c]
Seat 1: dodge658 (button) (small blind) collected ($41.50)
Seat 2: MTails (big blind) folded on the River


PokerStars Hand #145519143592:  Hold'em Limit ($3/$6 USD) - 2015/12/18 3:11:02 ET
Table 'Ismene' 2-max Seat #2 is the button
Seat 1: dodge658 ($72.31 in chips)
Seat 2: MTails ($133.76 in chips)
MTails: posts small blind $1
dodge658: posts big blind $3
*** HOLE CARDS ***
MTails: raises $3 to $6
dodge658: calls $3
*** FLOP *** [6d 2c 2h]
dodge658: checks
MTails: bets $3
dodge658: calls $3
*** TURN *** [6d 2c 2h] [Ad]
dodge658: checks
MTails: bets $6
dodge658: folds
Uncalled bet ($6) returned to MTails
MTails collected $17.64 from pot
*** SUMMARY ***
Total pot $18 | Rake $0.36
Board [6d 2c 2h Ad]
Seat 1: dodge658 (big blind) folded on the Turn
Seat 2: MTails (button) (small blind) collected ($17.64)


PokerStars Hand #145519160689:  Hold'em Limit ($3/$6 USD) - 2015/12/18 3:11:58 ET
Table 'Ismene' 2-max Seat #2 is the button
Seat 1: dodge658 ($83.81 in chips)
Seat 2: MTails ($121.40 in chips)
MTails: posts small blind $1
dodge658: posts big blind $3
*** HOLE CARDS ***
MTails: raises $3 to $6
dodge658: calls $3
*** FLOP *** [6d 5s 7c]
dodge658: bets $3
MTails: calls $3
*** TURN *** [6d 5s 7c] [Qs]
dodge658: bets $6
MTails: calls $6
*** RIVER *** [6d 5s 7c Qs] [3d]
dodge658: bets $6
MTails: calls $6
*** SHOW DOWN ***
dodge658: shows [Js 3c] (a pair of Threes)
MTails: shows [6s Kh] (a pair of Sixes)
MTails collected $41.50 from pot
*** SUMMARY ***
Total pot $42 | Rake $0.50
Board [6d 5s 7c Qs 3d]
Seat 1: dodge658 (big blind) showed [Js 3c] and lost with a pair of Threes
Seat 2: MTails (button) (small blind) showed [6s Kh] and won ($41.50) with a pair of Sixes


PokerStars Hand #145519166502:  Hold'em Limit ($3/$6 USD) - 2015/12/18 3:12:18 ET
Table 'Ismene' 2-max Seat #1 is the button
Seat 1: dodge658 ($62.81 in chips)
Seat 2: MTails ($141.90 in chips)
dodge658: posts small blind $1
MTails: posts big blind $3
*** HOLE CARDS ***
dodge658: calls $2
MTails: raises $3 to $6
dodge658: calls $3
*** FLOP *** [8c Jc 6h]
MTails: bets $3
dodge658: calls $3
*** TURN *** [8c Jc 6h] [Ad]
MTails: bets $6
dodge658: calls $6
*** RIVER *** [8c Jc 6h Ad] [Qc]
MTails: checks
dodge658: bets $6
MTails: folds
Uncalled bet ($6) returned to dodge658
dodge658 collected $29.50 from pot
dodge658: doesn't show hand
*** SUMMARY ***
Total pot $30 | Rake $0.50
Board [8c Jc 6h Ad Qc]
Seat 1: dodge658 (button) (small blind) collected ($29.50)
Seat 2: MTails (big blind) folded on the River


PokerStars Hand #145519176196:  Hold'em Limit ($3/$6 USD) - 2015/12/18 3:12:49 ET
Table 'Ismene' 2-max Seat #2 is the button
Seat 1: dodge658 ($77.31 in chips)
Seat 2: MTails ($126.90 in chips)
MTails: posts small blind $1
dodge658: posts big blind $3
*** HOLE CARDS ***
MTails: raises $3 to $6
dodge658: calls $3
*** FLOP *** [3d 7s 9c]
dodge658: bets $3
MTails: calls $3
*** TURN *** [3d 7s 9c] [Kc]
dodge658: bets $6
MTails: folds
Uncalled bet ($6) returned to dodge658
dodge658 collected $17.64 from pot
dodge658: doesn't show hand
*** SUMMARY ***
Total pot $18 | Rake $0.36
Board [3d 7s 9c Kc]
Seat 1: dodge658 (big blind) collected ($17.64)
Seat 2: MTails (button) (small blind) folded on the Turn


PokerStars Hand #145519184546:  Hold'em Limit ($3/$6 USD) - 2015/12/18 3:13:17 ET
Table 'Ismene' 2-max Seat #1 is the button
Seat 1: dodge658 ($85.95 in chips)
Seat 2: MTails ($117.90 in chips)
dodge658: posts small blind $1
MTails: posts big blind $3
*** HOLE CARDS ***
dodge658: calls $2
MTails: raises $3 to $6
dodge658: calls $3
*** FLOP *** [9h 7h 2d]
MTails: bets $3
dodge658: calls $3
*** TURN *** [9h 7h 2d] [Th]
MTails: bets $6
dodge658: calls $6
*** RIVER *** [9h 7h 2d Th] [Jc]
MTails: bets $6
dodge658: calls $6
*** SHOW DOWN ***
MTails: shows [Js 6h] (a pair of Jacks)
dodge658: mucks hand
MTails collected $41.50 from pot
*** SUMMARY ***
Total pot $42 | Rake $0.50
Board [9h 7h 2d Th Jc]
Seat 1: dodge658 (button) (small blind) mucked
Seat 2: MTails (big blind) showed [Js 6h] and won ($41.50) with a pair of Jacks


PokerStars Hand #145519202928:  Hold'em Limit ($3/$6 USD) - 2015/12/18 3:14:17 ET
Table 'Ismene' 2-max Seat #2 is the button
Seat 1: dodge658 ($99.95 in chips)
Seat 2: MTails ($102.40 in chips)
MTails: posts small blind $1
dodge658: posts big blind $3
*** HOLE CARDS ***
MTails: folds
Uncalled bet ($2) returned to dodge658
dodge658 collected $2 from pot
dodge658: doesn't show hand
*** SUMMARY ***
Total pot $2 | Rake $0
Seat 1: dodge658 (big blind) collected ($2)
Seat 2: MTails (button) (small blind) folded before Flop


PokerStars Hand #145519204729:  Hold'em Limit ($3/$6 USD) - 2015/12/18 3:14:23 ET
Table 'Ismene' 2-max Seat #1 is the button
Seat 1: dodge658 ($100.95 in chips)
Seat 2: MTails ($101.40 in chips)
dodge658: posts small blind $1
MTails: posts big blind $3
*** HOLE CARDS ***
dodge658: calls $2
MTails: raises $3 to $6
dodge658: calls $3
*** FLOP *** [Kd 6h 8c]
MTails: bets $3
dodge658: calls $3
*** TURN *** [Kd 6h 8c] [4h]
MTails: bets $6
dodge658: calls $6
*** RIVER *** [Kd 6h 8c 4h] [6d]
MTails: checks
dodge658: bets $6
MTails: folds
Uncalled bet ($6) returned to dodge658
dodge658 collected $29.50 from pot
dodge658: doesn't show hand
*** SUMMARY ***
Total pot $30 | Rake $0.50
Board [Kd 6h 8c 4h 6d]
Seat 1: dodge658 (button) (small blind) collected ($29.50)
Seat 2: MTails (big blind) folded on the River


PokerStars Hand #145519196840:  Hold'em Limit ($3/$6 USD) - 2015/12/18 3:13:57 ET
Table 'Ismene' 2-max Seat #1 is the button
Seat 1: dodge658 ($79.45 in chips)
Seat 2: MTails ($123.40 in chips)
dodge658: posts small blind $1
MTails: posts big blind $3
*** HOLE CARDS ***
dodge658: calls $2
MTails: raises $3 to $6
dodge658: calls $3
*** FLOP *** [Jc Qh 5s]
MTails: bets $3
dodge658: calls $3
*** TURN *** [Jc Qh 5s] [2d]
MTails: bets $6
dodge658: calls $6
*** RIVER *** [Jc Qh 5s 2d] [3d]
MTails: bets $6
dodge658: calls $6
*** SHOW DOWN ***
MTails: shows [7d Ts] (high card Queen)
dodge658: shows [Tc Th] (a pair of Tens)
dodge658 collected $41.50 from pot
*** SUMMARY ***
Total pot $42 | Rake $0.50
Board [Jc Qh 5s 2d 3d]
Seat 1: dodge658 (button) (small blind) showed [Tc Th] and won ($41.50) with a pair of Tens
Seat 2: MTails (big blind) showed [7d Ts] and lost with high card Queen


PokerStars Hand #145519212842:  Hold'em Limit ($3/$6 USD) - 2015/12/18 3:14:50 ET
Table 'Ismene' 2-max Seat #2 is the button
Seat 1: dodge658 ($115.45 in chips)
Seat 2: MTails ($86.40 in chips)
MTails: posts small blind $1
dodge658: posts big blind $3
*** HOLE CARDS ***
MTails: raises $3 to $6
dodge658: calls $3
*** FLOP *** [3s 3c Kd]
dodge658: bets $3
MTails: calls $3
*** TURN *** [3s 3c Kd] [Ks]
dodge658: bets $6
MTails: calls $6
*** RIVER *** [3s 3c Kd Ks] [Jh]
dodge658: bets $6
MTails: calls $6
*** SHOW DOWN ***
dodge658: shows [5d Qh] (two pair, Kings and Threes)
MTails: shows [8d Ad] (two pair, Kings and Threes - Ace kicker)
MTails collected $41.50 from pot
*** SUMMARY ***
Total pot $42 | Rake $0.50
Board [3s 3c Kd Ks Jh]
Seat 1: dodge658 (big blind) showed [5d Qh] and lost with two pair, Kings and Threes
Seat 2: MTails (button) (small blind) showed [8d Ad] and won ($41.50) with two pair, Kings and Threes


PokerStars Hand #145519225997:  Hold'em Limit ($3/$6 USD) - 2015/12/18 3:15:33 ET
Table 'Ismene' 2-max Seat #2 is the button
Seat 1: dodge658 ($79.45 in chips)
Seat 2: MTails ($121.40 in chips)
MTails: posts small blind $1
dodge658: posts big blind $3
*** HOLE CARDS ***
MTails: raises $3 to $6
dodge658: calls $3
*** FLOP *** [7c Qc Jc]
dodge658: checks
MTails: bets $3
dodge658: calls $3
*** TURN *** [7c Qc Jc] [Tc]
dodge658: bets $6
MTails: folds
Uncalled bet ($6) returned to dodge658
dodge658 collected $17.64 from pot
dodge658: doesn't show hand
*** SUMMARY ***
Total pot $18 | Rake $0.36
Board [7c Qc Jc Tc]
Seat 1: dodge658 (big blind) collected ($17.64)
Seat 2: MTails (button) (small blind) folded on the Turn


PokerStars Hand #145519240096:  Hold'em Limit ($3/$6 USD) - 2015/12/18 3:16:18 ET
Table 'Ismene' 2-max Seat #2 is the button
Seat 1: dodge658 ($114.59 in chips)
Seat 2: MTails ($85.40 in chips)
MTails: posts small blind $1
dodge658: posts big blind $3
*** HOLE CARDS ***
MTails: raises $3 to $6
dodge658: calls $3
*** FLOP *** [Js 9h Qs]
dodge658: bets $3
MTails: calls $3
*** TURN *** [Js 9h Qs] [8s]
dodge658: bets $6
MTails: calls $6
*** RIVER *** [Js 9h Qs 8s] [As]
dodge658: bets $6
MTails: calls $6
*** SHOW DOWN ***
dodge658: shows [4s Ac] (a flush, Ace high)
MTails: mucks hand
dodge658 collected $41.50 from pot
*** SUMMARY ***
Total pot $42 | Rake $0.50
Board [Js 9h Qs 8s As]
Seat 1: dodge658 (big blind) showed [4s Ac] and won ($41.50) with a flush, Ace high
Seat 2: MTails (button) (small blind) mucked


PokerStars Hand #145519232068:  Hold'em Limit ($3/$6 USD) - 2015/12/18 3:15:52 ET
Table 'Ismene' 2-max Seat #1 is the button
Seat 1: dodge658 ($88.09 in chips)
Seat 2: MTails ($112.40 in chips)
dodge658: posts small blind $1
MTails: posts big blind $3
*** HOLE CARDS ***
dodge658: calls $2
MTails: raises $3 to $6
dodge658: calls $3
*** FLOP *** [6c 5c 2d]
MTails: bets $3
dodge658: calls $3
*** TURN *** [6c 5c 2d] [Jd]
MTails: bets $6
dodge658: calls $6
*** RIVER *** [6c 5c 2d Jd] [6s]
MTails: bets $6
dodge658: raises $6 to $12
MTails: calls $6
*** SHOW DOWN ***
dodge658: shows [7h 6d] (three of a kind, Sixes)
MTails: mucks hand
dodge658 collected $53.50 from pot
*** SUMMARY ***
Total pot $54 | Rake $0.50
Board [6c 5c 2d Jd 6s]
Seat 1: dodge658 (button) (small blind) showed [7h 6d] and won ($53.50) with three of a kind, Sixes
Seat 2: MTails (big blind) mucked


PokerStars Hand #145519246043:  Hold'em Limit ($3/$6 USD) - 2015/12/18 3:16:38 ET
Table 'Ismene' 2-max Seat #1 is the button
Seat 1: dodge658 ($135.09 in chips)
Seat 2: MTails ($64.40 in chips)
dodge658: posts small blind $1
MTails: posts big blind $3
*** HOLE CARDS ***
dodge658: calls $2
MTails: raises $3 to $6
dodge658: calls $3
*** FLOP *** [5s 4d 3h]
MTails: bets $3
dodge658: calls $3
*** TURN *** [5s 4d 3h] [9d]
MTails: bets $6
dodge658: calls $6
*** RIVER *** [5s 4d 3h 9d] [Qs]
MTails: checks
dodge658: checks
*** SHOW DOWN ***
MTails: shows [8h As] (high card Ace)
dodge658: mucks hand
MTails collected $29.50 from pot
*** SUMMARY ***
Total pot $30 | Rake $0.50
Board [5s 4d 3h 9d Qs]
Seat 1: dodge658 (button) (small blind) mucked
Seat 2: MTails (big blind) showed [8h As] and won ($29.50) with high card Ace


PokerStars Hand #145519251950:  Hold'em Limit ($3/$6 USD) - 2015/12/18 3:16:57 ET
Table 'Ismene' 2-max Seat #2 is the button
Seat 1: dodge658 ($120.09 in chips)
Seat 2: MTails ($78.90 in chips)
MTails: posts small blind $1
dodge658: posts big blind $3
*** HOLE CARDS ***
MTails: raises $3 to $6
dodge658: calls $3
*** FLOP *** [3s 6d 5d]
dodge658: bets $3
MTails: calls $3
*** TURN *** [3s 6d 5d] [Jh]
dodge658: bets $6
MTails: calls $6
*** RIVER *** [3s 6d 5d Jh] [3d]
dodge658: bets $6
MTails: raises $6 to $12
dodge658: calls $6
*** SHOW DOWN ***
MTails: shows [9c 3c] (three of a kind, Threes)
dodge658: mucks hand
MTails collected $53.50 from pot
*** SUMMARY ***
Total pot $54 | Rake $0.50
Board [3s 6d 5d Jh 3d]
Seat 1: dodge658 (big blind) mucked
Seat 2: MTails (button) (small blind) showed [9c 3c] and won ($53.50) with three of a kind, Threes


PokerStars Hand #145519262062:  Hold'em Limit ($3/$6 USD) - 2015/12/18 3:17:30 ET
Table 'Ismene' 2-max Seat #2 is the button
Seat 1: dodge658 ($87.09 in chips)
Seat 2: MTails ($111.16 in chips)
MTails: posts small blind $1
dodge658: posts big blind $3
*** HOLE CARDS ***
MTails: raises $3 to $6
dodge658: calls $3
*** FLOP *** [5d 6d 4c]
dodge658: bets $3
MTails: calls $3
*** TURN *** [5d 6d 4c] [Ad]
dodge658: bets $6
MTails: raises $6 to $12
dodge658: calls $6
*** RIVER *** [5d 6d 4c Ad] [7s]
dodge658: bets $6
MTails: calls $6
*** SHOW DOWN ***
dodge658: shows [4s Qd] (a pair of Fours)
MTails: shows [As Kc] (a pair of Aces)
MTails collected $53.50 from pot
*** SUMMARY ***
Total pot $54 | Rake $0.50
Board [5d 6d 4c Ad 7s]
Seat 1: dodge658 (big blind) showed [4s Qd] and lost with a pair of Fours
Seat 2: MTails (button) (small blind) showed [As Kc] and won ($53.50) with a pair of Aces


PokerStars Hand #145519258487:  Hold'em Limit ($3/$6 USD) - 2015/12/18 3:17:18 ET
Table 'Ismene' 2-max Seat #1 is the button
Seat 1: dodge658 ($93.09 in chips)
Seat 2: MTails ($105.40 in chips)
dodge658: posts small blind $1
MTails: posts big blind $3
*** HOLE CARDS ***
dodge658: calls $2
MTails: raises $3 to $6
dodge658: calls $3
*** FLOP *** [6c 9s 9h]
MTails: bets $3
dodge658: folds
Uncalled bet ($3) returned to MTails
MTails collected $11.76 from pot
*** SUMMARY ***
Total pot $12 | Rake $0.24
Board [6c 9s 9h]
Seat 1: dodge658 (button) (small blind) folded on the Flop
Seat 2: MTails (big blind) collected ($11.76)


PokerStars Hand #145519278120:  Hold'em Limit ($3/$6 USD) - 2015/12/18 3:18:22 ET
Table 'Ismene' 2-max Seat #1 is the button
Seat 1: dodge658 ($81.59 in chips)
Seat 2: MTails ($115.66 in chips)
dodge658: posts small blind $1
MTails: posts big blind $3
*** HOLE CARDS ***
dodge658: calls $2
MTails: raises $3 to $6
dodge658: calls $3
*** FLOP *** [2s 7d 7c]
MTails: bets $3
dodge658: calls $3
*** TURN *** [2s 7d 7c] [2h]
MTails: bets $6
dodge658: calls $6
*** RIVER *** [2s 7d 7c 2h] [9d]
MTails: bets $6
dodge658: calls $6
*** SHOW DOWN ***
MTails: shows [Ad 5d] (two pair, Sevens and Deuces)
dodge658: mucks hand
MTails collected $41.50 from pot
*** SUMMARY ***
Total pot $42 | Rake $0.50
Board [2s 7d 7c 2h 9d]
Seat 1: dodge658 (button) (small blind) mucked
Seat 2: MTails (big blind) showed [Ad 5d] and won ($41.50) with two pair, Sevens and Deuces


PokerStars Hand #145519276428:  Hold'em Limit ($3/$6 USD) - 2015/12/18 3:18:16 ET
Table 'Ismene' 2-max Seat #2 is the button
Seat 1: dodge658 ($80.59 in chips)
Seat 2: MTails ($116.66 in chips)
MTails: posts small blind $1
dodge658: posts big blind $3
*** HOLE CARDS ***
MTails: folds
Uncalled bet ($2) returned to dodge658
dodge658 collected $2 from pot
dodge658: doesn't show hand
*** SUMMARY ***
Total pot $2 | Rake $0
Seat 1: dodge658 (big blind) collected ($2)
Seat 2: MTails (button) (small blind) folded before Flop


PokerStars Hand #145519285006:  Hold'em Limit ($3/$6 USD) - 2015/12/18 3:18:44 ET
Table 'Ismene' 2-max Seat #2 is the button
Seat 1: dodge658 ($60.59 in chips)
Seat 2: MTails ($136.16 in chips)
MTails: posts small blind $1
dodge658: posts big blind $3
*** HOLE CARDS ***
MTails: raises $3 to $6
dodge658: calls $3
*** FLOP *** [7c Jh 5s]
dodge658: bets $3
MTails: calls $3
*** TURN *** [7c Jh 5s] [Ac]
dodge658: checks
MTails: bets $6
dodge658: calls $6
*** RIVER *** [7c Jh 5s Ac] [8d]
dodge658: bets $6
MTails: calls $6
*** SHOW DOWN ***
dodge658: shows [7h 9d] (a pair of Sevens)
MTails: shows [8h 4s] (a pair of Eights)
MTails collected $41.50 from pot
*** SUMMARY ***
Total pot $42 | Rake $0.50
Board [7c Jh 5s Ac 8d]
Seat 1: dodge658 (big blind) showed [7h 9d] and lost with a pair of Sevens
Seat 2: MTails (button) (small blind) showed [8h 4s] and won ($41.50) with a pair of Eights


PokerStars Hand #145519291563:  Hold'em Limit ($3/$6 USD) - 2015/12/18 3:19:05 ET
Table 'Ismene' 2-max Seat #1 is the button
Seat 1: dodge658 ($39.59 in chips)
Seat 2: MTails ($156.66 in chips)
dodge658: posts small blind $1
MTails: posts big blind $3
*** HOLE CARDS ***
dodge658: calls $2
MTails: raises $3 to $6
dodge658: calls $3
*** FLOP *** [Kd Jd 6s]
MTails: bets $3
dodge658: calls $3
*** TURN *** [Kd Jd 6s] [Qc]
MTails: checks
dodge658: bets $6
MTails: raises $6 to $12
dodge658: calls $6
*** RIVER *** [Kd Jd 6s Qc] [6d]
MTails: bets $6
dodge658: raises $6 to $12
MTails: folds
Uncalled bet ($6) returned to dodge658
dodge658 collected $53.50 from pot
dodge658: doesn't show hand
*** SUMMARY ***
Total pot $54 | Rake $0.50
Board [Kd Jd 6s Qc 6d]
Seat 1: dodge658 (button) (small blind) collected ($53.50)
Seat 2: MTails (big blind) folded on the River


PokerStars Hand #145519299401:  Hold'em Limit ($3/$6 USD) - 2015/12/18 3:19:30 ET
Table 'Ismene' 2-max Seat #2 is the button
Seat 1: dodge658 ($66.09 in chips)
Seat 2: MTails ($129.66 in chips)
MTails: posts small blind $1
dodge658: posts big blind $3
*** HOLE CARDS ***
MTails: raises $3 to $6
dodge658: calls $3
*** FLOP *** [8c 9d Tc]
dodge658: bets $3
MTails: calls $3
*** TURN *** [8c 9d Tc] [Qs]
dodge658: bets $6
MTails: calls $6
*** RIVER *** [8c 9d Tc Qs] [Qc]
dodge658: bets $6
MTails: folds
Uncalled bet ($6) returned to dodge658
dodge658 collected $29.50 from pot
dodge658: doesn't show hand
*** SUMMARY ***
Total pot $30 | Rake $0.50
Board [8c 9d Tc Qs Qc]
Seat 1: dodge658 (big blind) collected ($29.50)
Seat 2: MTails (button) (small blind) folded on the River


PokerStars Hand #145519304633:  Hold'em Limit ($3/$6 USD) - 2015/12/18 3:19:47 ET
Table 'Ismene' 2-max Seat #1 is the button
Seat 1: dodge658 ($80.59 in chips)
Seat 2: MTails ($114.66 in chips)
dodge658: posts small blind $1
MTails: posts big blind $3
*** HOLE CARDS ***
dodge658: calls $2
MTails: raises $3 to $6
dodge658: calls $3
*** FLOP *** [Kh Qh 2c]
MTails: bets $3
dodge658: calls $3
*** TURN *** [Kh Qh 2c] [Ts]
MTails: bets $6
dodge658: calls $6
*** RIVER *** [Kh Qh 2c Ts] [8h]
MTails: checks
dodge658: checks
*** SHOW DOWN ***
MTails: shows [Th Ah] (a flush, Ace high)
dodge658: mucks hand
MTails collected $29.50 from pot
*** SUMMARY ***
Total pot $30 | Rake $0.50
Board [Kh Qh 2c Ts 8h]
Seat 1: dodge658 (button) (small blind) mucked
Seat 2: MTails (big blind) showed [Th Ah] and won ($29.50) with a flush, Ace high


PokerStars Hand #145519321722:  Hold'em Limit ($3/$6 USD) - 2015/12/18 3:20:42 ET
Table 'Ismene' 2-max Seat #1 is the button
Seat 1: dodge658 ($41.59 in chips)
Seat 2: MTails ($152.66 in chips)
dodge658: posts small blind $1
MTails: posts big blind $3
*** HOLE CARDS ***
dodge658: calls $2
MTails: raises $3 to $6
dodge658: calls $3
*** FLOP *** [8s Qh 4d]
MTails: bets $3
dodge658: calls $3
*** TURN *** [8s Qh 4d] [9d]
MTails: bets $6
dodge658: calls $6
*** RIVER *** [8s Qh 4d 9d] [Js]
MTails: bets $6
dodge658: calls $6
*** SHOW DOWN ***
MTails: shows [6s 5h] (high card Queen)
dodge658: shows [7h Ks] (high card King)
dodge658 collected $41.50 from pot
*** SUMMARY ***
Total pot $42 | Rake $0.50
Board [8s Qh 4d 9d Js]
Seat 1: dodge658 (button) (small blind) showed [7h Ks] and won ($41.50) with high card King
Seat 2: MTails (big blind) showed [6s 5h] and lost with high card Queen


PokerStars Hand #145519312398:  Hold'em Limit ($3/$6 USD) - 2015/12/18 3:20:12 ET
Table 'Ismene' 2-max Seat #2 is the button
Seat 1: dodge658 ($65.59 in chips)
Seat 2: MTails ($129.16 in chips)
MTails: posts small blind $1
dodge658: posts big blind $3
*** HOLE CARDS ***
MTails: raises $3 to $6
dodge658: calls $3
*** FLOP *** [8s 5d 6d]
dodge658: checks
MTails: bets $3
dodge658: raises $3 to $6
MTails: calls $3
*** TURN *** [8s 5d 6d] [9d]
dodge658: bets $6
MTails: calls $6
*** RIVER *** [8s 5d 6d 9d] [Jd]
dodge658: bets $6
MTails: raises $6 to $12
dodge658: folds
Uncalled bet ($6) returned to MTails
MTails collected $47.50 from pot
*** SUMMARY ***
Total pot $48 | Rake $0.50
Board [8s 5d 6d 9d Jd]
Seat 1: dodge658 (big blind) folded on the River
Seat 2: MTails (button) (small blind) collected ($47.50)


PokerStars Hand #145519327770:  Hold'em Limit ($3/$6 USD) - 2015/12/18 3:21:02 ET
Table 'Ismene' 2-max Seat #2 is the button
Seat 1: dodge658 ($62.09 in chips)
Seat 2: MTails ($131.66 in chips)
MTails: posts small blind $1
dodge658: posts big blind $3
*** HOLE CARDS ***
MTails: raises $3 to $6
dodge658: calls $3
*** FLOP *** [Ac 7h Ts]
dodge658: bets $3
MTails: raises $3 to $6
dodge658: calls $3
*** TURN *** [Ac 7h Ts] [Qc]
dodge658: bets $6
MTails: raises $6 to $12
dodge658: calls $6
*** RIVER *** [Ac 7h Ts Qc] [8s]
dodge658: bets $6
MTails: raises $6 to $12
dodge658: calls $6
*** SHOW DOWN ***
MTails: shows [7d Td] (two pair, Tens and Sevens)
dodge658: mucks hand
MTails collected $71.50 from pot
*** SUMMARY ***
Total pot $72 | Rake $0.50
Board [Ac 7h Ts Qc 8s]
Seat 1: dodge658 (big blind) mucked
Seat 2: MTails (button) (small blind) showed [7d Td] and won ($71.50) with two pair, Tens and Sevens


PokerStars Hand #145519334691:  Hold'em Limit ($3/$6 USD) - 2015/12/18 3:21:24 ET
Table 'Ismene' 2-max Seat #1 is the button
Seat 1: dodge658 ($26.09 in chips)
Seat 2: MTails ($167.16 in chips)
dodge658: posts small blind $1
MTails: posts big blind $3
*** HOLE CARDS ***
dodge658: calls $2
MTails: raises $3 to $6
dodge658: calls $3
*** FLOP *** [Qh Ts As]
MTails: bets $3
dodge658: calls $3
*** TURN *** [Qh Ts As] [5h]
MTails: bets $6
dodge658: folds
Uncalled bet ($6) returned to MTails
MTails collected $17.64 from pot
*** SUMMARY ***
Total pot $18 | Rake $0.36
Board [Qh Ts As 5h]
Seat 1: dodge658 (button) (small blind) folded on the Turn
Seat 2: MTails (big blind) collected ($17.64)


PokerStars Hand #145519351973:  Hold'em Limit ($3/$6 USD) - 2015/12/18 3:22:19 ET
Table 'Ismene' 2-max Seat #2 is the button
Seat 1: dodge658 ($24.68 in chips)
Seat 2: MTails ($167.35 in chips)
MTails: posts small blind $1
dodge658: posts big blind $3
*** HOLE CARDS ***
MTails: folds
Uncalled bet ($2) returned to dodge658
dodge658 collected $2 from pot
dodge658: doesn't show hand
*** SUMMARY ***
Total pot $2 | Rake $0
Seat 1: dodge658 (big blind) collected ($2)
Seat 2: MTails (button) (small blind) folded before Flop


PokerStars Hand #145519339748:  Hold'em Limit ($3/$6 USD) - 2015/12/18 3:21:40 ET
Table 'Ismene' 2-max Seat #2 is the button
Seat 1: dodge658 ($17.09 in chips)
Seat 2: MTails ($175.80 in chips)
MTails: posts small blind $1
dodge658: posts big blind $3
*** HOLE CARDS ***
MTails: raises $3 to $6
dodge658: calls $3
*** FLOP *** [9h Td Jc]
dodge658: checks
MTails: bets $3
dodge658: calls $3
*** TURN *** [9h Td Jc] [Tc]
dodge658: checks
MTails: bets $6
dodge658: raises $2.09 to $8.09 and is all-in
MTails: calls $2.09
*** RIVER *** [9h Td Jc Tc] [Js]
*** SHOW DOWN ***
dodge658: shows [As 3s] (two pair, Jacks and Tens)
MTails: shows [7c 5c] (two pair, Jacks and Tens - lower kicker)
dodge658 collected $33.68 from pot
*** SUMMARY ***
Total pot $34.18 | Rake $0.50
Board [9h Td Jc Tc Js]
Seat 1: dodge658 (big blind) showed [As 3s] and won ($33.68) with two pair, Jacks and Tens
Seat 2: MTails (button) (small blind) showed [7c 5c] and lost with two pair, Jacks and Tens


PokerStars Hand #145519346588:  Hold'em Limit ($3/$6 USD) - 2015/12/18 3:22:02 ET
Table 'Ismene' 2-max Seat #1 is the button
Seat 1: dodge658 ($33.68 in chips)
Seat 2: MTails ($158.71 in chips)
dodge658: posts small blind $1
MTails: posts big blind $3
*** HOLE CARDS ***
dodge658: calls $2
MTails: raises $3 to $6
dodge658: calls $3
*** FLOP *** [7c 9s 5d]
MTails: bets $3
dodge658: calls $3
*** TURN *** [7c 9s 5d] [Qh]
MTails: bets $6
dodge658: folds
Uncalled bet ($6) returned to MTails
MTails collected $17.64 from pot
*** SUMMARY ***
Total pot $18 | Rake $0.36
Board [7c 9s 5d Qh]
Seat 1: dodge658 (button) (small blind) folded on the Turn
Seat 2: MTails (big blind) collected ($17.64)


PokerStars Hand #145519367365:  Hold'em Limit ($3/$6 USD) - 2015/12/18 3:23:09 ET
Table 'Ismene' 2-max Seat #1 is the button
Seat 1: dodge658 ($9.17 in chips)
Seat 2: MTails ($182.17 in chips)
dodge658: posts small blind $1
MTails: posts big blind $3
*** HOLE CARDS ***
dodge658: calls $2
MTails: raises $3 to $6
dodge658: raises $3 to $9
MTails: calls $3
*** FLOP *** [6c 7s 5c]
MTails: checks
dodge658: bets $0.17 and is all-in
MTails: calls $0.17
*** TURN *** [6c 7s 5c] [2d]
*** RIVER *** [6c 7s 5c 2d] [Qh]
*** SHOW DOWN ***
MTails: shows [Tc Ac] (high card Ace)
dodge658: shows [6s 4c] (a pair of Sixes)
dodge658 collected $17.97 from pot
*** SUMMARY ***
Total pot $18.34 | Rake $0.37
Board [6c 7s 5c 2d Qh]
Seat 1: dodge658 (button) (small blind) showed [6s 4c] and won ($17.97) with a pair of Sixes
Seat 2: MTails (big blind) showed [Tc Ac] and lost with high card Ace


PokerStars Hand #145519354105:  Hold'em Limit ($3/$6 USD) - 2015/12/18 3:22:26 ET
Table 'Ismene' 2-max Seat #1 is the button
Seat 1: dodge658 ($25.68 in chips)
Seat 2: MTails ($166.35 in chips)
dodge658: posts small blind $1
MTails: posts big blind $3
*** HOLE CARDS ***
dodge658: calls $2
MTails: raises $3 to $6
dodge658: calls $3
*** FLOP *** [8h 8s 5h]
MTails: bets $3
dodge658: calls $3
*** TURN *** [8h 8s 5h] [6s]
MTails: bets $6
dodge658: calls $6
*** RIVER *** [8h 8s 5h 6s] [5s]
MTails: bets $6
dodge658: calls $6
*** SHOW DOWN ***
MTails: shows [Ac 5c] (a full house, Fives full of Eights)
dodge658: mucks hand
MTails collected $41.50 from pot
*** SUMMARY ***
Total pot $42 | Rake $0.50
Board [8h 8s 5h 6s 5s]
Seat 1: dodge658 (button) (small blind) mucked
Seat 2: MTails (big blind) showed [Ac 5c] and won ($41.50) with a full house, Fives full of Eights


PokerStars Hand #145519363442:  Hold'em Limit ($3/$6 USD) - 2015/12/18 3:22:56 ET
Table 'Ismene' 2-max Seat #2 is the button
Seat 1: dodge658 ($4.68 in chips)
Seat 2: MTails ($186.85 in chips)
MTails: posts small blind $1
dodge658: posts big blind $3
*** HOLE CARDS ***
MTails: raises $3 to $6
dodge658: calls $1.68 and is all-in
Uncalled bet ($1.32) returned to MTails
*** FLOP *** [7s 8s Jh]
*** TURN *** [7s 8s Jh] [5h]
*** RIVER *** [7s 8s Jh 5h] [3h]
*** SHOW DOWN ***
dodge658: shows [5s Js] (two pair, Jacks and Fives)
MTails: shows [Ac Ah] (a pair of Aces)
dodge658 collected $9.17 from pot
*** SUMMARY ***
Total pot $9.36 | Rake $0.19
Board [7s 8s Jh 5h 3h]
Seat 1: dodge658 (big blind) showed [5s Js] and won ($9.17) with two pair, Jacks and Fives
Seat 2: MTails (button) (small blind) showed [Ac Ah] and lost with a pair of Aces


PokerStars Hand #145519383211:  Hold'em Limit ($3/$6 USD) - 2015/12/18 3:24:00 ET
Table 'Ismene' 2-max Seat #1 is the button
Seat 1: dodge658 ($8.97 in chips)
Seat 2: MTails ($181.64 in chips)
dodge658: posts small blind $1
MTails: posts big blind $3
*** HOLE CARDS ***
dodge658: raises $3 to $6
MTails: raises $3 to $9
dodge658: calls $2.97 and is all-in
Uncalled bet ($0.03) returned to MTails
*** FLOP *** [6h 6d 7h]
*** TURN *** [6h 6d 7h] [5s]
*** RIVER *** [6h 6d 7h 5s] [Qc]
*** SHOW DOWN ***
MTails: shows [7d 3d] (two pair, Sevens and Sixes)
dodge658: shows [6s Ts] (three of a kind, Sixes)
dodge658 collected $17.58 from pot
*** SUMMARY ***
Total pot $17.94 | Rake $0.36
Board [6h 6d 7h 5s Qc]
Seat 1: dodge658 (button) (small blind) showed [6s Ts] and won ($17.58) with three of a kind, Sixes
Seat 2: MTails (big blind) showed [7d 3d] and lost with two pair, Sevens and Sixes


PokerStars Hand #145519388572:  Hold'em Limit ($3/$6 USD) - 2015/12/18 3:24:17 ET
Table 'Ismene' 2-max Seat #2 is the button
Seat 1: dodge658 ($17.58 in chips)
Seat 2: MTails ($172.67 in chips)
MTails: posts small blind $1
dodge658: posts big blind $3
*** HOLE CARDS ***
MTails: raises $3 to $6
dodge658: calls $3
*** FLOP *** [8c Td Qh]
dodge658: checks
MTails: bets $3
dodge658: calls $3
*** TURN *** [8c Td Qh] [3h]
dodge658: checks
MTails: bets $6
dodge658: calls $6
*** RIVER *** [8c Td Qh 3h] [Ad]
dodge658: bets $2.58 and is all-in
MTails: folds
Uncalled bet ($2.58) returned to dodge658
dodge658 collected $29.50 from pot
dodge658: doesn't show hand
*** SUMMARY ***
Total pot $30 | Rake $0.50
Board [8c Td Qh 3h Ad]
Seat 1: dodge658 (big blind) collected ($29.50)
Seat 2: MTails (button) (small blind) folded on the River


PokerStars Hand #145519377252:  Hold'em Limit ($3/$6 USD) - 2015/12/18 3:23:40 ET
Table 'Ismene' 2-max Seat #2 is the button
Seat 1: dodge658 ($17.97 in chips)
Seat 2: MTails ($173 in chips)
MTails: posts small blind $1
dodge658: posts big blind $3
*** HOLE CARDS ***
MTails: raises $3 to $6
dodge658: calls $3
*** FLOP *** [Kd 9c 3d]
dodge658: checks
MTails: bets $3
dodge658: calls $3
*** TURN *** [Kd 9c 3d] [Ac]
dodge658: checks
MTails: bets $6
dodge658: folds
Uncalled bet ($6) returned to MTails
MTails collected $17.64 from pot
MTails: doesn't show hand
*** SUMMARY ***
Total pot $18 | Rake $0.36
Board [Kd 9c 3d Ac]
Seat 1: dodge658 (big blind) folded on the Turn
Seat 2: MTails (button) (small blind) collected ($17.64)


PokerStars Hand #145519395607:  Hold'em Limit ($3/$6 USD) - 2015/12/18 3:24:40 ET
Table 'Ismene' 2-max Seat #1 is the button
Seat 1: dodge658 ($32.08 in chips)
Seat 2: MTails ($157.67 in chips)
dodge658: posts small blind $1
MTails: posts big blind $3
*** HOLE CARDS ***
dodge658: calls $2
MTails: raises $3 to $6
dodge658: calls $3
*** FLOP *** [7c 4s 9h]
MTails: bets $3
dodge658: calls $3
*** TURN *** [7c 4s 9h] [Qh]
MTails: bets $6
dodge658: calls $6
*** RIVER *** [7c 4s 9h Qh] [7s]
MTails: checks
dodge658: checks
*** SHOW DOWN ***
MTails: shows [Ts 4c] (two pair, Sevens and Fours)
dodge658: mucks hand
MTails collected $29.50 from pot
*** SUMMARY ***
Total pot $30 | Rake $0.50
Board [7c 4s 9h Qh 7s]
Seat 1: dodge658 (button) (small blind) mucked
Seat 2: MTails (big blind) showed [Ts 4c] and won ($29.50) with two pair, Sevens and Fours


PokerStars Hand #145519405842:  Hold'em Limit ($3/$6 USD) - 2015/12/18 3:25:13 ET
Table 'Ismene' 2-max Seat #1 is the button
Seat 1: dodge658 ($11.08 in chips)
Seat 2: MTails ($177.93 in chips)
dodge658: posts small blind $1
MTails: posts big blind $3
*** HOLE CARDS ***
dodge658: raises $3 to $6
MTails: raises $3 to $9
dodge658: raises $2.08 to $11.08 and is all-in
Betting is capped
MTails: calls $2.08
*** FLOP *** [Ad Kc Jd]
*** TURN *** [Ad Kc Jd] [As]
*** RIVER *** [Ad Kc Jd As] [2h]
*** SHOW DOWN ***
MTails: shows [9s Js] (two pair, Aces and Jacks)
dodge658: shows [6c 6h] (two pair, Aces and Sixes)
MTails collected $21.72 from pot
*** SUMMARY ***
Total pot $22.16 | Rake $0.44
Board [Ad Kc Jd As 2h]
Seat 1: dodge658 (button) (small blind) showed [6c 6h] and lost with two pair, Aces and Sixes
Seat 2: MTails (big blind) showed [9s Js] and won ($21.72) with two pair, Aces and Jacks


PokerStars Hand #145519402052:  Hold'em Limit ($3/$6 USD) - 2015/12/18 3:25:01 ET
Table 'Ismene' 2-max Seat #2 is the button
Seat 1: dodge658 ($17.08 in chips)
Seat 2: MTails ($172.17 in chips)
MTails: posts small blind $1
dodge658: posts big blind $3
*** HOLE CARDS ***
MTails: raises $3 to $6
dodge658: calls $3
*** FLOP *** [7c 7h Kd]
dodge658: checks
MTails: bets $3
dodge658: folds
Uncalled bet ($3) returned to MTails
MTails collected $11.76 from pot
MTails: doesn't show hand
*** SUMMARY ***
Total pot $12 | Rake $0.24
Board [7c 7h Kd]
Seat 1: dodge658 (big blind) folded on the Flop
Seat 2: MTails (button) (small blind) collected ($11.76)


