PokerStars Hand #148870345943:  Hold'em Limit ($3/$6 USD) - 2016/02/15 17:24:14 ET
Table 'Ismene' 6-max Seat #4 is the button
Seat 1: VolkovDmitri ($125.76 in chips)
Seat 4: Ops-LNG ($27 in chips)
Ops-LNG: posts small blind $1
VolkovDmitri: posts big blind $3
*** HOLE CARDS ***
Ops-LNG: calls $2
VolkovDmitri: raises $3 to $6
Ops-LNG: calls $3
*** FLOP *** [4h Jd Tc]
VolkovDmitri: checks
Ops-LNG: checks
*** TURN *** [4h Jd Tc] [9s]
VolkovDmitri: bets $6
Ops-LNG: calls $6
*** RIVER *** [4h Jd Tc 9s] [4c]
VolkovDmitri: bets $6
Ops-LNG: folds
Uncalled bet ($6) returned to VolkovDmitri
VolkovDmitri collected $23.52 from pot
VolkovDmitri: doesn't show hand
*** SUMMARY ***
Total pot $24 | Rake $0.48
Board [4h Jd Tc 9s 4c]
Seat 1: VolkovDmitri (big blind) collected ($23.52)
Seat 4: Ops-LNG (button) (small blind) folded on the River


PokerStars Hand #148870386540:  Hold'em Limit ($3/$6 USD) - 2016/02/15 17:24:54 ET
Table 'Ismene' 6-max Seat #1 is the button
Seat 1: VolkovDmitri ($137.28 in chips)
Seat 4: Ops-LNG ($15 in chips)
VolkovDmitri: posts small blind $1
Ops-LNG: posts big blind $3
*** HOLE CARDS ***
VolkovDmitri: raises $3 to $6
Ops-LNG: calls $3
*** FLOP *** [Jh 9d 7d]
Ops-LNG: bets $3
VolkovDmitri: calls $3
*** TURN *** [Jh 9d 7d] [2d]
Ops-LNG: bets $6 and is all-in
VolkovDmitri: calls $6
*** RIVER *** [Jh 9d 7d 2d] [Ah]
*** SHOW DOWN ***
Ops-LNG: shows [Qs 4d] (high card Ace)
VolkovDmitri: shows [Qd Kh] (high card Ace - King kicker)
VolkovDmitri collected $29.50 from pot
*** SUMMARY ***
Total pot $30 | Rake $0.50
Board [Jh 9d 7d 2d Ah]
Seat 1: VolkovDmitri (button) (small blind) showed [Qd Kh] and won ($29.50) with high card Ace
Seat 4: Ops-LNG (big blind) showed [Qs 4d] and lost with high card Ace


PokerStars Hand #148870440293:  Hold'em Limit ($3/$6 USD) - 2016/02/15 17:25:47 ET
Table 'Ismene' 6-max Seat #4 is the button
Seat 1: VolkovDmitri ($151.78 in chips)
Seat 4: Ops-LNG ($33 in chips)
Ops-LNG: posts small blind $1
VolkovDmitri: posts big blind $3
*** HOLE CARDS ***
Ops-LNG: raises $3 to $6
VolkovDmitri: folds
Uncalled bet ($3) returned to Ops-LNG
Ops-LNG collected $6 from pot
Ops-LNG: doesn't show hand
*** SUMMARY ***
Total pot $6 | Rake $0
Seat 1: VolkovDmitri (big blind) folded before Flop
Seat 4: Ops-LNG (button) (small blind) collected ($6)


PokerStars Hand #148870457178:  Hold'em Limit ($3/$6 USD) - 2016/02/15 17:26:03 ET
Table 'Ismene' 6-max Seat #1 is the button
Seat 1: VolkovDmitri ($148.78 in chips)
Seat 4: Ops-LNG ($36 in chips)
VolkovDmitri: posts small blind $1
Ops-LNG: posts big blind $3
*** HOLE CARDS ***
VolkovDmitri: raises $3 to $6
Ops-LNG: folds
Uncalled bet ($3) returned to VolkovDmitri
VolkovDmitri collected $6 from pot
VolkovDmitri: doesn't show hand
*** SUMMARY ***
Total pot $6 | Rake $0
Seat 1: VolkovDmitri (button) (small blind) collected ($6)
Seat 4: Ops-LNG (big blind) folded before Flop


PokerStars Hand #148870514454:  Hold'em Limit ($3/$6 USD) - 2016/02/15 17:27:00 ET
Table 'Ismene' 6-max Seat #4 is the button
Seat 1: VolkovDmitri ($130.78 in chips)
Seat 4: Ops-LNG ($53.16 in chips)
Ops-LNG: posts small blind $1
VolkovDmitri: posts big blind $3
*** HOLE CARDS ***
Ops-LNG: calls $2
VolkovDmitri: raises $3 to $6
Ops-LNG: calls $3
*** FLOP *** [3d Td Qc]
VolkovDmitri: checks
Ops-LNG: checks
*** TURN *** [3d Td Qc] [Js]
Hadart joins the table at seat #5
VolkovDmitri: bets $6
Ops-LNG: calls $6
*** RIVER *** [3d Td Qc Js] [Ad]
VolkovDmitri: checks
Ops-LNG: bets $6
VolkovDmitri: folds
Uncalled bet ($6) returned to Ops-LNG
Ops-LNG collected $23.52 from pot
Ops-LNG: doesn't show hand
*** SUMMARY ***
Total pot $24 | Rake $0.48
Board [3d Td Qc Js Ad]
Seat 1: VolkovDmitri (big blind) folded on the River
Seat 4: Ops-LNG (button) (small blind) collected ($23.52)


PokerStars Hand #148870565488:  Hold'em Limit ($3/$6 USD) - 2016/02/15 17:27:50 ET
Table 'Ismene' 6-max Seat #1 is the button
Seat 1: VolkovDmitri ($120 in chips)
Seat 4: Ops-LNG ($64.68 in chips)
VolkovDmitri: posts small blind $1
Ops-LNG: posts big blind $3
*** HOLE CARDS ***
VolkovDmitri: raises $3 to $6
Ops-LNG: folds
Uncalled bet ($3) returned to VolkovDmitri
VolkovDmitri collected $6 from pot
VolkovDmitri: doesn't show hand
*** SUMMARY ***
Total pot $6 | Rake $0
Seat 1: VolkovDmitri (button) (small blind) collected ($6)
Seat 4: Ops-LNG (big blind) folded before Flop


