PokerStars Hand #147582313902:  Hold'em Limit ($3/$6 USD) - 2016/01/24 5:12:44 ET
Table 'Isolda' 6-max Seat #5 is the button
Seat 4: monstersmit ($46.48 in chips)
Seat 5: bandita747 ($171.11 in chips)
bandita747: posts small blind $1
icebookman: is sitting out
kolaz03: is sitting out
monstersmit: posts big blind $3
*** HOLE CARDS ***
bandita747: folds
Uncalled bet ($2) returned to monstersmit
monstersmit collected $2 from pot
monstersmit: doesn't show hand
*** SUMMARY ***
Total pot $2 | Rake $0
Seat 4: monstersmit (big blind) collected ($2)
Seat 5: bandita747 (button) (small blind) folded before Flop


PokerStars Hand #147582317268:  Hold'em Limit ($3/$6 USD) - 2016/01/24 5:12:50 ET
Table 'Isolda' 6-max Seat #4 is the button
Seat 4: monstersmit ($47.48 in chips)
Seat 5: bandita747 ($170.11 in chips)
monstersmit: posts small blind $1
bandita747: posts big blind $3
*** HOLE CARDS ***
monstersmit: folds
Uncalled bet ($2) returned to bandita747
bandita747 collected $2 from pot
bandita747: doesn't show hand
*** SUMMARY ***
Total pot $2 | Rake $0
Seat 4: monstersmit (button) (small blind) folded before Flop
Seat 5: bandita747 (big blind) collected ($2)


PokerStars Hand #147587174081:  Hold'em Limit ($3/$6 USD) - 2016/01/24 7:28:54 ET
Table 'Isolda' 6-max Seat #5 is the button
Seat 1: ME HAPPYBEE ($145.38 in chips)
Seat 5: Lillafisen ($116.86 in chips)
Lillafisen: posts small blind $1
MusicalClown: is sitting out
ME HAPPYBEE: posts big blind $3
*** HOLE CARDS ***
Lillafisen: folds
Uncalled bet ($2) returned to ME HAPPYBEE
ME HAPPYBEE collected $2 from pot
ME HAPPYBEE: doesn't show hand
*** SUMMARY ***
Total pot $2 | Rake $0
Seat 1: ME HAPPYBEE (big blind) collected ($2)
Seat 5: Lillafisen (button) (small blind) folded before Flop


PokerStars Hand #147587176891:  Hold'em Limit ($3/$6 USD) - 2016/01/24 7:28:58 ET
Table 'Isolda' 6-max Seat #1 is the button
Seat 1: ME HAPPYBEE ($146.38 in chips)
Seat 5: Lillafisen ($115.86 in chips)
ME HAPPYBEE: posts small blind $1
Lillafisen: posts big blind $3
*** HOLE CARDS ***
ME HAPPYBEE: raises $3 to $6
Lillafisen: calls $3
*** FLOP *** [3s Jc Jd]
Lillafisen: checks
ME HAPPYBEE: bets $3
Lillafisen: raises $3 to $6
ME HAPPYBEE: calls $3
*** TURN *** [3s Jc Jd] [Js]
Lillafisen: bets $6
ME HAPPYBEE: calls $6
*** RIVER *** [3s Jc Jd Js] [2d]
Lillafisen: bets $6
ME HAPPYBEE: calls $6
*** SHOW DOWN ***
Lillafisen: shows [Jh 7d] (four of a kind, Jacks)
ME HAPPYBEE: mucks hand
Lillafisen collected $47.50 from pot
*** SUMMARY ***
Total pot $48 | Rake $0.50
Board [3s Jc Jd Js 2d]
Seat 1: ME HAPPYBEE (button) (small blind) mucked
Seat 5: Lillafisen (big blind) showed [Jh 7d] and won ($47.50) with four of a kind, Jacks


PokerStars Hand #147587193176:  Hold'em Limit ($3/$6 USD) - 2016/01/24 7:29:22 ET
Table 'Isolda' 6-max Seat #5 is the button
Seat 1: ME HAPPYBEE ($122.38 in chips)
Seat 5: Lillafisen ($139.36 in chips)
Lillafisen: posts small blind $1
ME HAPPYBEE: posts big blind $3
*** HOLE CARDS ***
Lillafisen: raises $3 to $6
ME HAPPYBEE: raises $3 to $9
Lillafisen: calls $3
*** FLOP *** [2c As 6c]
ME HAPPYBEE: bets $3
Headgtboy joins the table at seat #2
Lillafisen: folds
Uncalled bet ($3) returned to ME HAPPYBEE
ME HAPPYBEE collected $17.64 from pot
ME HAPPYBEE: doesn't show hand
*** SUMMARY ***
Total pot $18 | Rake $0.36
Board [2c As 6c]
Seat 1: ME HAPPYBEE (big blind) collected ($17.64)
Seat 5: Lillafisen (button) (small blind) folded on the Flop


PokerStars Hand #147596022220:  Hold'em Limit ($3/$6 USD) - 2016/01/24 10:37:43 ET
Table 'Isolda' 6-max Seat #3 is the button
Seat 1: ME HAPPYBEE ($116.08 in chips)
Seat 3: scorpio04 ($72 in chips)
scorpio04: posts small blind $1
SashaYuvelir: is sitting out
MusicalClown: is sitting out
ME HAPPYBEE: posts big blind $3
*** HOLE CARDS ***
SashaYuvelir leaves the table
scorpio04: folds
Uncalled bet ($2) returned to ME HAPPYBEE
ME HAPPYBEE collected $2 from pot
ME HAPPYBEE: doesn't show hand
*** SUMMARY ***
Total pot $2 | Rake $0
Seat 1: ME HAPPYBEE (big blind) collected ($2)
Seat 3: scorpio04 (button) (small blind) folded before Flop


PokerStars Hand #147596030977:  Hold'em Limit ($3/$6 USD) - 2016/01/24 10:37:53 ET
Table 'Isolda' 6-max Seat #1 is the button
Seat 1: ME HAPPYBEE ($117.08 in chips)
Seat 3: scorpio04 ($72 in chips)
ME HAPPYBEE: posts small blind $1
scorpio04: posts big blind $3
*** HOLE CARDS ***
ME HAPPYBEE: raises $3 to $6
scorpio04: calls $3
*** FLOP *** [2s Kh Qc]
scorpio04: checks
ME HAPPYBEE: bets $3
scorpio04: raises $3 to $6
ME HAPPYBEE: calls $3
*** TURN *** [2s Kh Qc] [5h]
scorpio04: bets $6
ME HAPPYBEE: calls $6
*** RIVER *** [2s Kh Qc 5h] [8s]
scorpio04: checks
ME HAPPYBEE: checks
*** SHOW DOWN ***
scorpio04: shows [2h 9c] (a pair of Deuces)
ME HAPPYBEE: mucks hand
scorpio04 collected $35.50 from pot
*** SUMMARY ***
Total pot $36 | Rake $0.50
Board [2s Kh Qc 5h 8s]
Seat 1: ME HAPPYBEE (button) (small blind) mucked
Seat 3: scorpio04 (big blind) showed [2h 9c] and won ($35.50) with a pair of Deuces


PokerStars Hand #147596084558:  Hold'em Limit ($3/$6 USD) - 2016/01/24 10:38:51 ET
Table 'Isolda' 6-max Seat #3 is the button
Seat 1: ME HAPPYBEE ($99.08 in chips)
Seat 3: scorpio04 ($89.50 in chips)
scorpio04: posts small blind $1
ME HAPPYBEE: posts big blind $3
*** HOLE CARDS ***
scorpio04: raises $3 to $6
ME HAPPYBEE: calls $3
*** FLOP *** [Th 5c Td]
ME HAPPYBEE: checks
scorpio04: bets $3
ME HAPPYBEE: calls $3
*** TURN *** [Th 5c Td] [Kd]
ME HAPPYBEE: checks
scorpio04: bets $6
ME HAPPYBEE: raises $6 to $12
scorpio04: raises $6 to $18
ME HAPPYBEE: calls $6
*** RIVER *** [Th 5c Td Kd] [Ks]
ME HAPPYBEE: checks
scorpio04: checks
*** SHOW DOWN ***
ME HAPPYBEE: shows [2c Ts] (a full house, Tens full of Kings)
scorpio04: shows [Tc 4h] (a full house, Tens full of Kings)
ME HAPPYBEE collected $26.75 from pot
scorpio04 collected $26.75 from pot
*** SUMMARY ***
Total pot $54 | Rake $0.50
Board [Th 5c Td Kd Ks]
Seat 1: ME HAPPYBEE (big blind) showed [2c Ts] and won ($26.75) with a full house, Tens full of Kings
Seat 3: scorpio04 (button) (small blind) showed [Tc 4h] and won ($26.75) with a full house, Tens full of Kings


PokerStars Hand #147596139704:  Hold'em Limit ($3/$6 USD) - 2016/01/24 10:39:50 ET
Table 'Isolda' 6-max Seat #1 is the button
Seat 1: ME HAPPYBEE ($98.83 in chips)
Seat 3: scorpio04 ($89.25 in chips)
ME HAPPYBEE: posts small blind $1
scorpio04: posts big blind $3
*** HOLE CARDS ***
ME HAPPYBEE: raises $3 to $6
scorpio04: calls $3
*** FLOP *** [Qc 3h 9h]
MusicalClown leaves the table
scorpio04: checks
ME HAPPYBEE: checks
*** TURN *** [Qc 3h 9h] [5c]
scorpio04 is connected
scorpio04: checks
ME HAPPYBEE: bets $6
scorpio04: calls $6
*** RIVER *** [Qc 3h 9h 5c] [4c]
scorpio04: bets $6
ME HAPPYBEE: calls $6
*** SHOW DOWN ***
scorpio04: shows [2h Ad] (a straight, Ace to Five)
ME HAPPYBEE: mucks hand
scorpio04 collected $35.50 from pot
*** SUMMARY ***
Total pot $36 | Rake $0.50
Board [Qc 3h 9h 5c 4c]
Seat 1: ME HAPPYBEE (button) (small blind) mucked
Seat 3: scorpio04 (big blind) showed [2h Ad] and won ($35.50) with a straight, Ace to Five


PokerStars Hand #147596204775:  Hold'em Limit ($3/$6 USD) - 2016/01/24 10:41:00 ET
Table 'Isolda' 6-max Seat #3 is the button
Seat 1: ME HAPPYBEE ($80.83 in chips)
Seat 3: scorpio04 ($106.75 in chips)
scorpio04: posts small blind $1
ME HAPPYBEE: posts big blind $3
*** HOLE CARDS ***
ME HAPPYBEE said, "oh my god"
scorpio04: raises $3 to $6
ME HAPPYBEE said, "puk e"
ME HAPPYBEE: calls $3
*** FLOP *** [2d Ts 9c]
ME HAPPYBEE said, "had trips 5 you luckbox"
ME HAPPYBEE: checks
scorpio04: bets $3
ME HAPPYBEE said, "man no wonder respectable players think you suc k"
ME HAPPYBEE has timed out
ME HAPPYBEE: folds
Uncalled bet ($3) returned to scorpio04
scorpio04 collected $11.76 from pot
scorpio04: doesn't show hand
*** SUMMARY ***
Total pot $12 | Rake $0.24
Board [2d Ts 9c]
Seat 1: ME HAPPYBEE (big blind) folded on the Flop
Seat 3: scorpio04 (button) (small blind) collected ($11.76)


PokerStars Hand #147598051512:  Hold'em Limit ($3/$6 USD) - 2016/01/24 11:14:21 ET
Table 'Isolda' 6-max Seat #3 is the button
Seat 3: PigStyles ($149.52 in chips)
Seat 4: Actionni13 ($159.50 in chips)
PigStyles: posts small blind $1
Actionni13: posts big blind $3
*** HOLE CARDS ***
PigStyles: raises $3 to $6
Actionni13: raises $3 to $9
PigStyles: calls $3
*** FLOP *** [4h 9c Ah]
Pokali joins the table at seat #6
Actionni13: bets $3
PigStyles: calls $3
*** TURN *** [4h 9c Ah] [2d]
Actionni13: bets $6
PigStyles: folds
Uncalled bet ($6) returned to Actionni13
Actionni13 collected $23.52 from pot
Actionni13: doesn't show hand
*** SUMMARY ***
Total pot $24 | Rake $0.48
Board [4h 9c Ah 2d]
Seat 3: PigStyles (button) (small blind) folded on the Turn
Seat 4: Actionni13 (big blind) collected ($23.52)


