PokerStars Hand #151512877527:  Hold'em Limit ($3/$6 USD) - 2016/04/06 9:00:00 ET
Table 'Isolda II' 6-max Seat #6 is the button
Seat 1: kolaz03 ($72 in chips)
Seat 6: 19woody58 ($81.76 in chips)
19woody58: posts small blind $1
kolaz03: posts big blind $3
*** HOLE CARDS ***
19woody58 has timed out
19woody58: folds
Uncalled bet ($2) returned to kolaz03
kolaz03 collected $2 from pot
kolaz03: doesn't show hand
*** SUMMARY ***
Total pot $2 | Rake $0
Seat 1: kolaz03 (big blind) collected ($2)
Seat 6: 19woody58 (button) (small blind) folded before Flop


PokerStars Hand #151512989200:  Hold'em Limit ($3/$6 USD) - 2016/04/06 9:03:24 ET
Table 'Isolda II' 6-max Seat #1 is the button
Seat 1: kolaz03 ($73 in chips)
Seat 6: 19woody58 ($80.76 in chips)
kolaz03: posts small blind $1
19woody58: posts big blind $3
*** HOLE CARDS ***
kolaz03: raises $3 to $6
19woody58: folds
Uncalled bet ($3) returned to kolaz03
kolaz03 collected $6 from pot
kolaz03: doesn't show hand
*** SUMMARY ***
Total pot $6 | Rake $0
Seat 1: kolaz03 (button) (small blind) collected ($6)
Seat 6: 19woody58 (big blind) folded before Flop


PokerStars Hand #151513016916:  Hold'em Limit ($3/$6 USD) - 2016/04/06 9:04:12 ET
Table 'Isolda II' 6-max Seat #1 is the button
Seat 1: kolaz03 ($88.64 in chips)
Seat 6: 19woody58 ($64.76 in chips)
kolaz03: posts small blind $1
19woody58: posts big blind $3
*** HOLE CARDS ***
kolaz03: folds
Uncalled bet ($2) returned to 19woody58
19woody58 collected $2 from pot
*** SUMMARY ***
Total pot $2 | Rake $0
Seat 1: kolaz03 (button) (small blind) folded before Flop
Seat 6: 19woody58 (big blind) collected ($2)


PokerStars Hand #151513011589:  Hold'em Limit ($3/$6 USD) - 2016/04/06 9:04:03 ET
Table 'Isolda II' 6-max Seat #6 is the button
Seat 1: kolaz03 ($87.64 in chips)
Seat 6: 19woody58 ($65.76 in chips)
19woody58: posts small blind $1
kolaz03: posts big blind $3
*** HOLE CARDS ***
19woody58: folds
Uncalled bet ($2) returned to kolaz03
kolaz03 collected $2 from pot
kolaz03: doesn't show hand
*** SUMMARY ***
Total pot $2 | Rake $0
Seat 1: kolaz03 (big blind) collected ($2)
Seat 6: 19woody58 (button) (small blind) folded before Flop


PokerStars Hand #151513007992:  Hold'em Limit ($3/$6 USD) - 2016/04/06 9:03:57 ET
Table 'Isolda II' 6-max Seat #1 is the button
Seat 1: kolaz03 ($84.64 in chips)
Seat 6: 19woody58 ($68.76 in chips)
kolaz03: posts small blind $1
19woody58: posts big blind $3
*** HOLE CARDS ***
kolaz03: raises $3 to $6
19woody58: folds
Uncalled bet ($3) returned to kolaz03
kolaz03 collected $6 from pot
kolaz03: doesn't show hand
*** SUMMARY ***
Total pot $6 | Rake $0
Seat 1: kolaz03 (button) (small blind) collected ($6)
Seat 6: 19woody58 (big blind) folded before Flop


PokerStars Hand #151512999514:  Hold'em Limit ($3/$6 USD) - 2016/04/06 9:03:42 ET
Table 'Isolda II' 6-max Seat #6 is the button
Seat 1: kolaz03 ($76 in chips)
Seat 6: 19woody58 ($77.76 in chips)
19woody58: posts small blind $1
kolaz03: posts big blind $3
*** HOLE CARDS ***
19woody58: raises $3 to $6
kolaz03: raises $3 to $9
19woody58: calls $3
*** FLOP *** [7h Tc 3s]
kolaz03: bets $3
19woody58: folds
Uncalled bet ($3) returned to kolaz03
kolaz03 collected $17.64 from pot
kolaz03: doesn't show hand
*** SUMMARY ***
Total pot $18 | Rake $0.36
Board [7h Tc 3s]
Seat 1: kolaz03 (big blind) collected ($17.64)
Seat 6: 19woody58 (button) (small blind) folded on the Flop


PokerStars Hand #151512997054:  Hold'em Limit ($3/$6 USD) - 2016/04/06 9:03:38 ET
Table 'Isolda II' 6-max Seat #1 is the button
Seat 1: kolaz03 ($77 in chips)
Seat 6: 19woody58 ($76.76 in chips)
kolaz03: posts small blind $1
19woody58: posts big blind $3
*** HOLE CARDS ***
kolaz03: folds
Uncalled bet ($2) returned to 19woody58
19woody58 collected $2 from pot
*** SUMMARY ***
Total pot $2 | Rake $0
Seat 1: kolaz03 (button) (small blind) folded before Flop
Seat 6: 19woody58 (big blind) collected ($2)


PokerStars Hand #151512993364:  Hold'em Limit ($3/$6 USD) - 2016/04/06 9:03:31 ET
Table 'Isolda II' 6-max Seat #6 is the button
Seat 1: kolaz03 ($76 in chips)
Seat 6: 19woody58 ($77.76 in chips)
19woody58: posts small blind $1
kolaz03: posts big blind $3
*** HOLE CARDS ***
19woody58: folds
Uncalled bet ($2) returned to kolaz03
kolaz03 collected $2 from pot
kolaz03: doesn't show hand
*** SUMMARY ***
Total pot $2 | Rake $0
Seat 1: kolaz03 (big blind) collected ($2)
Seat 6: 19woody58 (button) (small blind) folded before Flop


PokerStars Hand #151513042792:  Hold'em Limit ($3/$6 USD) - 2016/04/06 9:04:57 ET
Table 'Isolda II' 6-max Seat #6 is the button
Seat 1: kolaz03 ($77.64 in chips)
Seat 6: 19woody58 ($75.40 in chips)
19woody58: posts small blind $1
kolaz03: posts big blind $3
*** HOLE CARDS ***
19woody58: raises $3 to $6
kolaz03: folds
Uncalled bet ($3) returned to 19woody58
19woody58 collected $6 from pot
*** SUMMARY ***
Total pot $6 | Rake $0
Seat 1: kolaz03 (big blind) folded before Flop
Seat 6: 19woody58 (button) (small blind) collected ($6)


PokerStars Hand #151513037785:  Hold'em Limit ($3/$6 USD) - 2016/04/06 9:04:49 ET
Table 'Isolda II' 6-max Seat #1 is the button
Seat 1: kolaz03 ($78.64 in chips)
Seat 6: 19woody58 ($74.40 in chips)
kolaz03: posts small blind $1
19woody58: posts big blind $3
*** HOLE CARDS ***
kolaz03: folds
Uncalled bet ($2) returned to 19woody58
19woody58 collected $2 from pot
*** SUMMARY ***
Total pot $2 | Rake $0
Seat 1: kolaz03 (button) (small blind) folded before Flop
Seat 6: 19woody58 (big blind) collected ($2)


PokerStars Hand #151513019815:  Hold'em Limit ($3/$6 USD) - 2016/04/06 9:04:18 ET
Table 'Isolda II' 6-max Seat #6 is the button
Seat 1: kolaz03 ($87.64 in chips)
Seat 6: 19woody58 ($65.76 in chips)
19woody58: posts small blind $1
kolaz03: posts big blind $3
*** HOLE CARDS ***
19woody58: raises $3 to $6
kolaz03: calls $3
*** FLOP *** [Kh 4h Ad]
kolaz03: checks
19woody58: bets $3
kolaz03: calls $3
*** TURN *** [Kh 4h Ad] [8d]
kolaz03: checks
19woody58: bets $6
kolaz03: folds
Uncalled bet ($6) returned to 19woody58
19woody58 collected $17.64 from pot
*** SUMMARY ***
Total pot $18 | Rake $0.36
Board [Kh 4h Ad 8d]
Seat 1: kolaz03 (big blind) folded on the Turn
Seat 6: 19woody58 (button) (small blind) collected ($17.64)


PokerStars Hand #151513091088:  Hold'em Limit ($3/$6 USD) - 2016/04/06 9:06:19 ET
Table 'Isolda II' 6-max Seat #1 is the button
Seat 1: kolaz03 ($78.40 in chips)
Seat 6: 19woody58 ($74.16 in chips)
kolaz03: posts small blind $1
19woody58: posts big blind $3
*** HOLE CARDS ***
kolaz03: folds
Uncalled bet ($2) returned to 19woody58
19woody58 collected $2 from pot
*** SUMMARY ***
Total pot $2 | Rake $0
Seat 1: kolaz03 (button) (small blind) folded before Flop
Seat 6: 19woody58 (big blind) collected ($2)


PokerStars Hand #151513080857:  Hold'em Limit ($3/$6 USD) - 2016/04/06 9:06:02 ET
Table 'Isolda II' 6-max Seat #6 is the button
Seat 1: kolaz03 ($84.40 in chips)
Seat 6: 19woody58 ($68.40 in chips)
19woody58: posts small blind $1
kolaz03: posts big blind $3
*** HOLE CARDS ***
19woody58: raises $3 to $6
kolaz03: calls $3
*** FLOP *** [4h 6c As]
kolaz03: checks
19woody58: bets $3
kolaz03: folds
Uncalled bet ($3) returned to 19woody58
19woody58 collected $11.76 from pot
*** SUMMARY ***
Total pot $12 | Rake $0.24
Board [4h 6c As]
Seat 1: kolaz03 (big blind) folded on the Flop
Seat 6: 19woody58 (button) (small blind) collected ($11.76)


PokerStars Hand #151513074698:  Hold'em Limit ($3/$6 USD) - 2016/04/06 9:05:51 ET
Table 'Isolda II' 6-max Seat #1 is the button
Seat 1: kolaz03 ($81.40 in chips)
Seat 6: 19woody58 ($71.40 in chips)
kolaz03: posts small blind $1
19woody58: posts big blind $3
*** HOLE CARDS ***
kolaz03: raises $3 to $6
19woody58: folds
Uncalled bet ($3) returned to kolaz03
kolaz03 collected $6 from pot
kolaz03: doesn't show hand
*** SUMMARY ***
Total pot $6 | Rake $0
Seat 1: kolaz03 (button) (small blind) collected ($6)
Seat 6: 19woody58 (big blind) folded before Flop


PokerStars Hand #151513071518:  Hold'em Limit ($3/$6 USD) - 2016/04/06 9:05:46 ET
Table 'Isolda II' 6-max Seat #6 is the button
Seat 1: kolaz03 ($80.40 in chips)
Seat 6: 19woody58 ($72.40 in chips)
19woody58: posts small blind $1
kolaz03: posts big blind $3
*** HOLE CARDS ***
19woody58: folds
Uncalled bet ($2) returned to kolaz03
kolaz03 collected $2 from pot
kolaz03: doesn't show hand
*** SUMMARY ***
Total pot $2 | Rake $0
Seat 1: kolaz03 (big blind) collected ($2)
Seat 6: 19woody58 (button) (small blind) folded before Flop


PokerStars Hand #151513049893:  Hold'em Limit ($3/$6 USD) - 2016/04/06 9:05:08 ET
Table 'Isolda II' 6-max Seat #1 is the button
Seat 1: kolaz03 ($74.64 in chips)
Seat 6: 19woody58 ($78.40 in chips)
kolaz03: posts small blind $1
19woody58: posts big blind $3
*** HOLE CARDS ***
kolaz03: raises $3 to $6
19woody58: calls $3
*** FLOP *** [Ks 5s 3s]
19woody58: checks
kolaz03: bets $3
19woody58: folds
Uncalled bet ($3) returned to kolaz03
kolaz03 collected $11.76 from pot
kolaz03: doesn't show hand
*** SUMMARY ***
Total pot $12 | Rake $0.24
Board [Ks 5s 3s]
Seat 1: kolaz03 (button) (small blind) collected ($11.76)
Seat 6: 19woody58 (big blind) folded on the Flop


PokerStars Hand #151513096809:  Hold'em Limit ($3/$6 USD) - 2016/04/06 9:06:29 ET
Table 'Isolda II' 6-max Seat #6 is the button
Seat 1: kolaz03 ($77.40 in chips)
Seat 6: 19woody58 ($75.16 in chips)
19woody58: posts small blind $1
kolaz03: posts big blind $3
*** HOLE CARDS ***
19woody58: raises $3 to $6
kolaz03: raises $3 to $9
19woody58: calls $3
*** FLOP *** [6s 7d Qc]
kolaz03: bets $3
19woody58: calls $3
*** TURN *** [6s 7d Qc] [2c]
kolaz03: bets $6
19woody58: folds
Uncalled bet ($6) returned to kolaz03
kolaz03 collected $23.52 from pot
kolaz03: doesn't show hand
*** SUMMARY ***
Total pot $24 | Rake $0.48
Board [6s 7d Qc 2c]
Seat 1: kolaz03 (big blind) collected ($23.52)
Seat 6: 19woody58 (button) (small blind) folded on the Turn


PokerStars Hand #151513146705:  Hold'em Limit ($3/$6 USD) - 2016/04/06 9:07:52 ET
Table 'Isolda II' 6-max Seat #6 is the button
Seat 1: kolaz03 ($109.42 in chips)
Seat 6: 19woody58 ($42.16 in chips)
19woody58: posts small blind $1
kolaz03: posts big blind $3
*** HOLE CARDS ***
19woody58: raises $3 to $6
kolaz03: calls $3
*** FLOP *** [3c 3d Qh]
kolaz03: checks
19woody58: bets $3
kolaz03: folds
Uncalled bet ($3) returned to 19woody58
19woody58 collected $11.76 from pot
*** SUMMARY ***
Total pot $12 | Rake $0.24
Board [3c 3d Qh]
Seat 1: kolaz03 (big blind) folded on the Flop
Seat 6: 19woody58 (button) (small blind) collected ($11.76)


PokerStars Hand #151513143959:  Hold'em Limit ($3/$6 USD) - 2016/04/06 9:07:48 ET
Table 'Isolda II' 6-max Seat #1 is the button
Seat 1: kolaz03 ($110.42 in chips)
Seat 6: 19woody58 ($41.16 in chips)
kolaz03: posts small blind $1
19woody58: posts big blind $3
*** HOLE CARDS ***
kolaz03: folds
Uncalled bet ($2) returned to 19woody58
19woody58 collected $2 from pot
*** SUMMARY ***
Total pot $2 | Rake $0
Seat 1: kolaz03 (button) (small blind) folded before Flop
Seat 6: 19woody58 (big blind) collected ($2)


PokerStars Hand #151513140011:  Hold'em Limit ($3/$6 USD) - 2016/04/06 9:07:41 ET
Table 'Isolda II' 6-max Seat #6 is the button
Seat 1: kolaz03 ($109.42 in chips)
Seat 6: 19woody58 ($42.16 in chips)
19woody58: posts small blind $1
kolaz03: posts big blind $3
*** HOLE CARDS ***
19woody58: folds
Uncalled bet ($2) returned to kolaz03
kolaz03 collected $2 from pot
kolaz03: doesn't show hand
*** SUMMARY ***
Total pot $2 | Rake $0
Seat 1: kolaz03 (big blind) collected ($2)
Seat 6: 19woody58 (button) (small blind) folded before Flop


PokerStars Hand #151513176632:  Hold'em Limit ($3/$6 USD) - 2016/04/06 9:08:43 ET
Table 'Isolda II' 6-max Seat #1 is the button
Seat 1: kolaz03 ($113.06 in chips)
Seat 6: 19woody58 ($37.92 in chips)
kolaz03: posts small blind $1
19woody58: posts big blind $3
*** HOLE CARDS ***
PayMyAudiR8 joins the table at seat #2
kolaz03: raises $3 to $6
19woody58: calls $3
*** FLOP *** [6h 7c Ad]
19woody58: checks
kolaz03: bets $3
19woody58: calls $3
*** TURN *** [6h 7c Ad] [3s]
19woody58: checks
kolaz03: bets $6
19woody58: calls $6
*** RIVER *** [6h 7c Ad 3s] [Tc]
19woody58: checks
kolaz03: checks
*** SHOW DOWN ***
19woody58: shows [Kc 8c] (high card Ace)
kolaz03: shows [Kh 9d] (high card Ace - King+Ten+Nine kicker)
kolaz03 collected $29.50 from pot
*** SUMMARY ***
Total pot $30 | Rake $0.50
Board [6h 7c Ad 3s Tc]
Seat 1: kolaz03 (button) (small blind) showed [Kh 9d] and won ($29.50) with high card Ace
Seat 6: 19woody58 (big blind) showed [Kc 8c] and lost with high card Ace


PokerStars Hand #151513172941:  Hold'em Limit ($3/$6 USD) - 2016/04/06 9:08:37 ET
Table 'Isolda II' 6-max Seat #6 is the button
Seat 1: kolaz03 ($112.06 in chips)
Seat 6: 19woody58 ($38.92 in chips)
19woody58: posts small blind $1
kolaz03: posts big blind $3
*** HOLE CARDS ***
19woody58: folds
Uncalled bet ($2) returned to kolaz03
kolaz03 collected $2 from pot
kolaz03: doesn't show hand
*** SUMMARY ***
Total pot $2 | Rake $0
Seat 1: kolaz03 (big blind) collected ($2)
Seat 6: 19woody58 (button) (small blind) folded before Flop


PokerStars Hand #151513157218:  Hold'em Limit ($3/$6 USD) - 2016/04/06 9:08:10 ET
Table 'Isolda II' 6-max Seat #1 is the button
Seat 1: kolaz03 ($103.42 in chips)
Seat 6: 19woody58 ($47.92 in chips)
kolaz03: posts small blind $1
19woody58: posts big blind $3
*** HOLE CARDS ***
kolaz03: raises $3 to $6
19woody58: calls $3
*** FLOP *** [Tc 9s Ah]
19woody58: checks
kolaz03: bets $3
19woody58: calls $3
*** TURN *** [Tc 9s Ah] [Qs]
19woody58: checks
kolaz03: bets $6
19woody58: folds
Uncalled bet ($6) returned to kolaz03
kolaz03 collected $17.64 from pot
kolaz03: doesn't show hand
*** SUMMARY ***
Total pot $18 | Rake $0.36
Board [Tc 9s Ah Qs]
Seat 1: kolaz03 (button) (small blind) collected ($17.64)
Seat 6: 19woody58 (big blind) folded on the Turn


PokerStars Hand #151513230765:  Hold'em Limit ($3/$6 USD) - 2016/04/06 9:10:15 ET
Table 'Isolda II' 6-max Seat #6 is the button
Seat 1: kolaz03 ($101.56 in chips)
Seat 6: 19woody58 ($47.92 in chips)
19woody58: posts small blind $1
kolaz03: posts big blind $3
*** HOLE CARDS ***
19woody58: calls $2
kolaz03: checks
*** FLOP *** [9s 3h Kd]
kolaz03: checks
19woody58: bets $3
kolaz03: folds
Uncalled bet ($3) returned to 19woody58
19woody58 collected $5.88 from pot
*** SUMMARY ***
Total pot $6 | Rake $0.12
Board [9s 3h Kd]
Seat 1: kolaz03 (big blind) folded on the Flop
Seat 6: 19woody58 (button) (small blind) collected ($5.88)


PokerStars Hand #151513227523:  Hold'em Limit ($3/$6 USD) - 2016/04/06 9:10:10 ET
Table 'Isolda II' 6-max Seat #1 is the button
Seat 1: kolaz03 ($98.56 in chips)
Seat 6: 19woody58 ($50.92 in chips)
kolaz03: posts small blind $1
19woody58: posts big blind $3
*** HOLE CARDS ***
kolaz03: raises $3 to $6
19woody58: folds
Uncalled bet ($3) returned to kolaz03
kolaz03 collected $6 from pot
kolaz03: doesn't show hand
*** SUMMARY ***
Total pot $6 | Rake $0
Seat 1: kolaz03 (button) (small blind) collected ($6)
Seat 6: 19woody58 (big blind) folded before Flop


PokerStars Hand #151513223831:  Hold'em Limit ($3/$6 USD) - 2016/04/06 9:10:03 ET
Table 'Isolda II' 6-max Seat #6 is the button
Seat 1: kolaz03 ($97.56 in chips)
Seat 6: 19woody58 ($51.92 in chips)
19woody58: posts small blind $1
kolaz03: posts big blind $3
*** HOLE CARDS ***
19woody58: folds
Uncalled bet ($2) returned to kolaz03
kolaz03 collected $2 from pot
kolaz03: doesn't show hand
*** SUMMARY ***
Total pot $2 | Rake $0
Seat 1: kolaz03 (big blind) collected ($2)
Seat 6: 19woody58 (button) (small blind) folded before Flop


PokerStars Hand #151513211371:  Hold'em Limit ($3/$6 USD) - 2016/04/06 9:09:43 ET
Table 'Isolda II' 6-max Seat #1 is the button
Seat 1: kolaz03 ($112.56 in chips)
Seat 6: 19woody58 ($37.42 in chips)
kolaz03: posts small blind $1
19woody58: posts big blind $3
*** HOLE CARDS ***
kolaz03: raises $3 to $6
19woody58: calls $3
*** FLOP *** [7h Ad Kh]
19woody58: checks
kolaz03: bets $3
19woody58: calls $3
*** TURN *** [7h Ad Kh] [6h]
19woody58: checks
kolaz03: bets $6
19woody58: calls $6
*** RIVER *** [7h Ad Kh 6h] [4c]
19woody58: checks
kolaz03: checks
*** SHOW DOWN ***
19woody58: shows [7s 6d] (two pair, Sevens and Sixes)
kolaz03: mucks hand
19woody58 collected $29.50 from pot
*** SUMMARY ***
Total pot $30 | Rake $0.50
Board [7h Ad Kh 6h 4c]
Seat 1: kolaz03 (button) (small blind) mucked
Seat 6: 19woody58 (big blind) showed [7s 6d] and won ($29.50) with two pair, Sevens and Sixes


PokerStars Hand #151513197458:  Hold'em Limit ($3/$6 USD) - 2016/04/06 9:09:19 ET
Table 'Isolda II' 6-max Seat #6 is the button
Seat 1: kolaz03 ($127.56 in chips)
Seat 6: 19woody58 ($22.92 in chips)
19woody58: posts small blind $1
kolaz03: posts big blind $3
*** HOLE CARDS ***
19woody58: raises $3 to $6
kolaz03: calls $3
*** FLOP *** [7c Qh 4s]
kolaz03: checks
19woody58: bets $3
kolaz03: calls $3
*** TURN *** [7c Qh 4s] [9s]
kolaz03: checks
19woody58: checks
*** RIVER *** [7c Qh 4s 9s] [5s]
kolaz03: checks
19woody58: bets $6
kolaz03: calls $6
*** SHOW DOWN ***
19woody58: shows [5d Ks] (a pair of Fives)
kolaz03: mucks hand
PayMyAudiR8 leaves the table
19woody58 collected $29.50 from pot
*** SUMMARY ***
Total pot $30 | Rake $0.50
Board [7c Qh 4s 9s 5s]
Seat 1: kolaz03 (big blind) mucked
Seat 6: 19woody58 (button) (small blind) showed [5d Ks] and won ($29.50) with a pair of Fives


PokerStars Hand #151513251138:  Hold'em Limit ($3/$6 USD) - 2016/04/06 9:10:49 ET
Table 'Isolda II' 6-max Seat #6 is the button
Seat 1: kolaz03 ($105.56 in chips)
Seat 6: 19woody58 ($43.80 in chips)
19woody58: posts small blind $1
kolaz03: posts big blind $3
*** HOLE CARDS ***
19woody58: raises $3 to $6
kolaz03: raises $3 to $9
19woody58: calls $3
*** FLOP *** [Ts 7c Th]
kolaz03: bets $3
19woody58: calls $3
*** TURN *** [Ts 7c Th] [9d]
kolaz03: bets $6
19woody58: calls $6
*** RIVER *** [Ts 7c Th 9d] [2h]
kolaz03: bets $6
19woody58: calls $6
*** SHOW DOWN ***
kolaz03: shows [4c 4d] (two pair, Tens and Fours)
19woody58: mucks hand
kolaz03 collected $47.50 from pot
*** SUMMARY ***
Total pot $48 | Rake $0.50
Board [Ts 7c Th 9d 2h]
Seat 1: kolaz03 (big blind) showed [4c 4d] and won ($47.50) with two pair, Tens and Fours
Seat 6: 19woody58 (button) (small blind) mucked


PokerStars Hand #151513247407:  Hold'em Limit ($3/$6 USD) - 2016/04/06 9:10:43 ET
Table 'Isolda II' 6-max Seat #1 is the button
Seat 1: kolaz03 ($102.56 in chips)
Seat 6: 19woody58 ($46.80 in chips)
kolaz03: posts small blind $1
19woody58: posts big blind $3
*** HOLE CARDS ***
kolaz03: raises $3 to $6
19woody58: folds
Uncalled bet ($3) returned to kolaz03
kolaz03 collected $6 from pot
kolaz03: doesn't show hand
*** SUMMARY ***
Total pot $6 | Rake $0
Seat 1: kolaz03 (button) (small blind) collected ($6)
Seat 6: 19woody58 (big blind) folded before Flop


PokerStars Hand #151513243969:  Hold'em Limit ($3/$6 USD) - 2016/04/06 9:10:37 ET
Table 'Isolda II' 6-max Seat #6 is the button
Seat 1: kolaz03 ($101.56 in chips)
Seat 6: 19woody58 ($47.80 in chips)
19woody58: posts small blind $1
kolaz03: posts big blind $3
*** HOLE CARDS ***
19woody58: folds
Uncalled bet ($2) returned to kolaz03
kolaz03 collected $2 from pot
kolaz03: doesn't show hand
*** SUMMARY ***
Total pot $2 | Rake $0
Seat 1: kolaz03 (big blind) collected ($2)
Seat 6: 19woody58 (button) (small blind) folded before Flop


PokerStars Hand #151513240017:  Hold'em Limit ($3/$6 USD) - 2016/04/06 9:10:30 ET
Table 'Isolda II' 6-max Seat #1 is the button
Seat 1: kolaz03 ($98.56 in chips)
Seat 6: 19woody58 ($50.80 in chips)
kolaz03: posts small blind $1
19woody58: posts big blind $3
*** HOLE CARDS ***
kolaz03: raises $3 to $6
19woody58: folds
Uncalled bet ($3) returned to kolaz03
kolaz03 collected $6 from pot
kolaz03: doesn't show hand
*** SUMMARY ***
Total pot $6 | Rake $0
Seat 1: kolaz03 (button) (small blind) collected ($6)
Seat 6: 19woody58 (big blind) folded before Flop


PokerStars Hand #151513288764:  Hold'em Limit ($3/$6 USD) - 2016/04/06 9:11:52 ET
Table 'Isolda II' 6-max Seat #6 is the button
Seat 1: kolaz03 ($114.06 in chips)
Seat 6: 19woody58 ($34.30 in chips)
19woody58: posts small blind $1
kolaz03: posts big blind $3
*** HOLE CARDS ***
19woody58: calls $2
5914 joins the table at seat #3
kolaz03: checks
*** FLOP *** [Ac 9d 6d]
kolaz03: checks
19woody58: bets $3
kolaz03: folds
Uncalled bet ($3) returned to 19woody58
19woody58 collected $5.88 from pot
*** SUMMARY ***
Total pot $6 | Rake $0.12
Board [Ac 9d 6d]
Seat 1: kolaz03 (big blind) folded on the Flop
Seat 6: 19woody58 (button) (small blind) collected ($5.88)


PokerStars Hand #151513269148:  Hold'em Limit ($3/$6 USD) - 2016/04/06 9:11:19 ET
Table 'Isolda II' 6-max Seat #1 is the button
Seat 1: kolaz03 ($129.06 in chips)
Seat 6: 19woody58 ($19.80 in chips)
kolaz03: posts small blind $1
19woody58: posts big blind $3
*** HOLE CARDS ***
kolaz03: raises $3 to $6
19woody58: calls $3
*** FLOP *** [4d Kc Qs]
19woody58: checks
kolaz03: bets $3
19woody58: calls $3
*** TURN *** [4d Kc Qs] [8d]
19woody58: checks
kolaz03: bets $6
19woody58: calls $6
*** RIVER *** [4d Kc Qs 8d] [9h]
19woody58: checks
kolaz03: checks
*** SHOW DOWN ***
19woody58: shows [Ad 8s] (a pair of Eights)
kolaz03: mucks hand
19woody58 collected $29.50 from pot
*** SUMMARY ***
Total pot $30 | Rake $0.50
Board [4d Kc Qs 8d 9h]
Seat 1: kolaz03 (button) (small blind) mucked
Seat 6: 19woody58 (big blind) showed [Ad 8s] and won ($29.50) with a pair of Eights


PokerStars Hand #151513698990:  Hold'em Limit ($3/$6 USD) - 2016/04/06 9:23:12 ET
Table 'Isolda II' 6-max Seat #3 is the button
Seat 3: 5914 ($124.48 in chips)
Seat 4: TbIP-TbIP 88 ($90.56 in chips)
5914: posts small blind $1
TbIP-TbIP 88: posts big blind $3
*** HOLE CARDS ***
5914: raises $3 to $6
TbIP-TbIP 88: calls $3
*** FLOP *** [8d Jc 3d]
TbIP-TbIP 88: bets $3
5914: calls $3
*** TURN *** [8d Jc 3d] [Jd]
TbIP-TbIP 88: bets $6
5914: calls $6
*** RIVER *** [8d Jc 3d Jd] [9s]
TbIP-TbIP 88: bets $6
5914: folds
Uncalled bet ($6) returned to TbIP-TbIP 88
TbIP-TbIP 88 collected $29.50 from pot
TbIP-TbIP 88: doesn't show hand
*** SUMMARY ***
Total pot $30 | Rake $0.50
Board [8d Jc 3d Jd 9s]
Seat 3: 5914 (button) (small blind) folded on the River
Seat 4: TbIP-TbIP 88 (big blind) collected ($29.50)


PokerStars Hand #151513715629:  Hold'em Limit ($3/$6 USD) - 2016/04/06 9:23:39 ET
Table 'Isolda II' 6-max Seat #4 is the button
Seat 3: 5914 ($109.48 in chips)
Seat 4: TbIP-TbIP 88 ($105.06 in chips)
TbIP-TbIP 88: posts small blind $1
5914: posts big blind $3
*** HOLE CARDS ***
TbIP-TbIP 88: raises $3 to $6
5914: raises $3 to $9
TbIP-TbIP 88: calls $3
*** FLOP *** [4h 6h 3d]
5914: bets $3
TbIP-TbIP 88: calls $3
*** TURN *** [4h 6h 3d] [7h]
5914: bets $6
TbIP-TbIP 88: folds
Uncalled bet ($6) returned to 5914
5914 collected $23.52 from pot
5914: doesn't show hand
*** SUMMARY ***
Total pot $24 | Rake $0.48
Board [4h 6h 3d 7h]
Seat 3: 5914 (big blind) collected ($23.52)
Seat 4: TbIP-TbIP 88 (button) (small blind) folded on the Turn


PokerStars Hand #151513730563:  Hold'em Limit ($3/$6 USD) - 2016/04/06 9:24:04 ET
Table 'Isolda II' 6-max Seat #3 is the button
Seat 3: 5914 ($121 in chips)
Seat 4: TbIP-TbIP 88 ($93.06 in chips)
5914: posts small blind $1
TbIP-TbIP 88: posts big blind $3
*** HOLE CARDS ***
5914: raises $3 to $6
TbIP-TbIP 88: calls $3
*** FLOP *** [2h Kd Qs]
TbIP-TbIP 88: checks
5914: checks
*** TURN *** [2h Kd Qs] [6s]
TbIP-TbIP 88: bets $6
5914: calls $6
*** RIVER *** [2h Kd Qs 6s] [Ts]
TbIP-TbIP 88: bets $6
5914: calls $6
*** SHOW DOWN ***
TbIP-TbIP 88: shows [9h 8c] (high card King)
5914: shows [Ad 9c] (high card Ace)
5914 collected $35.50 from pot
*** SUMMARY ***
Total pot $36 | Rake $0.50
Board [2h Kd Qs 6s Ts]
Seat 3: 5914 (button) (small blind) showed [Ad 9c] and won ($35.50) with high card Ace
Seat 4: TbIP-TbIP 88 (big blind) showed [9h 8c] and lost with high card King


PokerStars Hand #151513742639:  Hold'em Limit ($3/$6 USD) - 2016/04/06 9:24:24 ET
Table 'Isolda II' 6-max Seat #4 is the button
Seat 3: 5914 ($138.50 in chips)
Seat 4: TbIP-TbIP 88 ($75.06 in chips)
TbIP-TbIP 88: posts small blind $1
5914: posts big blind $3
*** HOLE CARDS ***
TbIP-TbIP 88: raises $3 to $6
5914: calls $3
*** FLOP *** [7c 4c Td]
5914: checks
TbIP-TbIP 88: bets $3
5914: calls $3
*** TURN *** [7c 4c Td] [Qd]
5914: checks
TbIP-TbIP 88: checks
*** RIVER *** [7c 4c Td Qd] [Qs]
5914: checks
TbIP-TbIP 88: checks
*** SHOW DOWN ***
5914: shows [6h 3h] (a pair of Queens)
TbIP-TbIP 88: shows [8s As] (a pair of Queens - Ace kicker)
TbIP-TbIP 88 collected $17.64 from pot
*** SUMMARY ***
Total pot $18 | Rake $0.36
Board [7c 4c Td Qd Qs]
Seat 3: 5914 (big blind) showed [6h 3h] and lost with a pair of Queens
Seat 4: TbIP-TbIP 88 (button) (small blind) showed [8s As] and won ($17.64) with a pair of Queens


PokerStars Hand #151513755909:  Hold'em Limit ($3/$6 USD) - 2016/04/06 9:24:46 ET
Table 'Isolda II' 6-max Seat #3 is the button
Seat 3: 5914 ($129.50 in chips)
Seat 4: TbIP-TbIP 88 ($83.70 in chips)
5914: posts small blind $1
TbIP-TbIP 88: posts big blind $3
*** HOLE CARDS ***
5914: raises $3 to $6
TbIP-TbIP 88: calls $3
*** FLOP *** [Jh Ts 8d]
TbIP-TbIP 88: checks
5914: bets $3
TbIP-TbIP 88: raises $3 to $6
5914: calls $3
*** TURN *** [Jh Ts 8d] [Th]
TbIP-TbIP 88: bets $6
5914: folds
Uncalled bet ($6) returned to TbIP-TbIP 88
TbIP-TbIP 88 collected $23.52 from pot
TbIP-TbIP 88: doesn't show hand
*** SUMMARY ***
Total pot $24 | Rake $0.48
Board [Jh Ts 8d Th]
Seat 3: 5914 (button) (small blind) folded on the Turn
Seat 4: TbIP-TbIP 88 (big blind) collected ($23.52)


PokerStars Hand #151513767092:  Hold'em Limit ($3/$6 USD) - 2016/04/06 9:25:04 ET
Table 'Isolda II' 6-max Seat #4 is the button
Seat 3: 5914 ($117.50 in chips)
Seat 4: TbIP-TbIP 88 ($95.22 in chips)
TbIP-TbIP 88: posts small blind $1
5914: posts big blind $3
*** HOLE CARDS ***
TbIP-TbIP 88: folds
Uncalled bet ($2) returned to 5914
5914 collected $2 from pot
5914: doesn't show hand
*** SUMMARY ***
Total pot $2 | Rake $0
Seat 3: 5914 (big blind) collected ($2)
Seat 4: TbIP-TbIP 88 (button) (small blind) folded before Flop


PokerStars Hand #151513774756:  Hold'em Limit ($3/$6 USD) - 2016/04/06 9:25:17 ET
Table 'Isolda II' 6-max Seat #4 is the button
Seat 3: 5914 ($117.50 in chips)
Seat 4: TbIP-TbIP 88 ($95.22 in chips)
TbIP-TbIP 88: posts small blind $1
5914: posts big blind $3
*** HOLE CARDS ***
TbIP-TbIP 88: folds
Uncalled bet ($2) returned to 5914
5914 collected $2 from pot
5914: doesn't show hand
*** SUMMARY ***
Total pot $2 | Rake $0
Seat 3: 5914 (big blind) collected ($2)
Seat 4: TbIP-TbIP 88 (button) (small blind) folded before Flop


PokerStars Hand #151513770678:  Hold'em Limit ($3/$6 USD) - 2016/04/06 9:25:10 ET
Table 'Isolda II' 6-max Seat #3 is the button
Seat 3: 5914 ($118.50 in chips)
Seat 4: TbIP-TbIP 88 ($94.22 in chips)
5914: posts small blind $1
TbIP-TbIP 88: posts big blind $3
*** HOLE CARDS ***
5914: folds
Uncalled bet ($2) returned to TbIP-TbIP 88
TbIP-TbIP 88 collected $2 from pot
TbIP-TbIP 88: doesn't show hand
*** SUMMARY ***
Total pot $2 | Rake $0
Seat 3: 5914 (button) (small blind) folded before Flop
Seat 4: TbIP-TbIP 88 (big blind) collected ($2)


PokerStars Hand #151513777623:  Hold'em Limit ($3/$6 USD) - 2016/04/06 9:25:21 ET
Table 'Isolda II' 6-max Seat #3 is the button
Seat 3: 5914 ($118.50 in chips)
Seat 4: TbIP-TbIP 88 ($94.22 in chips)
5914: posts small blind $1
TbIP-TbIP 88: posts big blind $3
*** HOLE CARDS ***
5914: folds
Uncalled bet ($2) returned to TbIP-TbIP 88
TbIP-TbIP 88 collected $2 from pot
TbIP-TbIP 88: doesn't show hand
*** SUMMARY ***
Total pot $2 | Rake $0
Seat 3: 5914 (button) (small blind) folded before Flop
Seat 4: TbIP-TbIP 88 (big blind) collected ($2)


PokerStars Hand #151513781213:  Hold'em Limit ($3/$6 USD) - 2016/04/06 9:25:27 ET
Table 'Isolda II' 6-max Seat #4 is the button
Seat 3: 5914 ($117.50 in chips)
Seat 4: TbIP-TbIP 88 ($95.22 in chips)
TbIP-TbIP 88: posts small blind $1
5914: posts big blind $3
*** HOLE CARDS ***
TbIP-TbIP 88: calls $2
5914: checks
*** FLOP *** [Jd 7c 8d]
5914: bets $3
TbIP-TbIP 88: folds
Uncalled bet ($3) returned to 5914
5914 collected $5.88 from pot
5914: doesn't show hand
*** SUMMARY ***
Total pot $6 | Rake $0.12
Board [Jd 7c 8d]
Seat 3: 5914 (big blind) collected ($5.88)
Seat 4: TbIP-TbIP 88 (button) (small blind) folded on the Flop


PokerStars Hand #151513797515:  Hold'em Limit ($3/$6 USD) - 2016/04/06 9:25:54 ET
Table 'Isolda II' 6-max Seat #3 is the button
Seat 3: 5914 ($120.38 in chips)
Seat 4: TbIP-TbIP 88 ($92.22 in chips)
5914: posts small blind $1
TbIP-TbIP 88: posts big blind $3
*** HOLE CARDS ***
5914: calls $2
TbIP-TbIP 88: checks
*** FLOP *** [7s Th 9s]
TbIP-TbIP 88: bets $3
5914: calls $3
*** TURN *** [7s Th 9s] [9h]
TbIP-TbIP 88: checks
5914: checks
*** RIVER *** [7s Th 9s 9h] [4s]
TbIP-TbIP 88: bets $6
5914: folds
Uncalled bet ($6) returned to TbIP-TbIP 88
TbIP-TbIP 88 collected $11.76 from pot
TbIP-TbIP 88: doesn't show hand
*** SUMMARY ***
Total pot $12 | Rake $0.24
Board [7s Th 9s 9h 4s]
Seat 3: 5914 (button) (small blind) folded on the River
Seat 4: TbIP-TbIP 88 (big blind) collected ($11.76)


PokerStars Hand #151513812436:  Hold'em Limit ($3/$6 USD) - 2016/04/06 9:26:19 ET
Table 'Isolda II' 6-max Seat #3 is the button
Seat 3: 5914 ($115.38 in chips)
Seat 4: TbIP-TbIP 88 ($96.98 in chips)
5914: posts small blind $1
TbIP-TbIP 88: posts big blind $3
*** HOLE CARDS ***
5914: folds
Uncalled bet ($2) returned to TbIP-TbIP 88
TbIP-TbIP 88 collected $2 from pot
TbIP-TbIP 88: doesn't show hand
*** SUMMARY ***
Total pot $2 | Rake $0
Seat 3: 5914 (button) (small blind) folded before Flop
Seat 4: TbIP-TbIP 88 (big blind) collected ($2)


PokerStars Hand #151513808139:  Hold'em Limit ($3/$6 USD) - 2016/04/06 9:26:12 ET
Table 'Isolda II' 6-max Seat #4 is the button
Seat 3: 5914 ($114.38 in chips)
Seat 4: TbIP-TbIP 88 ($97.98 in chips)
TbIP-TbIP 88: posts small blind $1
5914: posts big blind $3
*** HOLE CARDS ***
TbIP-TbIP 88: folds
Uncalled bet ($2) returned to 5914
5914 collected $2 from pot
5914: doesn't show hand
*** SUMMARY ***
Total pot $2 | Rake $0
Seat 3: 5914 (big blind) collected ($2)
Seat 4: TbIP-TbIP 88 (button) (small blind) folded before Flop


PokerStars Hand #151513838472:  Hold'em Limit ($3/$6 USD) - 2016/04/06 9:27:02 ET
Table 'Isolda II' 6-max Seat #3 is the button
Seat 3: 5914 ($137.88 in chips)
Seat 4: TbIP-TbIP 88 ($73.98 in chips)
5914: posts small blind $1
TbIP-TbIP 88: posts big blind $3
*** HOLE CARDS ***
5914: folds
Uncalled bet ($2) returned to TbIP-TbIP 88
TbIP-TbIP 88 collected $2 from pot
TbIP-TbIP 88: doesn't show hand
*** SUMMARY ***
Total pot $2 | Rake $0
Seat 3: 5914 (button) (small blind) folded before Flop
Seat 4: TbIP-TbIP 88 (big blind) collected ($2)


PokerStars Hand #151513815209:  Hold'em Limit ($3/$6 USD) - 2016/04/06 9:26:23 ET
Table 'Isolda II' 6-max Seat #4 is the button
Seat 3: 5914 ($114.38 in chips)
Seat 4: TbIP-TbIP 88 ($97.98 in chips)
TbIP-TbIP 88: posts small blind $1
5914: posts big blind $3
*** HOLE CARDS ***
TbIP-TbIP 88: raises $3 to $6
5914: raises $3 to $9
TbIP-TbIP 88: calls $3
*** FLOP *** [Td 5c 7c]
5914: bets $3
TbIP-TbIP 88: calls $3
*** TURN *** [Td 5c 7c] [7h]
5914: bets $6
TbIP-TbIP 88: calls $6
*** RIVER *** [Td 5c 7c 7h] [8s]
5914: bets $6
TbIP-TbIP 88: calls $6
*** SHOW DOWN ***
5914: shows [Kh 7d] (three of a kind, Sevens)
TbIP-TbIP 88: mucks hand
5914 collected $47.50 from pot
*** SUMMARY ***
Total pot $48 | Rake $0.50
Board [Td 5c 7c 7h 8s]
Seat 3: 5914 (big blind) showed [Kh 7d] and won ($47.50) with three of a kind, Sevens
Seat 4: TbIP-TbIP 88 (button) (small blind) mucked


PokerStars Hand #151513841383:  Hold'em Limit ($3/$6 USD) - 2016/04/06 9:27:06 ET
Table 'Isolda II' 6-max Seat #4 is the button
Seat 3: 5914 ($136.88 in chips)
Seat 4: TbIP-TbIP 88 ($74.98 in chips)
TbIP-TbIP 88: posts small blind $1
5914: posts big blind $3
*** HOLE CARDS ***
TbIP-TbIP 88: raises $3 to $6
BuzovaPro joins the table at seat #5
5914: raises $3 to $9
TbIP-TbIP 88: calls $3
*** FLOP *** [6s 7d 8c]
5914: bets $3
TbIP-TbIP 88: calls $3
*** TURN *** [6s 7d 8c] [8h]
5914: checks
TbIP-TbIP 88: checks
*** RIVER *** [6s 7d 8c 8h] [9d]
5914: checks
TbIP-TbIP 88: bets $6
5914: calls $6
*** SHOW DOWN ***
TbIP-TbIP 88: shows [5c Ah] (a straight, Five to Nine)
5914: mucks hand
TbIP-TbIP 88 collected $35.50 from pot
*** SUMMARY ***
Total pot $36 | Rake $0.50
Board [6s 7d 8c 8h 9d]
Seat 3: 5914 (big blind) mucked
Seat 4: TbIP-TbIP 88 (button) (small blind) showed [5c Ah] and won ($35.50) with a straight, Five to Nine


PokerStars Hand #151513851183:  Hold'em Limit ($3/$6 USD) - 2016/04/06 9:27:23 ET
Table 'Isolda II' 6-max Seat #3 is the button
Seat 3: 5914 ($118.88 in chips)
Seat 4: TbIP-TbIP 88 ($92.48 in chips)
5914: posts small blind $1
TbIP-TbIP 88: posts big blind $3
*** HOLE CARDS ***
5914: calls $2
TbIP-TbIP 88: checks
*** FLOP *** [Ts 9s 2d]
TbIP-TbIP 88: bets $3
5914: folds
Uncalled bet ($3) returned to TbIP-TbIP 88
TbIP-TbIP 88 collected $5.88 from pot
TbIP-TbIP 88: doesn't show hand
*** SUMMARY ***
Total pot $6 | Rake $0.12
Board [Ts 9s 2d]
Seat 3: 5914 (button) (small blind) folded on the Flop
Seat 4: TbIP-TbIP 88 (big blind) collected ($5.88)


PokerStars Hand #151516106301:  Hold'em Limit ($3/$6 USD) - 2016/04/06 10:27:40 ET
Table 'Isolda II' 6-max Seat #2 is the button
Seat 1: tttzzz ($205.35 in chips)
Seat 2: Johnliu ($151.84 in chips)
Johnliu: posts small blind $1
tttzzz: posts big blind $3
*** HOLE CARDS ***
Johnliu: raises $3 to $6
tttzzz: folds
Uncalled bet ($3) returned to Johnliu
Johnliu collected $6 from pot
Johnliu: doesn't show hand
*** SUMMARY ***
Total pot $6 | Rake $0
Seat 1: tttzzz (big blind) folded before Flop
Seat 2: Johnliu (button) (small blind) collected ($6)


