PokerStars Hand #162489193835:  Hold'em Limit ($3/$6 USD) - 2016/12/06 0:00:00 ET
Table 'Isonoe' 6-max Seat #3 is the button
Seat 3: mylifeluvsol ($48.03 in chips)
Seat 4: Agrotait ($72 in chips)
mylifeluvsol: posts small blind $1
Agrotait: posts big blind $3
*** HOLE CARDS ***
mylifeluvsol: calls $2
Agrotait: checks
*** FLOP *** [Ac 5h Kd]
Agrotait: bets $3
mylifeluvsol: folds
Uncalled bet ($3) returned to Agrotait
Agrotait collected $5.88 from pot
Agrotait: doesn't show hand
*** SUMMARY ***
Total pot $6 | Rake $0.12
Board [Ac 5h Kd]
Seat 3: mylifeluvsol (button) (small blind) folded on the Flop
Seat 4: Agrotait (big blind) collected ($5.88)


PokerStars Hand #162489197880:  Hold'em Limit ($3/$6 USD) - 2016/12/06 0:00:15 ET
Table 'Isonoe' 6-max Seat #4 is the button
Seat 3: mylifeluvsol ($45.03 in chips)
Seat 4: Agrotait ($74.88 in chips)
Agrotait: posts small blind $1
mylifeluvsol: posts big blind $3
*** HOLE CARDS ***
Agrotait: folds
Uncalled bet ($2) returned to mylifeluvsol
mylifeluvsol collected $2 from pot
*** SUMMARY ***
Total pot $2 | Rake $0
Seat 3: mylifeluvsol (big blind) collected ($2)
Seat 4: Agrotait (button) (small blind) folded before Flop


PokerStars Hand #162489203851:  Hold'em Limit ($3/$6 USD) - 2016/12/06 0:00:38 ET
Table 'Isonoe' 6-max Seat #4 is the button
Seat 3: mylifeluvsol ($37.03 in chips)
Seat 4: Agrotait ($82.52 in chips)
Agrotait: posts small blind $1
mylifeluvsol: posts big blind $3
*** HOLE CARDS ***
Agrotait: raises $3 to $6
mylifeluvsol: calls $3
*** FLOP *** [6h Ac As]
mylifeluvsol: checks
Agrotait: bets $3
mylifeluvsol: folds
Uncalled bet ($3) returned to Agrotait
Agrotait collected $11.76 from pot
Agrotait: doesn't show hand
*** SUMMARY ***
Total pot $12 | Rake $0.24
Board [6h Ac As]
Seat 3: mylifeluvsol (big blind) folded on the Flop
Seat 4: Agrotait (button) (small blind) collected ($11.76)


PokerStars Hand #162489199629:  Hold'em Limit ($3/$6 USD) - 2016/12/06 0:00:22 ET
Table 'Isonoe' 6-max Seat #3 is the button
Seat 3: mylifeluvsol ($46.03 in chips)
Seat 4: Agrotait ($73.88 in chips)
mylifeluvsol: posts small blind $1
Agrotait: posts big blind $3
*** HOLE CARDS ***
mylifeluvsol: raises $3 to $6
Agrotait: raises $3 to $9
mylifeluvsol: calls $3
*** FLOP *** [9h 7h 8h]
Agrotait: bets $3
mylifeluvsol: folds
Uncalled bet ($3) returned to Agrotait
Agrotait collected $17.64 from pot
Agrotait: doesn't show hand
*** SUMMARY ***
Total pot $18 | Rake $0.36
Board [9h 7h 8h]
Seat 3: mylifeluvsol (button) (small blind) folded on the Flop
Seat 4: Agrotait (big blind) collected ($17.64)


PokerStars Hand #162489209282:  Hold'em Limit ($3/$6 USD) - 2016/12/06 0:00:57 ET
Table 'Isonoe' 6-max Seat #3 is the button
Seat 3: mylifeluvsol ($31.03 in chips)
Seat 4: Agrotait ($88.28 in chips)
mylifeluvsol: posts small blind $1
Agrotait: posts big blind $3
*** HOLE CARDS ***
mylifeluvsol: raises $3 to $6
Agrotait: calls $3
*** FLOP *** [2c 3h Tc]
Agrotait: checks
mylifeluvsol: bets $3
Agrotait: calls $3
*** TURN *** [2c 3h Tc] [9s]
Agrotait: checks
mylifeluvsol: bets $6
Agrotait: folds
Uncalled bet ($6) returned to mylifeluvsol
mylifeluvsol collected $17.64 from pot
*** SUMMARY ***
Total pot $18 | Rake $0.36
Board [2c 3h Tc 9s]
Seat 3: mylifeluvsol (button) (small blind) collected ($17.64)
Seat 4: Agrotait (big blind) folded on the Turn


PokerStars Hand #162489221035:  Hold'em Limit ($3/$6 USD) - 2016/12/06 0:01:39 ET
Table 'Isonoe' 6-max Seat #4 is the button
Seat 3: mylifeluvsol ($39.67 in chips)
Seat 4: Agrotait ($79.28 in chips)
Agrotait: posts small blind $1
mylifeluvsol: posts big blind $3
*** HOLE CARDS ***
Agrotait: raises $3 to $6
mylifeluvsol: folds
Uncalled bet ($3) returned to Agrotait
Agrotait collected $6 from pot
Agrotait: doesn't show hand
*** SUMMARY ***
Total pot $6 | Rake $0
Seat 3: mylifeluvsol (big blind) folded before Flop
Seat 4: Agrotait (button) (small blind) collected ($6)


PokerStars Hand #162489223829:  Hold'em Limit ($3/$6 USD) - 2016/12/06 0:01:48 ET
Table 'Isonoe' 6-max Seat #3 is the button
Seat 3: mylifeluvsol ($36.67 in chips)
Seat 4: Agrotait ($82.28 in chips)
mylifeluvsol: posts small blind $1
Agrotait: posts big blind $3
*** HOLE CARDS ***
mylifeluvsol: raises $3 to $6
Agrotait: calls $3
*** FLOP *** [Ah 4s 8d]
Agrotait: checks
mylifeluvsol: bets $3
Agrotait: raises $3 to $6
mylifeluvsol: raises $3 to $9
Agrotait: calls $3
*** TURN *** [Ah 4s 8d] [8s]
Agrotait: checks
Sir_winalot9 joins the table at seat #6
mylifeluvsol: bets $6
Agrotait: calls $6
*** RIVER *** [Ah 4s 8d 8s] [9d]
Agrotait: checks
mylifeluvsol: checks
*** SHOW DOWN ***
Agrotait: shows [2d As] (two pair, Aces and Eights)
mylifeluvsol: mucks hand
Agrotait collected $41.50 from pot
*** SUMMARY ***
Total pot $42 | Rake $0.50
Board [Ah 4s 8d 8s 9d]
Seat 3: mylifeluvsol (button) (small blind) mucked
Seat 4: Agrotait (big blind) showed [2d As] and won ($41.50) with two pair, Aces and Eights


PokerStars Hand #162489232300:  Hold'em Limit ($3/$6 USD) - 2016/12/06 0:02:18 ET
Table 'Isonoe' 6-max Seat #4 is the button
Seat 3: mylifeluvsol ($15.67 in chips)
Seat 4: Agrotait ($102.78 in chips)
Agrotait: posts small blind $1
mylifeluvsol: posts big blind $3
*** HOLE CARDS ***
Agrotait: folds
Uncalled bet ($2) returned to mylifeluvsol
mylifeluvsol collected $2 from pot
*** SUMMARY ***
Total pot $2 | Rake $0
Seat 3: mylifeluvsol (big blind) collected ($2)
Seat 4: Agrotait (button) (small blind) folded before Flop


PokerStars Hand #162489233952:  Hold'em Limit ($3/$6 USD) - 2016/12/06 0:02:24 ET
Table 'Isonoe' 6-max Seat #3 is the button
Seat 3: mylifeluvsol ($16.67 in chips)
Seat 4: Agrotait ($101.78 in chips)
mylifeluvsol: posts small blind $1
Agrotait: posts big blind $3
*** HOLE CARDS ***
mylifeluvsol: raises $3 to $6
Agrotait: calls $3
*** FLOP *** [5h Td 6d]
Agrotait: bets $3
Sir_winalot9 leaves the table
mylifeluvsol: raises $3 to $6
Agrotait: raises $3 to $9
mylifeluvsol: raises $1.67 to $10.67 and is all-in
Betting is capped
Agrotait: calls $1.67
*** TURN *** [5h Td 6d] [6c]
*** RIVER *** [5h Td 6d 6c] [Ac]
*** SHOW DOWN ***
Agrotait: shows [8c 6s] (three of a kind, Sixes)
mylifeluvsol: shows [9s 7s] (a pair of Sixes)
Agrotait collected $32.84 from pot
*** SUMMARY ***
Total pot $33.34 | Rake $0.50
Board [5h Td 6d 6c Ac]
Seat 3: mylifeluvsol (button) (small blind) showed [9s 7s] and lost with a pair of Sixes
Seat 4: Agrotait (big blind) showed [8c 6s] and won ($32.84) with three of a kind, Sixes


PokerStars Hand #162489246171:  Hold'em Limit ($3/$6 USD) - 2016/12/06 0:03:06 ET
Table 'Isonoe' 6-max Seat #4 is the button
Seat 3: mylifeluvsol ($30 in chips)
Seat 4: Agrotait ($117.95 in chips)
Agrotait: posts small blind $1
mylifeluvsol: posts big blind $3
*** HOLE CARDS ***
Agrotait: raises $3 to $6
mylifeluvsol: calls $3
*** FLOP *** [6s 9c Qh]
mylifeluvsol: checks
Agrotait: bets $3
mylifeluvsol: calls $3
*** TURN *** [6s 9c Qh] [2d]
mylifeluvsol: checks
Agrotait: checks
*** RIVER *** [6s 9c Qh 2d] [Ah]
mylifeluvsol: checks
Agrotait: bets $6
mylifeluvsol: folds
Uncalled bet ($6) returned to Agrotait
Agrotait collected $17.64 from pot
Agrotait: doesn't show hand
*** SUMMARY ***
Total pot $18 | Rake $0.36
Board [6s 9c Qh 2d Ah]
Seat 3: mylifeluvsol (big blind) folded on the River
Seat 4: Agrotait (button) (small blind) collected ($17.64)


PokerStars Hand #162489255667:  Hold'em Limit ($3/$6 USD) - 2016/12/06 0:03:39 ET
Table 'Isonoe' 6-max Seat #3 is the button
Seat 3: mylifeluvsol ($21 in chips)
Seat 4: Agrotait ($126.59 in chips)
mylifeluvsol: posts small blind $1
Agrotait: posts big blind $3
*** HOLE CARDS ***
mylifeluvsol: raises $3 to $6
Agrotait: folds
Uncalled bet ($3) returned to mylifeluvsol
mylifeluvsol collected $6 from pot
*** SUMMARY ***
Total pot $6 | Rake $0
Seat 3: mylifeluvsol (button) (small blind) collected ($6)
Seat 4: Agrotait (big blind) folded before Flop


PokerStars Hand #162489272932:  Hold'em Limit ($3/$6 USD) - 2016/12/06 0:04:38 ET
Table 'Isonoe' 6-max Seat #4 is the button
Seat 3: mylifeluvsol ($26.50 in chips)
Seat 4: Agrotait ($120.11 in chips)
Agrotait: posts small blind $1
mylifeluvsol: posts big blind $3
*** HOLE CARDS ***
Agrotait: raises $3 to $6
mylifeluvsol: folds
Uncalled bet ($3) returned to Agrotait
Agrotait collected $6 from pot
Agrotait: doesn't show hand
*** SUMMARY ***
Total pot $6 | Rake $0
Seat 3: mylifeluvsol (big blind) folded before Flop
Seat 4: Agrotait (button) (small blind) collected ($6)


PokerStars Hand #162489258989:  Hold'em Limit ($3/$6 USD) - 2016/12/06 0:03:50 ET
Table 'Isonoe' 6-max Seat #4 is the button
Seat 3: mylifeluvsol ($24 in chips)
Seat 4: Agrotait ($123.59 in chips)
Agrotait: posts small blind $1
mylifeluvsol: posts big blind $3
*** HOLE CARDS ***
Agrotait: raises $3 to $6
mylifeluvsol: raises $3 to $9
Agrotait: calls $3
*** FLOP *** [Ac 7d 3d]
mylifeluvsol: checks
Agrotait: checks
*** TURN *** [Ac 7d 3d] [Jc]
mylifeluvsol: checks
Agrotait: checks
*** RIVER *** [Ac 7d 3d Jc] [9s]
mylifeluvsol: bets $6
Agrotait: calls $6
*** SHOW DOWN ***
mylifeluvsol: shows [Js Ah] (two pair, Aces and Jacks)
Agrotait: mucks hand
mylifeluvsol collected $29.50 from pot
*** SUMMARY ***
Total pot $30 | Rake $0.50
Board [Ac 7d 3d Jc 9s]
Seat 3: mylifeluvsol (big blind) showed [Js Ah] and won ($29.50) with two pair, Aces and Jacks
Seat 4: Agrotait (button) (small blind) mucked


PokerStars Hand #162489267083:  Hold'em Limit ($3/$6 USD) - 2016/12/06 0:04:17 ET
Table 'Isonoe' 6-max Seat #3 is the button
Seat 3: mylifeluvsol ($38.50 in chips)
Seat 4: Agrotait ($108.59 in chips)
mylifeluvsol: posts small blind $1
Agrotait: posts big blind $3
*** HOLE CARDS ***
mylifeluvsol: raises $3 to $6
Agrotait: raises $3 to $9
mylifeluvsol: calls $3
*** FLOP *** [Qd Qh 4h]
Agrotait: bets $3
mylifeluvsol: calls $3
*** TURN *** [Qd Qh 4h] [7c]
Agrotait: bets $6
mylifeluvsol: folds
Uncalled bet ($6) returned to Agrotait
Agrotait collected $23.52 from pot
Agrotait: doesn't show hand
*** SUMMARY ***
Total pot $24 | Rake $0.48
Board [Qd Qh 4h 7c]
Seat 3: mylifeluvsol (button) (small blind) folded on the Turn
Seat 4: Agrotait (big blind) collected ($23.52)


PokerStars Hand #162489285504:  Hold'em Limit ($3/$6 USD) - 2016/12/06 0:05:21 ET
Table 'Isonoe' 6-max Seat #4 is the button
Seat 3: mylifeluvsol ($17.50 in chips)
Seat 4: Agrotait ($128.87 in chips)
Agrotait: posts small blind $1
mylifeluvsol: posts big blind $3
*** HOLE CARDS ***
Agrotait: folds
Uncalled bet ($2) returned to mylifeluvsol
mylifeluvsol collected $2 from pot
*** SUMMARY ***
Total pot $2 | Rake $0
Seat 3: mylifeluvsol (big blind) collected ($2)
Seat 4: Agrotait (button) (small blind) folded before Flop


PokerStars Hand #162489289114:  Hold'em Limit ($3/$6 USD) - 2016/12/06 0:05:33 ET
Table 'Isonoe' 6-max Seat #3 is the button
Seat 3: mylifeluvsol ($18.50 in chips)
Seat 4: Agrotait ($127.87 in chips)
mylifeluvsol: posts small blind $1
Agrotait: posts big blind $3
*** HOLE CARDS ***
mylifeluvsol: raises $3 to $6
Agrotait: folds
Uncalled bet ($3) returned to mylifeluvsol
mylifeluvsol collected $6 from pot
*** SUMMARY ***
Total pot $6 | Rake $0
Seat 3: mylifeluvsol (button) (small blind) collected ($6)
Seat 4: Agrotait (big blind) folded before Flop


PokerStars Hand #162489276324:  Hold'em Limit ($3/$6 USD) - 2016/12/06 0:04:49 ET
Table 'Isonoe' 6-max Seat #3 is the button
Seat 3: mylifeluvsol ($23.50 in chips)
Seat 4: Agrotait ($123.11 in chips)
mylifeluvsol: posts small blind $1
Agrotait: posts big blind $3
*** HOLE CARDS ***
mylifeluvsol: raises $3 to $6
Agrotait: calls $3
*** FLOP *** [7c Jd 2s]
Agrotait: checks
mylifeluvsol: checks
*** TURN *** [7c Jd 2s] [Qh]
Agrotait: bets $6
mylifeluvsol: folds
Uncalled bet ($6) returned to Agrotait
Agrotait collected $11.76 from pot
Agrotait: doesn't show hand
*** SUMMARY ***
Total pot $12 | Rake $0.24
Board [7c Jd 2s Qh]
Seat 3: mylifeluvsol (button) (small blind) folded on the Turn
Seat 4: Agrotait (big blind) collected ($11.76)


PokerStars Hand #162489291608:  Hold'em Limit ($3/$6 USD) - 2016/12/06 0:05:41 ET
Table 'Isonoe' 6-max Seat #4 is the button
Seat 3: mylifeluvsol ($21.50 in chips)
Seat 4: Agrotait ($124.87 in chips)
Agrotait: posts small blind $1
mylifeluvsol: posts big blind $3
*** HOLE CARDS ***
Agrotait: raises $3 to $6
mylifeluvsol: raises $3 to $9
Agrotait: calls $3
*** FLOP *** [4c 3c 7h]
mylifeluvsol: bets $3
Agrotait: calls $3
*** TURN *** [4c 3c 7h] [5c]
mylifeluvsol: bets $6
Agrotait: calls $6
*** RIVER *** [4c 3c 7h 5c] [4h]
mylifeluvsol: bets $3.50 and is all-in
Agrotait: calls $3.50
*** SHOW DOWN ***
mylifeluvsol: shows [Qh Js] (a pair of Fours)
Agrotait: shows [8h 7d] (two pair, Sevens and Fours)
Agrotait collected $42.50 from pot
*** SUMMARY ***
Total pot $43 | Rake $0.50
Board [4c 3c 7h 5c 4h]
Seat 3: mylifeluvsol (big blind) showed [Qh Js] and lost with a pair of Fours
Seat 4: Agrotait (button) (small blind) showed [8h 7d] and won ($42.50) with two pair, Sevens and Fours


PokerStars Hand #162489649121:  Hold'em Limit ($3/$6 USD) - 2016/12/06 0:25:33 ET
Table 'Isonoe' 6-max Seat #2 is the button
Seat 1: Agrotait ($104 in chips)
Seat 2: hairy1961 ($18 in chips)
hairy1961: posts small blind $1
Agrotait: posts big blind $3
*** HOLE CARDS ***
hairy1961: raises $3 to $6
Agrotait: calls $3
*** FLOP *** [8h 2h As]
Agrotait: checks
hairy1961: bets $3
Agrotait: folds
Uncalled bet ($3) returned to hairy1961
hairy1961 collected $11.76 from pot
hairy1961: doesn't show hand
*** SUMMARY ***
Total pot $12 | Rake $0.24
Board [8h 2h As]
Seat 1: Agrotait (big blind) folded on the Flop
Seat 2: hairy1961 (button) (small blind) collected ($11.76)


PokerStars Hand #162489657289:  Hold'em Limit ($3/$6 USD) - 2016/12/06 0:26:02 ET
Table 'Isonoe' 6-max Seat #1 is the button
Seat 1: Agrotait ($102 in chips)
Seat 2: hairy1961 ($19.76 in chips)
Agrotait: posts small blind $1
hairy1961: posts big blind $3
*** HOLE CARDS ***
Agrotait: folds
Uncalled bet ($2) returned to hairy1961
hairy1961 collected $2 from pot
hairy1961: doesn't show hand
*** SUMMARY ***
Total pot $2 | Rake $0
Seat 1: Agrotait (button) (small blind) folded before Flop
Seat 2: hairy1961 (big blind) collected ($2)


PokerStars Hand #162489655451:  Hold'em Limit ($3/$6 USD) - 2016/12/06 0:25:55 ET
Table 'Isonoe' 6-max Seat #2 is the button
Seat 1: Agrotait ($101 in chips)
Seat 2: hairy1961 ($20.76 in chips)
hairy1961: posts small blind $1
Agrotait: posts big blind $3
*** HOLE CARDS ***
ToDaFelt joins the table at seat #3
hairy1961: folds
Uncalled bet ($2) returned to Agrotait
Agrotait collected $2 from pot
Agrotait: doesn't show hand
*** SUMMARY ***
Total pot $2 | Rake $0
Seat 1: Agrotait (big blind) collected ($2)
Seat 2: hairy1961 (button) (small blind) folded before Flop


PokerStars Hand #162489653535:  Hold'em Limit ($3/$6 USD) - 2016/12/06 0:25:49 ET
Table 'Isonoe' 6-max Seat #1 is the button
Seat 1: Agrotait ($98 in chips)
Seat 2: hairy1961 ($23.76 in chips)
Agrotait: posts small blind $1
hairy1961: posts big blind $3
*** HOLE CARDS ***
Agrotait: raises $3 to $6
hairy1961: folds
Uncalled bet ($3) returned to Agrotait
Agrotait collected $6 from pot
Agrotait: doesn't show hand
*** SUMMARY ***
Total pot $6 | Rake $0
Seat 1: Agrotait (button) (small blind) collected ($6)
Seat 2: hairy1961 (big blind) folded before Flop


PokerStars Hand #162489679944:  Hold'em Limit ($3/$6 USD) - 2016/12/06 0:27:20 ET
Table 'Isonoe' 6-max Seat #1 is the button
Seat 1: Agrotait ($101 in chips)
Seat 3: ToDaFelt ($139.51 in chips)
B_loJkl will be allowed to play after the button
Agrotait: posts small blind $1
ToDaFelt: posts big blind $3
*** HOLE CARDS ***
hairy1961 leaves the table
Agrotait: raises $3 to $6
ToDaFelt: calls $3
*** FLOP *** [3c 3h As]
ToDaFelt: checks
Agrotait: bets $3
ToDaFelt: folds
Uncalled bet ($3) returned to Agrotait
Agrotait collected $11.76 from pot
Agrotait: doesn't show hand
*** SUMMARY ***
Total pot $12 | Rake $0.24
Board [3c 3h As]
Seat 1: Agrotait (button) (small blind) collected ($11.76)
Seat 3: ToDaFelt (big blind) folded on the Flop


