PokerStars Hand #146625552152:  Hold'em Limit ($3/$6 USD) - 2016/01/07 10:58:20 ET
Table 'Isonoe III' 2-max Seat #1 is the button
Seat 1: JoeHeaton ($130.64 in chips)
Seat 2: Ultrafranke ($106.78 in chips)
JoeHeaton: posts small blind $1
Ultrafranke: posts big blind $3
*** HOLE CARDS ***
JoeHeaton: folds
Uncalled bet ($2) returned to Ultrafranke
Ultrafranke collected $2 from pot
Ultrafranke: doesn't show hand
*** SUMMARY ***
Total pot $2 | Rake $0
Seat 1: JoeHeaton (button) (small blind) folded before Flop
Seat 2: Ultrafranke (big blind) collected ($2)


PokerStars Hand #146625548830:  Hold'em Limit ($3/$6 USD) - 2016/01/07 10:58:15 ET
Table 'Isonoe III' 2-max Seat #2 is the button
Seat 1: JoeHeaton ($129.64 in chips)
Seat 2: Ultrafranke ($107.78 in chips)
Ultrafranke: posts small blind $1
JoeHeaton: posts big blind $3
*** HOLE CARDS ***
Ultrafranke: folds
Uncalled bet ($2) returned to JoeHeaton
JoeHeaton collected $2 from pot
JoeHeaton: doesn't show hand
*** SUMMARY ***
Total pot $2 | Rake $0
Seat 1: JoeHeaton (big blind) collected ($2)
Seat 2: Ultrafranke (button) (small blind) folded before Flop


PokerStars Hand #146625539225:  Hold'em Limit ($3/$6 USD) - 2016/01/07 10:58:01 ET
Table 'Isonoe III' 2-max Seat #1 is the button
Seat 1: JoeHeaton ($138.64 in chips)
Seat 2: Ultrafranke ($99.14 in chips)
JoeHeaton: posts small blind $1
Ultrafranke: posts big blind $3
*** HOLE CARDS ***
JoeHeaton: raises $3 to $6
Ultrafranke: calls $3
*** FLOP *** [Ts 3c 5s]
Ultrafranke: checks
JoeHeaton: bets $3
Ultrafranke: calls $3
*** TURN *** [Ts 3c 5s] [Jd]
Ultrafranke: checks
JoeHeaton: checks
*** RIVER *** [Ts 3c 5s Jd] [2c]
Ultrafranke: bets $6
JoeHeaton: folds
Uncalled bet ($6) returned to Ultrafranke
Ultrafranke collected $17.64 from pot
Ultrafranke: doesn't show hand
*** SUMMARY ***
Total pot $18 | Rake $0.36
Board [Ts 3c 5s Jd 2c]
Seat 1: JoeHeaton (button) (small blind) folded on the River
Seat 2: Ultrafranke (big blind) collected ($17.64)


PokerStars Hand #146625532430:  Hold'em Limit ($3/$6 USD) - 2016/01/07 10:57:52 ET
Table 'Isonoe III' 2-max Seat #2 is the button
Seat 1: JoeHeaton ($141.64 in chips)
Seat 2: Ultrafranke ($96.14 in chips)
Ultrafranke: posts small blind $1
JoeHeaton: posts big blind $3
*** HOLE CARDS ***
Ultrafranke: raises $3 to $6
JoeHeaton: folds
Uncalled bet ($3) returned to Ultrafranke
Ultrafranke collected $6 from pot
Ultrafranke: doesn't show hand
*** SUMMARY ***
Total pot $6 | Rake $0
Seat 1: JoeHeaton (big blind) folded before Flop
Seat 2: Ultrafranke (button) (small blind) collected ($6)


PokerStars Hand #146625528485:  Hold'em Limit ($3/$6 USD) - 2016/01/07 10:57:46 ET
Table 'Isonoe III' 2-max Seat #1 is the button
Seat 1: JoeHeaton ($142.64 in chips)
Seat 2: Ultrafranke ($95.14 in chips)
JoeHeaton: posts small blind $1
Ultrafranke: posts big blind $3
*** HOLE CARDS ***
JoeHeaton: folds
Uncalled bet ($2) returned to Ultrafranke
Ultrafranke collected $2 from pot
Ultrafranke: doesn't show hand
*** SUMMARY ***
Total pot $2 | Rake $0
Seat 1: JoeHeaton (button) (small blind) folded before Flop
Seat 2: Ultrafranke (big blind) collected ($2)


PokerStars Hand #146625515820:  Hold'em Limit ($3/$6 USD) - 2016/01/07 10:57:28 ET
Table 'Isonoe III' 2-max Seat #2 is the button
Seat 1: JoeHeaton ($119.14 in chips)
Seat 2: Ultrafranke ($119.14 in chips)
Ultrafranke: posts small blind $1
JoeHeaton: posts big blind $3
*** HOLE CARDS ***
Ultrafranke: raises $3 to $6
JoeHeaton: calls $3
*** FLOP *** [Tc 8c 5d]
JoeHeaton: checks
Ultrafranke: bets $3
JoeHeaton: raises $3 to $6
Ultrafranke: calls $3
*** TURN *** [Tc 8c 5d] [6d]
JoeHeaton: bets $6
Ultrafranke: calls $6
*** RIVER *** [Tc 8c 5d 6d] [Qc]
JoeHeaton: bets $6
Ultrafranke: calls $6
*** SHOW DOWN ***
JoeHeaton: shows [3c 7c] (a flush, Queen high)
Ultrafranke: mucks hand
JoeHeaton collected $47.50 from pot
*** SUMMARY ***
Total pot $48 | Rake $0.50
Board [Tc 8c 5d 6d Qc]
Seat 1: JoeHeaton (big blind) showed [3c 7c] and won ($47.50) with a flush, Queen high
Seat 2: Ultrafranke (button) (small blind) mucked


PokerStars Hand #146625593112:  Hold'em Limit ($3/$6 USD) - 2016/01/07 10:59:18 ET
Table 'Isonoe III' 2-max Seat #1 is the button
Seat 1: JoeHeaton ($133.14 in chips)
Seat 2: Ultrafranke ($103.30 in chips)
JoeHeaton: posts small blind $1
Ultrafranke: posts big blind $3
*** HOLE CARDS ***
JoeHeaton: raises $3 to $6
Ultrafranke: calls $3
*** FLOP *** [Td Ad 9h]
Ultrafranke: checks
JoeHeaton: bets $3
Ultrafranke: folds
Uncalled bet ($3) returned to JoeHeaton
JoeHeaton collected $11.76 from pot
JoeHeaton: doesn't show hand
*** SUMMARY ***
Total pot $12 | Rake $0.24
Board [Td Ad 9h]
Seat 1: JoeHeaton (button) (small blind) collected ($11.76)
Seat 2: Ultrafranke (big blind) folded on the Flop


PokerStars Hand #146625589593:  Hold'em Limit ($3/$6 USD) - 2016/01/07 10:59:13 ET
Table 'Isonoe III' 2-max Seat #2 is the button
Seat 1: JoeHeaton ($132.14 in chips)
Seat 2: Ultrafranke ($104.30 in chips)
Ultrafranke: posts small blind $1
JoeHeaton: posts big blind $3
*** HOLE CARDS ***
Ultrafranke: folds
Uncalled bet ($2) returned to JoeHeaton
JoeHeaton collected $2 from pot
JoeHeaton: doesn't show hand
*** SUMMARY ***
Total pot $2 | Rake $0
Seat 1: JoeHeaton (big blind) collected ($2)
Seat 2: Ultrafranke (button) (small blind) folded before Flop


PokerStars Hand #146625578092:  Hold'em Limit ($3/$6 USD) - 2016/01/07 10:58:57 ET
Table 'Isonoe III' 2-max Seat #1 is the button
Seat 1: JoeHeaton ($117.64 in chips)
Seat 2: Ultrafranke ($119.30 in chips)
JoeHeaton: posts small blind $1
Ultrafranke: posts big blind $3
*** HOLE CARDS ***
JoeHeaton: raises $3 to $6
Ultrafranke: calls $3
*** FLOP *** [8h 6s 9c]
Ultrafranke: checks
JoeHeaton: bets $3
Ultrafranke: calls $3
*** TURN *** [8h 6s 9c] [Ah]
Ultrafranke: checks
JoeHeaton: bets $6
Ultrafranke: calls $6
*** RIVER *** [8h 6s 9c Ah] [Jc]
Ultrafranke: checks
JoeHeaton: checks
*** SHOW DOWN ***
Ultrafranke: shows [Qc 6c] (a pair of Sixes)
JoeHeaton: shows [7s 8c] (a pair of Eights)
JoeHeaton collected $29.50 from pot
*** SUMMARY ***
Total pot $30 | Rake $0.50
Board [8h 6s 9c Ah Jc]
Seat 1: JoeHeaton (button) (small blind) showed [7s 8c] and won ($29.50) with a pair of Eights
Seat 2: Ultrafranke (big blind) showed [Qc 6c] and lost with a pair of Sixes


PokerStars Hand #146625555637:  Hold'em Limit ($3/$6 USD) - 2016/01/07 10:58:25 ET
Table 'Isonoe III' 2-max Seat #2 is the button
Seat 1: JoeHeaton ($129.64 in chips)
Seat 2: Ultrafranke ($107.78 in chips)
Ultrafranke: posts small blind $1
JoeHeaton: posts big blind $3
*** HOLE CARDS ***
Ultrafranke: raises $3 to $6
JoeHeaton: raises $3 to $9
Ultrafranke: calls $3
*** FLOP *** [Kd 7d Qs]
JoeHeaton: bets $3
Ultrafranke: calls $3
*** TURN *** [Kd 7d Qs] [Qc]
JoeHeaton: checks
Ultrafranke: checks
*** RIVER *** [Kd 7d Qs Qc] [2d]
JoeHeaton: checks
Ultrafranke: checks
*** SHOW DOWN ***
JoeHeaton: shows [Jc Ac] (a pair of Queens)
Ultrafranke: shows [7h As] (two pair, Queens and Sevens)
Ultrafranke collected $23.52 from pot
*** SUMMARY ***
Total pot $24 | Rake $0.48
Board [Kd 7d Qs Qc 2d]
Seat 1: JoeHeaton (big blind) showed [Jc Ac] and lost with a pair of Queens
Seat 2: Ultrafranke (button) (small blind) showed [7h As] and won ($23.52) with two pair, Queens and Sevens


PokerStars Hand #146625644205:  Hold'em Limit ($3/$6 USD) - 2016/01/07 11:00:30 ET
Table 'Isonoe III' 2-max Seat #1 is the button
Seat 1: JoeHeaton ($111.42 in chips)
Seat 2: Ultrafranke ($123.44 in chips)
JoeHeaton: posts small blind $1
Ultrafranke: posts big blind $3
*** HOLE CARDS ***
JoeHeaton: folds
Uncalled bet ($2) returned to Ultrafranke
Ultrafranke collected $2 from pot
Ultrafranke: doesn't show hand
*** SUMMARY ***
Total pot $2 | Rake $0
Seat 1: JoeHeaton (button) (small blind) folded before Flop
Seat 2: Ultrafranke (big blind) collected ($2)


PokerStars Hand #146625635215:  Hold'em Limit ($3/$6 USD) - 2016/01/07 11:00:18 ET
Table 'Isonoe III' 2-max Seat #2 is the button
Seat 1: JoeHeaton ($120.42 in chips)
Seat 2: Ultrafranke ($114.80 in chips)
Ultrafranke: posts small blind $1
JoeHeaton: posts big blind $3
*** HOLE CARDS ***
Ultrafranke: raises $3 to $6
JoeHeaton: calls $3
*** FLOP *** [Kd 6c 9d]
JoeHeaton: checks
Ultrafranke: bets $3
JoeHeaton: calls $3
*** TURN *** [Kd 6c 9d] [9c]
JoeHeaton: checks
Ultrafranke: checks
*** RIVER *** [Kd 6c 9d 9c] [2d]
JoeHeaton: checks
Ultrafranke: checks
*** SHOW DOWN ***
JoeHeaton: shows [5d Ac] (a pair of Nines)
Ultrafranke: shows [4h 6d] (two pair, Nines and Sixes)
Ultrafranke collected $17.64 from pot
*** SUMMARY ***
Total pot $18 | Rake $0.36
Board [Kd 6c 9d 9c 2d]
Seat 1: JoeHeaton (big blind) showed [5d Ac] and lost with a pair of Nines
Seat 2: Ultrafranke (button) (small blind) showed [4h 6d] and won ($17.64) with two pair, Nines and Sixes


PokerStars Hand #146625629005:  Hold'em Limit ($3/$6 USD) - 2016/01/07 11:00:10 ET
Table 'Isonoe III' 2-max Seat #1 is the button
Seat 1: JoeHeaton ($114.66 in chips)
Seat 2: Ultrafranke ($120.80 in chips)
JoeHeaton: posts small blind $1
Ultrafranke: posts big blind $3
*** HOLE CARDS ***
JoeHeaton: raises $3 to $6
Ultrafranke: calls $3
*** FLOP *** [4s Jh Ac]
Ultrafranke: checks
JoeHeaton: bets $3
Ultrafranke: folds
Uncalled bet ($3) returned to JoeHeaton
JoeHeaton collected $11.76 from pot
JoeHeaton: doesn't show hand
*** SUMMARY ***
Total pot $12 | Rake $0.24
Board [4s Jh Ac]
Seat 1: JoeHeaton (button) (small blind) collected ($11.76)
Seat 2: Ultrafranke (big blind) folded on the Flop


PokerStars Hand #146625625645:  Hold'em Limit ($3/$6 USD) - 2016/01/07 11:00:05 ET
Table 'Isonoe III' 2-max Seat #2 is the button
Seat 1: JoeHeaton ($113.66 in chips)
Seat 2: Ultrafranke ($121.80 in chips)
Ultrafranke: posts small blind $1
JoeHeaton: posts big blind $3
*** HOLE CARDS ***
Ultrafranke: folds
Uncalled bet ($2) returned to JoeHeaton
JoeHeaton collected $2 from pot
JoeHeaton: doesn't show hand
*** SUMMARY ***
Total pot $2 | Rake $0
Seat 1: JoeHeaton (big blind) collected ($2)
Seat 2: Ultrafranke (button) (small blind) folded before Flop


PokerStars Hand #146625619637:  Hold'em Limit ($3/$6 USD) - 2016/01/07 10:59:56 ET
Table 'Isonoe III' 2-max Seat #1 is the button
Seat 1: JoeHeaton ($107.90 in chips)
Seat 2: Ultrafranke ($127.80 in chips)
JoeHeaton: posts small blind $1
Ultrafranke: posts big blind $3
*** HOLE CARDS ***
JoeHeaton: raises $3 to $6
Ultrafranke: calls $3
*** FLOP *** [Ac 2d 9h]
Ultrafranke: checks
JoeHeaton: bets $3
Ultrafranke: folds
Uncalled bet ($3) returned to JoeHeaton
JoeHeaton collected $11.76 from pot
JoeHeaton: doesn't show hand
*** SUMMARY ***
Total pot $12 | Rake $0.24
Board [Ac 2d 9h]
Seat 1: JoeHeaton (button) (small blind) collected ($11.76)
Seat 2: Ultrafranke (big blind) folded on the Flop


PokerStars Hand #146625615501:  Hold'em Limit ($3/$6 USD) - 2016/01/07 10:59:51 ET
Table 'Isonoe III' 2-max Seat #2 is the button
Seat 1: JoeHeaton ($110.90 in chips)
Seat 2: Ultrafranke ($124.80 in chips)
Ultrafranke: posts small blind $1
JoeHeaton: posts big blind $3
*** HOLE CARDS ***
Ultrafranke: raises $3 to $6
JoeHeaton: folds
Uncalled bet ($3) returned to Ultrafranke
Ultrafranke collected $6 from pot
Ultrafranke: doesn't show hand
*** SUMMARY ***
Total pot $6 | Rake $0
Seat 1: JoeHeaton (big blind) folded before Flop
Seat 2: Ultrafranke (button) (small blind) collected ($6)


PokerStars Hand #146625612200:  Hold'em Limit ($3/$6 USD) - 2016/01/07 10:59:46 ET
Table 'Isonoe III' 2-max Seat #1 is the button
Seat 1: JoeHeaton ($111.90 in chips)
Seat 2: Ultrafranke ($123.80 in chips)
JoeHeaton: posts small blind $1
Ultrafranke: posts big blind $3
*** HOLE CARDS ***
JoeHeaton: folds
Uncalled bet ($2) returned to Ultrafranke
Ultrafranke collected $2 from pot
Ultrafranke: doesn't show hand
*** SUMMARY ***
Total pot $2 | Rake $0
Seat 1: JoeHeaton (button) (small blind) folded before Flop
Seat 2: Ultrafranke (big blind) collected ($2)


PokerStars Hand #146625600170:  Hold'em Limit ($3/$6 USD) - 2016/01/07 10:59:29 ET
Table 'Isonoe III' 2-max Seat #2 is the button
Seat 1: JoeHeaton ($138.90 in chips)
Seat 2: Ultrafranke ($97.30 in chips)
Ultrafranke: posts small blind $1
JoeHeaton: posts big blind $3
*** HOLE CARDS ***
Ultrafranke: raises $3 to $6
JoeHeaton: calls $3
*** FLOP *** [2s 6h 4d]
JoeHeaton: checks
Ultrafranke: bets $3
JoeHeaton: calls $3
*** TURN *** [2s 6h 4d] [Ts]
JoeHeaton: checks
Ultrafranke: bets $6
JoeHeaton: raises $6 to $12
Ultrafranke: raises $6 to $18
JoeHeaton: calls $6
*** RIVER *** [2s 6h 4d Ts] [Ks]
JoeHeaton: checks
Ultrafranke: checks
*** SHOW DOWN ***
JoeHeaton: shows [7s 8c] (high card King)
Ultrafranke: shows [Qh Qs] (a pair of Queens)
Ultrafranke collected $53.50 from pot
*** SUMMARY ***
Total pot $54 | Rake $0.50
Board [2s 6h 4d Ts Ks]
Seat 1: JoeHeaton (big blind) showed [7s 8c] and lost with high card King
Seat 2: Ultrafranke (button) (small blind) showed [Qh Qs] and won ($53.50) with a pair of Queens


PokerStars Hand #146625687808:  Hold'em Limit ($3/$6 USD) - 2016/01/07 11:01:27 ET
Table 'Isonoe III' 2-max Seat #2 is the button
Seat 1: JoeHeaton ($103.18 in chips)
Seat 2: Ultrafranke ($131.08 in chips)
Ultrafranke: posts small blind $1
JoeHeaton: posts big blind $3
*** HOLE CARDS ***
Ultrafranke: folds
Uncalled bet ($2) returned to JoeHeaton
JoeHeaton collected $2 from pot
JoeHeaton: doesn't show hand
*** SUMMARY ***
Total pot $2 | Rake $0
Seat 1: JoeHeaton (big blind) collected ($2)
Seat 2: Ultrafranke (button) (small blind) folded before Flop


PokerStars Hand #146625675596:  Hold'em Limit ($3/$6 USD) - 2016/01/07 11:01:12 ET
Table 'Isonoe III' 2-max Seat #1 is the button
Seat 1: JoeHeaton ($112.18 in chips)
Seat 2: Ultrafranke ($122.44 in chips)
JoeHeaton: posts small blind $1
Ultrafranke: posts big blind $3
*** HOLE CARDS ***
JoeHeaton: raises $3 to $6
Ultrafranke: calls $3
*** FLOP *** [Qd 4c 9s]
Ultrafranke: checks
JoeHeaton: bets $3
Ultrafranke: calls $3
*** TURN *** [Qd 4c 9s] [3h]
Ultrafranke: checks
JoeHeaton: checks
*** RIVER *** [Qd 4c 9s 3h] [5h]
Ultrafranke: bets $6
JoeHeaton: folds
Uncalled bet ($6) returned to Ultrafranke
Ultrafranke collected $17.64 from pot
Ultrafranke: doesn't show hand
*** SUMMARY ***
Total pot $18 | Rake $0.36
Board [Qd 4c 9s 3h 5h]
Seat 1: JoeHeaton (button) (small blind) folded on the River
Seat 2: Ultrafranke (big blind) collected ($17.64)


PokerStars Hand #146625669733:  Hold'em Limit ($3/$6 USD) - 2016/01/07 11:01:04 ET
Table 'Isonoe III' 2-max Seat #2 is the button
Seat 1: JoeHeaton ($115.18 in chips)
Seat 2: Ultrafranke ($119.44 in chips)
Ultrafranke: posts small blind $1
JoeHeaton: posts big blind $3
*** HOLE CARDS ***
Ultrafranke: raises $3 to $6
JoeHeaton: folds
Uncalled bet ($3) returned to Ultrafranke
Ultrafranke collected $6 from pot
Ultrafranke: doesn't show hand
*** SUMMARY ***
Total pot $6 | Rake $0
Seat 1: JoeHeaton (big blind) folded before Flop
Seat 2: Ultrafranke (button) (small blind) collected ($6)


PokerStars Hand #146625665812:  Hold'em Limit ($3/$6 USD) - 2016/01/07 11:00:59 ET
Table 'Isonoe III' 2-max Seat #1 is the button
Seat 1: JoeHeaton ($116.18 in chips)
Seat 2: Ultrafranke ($118.44 in chips)
JoeHeaton: posts small blind $1
Ultrafranke: posts big blind $3
*** HOLE CARDS ***
JoeHeaton: folds
Uncalled bet ($2) returned to Ultrafranke
Ultrafranke collected $2 from pot
Ultrafranke: doesn't show hand
*** SUMMARY ***
Total pot $2 | Rake $0
Seat 1: JoeHeaton (button) (small blind) folded before Flop
Seat 2: Ultrafranke (big blind) collected ($2)


PokerStars Hand #146625662247:  Hold'em Limit ($3/$6 USD) - 2016/01/07 11:00:55 ET
Table 'Isonoe III' 2-max Seat #2 is the button
Seat 1: JoeHeaton ($115.18 in chips)
Seat 2: Ultrafranke ($119.44 in chips)
Ultrafranke: posts small blind $1
JoeHeaton: posts big blind $3
*** HOLE CARDS ***
Ultrafranke: folds
Uncalled bet ($2) returned to JoeHeaton
JoeHeaton collected $2 from pot
JoeHeaton: doesn't show hand
*** SUMMARY ***
Total pot $2 | Rake $0
Seat 1: JoeHeaton (big blind) collected ($2)
Seat 2: Ultrafranke (button) (small blind) folded before Flop


PokerStars Hand #146625657908:  Hold'em Limit ($3/$6 USD) - 2016/01/07 11:00:49 ET
Table 'Isonoe III' 2-max Seat #1 is the button
Seat 1: JoeHeaton ($116.18 in chips)
Seat 2: Ultrafranke ($118.44 in chips)
JoeHeaton: posts small blind $1
Ultrafranke: posts big blind $3
*** HOLE CARDS ***
JoeHeaton: folds
Uncalled bet ($2) returned to Ultrafranke
Ultrafranke collected $2 from pot
Ultrafranke: doesn't show hand
*** SUMMARY ***
Total pot $2 | Rake $0
Seat 1: JoeHeaton (button) (small blind) folded before Flop
Seat 2: Ultrafranke (big blind) collected ($2)


PokerStars Hand #146625648579:  Hold'em Limit ($3/$6 USD) - 2016/01/07 11:00:36 ET
Table 'Isonoe III' 2-max Seat #2 is the button
Seat 1: JoeHeaton ($110.42 in chips)
Seat 2: Ultrafranke ($124.44 in chips)
Ultrafranke: posts small blind $1
JoeHeaton: posts big blind $3
*** HOLE CARDS ***
Ultrafranke: raises $3 to $6
JoeHeaton: calls $3
*** FLOP *** [5h Jd Qh]
JoeHeaton: checks
Ultrafranke: checks
*** TURN *** [5h Jd Qh] [Qd]
JoeHeaton: checks
Ultrafranke: checks
*** RIVER *** [5h Jd Qh Qd] [Ad]
JoeHeaton: checks
Ultrafranke: checks
*** SHOW DOWN ***
JoeHeaton: shows [2h 2d] (two pair, Queens and Deuces)
Ultrafranke: mucks hand
JoeHeaton collected $11.76 from pot
*** SUMMARY ***
Total pot $12 | Rake $0.24
Board [5h Jd Qh Qd Ad]
Seat 1: JoeHeaton (big blind) showed [2h 2d] and won ($11.76) with two pair, Queens and Deuces
Seat 2: Ultrafranke (button) (small blind) mucked


PokerStars Hand #146625743272:  Hold'em Limit ($3/$6 USD) - 2016/01/07 11:02:34 ET
Table 'Isonoe III' 2-max Seat #2 is the button
Seat 1: JoeHeaton ($120.18 in chips)
Seat 2: Ultrafranke ($112.58 in chips)
Ultrafranke: posts small blind $1
JoeHeaton: posts big blind $3
*** HOLE CARDS ***
Ultrafranke: folds
Uncalled bet ($2) returned to JoeHeaton
JoeHeaton collected $2 from pot
JoeHeaton: doesn't show hand
*** SUMMARY ***
Total pot $2 | Rake $0
Seat 1: JoeHeaton (big blind) collected ($2)
Seat 2: Ultrafranke (button) (small blind) folded before Flop


PokerStars Hand #146625727929:  Hold'em Limit ($3/$6 USD) - 2016/01/07 11:02:16 ET
Table 'Isonoe III' 2-max Seat #1 is the button
Seat 1: JoeHeaton ($138.18 in chips)
Seat 2: Ultrafranke ($95.08 in chips)
JoeHeaton: posts small blind $1
Ultrafranke: posts big blind $3
*** HOLE CARDS ***
JoeHeaton: raises $3 to $6
Ultrafranke: calls $3
*** FLOP *** [Qc 9s 3s]
Ultrafranke: checks
JoeHeaton: bets $3
Ultrafranke: raises $3 to $6
JoeHeaton: calls $3
*** TURN *** [Qc 9s 3s] [9d]
Ultrafranke: bets $6
JoeHeaton: calls $6
*** RIVER *** [Qc 9s 3s 9d] [8c]
Ultrafranke: bets $6
JoeHeaton: folds
Uncalled bet ($6) returned to Ultrafranke
Ultrafranke collected $35.50 from pot
Ultrafranke: doesn't show hand
*** SUMMARY ***
Total pot $36 | Rake $0.50
Board [Qc 9s 3s 9d 8c]
Seat 1: JoeHeaton (button) (small blind) folded on the River
Seat 2: Ultrafranke (big blind) collected ($35.50)


PokerStars Hand #146625723550:  Hold'em Limit ($3/$6 USD) - 2016/01/07 11:02:10 ET
Table 'Isonoe III' 2-max Seat #2 is the button
Seat 1: JoeHeaton ($141.18 in chips)
Seat 2: Ultrafranke ($92.08 in chips)
Ultrafranke: posts small blind $1
JoeHeaton: posts big blind $3
*** HOLE CARDS ***
Ultrafranke: raises $3 to $6
JoeHeaton: folds
Uncalled bet ($3) returned to Ultrafranke
Ultrafranke collected $6 from pot
Ultrafranke: doesn't show hand
*** SUMMARY ***
Total pot $6 | Rake $0
Seat 1: JoeHeaton (big blind) folded before Flop
Seat 2: Ultrafranke (button) (small blind) collected ($6)


PokerStars Hand #146625718817:  Hold'em Limit ($3/$6 USD) - 2016/01/07 11:02:05 ET
Table 'Isonoe III' 2-max Seat #1 is the button
Seat 1: JoeHeaton ($142.18 in chips)
Seat 2: Ultrafranke ($91.08 in chips)
JoeHeaton: posts small blind $1
Ultrafranke: posts big blind $3
*** HOLE CARDS ***
JoeHeaton: folds
Uncalled bet ($2) returned to Ultrafranke
Ultrafranke collected $2 from pot
Ultrafranke: doesn't show hand
*** SUMMARY ***
Total pot $2 | Rake $0
Seat 1: JoeHeaton (button) (small blind) folded before Flop
Seat 2: Ultrafranke (big blind) collected ($2)


PokerStars Hand #146625704991:  Hold'em Limit ($3/$6 USD) - 2016/01/07 11:01:48 ET
Table 'Isonoe III' 2-max Seat #2 is the button
Seat 1: JoeHeaton ($124.68 in chips)
Seat 2: Ultrafranke ($109.08 in chips)
Ultrafranke: posts small blind $1
JoeHeaton: posts big blind $3
*** HOLE CARDS ***
Ultrafranke: raises $3 to $6
JoeHeaton: raises $3 to $9
Ultrafranke: calls $3
*** FLOP *** [Qh As 8h]
JoeHeaton: bets $3
Ultrafranke: calls $3
*** TURN *** [Qh As 8h] [Td]
JoeHeaton: checks
Ultrafranke: checks
*** RIVER *** [Qh As 8h Td] [7d]
JoeHeaton: checks
Ultrafranke: bets $6
JoeHeaton: calls $6
*** SHOW DOWN ***
Ultrafranke: shows [5s Jc] (high card Ace)
JoeHeaton: shows [Jh Jd] (a pair of Jacks)
JoeHeaton collected $35.50 from pot
*** SUMMARY ***
Total pot $36 | Rake $0.50
Board [Qh As 8h Td 7d]
Seat 1: JoeHeaton (big blind) showed [Jh Jd] and won ($35.50) with a pair of Jacks
Seat 2: Ultrafranke (button) (small blind) showed [5s Jc] and lost with high card Ace


PokerStars Hand #146625691964:  Hold'em Limit ($3/$6 USD) - 2016/01/07 11:01:32 ET
Table 'Isonoe III' 2-max Seat #1 is the button
Seat 1: JoeHeaton ($104.18 in chips)
Seat 2: Ultrafranke ($130.08 in chips)
JoeHeaton: posts small blind $1
Ultrafranke: posts big blind $3
*** HOLE CARDS ***
JoeHeaton: raises $3 to $6
Ultrafranke: calls $3
*** FLOP *** [5d 2h 5s]
Ultrafranke: checks
JoeHeaton: bets $3
Ultrafranke: calls $3
*** TURN *** [5d 2h 5s] [5h]
Ultrafranke: checks
JoeHeaton: bets $6
Ultrafranke: calls $6
*** RIVER *** [5d 2h 5s 5h] [3h]
Ultrafranke: checks
JoeHeaton: bets $6
Ultrafranke: calls $6
*** SHOW DOWN ***
JoeHeaton: shows [2c 5c] (four of a kind, Fives)
Ultrafranke: mucks hand
JoeHeaton collected $41.50 from pot
*** SUMMARY ***
Total pot $42 | Rake $0.50
Board [5d 2h 5s 5h 3h]
Seat 1: JoeHeaton (button) (small blind) showed [2c 5c] and won ($41.50) with four of a kind, Fives
Seat 2: Ultrafranke (big blind) mucked


PokerStars Hand #146625793314:  Hold'em Limit ($3/$6 USD) - 2016/01/07 11:03:34 ET
Table 'Isonoe III' 2-max Seat #2 is the button
Seat 1: JoeHeaton ($113.58 in chips)
Seat 2: Ultrafranke ($118.08 in chips)
Ultrafranke: posts small blind $1
JoeHeaton: posts big blind $3
*** HOLE CARDS ***
Ultrafranke: raises $3 to $6
JoeHeaton: folds
Uncalled bet ($3) returned to Ultrafranke
Ultrafranke collected $6 from pot
Ultrafranke: doesn't show hand
*** SUMMARY ***
Total pot $6 | Rake $0
Seat 1: JoeHeaton (big blind) folded before Flop
Seat 2: Ultrafranke (button) (small blind) collected ($6)


PokerStars Hand #146625785534:  Hold'em Limit ($3/$6 USD) - 2016/01/07 11:03:25 ET
Table 'Isonoe III' 2-max Seat #1 is the button
Seat 1: JoeHeaton ($107.82 in chips)
Seat 2: Ultrafranke ($124.08 in chips)
JoeHeaton: posts small blind $1
Ultrafranke: posts big blind $3
*** HOLE CARDS ***
JoeHeaton: raises $3 to $6
Ultrafranke: calls $3
*** FLOP *** [9h Ad 3h]
Ultrafranke: checks
JoeHeaton: bets $3
Ultrafranke: folds
Uncalled bet ($3) returned to JoeHeaton
JoeHeaton collected $11.76 from pot
JoeHeaton: doesn't show hand
*** SUMMARY ***
Total pot $12 | Rake $0.24
Board [9h Ad 3h]
Seat 1: JoeHeaton (button) (small blind) collected ($11.76)
Seat 2: Ultrafranke (big blind) folded on the Flop


PokerStars Hand #146625769507:  Hold'em Limit ($3/$6 USD) - 2016/01/07 11:03:06 ET
Table 'Isonoe III' 2-max Seat #2 is the button
Seat 1: JoeHeaton ($125.82 in chips)
Seat 2: Ultrafranke ($106.58 in chips)
Ultrafranke: posts small blind $1
JoeHeaton: posts big blind $3
*** HOLE CARDS ***
Ultrafranke: raises $3 to $6
JoeHeaton: raises $3 to $9
Ultrafranke: calls $3
*** FLOP *** [Qs Ad 2d]
JoeHeaton: bets $3
Ultrafranke: calls $3
*** TURN *** [Qs Ad 2d] [9c]
JoeHeaton: bets $6
Ultrafranke: calls $6
*** RIVER *** [Qs Ad 2d 9c] [4d]
JoeHeaton: checks
Ultrafranke: checks
*** SHOW DOWN ***
JoeHeaton: shows [3h 3s] (a pair of Threes)
Ultrafranke: shows [9d Th] (a pair of Nines)
Ultrafranke collected $35.50 from pot
*** SUMMARY ***
Total pot $36 | Rake $0.50
Board [Qs Ad 2d 9c 4d]
Seat 1: JoeHeaton (big blind) showed [3h 3s] and lost with a pair of Threes
Seat 2: Ultrafranke (button) (small blind) showed [9d Th] and won ($35.50) with a pair of Nines


PokerStars Hand #146625764787:  Hold'em Limit ($3/$6 USD) - 2016/01/07 11:03:00 ET
Table 'Isonoe III' 2-max Seat #1 is the button
Seat 1: JoeHeaton ($126.82 in chips)
Seat 2: Ultrafranke ($105.58 in chips)
JoeHeaton: posts small blind $1
Ultrafranke: posts big blind $3
*** HOLE CARDS ***
JoeHeaton: folds
Uncalled bet ($2) returned to Ultrafranke
Ultrafranke collected $2 from pot
Ultrafranke: doesn't show hand
*** SUMMARY ***
Total pot $2 | Rake $0
Seat 1: JoeHeaton (button) (small blind) folded before Flop
Seat 2: Ultrafranke (big blind) collected ($2)


PokerStars Hand #146625759406:  Hold'em Limit ($3/$6 USD) - 2016/01/07 11:02:54 ET
Table 'Isonoe III' 2-max Seat #2 is the button
Seat 1: JoeHeaton ($129.82 in chips)
Seat 2: Ultrafranke ($102.58 in chips)
Ultrafranke: posts small blind $1
JoeHeaton: posts big blind $3
*** HOLE CARDS ***
Ultrafranke: raises $3 to $6
JoeHeaton: folds
Uncalled bet ($3) returned to Ultrafranke
Ultrafranke collected $6 from pot
Ultrafranke: doesn't show hand
*** SUMMARY ***
Total pot $6 | Rake $0
Seat 1: JoeHeaton (big blind) folded before Flop
Seat 2: Ultrafranke (button) (small blind) collected ($6)


PokerStars Hand #146625747286:  Hold'em Limit ($3/$6 USD) - 2016/01/07 11:02:39 ET
Table 'Isonoe III' 2-max Seat #1 is the button
Seat 1: JoeHeaton ($121.18 in chips)
Seat 2: Ultrafranke ($111.58 in chips)
JoeHeaton: posts small blind $1
Ultrafranke: posts big blind $3
*** HOLE CARDS ***
JoeHeaton: raises $3 to $6
Ultrafranke: calls $3
*** FLOP *** [7d 8d 3d]
Ultrafranke: checks
JoeHeaton: bets $3
Ultrafranke: calls $3
*** TURN *** [7d 8d 3d] [4d]
Ultrafranke: checks
JoeHeaton: checks
*** RIVER *** [7d 8d 3d 4d] [6c]
Ultrafranke: checks
JoeHeaton: checks
*** SHOW DOWN ***
Ultrafranke: shows [2s 2c] (a pair of Deuces)
JoeHeaton: shows [7h Ks] (a pair of Sevens)
JoeHeaton collected $17.64 from pot
*** SUMMARY ***
Total pot $18 | Rake $0.36
Board [7d 8d 3d 4d 6c]
Seat 1: JoeHeaton (button) (small blind) showed [7h Ks] and won ($17.64) with a pair of Sevens
Seat 2: Ultrafranke (big blind) showed [2s 2c] and lost with a pair of Deuces


PokerStars Hand #146625798280:  Hold'em Limit ($3/$6 USD) - 2016/01/07 11:03:40 ET
Table 'Isonoe III' 2-max Seat #1 is the button
Seat 1: JoeHeaton ($110.58 in chips)
Seat 2: Ultrafranke ($121.08 in chips)
JoeHeaton: posts small blind $1
Ultrafranke: posts big blind $3
*** HOLE CARDS ***
JoeHeaton: raises $3 to $6
Ultrafranke: raises $3 to $9
JoeHeaton: calls $3
*** FLOP *** [Tc 2h Kc]
Ultrafranke: bets $3
JoeHeaton: folds
Uncalled bet ($3) returned to Ultrafranke
Ultrafranke collected $17.64 from pot
Ultrafranke: doesn't show hand
*** SUMMARY ***
Total pot $18 | Rake $0.36
Board [Tc 2h Kc]
Seat 1: JoeHeaton (button) (small blind) folded on the Flop
Seat 2: Ultrafranke (big blind) collected ($17.64)


