PokerStars Hand #171717167540:  Hold'em Limit ($3/$6 USD) - 2017/06/13 8:06:27 ET
Table 'Isonoe' 6-max Seat #3 is the button
Seat 3: sim5sim5 ($72 in chips)
Seat 4: hookonhook ($167.76 in chips)
sim5sim5: posts small blind $1
hookonhook: posts big blind $3
*** HOLE CARDS ***
sim5sim5: raises $3 to $6
hookonhook: calls $3
*** FLOP *** [2s 3h 3s]
hookonhook: checks
sim5sim5: bets $3
hookonhook: calls $3
*** TURN *** [2s 3h 3s] [6s]
hookonhook: checks
sim5sim5: checks
*** RIVER *** [2s 3h 3s 6s] [8c]
hookonhook: bets $6
sim5sim5: folds
Uncalled bet ($6) returned to hookonhook
hookonhook collected $17.64 from pot
*** SUMMARY ***
Total pot $18 | Rake $0.36
Board [2s 3h 3s 6s 8c]
Seat 3: sim5sim5 (button) (small blind) folded on the River
Seat 4: hookonhook (big blind) collected ($17.64)


PokerStars Hand #171717185823:  Hold'em Limit ($3/$6 USD) - 2017/06/13 8:07:08 ET
Table 'Isonoe' 6-max Seat #3 is the button
Seat 3: sim5sim5 ($72 in chips)
Seat 4: hookonhook ($182.16 in chips)
sim5sim5: posts small blind $1
hookonhook: posts big blind $3
*** HOLE CARDS ***
sim5sim5: raises $3 to $6
hookonhook: calls $3
*** FLOP *** [9d 9h 9s]
hookonhook: checks
sim5sim5: bets $3
hookonhook: calls $3
*** TURN *** [9d 9h 9s] [9c]
hookonhook: checks
simper11 joins the table at seat #2
sim5sim5: bets $6
Sigizmysha2 joins the table at seat #6
hookonhook: folds
Uncalled bet ($6) returned to sim5sim5
sim5sim5 collected $17.64 from pot
sim5sim5: doesn't show hand
*** SUMMARY ***
Total pot $18 | Rake $0.36
Board [9d 9h 9s 9c]
Seat 3: sim5sim5 (button) (small blind) collected ($17.64)
Seat 4: hookonhook (big blind) folded on the Turn


PokerStars Hand #171717264307:  Hold'em Limit ($3/$6 USD) - 2017/06/13 8:10:02 ET
Table 'Isonoe' 6-max Seat #5 is the button
Seat 4: hookonhook ($197.62 in chips)
Seat 5: simper11 ($120 in chips)
simper11: posts small blind $1
LazioCFC: is sitting out
hookonhook: posts big blind $3
*** HOLE CARDS ***
sim5sim5 leaves the table
simper11: folds
Uncalled bet ($2) returned to hookonhook
LazioCFC leaves the table
hookonhook collected $2 from pot
*** SUMMARY ***
Total pot $2 | Rake $0
Seat 4: hookonhook (big blind) collected ($2)
Seat 5: simper11 (button) (small blind) folded before Flop


PokerStars Hand #171717266896:  Hold'em Limit ($3/$6 USD) - 2017/06/13 8:10:08 ET
Table 'Isonoe' 6-max Seat #4 is the button
Seat 4: hookonhook ($198.62 in chips)
Seat 5: simper11 ($120 in chips)
hookonhook: posts small blind $1
simper11: posts big blind $3
*** HOLE CARDS ***
hookonhook: raises $3 to $6
simper11: calls $3
*** FLOP *** [7c Ts Ah]
simper11: checks
hookonhook: bets $3
simper11: calls $3
*** TURN *** [7c Ts Ah] [Jh]
simper11: checks
hookonhook: bets $6
simper11: calls $6
*** RIVER *** [7c Ts Ah Jh] [6c]
simper11: checks
hookonhook: bets $6
simper11: calls $6
*** SHOW DOWN ***
hookonhook: shows [8c 9c] (a straight, Seven to Jack)
simper11: mucks hand
hookonhook collected $41.50 from pot
*** SUMMARY ***
Total pot $42 | Rake $0.50
Board [7c Ts Ah Jh 6c]
Seat 4: hookonhook (button) (small blind) showed [8c 9c] and won ($41.50) with a straight, Seven to Jack
Seat 5: simper11 (big blind) mucked


PokerStars Hand #171717277737:  Hold'em Limit ($3/$6 USD) - 2017/06/13 8:10:31 ET
Table 'Isonoe' 6-max Seat #4 is the button
Seat 4: hookonhook ($213.12 in chips)
Seat 5: simper11 ($125.76 in chips)
hookonhook: posts small blind $1
simper11: posts big blind $3
*** HOLE CARDS ***
hookonhook: folds
Uncalled bet ($2) returned to simper11
simper11 collected $2 from pot
simper11: doesn't show hand
*** SUMMARY ***
Total pot $2 | Rake $0
Seat 4: hookonhook (button) (small blind) folded before Flop
Seat 5: simper11 (big blind) collected ($2)


PokerStars Hand #171717273709:  Hold'em Limit ($3/$6 USD) - 2017/06/13 8:10:22 ET
Table 'Isonoe' 6-max Seat #5 is the button
Seat 4: hookonhook ($219.12 in chips)
Seat 5: simper11 ($120 in chips)
simper11: posts small blind $1
hookonhook: posts big blind $3
*** HOLE CARDS ***
simper11: raises $3 to $6
hookonhook: calls $3
*** FLOP *** [8c 2h Th]
hookonhook: checks
simper11: bets $3
hookonhook: folds
Uncalled bet ($3) returned to simper11
simper11 collected $11.76 from pot
simper11: doesn't show hand
*** SUMMARY ***
Total pot $12 | Rake $0.24
Board [8c 2h Th]
Seat 4: hookonhook (big blind) folded on the Flop
Seat 5: simper11 (button) (small blind) collected ($11.76)


PokerStars Hand #171717280076:  Hold'em Limit ($3/$6 USD) - 2017/06/13 8:10:36 ET
Table 'Isonoe' 6-max Seat #5 is the button
Seat 4: hookonhook ($212.12 in chips)
Seat 5: simper11 ($126.76 in chips)
simper11: posts small blind $1
hookonhook: posts big blind $3
*** HOLE CARDS ***
simper11: raises $3 to $6
hookonhook: calls $3
*** FLOP *** [Kd 6h 7c]
hookonhook: checks
simper11: bets $3
hookonhook: raises $3 to $6
simper11: calls $3
*** TURN *** [Kd 6h 7c] [6s]
hookonhook: bets $6
simper11: folds
Uncalled bet ($6) returned to hookonhook
hookonhook collected $23.52 from pot
*** SUMMARY ***
Total pot $24 | Rake $0.48
Board [Kd 6h 7c 6s]
Seat 4: hookonhook (big blind) collected ($23.52)
Seat 5: simper11 (button) (small blind) folded on the Turn


PokerStars Hand #171717285285:  Hold'em Limit ($3/$6 USD) - 2017/06/13 8:10:48 ET
Table 'Isonoe' 6-max Seat #4 is the button
Seat 4: hookonhook ($223.64 in chips)
Seat 5: simper11 ($120 in chips)
hookonhook: posts small blind $1
simper11: posts big blind $3
*** HOLE CARDS ***
hookonhook: folds
Uncalled bet ($2) returned to simper11
simper11 collected $2 from pot
simper11: doesn't show hand
*** SUMMARY ***
Total pot $2 | Rake $0
Seat 4: hookonhook (button) (small blind) folded before Flop
Seat 5: simper11 (big blind) collected ($2)


PokerStars Hand #171717287697:  Hold'em Limit ($3/$6 USD) - 2017/06/13 8:10:53 ET
Table 'Isonoe' 6-max Seat #5 is the button
Seat 4: hookonhook ($222.64 in chips)
Seat 5: simper11 ($121 in chips)
simper11: posts small blind $1
hookonhook: posts big blind $3
*** HOLE CARDS ***
simper11: raises $3 to $6
hookonhook: calls $3
*** FLOP *** [2s 2d 7d]
hookonhook: checks
simper11: bets $3
hookonhook: raises $3 to $6
simper11: calls $3
*** TURN *** [2s 2d 7d] [Ks]
hookonhook: bets $6
simper11: raises $6 to $12
hookonhook: raises $6 to $18
simper11: calls $6
*** RIVER *** [2s 2d 7d Ks] [3d]
hookonhook: bets $6
simper11: calls $6
*** SHOW DOWN ***
hookonhook: shows [7h Kd] (two pair, Kings and Sevens)
simper11: mucks hand
hookonhook collected $71.50 from pot
*** SUMMARY ***
Total pot $72 | Rake $0.50
Board [2s 2d 7d Ks 3d]
Seat 4: hookonhook (big blind) showed [7h Kd] and won ($71.50) with two pair, Kings and Sevens
Seat 5: simper11 (button) (small blind) mucked


PokerStars Hand #171717305612:  Hold'em Limit ($3/$6 USD) - 2017/06/13 8:11:32 ET
Table 'Isonoe' 6-max Seat #4 is the button
Seat 4: hookonhook ($275.64 in chips)
Seat 5: simper11 ($123 in chips)
hookonhook: posts small blind $1
simper11: posts big blind $3
*** HOLE CARDS ***
hookonhook: raises $3 to $6
simper11: raises $3 to $9
hookonhook: calls $3
*** FLOP *** [7h 3s 6c]
simper11: bets $3
hookonhook: calls $3
*** TURN *** [7h 3s 6c] [2s]
simper11: bets $6
hookonhook: raises $6 to $12
simper11: calls $6
*** RIVER *** [7h 3s 6c 2s] [4d]
simper11: checks
hookonhook: bets $6
simper11: folds
Uncalled bet ($6) returned to hookonhook
hookonhook collected $47.50 from pot
*** SUMMARY ***
Total pot $48 | Rake $0.50
Board [7h 3s 6c 2s 4d]
Seat 4: hookonhook (button) (small blind) collected ($47.50)
Seat 5: simper11 (big blind) folded on the River


PokerStars Hand #171717316251:  Hold'em Limit ($3/$6 USD) - 2017/06/13 8:11:56 ET
Table 'Isonoe' 6-max Seat #4 is the button
Seat 4: hookonhook ($293.14 in chips)
Seat 5: simper11 ($125.76 in chips)
hookonhook: posts small blind $1
simper11: posts big blind $3
*** HOLE CARDS ***
hookonhook: raises $3 to $6
simper11: folds
Uncalled bet ($3) returned to hookonhook
hookonhook collected $6 from pot
*** SUMMARY ***
Total pot $6 | Rake $0
Seat 4: hookonhook (button) (small blind) collected ($6)
Seat 5: simper11 (big blind) folded before Flop


PokerStars Hand #171717312297:  Hold'em Limit ($3/$6 USD) - 2017/06/13 8:11:47 ET
Table 'Isonoe' 6-max Seat #5 is the button
Seat 4: hookonhook ($299.14 in chips)
Seat 5: simper11 ($120 in chips)
simper11: posts small blind $1
hookonhook: posts big blind $3
*** HOLE CARDS ***
simper11: raises $3 to $6
hookonhook: calls $3
*** FLOP *** [Ks 8c Kd]
hookonhook: checks
simper11: bets $3
hookonhook: folds
Uncalled bet ($3) returned to simper11
simper11 collected $11.76 from pot
simper11: doesn't show hand
*** SUMMARY ***
Total pot $12 | Rake $0.24
Board [Ks 8c Kd]
Seat 4: hookonhook (big blind) folded on the Flop
Seat 5: simper11 (button) (small blind) collected ($11.76)


PokerStars Hand #171717295508:  Hold'em Limit ($3/$6 USD) - 2017/06/13 8:11:10 ET
Table 'Isonoe' 6-max Seat #4 is the button
Seat 4: hookonhook ($258.14 in chips)
Seat 5: simper11 ($120 in chips)
hookonhook: posts small blind $1
simper11: posts big blind $3
*** HOLE CARDS ***
hookonhook: raises $3 to $6
simper11: calls $3
*** FLOP *** [6d As 5s]
simper11: checks
hookonhook: bets $3
simper11: calls $3
*** TURN *** [6d As 5s] [7c]
simper11: checks
hookonhook: bets $6
simper11: calls $6
*** RIVER *** [6d As 5s 7c] [6h]
simper11: checks
hookonhook: bets $6
simper11: calls $6
*** SHOW DOWN ***
hookonhook: shows [Ac 8d] (two pair, Aces and Sixes)
simper11: mucks hand
hookonhook collected $41.50 from pot
*** SUMMARY ***
Total pot $42 | Rake $0.50
Board [6d As 5s 7c 6h]
Seat 4: hookonhook (button) (small blind) showed [Ac 8d] and won ($41.50) with two pair, Aces and Sixes
Seat 5: simper11 (big blind) mucked


PokerStars Hand #171717320679:  Hold'em Limit ($3/$6 USD) - 2017/06/13 8:12:06 ET
Table 'Isonoe' 6-max Seat #4 is the button
Seat 4: hookonhook ($297.14 in chips)
Seat 5: simper11 ($121.76 in chips)
hookonhook: posts small blind $1
simper11: posts big blind $3
*** HOLE CARDS ***
hookonhook: raises $3 to $6
simper11: folds
Uncalled bet ($3) returned to hookonhook
hookonhook collected $6 from pot
*** SUMMARY ***
Total pot $6 | Rake $0
Seat 4: hookonhook (button) (small blind) collected ($6)
Seat 5: simper11 (big blind) folded before Flop


PokerStars Hand #171717318364:  Hold'em Limit ($3/$6 USD) - 2017/06/13 8:12:01 ET
Table 'Isonoe' 6-max Seat #5 is the button
Seat 4: hookonhook ($296.14 in chips)
Seat 5: simper11 ($122.76 in chips)
simper11: posts small blind $1
hookonhook: posts big blind $3
*** HOLE CARDS ***
simper11: folds
Uncalled bet ($2) returned to hookonhook
hookonhook collected $2 from pot
*** SUMMARY ***
Total pot $2 | Rake $0
Seat 4: hookonhook (big blind) collected ($2)
Seat 5: simper11 (button) (small blind) folded before Flop


PokerStars Hand #171717303137:  Hold'em Limit ($3/$6 USD) - 2017/06/13 8:11:27 ET
Table 'Isonoe' 6-max Seat #5 is the button
Seat 4: hookonhook ($278.64 in chips)
Seat 5: simper11 ($120 in chips)
simper11: posts small blind $1
hookonhook: posts big blind $3
*** HOLE CARDS ***
simper11: raises $3 to $6
hookonhook: folds
Uncalled bet ($3) returned to simper11
simper11 collected $6 from pot
simper11: doesn't show hand
*** SUMMARY ***
Total pot $6 | Rake $0
Seat 4: hookonhook (big blind) folded before Flop
Seat 5: simper11 (button) (small blind) collected ($6)


PokerStars Hand #171717325284:  Hold'em Limit ($3/$6 USD) - 2017/06/13 8:12:16 ET
Table 'Isonoe' 6-max Seat #4 is the button
Seat 4: hookonhook ($297.14 in chips)
Seat 5: simper11 ($123 in chips)
hookonhook: posts small blind $1
simper11: posts big blind $3
*** HOLE CARDS ***
hookonhook: folds
Uncalled bet ($2) returned to simper11
simper11 collected $2 from pot
simper11: doesn't show hand
*** SUMMARY ***
Total pot $2 | Rake $0
Seat 4: hookonhook (button) (small blind) folded before Flop
Seat 5: simper11 (big blind) collected ($2)


PokerStars Hand #171717322926:  Hold'em Limit ($3/$6 USD) - 2017/06/13 8:12:11 ET
Table 'Isonoe' 6-max Seat #5 is the button
Seat 4: hookonhook ($300.14 in chips)
Seat 5: simper11 ($120 in chips)
simper11: posts small blind $1
hookonhook: posts big blind $3
*** HOLE CARDS ***
simper11: raises $3 to $6
hookonhook: folds
Uncalled bet ($3) returned to simper11
simper11 collected $6 from pot
simper11: doesn't show hand
*** SUMMARY ***
Total pot $6 | Rake $0
Seat 4: hookonhook (big blind) folded before Flop
Seat 5: simper11 (button) (small blind) collected ($6)


PokerStars Hand #171717330324:  Hold'em Limit ($3/$6 USD) - 2017/06/13 8:12:27 ET
Table 'Isonoe' 6-max Seat #4 is the button
Seat 4: hookonhook ($293.14 in chips)
Seat 5: simper11 ($127 in chips)
hookonhook: posts small blind $1
simper11: posts big blind $3
*** HOLE CARDS ***
hookonhook: raises $3 to $6
simper11: calls $3
*** FLOP *** [5c 7d 6s]
simper11: checks
hookonhook: checks
*** TURN *** [5c 7d 6s] [9d]
simper11: checks
hookonhook: checks
*** RIVER *** [5c 7d 6s 9d] [Kh]
simper11: checks
hookonhook: checks
*** SHOW DOWN ***
simper11: shows [6d Jc] (a pair of Sixes)
hookonhook: mucks hand
simper11 collected $11.76 from pot
*** SUMMARY ***
Total pot $12 | Rake $0.24
Board [5c 7d 6s 9d Kh]
Seat 4: hookonhook (button) (small blind) mucked
Seat 5: simper11 (big blind) showed [6d Jc] and won ($11.76) with a pair of Sixes


PokerStars Hand #171717346101:  Hold'em Limit ($3/$6 USD) - 2017/06/13 8:13:01 ET
Table 'Isonoe' 6-max Seat #5 is the button
Seat 4: hookonhook ($283.14 in chips)
Seat 5: simper11 ($136.76 in chips)
simper11: posts small blind $1
hookonhook: posts big blind $3
*** HOLE CARDS ***
simper11: raises $3 to $6
hookonhook: calls $3
*** FLOP *** [Kd 9h Th]
hookonhook: checks
simper11: bets $3
hookonhook: raises $3 to $6
simper11: calls $3
*** TURN *** [Kd 9h Th] [4d]
hookonhook: bets $6
simper11: calls $6
*** RIVER *** [Kd 9h Th 4d] [As]
hookonhook: bets $6
simper11: raises $6 to $12
hookonhook: folds
Uncalled bet ($6) returned to simper11
simper11 collected $47.50 from pot
simper11: doesn't show hand
hookonhook leaves the table
*** SUMMARY ***
Total pot $48 | Rake $0.50
Board [Kd 9h Th 4d As]
Seat 4: hookonhook (big blind) folded on the River
Seat 5: simper11 (button) (small blind) collected ($47.50)


PokerStars Hand #171717327716:  Hold'em Limit ($3/$6 USD) - 2017/06/13 8:12:21 ET
Table 'Isonoe' 6-max Seat #5 is the button
Seat 4: hookonhook ($296.14 in chips)
Seat 5: simper11 ($124 in chips)
simper11: posts small blind $1
hookonhook: posts big blind $3
*** HOLE CARDS ***
simper11: raises $3 to $6
hookonhook: folds
Uncalled bet ($3) returned to simper11
simper11 collected $6 from pot
simper11: doesn't show hand
*** SUMMARY ***
Total pot $6 | Rake $0
Seat 4: hookonhook (big blind) folded before Flop
Seat 5: simper11 (button) (small blind) collected ($6)


PokerStars Hand #171717343726:  Hold'em Limit ($3/$6 USD) - 2017/06/13 8:12:56 ET
Table 'Isonoe' 6-max Seat #4 is the button
Seat 4: hookonhook ($284.14 in chips)
Seat 5: simper11 ($135.76 in chips)
hookonhook: posts small blind $1
simper11: posts big blind $3
*** HOLE CARDS ***
hookonhook: folds
Uncalled bet ($2) returned to simper11
simper11 collected $2 from pot
simper11: doesn't show hand
*** SUMMARY ***
Total pot $2 | Rake $0
Seat 4: hookonhook (button) (small blind) folded before Flop
Seat 5: simper11 (big blind) collected ($2)


PokerStars Hand #171717341131:  Hold'em Limit ($3/$6 USD) - 2017/06/13 8:12:50 ET
Table 'Isonoe' 6-max Seat #5 is the button
Seat 4: hookonhook ($287.14 in chips)
Seat 5: simper11 ($132.76 in chips)
simper11: posts small blind $1
hookonhook: posts big blind $3
*** HOLE CARDS ***
simper11: raises $3 to $6
hookonhook: folds
Uncalled bet ($3) returned to simper11
simper11 collected $6 from pot
simper11: doesn't show hand
*** SUMMARY ***
Total pot $6 | Rake $0
Seat 4: hookonhook (big blind) folded before Flop
Seat 5: simper11 (button) (small blind) collected ($6)


PokerStars Hand #171717338958:  Hold'em Limit ($3/$6 USD) - 2017/06/13 8:12:46 ET
Table 'Isonoe' 6-max Seat #4 is the button
Seat 4: hookonhook ($284.14 in chips)
Seat 5: simper11 ($135.76 in chips)
hookonhook: posts small blind $1
simper11: posts big blind $3
*** HOLE CARDS ***
hookonhook: raises $3 to $6
simper11: folds
Uncalled bet ($3) returned to hookonhook
hookonhook collected $6 from pot
*** SUMMARY ***
Total pot $6 | Rake $0
Seat 4: hookonhook (button) (small blind) collected ($6)
Seat 5: simper11 (big blind) folded before Flop


PokerStars Hand #171717336444:  Hold'em Limit ($3/$6 USD) - 2017/06/13 8:12:40 ET
Table 'Isonoe' 6-max Seat #5 is the button
Seat 4: hookonhook ($287.14 in chips)
Seat 5: simper11 ($132.76 in chips)
simper11: posts small blind $1
hookonhook: posts big blind $3
*** HOLE CARDS ***
simper11: raises $3 to $6
hookonhook: folds
Uncalled bet ($3) returned to simper11
simper11 collected $6 from pot
simper11: doesn't show hand
*** SUMMARY ***
Total pot $6 | Rake $0
Seat 4: hookonhook (big blind) folded before Flop
Seat 5: simper11 (button) (small blind) collected ($6)


