PokerStars Hand #149329049826:  Hold'em Limit ($3/$6 USD) - 2016/02/24 6:05:50 ET
Table 'Isonoe III' 6-max Seat #3 is the button
Seat 3: Wilkah ($89.99 in chips)
Seat 4: TbIP-TbIP 88 ($77.76 in chips)
Wilkah: posts small blind $1
TbIP-TbIP 88: posts big blind $3
*** HOLE CARDS ***
Wilkah: calls $2
TbIP-TbIP 88: checks
*** FLOP *** [5d Tc 8c]
TbIP-TbIP 88: checks
Wilkah: bets $3
TbIP-TbIP 88: folds
Uncalled bet ($3) returned to Wilkah
Wilkah collected $5.88 from pot
Wilkah: doesn't show hand
*** SUMMARY ***
Total pot $6 | Rake $0.12
Board [5d Tc 8c]
Seat 3: Wilkah (button) (small blind) collected ($5.88)
Seat 4: TbIP-TbIP 88 (big blind) folded on the Flop


PokerStars Hand #149329045202:  Hold'em Limit ($3/$6 USD) - 2016/02/24 6:05:40 ET
Table 'Isonoe III' 6-max Seat #4 is the button
Seat 3: Wilkah ($88.99 in chips)
Seat 4: TbIP-TbIP 88 ($78.76 in chips)
TbIP-TbIP 88: posts small blind $1
Wilkah: posts big blind $3
*** HOLE CARDS ***
TbIP-TbIP 88: folds
Uncalled bet ($2) returned to Wilkah
Wilkah collected $2 from pot
Wilkah: doesn't show hand
*** SUMMARY ***
Total pot $2 | Rake $0
Seat 3: Wilkah (big blind) collected ($2)
Seat 4: TbIP-TbIP 88 (button) (small blind) folded before Flop


PokerStars Hand #149329060619:  Hold'em Limit ($3/$6 USD) - 2016/02/24 6:06:11 ET
Table 'Isonoe III' 6-max Seat #4 is the button
Seat 3: Wilkah ($92.87 in chips)
Seat 4: TbIP-TbIP 88 ($74.76 in chips)
TbIP-TbIP 88: posts small blind $1
Wilkah: posts big blind $3
*** HOLE CARDS ***
TbIP-TbIP 88: raises $3 to $6
Wilkah: calls $3
*** FLOP *** [Th 4c 3s]
Wilkah: checks
TbIP-TbIP 88: bets $3
Wilkah: calls $3
*** TURN *** [Th 4c 3s] [Jc]
Wilkah: checks
TbIP-TbIP 88: bets $6
Wilkah: raises $6 to $12
TbIP-TbIP 88: folds
Uncalled bet ($6) returned to Wilkah
Wilkah collected $29.50 from pot
Wilkah: doesn't show hand
*** SUMMARY ***
Total pot $30 | Rake $0.50
Board [Th 4c 3s Jc]
Seat 3: Wilkah (big blind) collected ($29.50)
Seat 4: TbIP-TbIP 88 (button) (small blind) folded on the Turn


PokerStars Hand #149329121610:  Hold'em Limit ($3/$6 USD) - 2016/02/24 6:08:12 ET
Table 'Isonoe III' 6-max Seat #4 is the button
Seat 3: Wilkah ($110.01 in chips)
Seat 4: TbIP-TbIP 88 ($77.88 in chips)
TbIP-TbIP 88: posts small blind $1
Wilkah: posts big blind $3
*** HOLE CARDS ***
TbIP-TbIP 88: raises $3 to $6
Wilkah: folds
Uncalled bet ($3) returned to TbIP-TbIP 88
TbIP-TbIP 88 collected $6 from pot
TbIP-TbIP 88: doesn't show hand
*** SUMMARY ***
Total pot $6 | Rake $0
Seat 3: Wilkah (big blind) folded before Flop
Seat 4: TbIP-TbIP 88 (button) (small blind) collected ($6)


PokerStars Hand #149329104806:  Hold'em Limit ($3/$6 USD) - 2016/02/24 6:07:39 ET
Table 'Isonoe III' 6-max Seat #3 is the button
Seat 3: Wilkah ($113.01 in chips)
Seat 4: TbIP-TbIP 88 ($75 in chips)
Wilkah: posts small blind $1
TbIP-TbIP 88: posts big blind $3
*** HOLE CARDS ***
Wilkah: calls $2
TbIP-TbIP 88: checks
*** FLOP *** [4c Ah Tc]
TbIP-TbIP 88: bets $3
Wilkah: folds
Uncalled bet ($3) returned to TbIP-TbIP 88
TbIP-TbIP 88 collected $5.88 from pot
TbIP-TbIP 88: doesn't show hand
*** SUMMARY ***
Total pot $6 | Rake $0.12
Board [4c Ah Tc]
Seat 3: Wilkah (button) (small blind) folded on the Flop
Seat 4: TbIP-TbIP 88 (big blind) collected ($5.88)


PokerStars Hand #149329101244:  Hold'em Limit ($3/$6 USD) - 2016/02/24 6:07:32 ET
Table 'Isonoe III' 6-max Seat #4 is the button
Seat 3: Wilkah ($116.01 in chips)
Seat 4: TbIP-TbIP 88 ($72 in chips)
TbIP-TbIP 88: posts small blind $1
Wilkah: posts big blind $3
*** HOLE CARDS ***
TbIP-TbIP 88: raises $3 to $6
Wilkah: folds
Uncalled bet ($3) returned to TbIP-TbIP 88
TbIP-TbIP 88 collected $6 from pot
TbIP-TbIP 88: doesn't show hand
*** SUMMARY ***
Total pot $6 | Rake $0
Seat 3: Wilkah (big blind) folded before Flop
Seat 4: TbIP-TbIP 88 (button) (small blind) collected ($6)


PokerStars Hand #149329074715:  Hold'em Limit ($3/$6 USD) - 2016/02/24 6:06:39 ET
Table 'Isonoe III' 6-max Seat #3 is the button
Seat 3: Wilkah ($107.37 in chips)
Seat 4: TbIP-TbIP 88 ($72 in chips)
Wilkah: posts small blind $1
TbIP-TbIP 88: posts big blind $3
*** HOLE CARDS ***
Wilkah: calls $2
TbIP-TbIP 88: raises $3 to $6
Wilkah: calls $3
*** FLOP *** [Th Qd 3c]
TbIP-TbIP 88: bets $3
Wilkah: calls $3
*** TURN *** [Th Qd 3c] [Qs]
TbIP-TbIP 88: checks
Wilkah: bets $6
TbIP-TbIP 88: folds
Uncalled bet ($6) returned to Wilkah
Wilkah collected $17.64 from pot
Wilkah: doesn't show hand
*** SUMMARY ***
Total pot $18 | Rake $0.36
Board [Th Qd 3c Qs]
Seat 3: Wilkah (button) (small blind) collected ($17.64)
Seat 4: TbIP-TbIP 88 (big blind) folded on the Turn


PokerStars Hand #149329130064:  Hold'em Limit ($3/$6 USD) - 2016/02/24 6:08:29 ET
Table 'Isonoe III' 6-max Seat #4 is the button
Seat 3: Wilkah ($110.01 in chips)
Seat 4: TbIP-TbIP 88 ($77.88 in chips)
TbIP-TbIP 88: posts small blind $1
Wilkah: posts big blind $3
*** HOLE CARDS ***
TbIP-TbIP 88: folds
Uncalled bet ($2) returned to Wilkah
Wilkah collected $2 from pot
Wilkah: doesn't show hand
*** SUMMARY ***
Total pot $2 | Rake $0
Seat 3: Wilkah (big blind) collected ($2)
Seat 4: TbIP-TbIP 88 (button) (small blind) folded before Flop


PokerStars Hand #149329125479:  Hold'em Limit ($3/$6 USD) - 2016/02/24 6:08:20 ET
Table 'Isonoe III' 6-max Seat #3 is the button
Seat 3: Wilkah ($107.01 in chips)
Seat 4: TbIP-TbIP 88 ($80.88 in chips)
Wilkah: posts small blind $1
TbIP-TbIP 88: posts big blind $3
*** HOLE CARDS ***
Wilkah: raises $3 to $6
TbIP-TbIP 88: folds
Uncalled bet ($3) returned to Wilkah
Wilkah collected $6 from pot
Wilkah: doesn't show hand
*** SUMMARY ***
Total pot $6 | Rake $0
Seat 3: Wilkah (button) (small blind) collected ($6)
Seat 4: TbIP-TbIP 88 (big blind) folded before Flop


PokerStars Hand #149329134998:  Hold'em Limit ($3/$6 USD) - 2016/02/24 6:08:39 ET
Table 'Isonoe III' 6-max Seat #3 is the button
Seat 3: Wilkah ($111.01 in chips)
Seat 4: TbIP-TbIP 88 ($76.88 in chips)
Wilkah: posts small blind $1
TbIP-TbIP 88: posts big blind $3
*** HOLE CARDS ***
Wilkah: calls $2
TbIP-TbIP 88: raises $3 to $6
Wilkah: calls $3
*** FLOP *** [8h 5d 3d]
TbIP-TbIP 88: bets $3
Wilkah: calls $3
*** TURN *** [8h 5d 3d] [5h]
TbIP-TbIP 88: bets $6
VolkovDmitri joins the table at seat #5
Agrotait joins the table at seat #2
Wilkah: folds
Uncalled bet ($6) returned to TbIP-TbIP 88
TbIP-TbIP 88 collected $17.64 from pot
TbIP-TbIP 88: doesn't show hand
*** SUMMARY ***
Total pot $18 | Rake $0.36
Board [8h 5d 3d 5h]
Seat 3: Wilkah (button) (small blind) folded on the Turn
Seat 4: TbIP-TbIP 88 (big blind) collected ($17.64)


PokerStars Hand #149329409766:  Hold'em Limit ($3/$6 USD) - 2016/02/24 6:17:39 ET
Table 'Isonoe III' 6-max Seat #5 is the button
Seat 4: TbIP-TbIP 88 ($101.73 in chips)
Seat 5: VolkovDmitri ($152.20 in chips)
VolkovDmitri: posts small blind $1
TbIP-TbIP 88: posts big blind $3
*** HOLE CARDS ***
VolkovDmitri: raises $3 to $6
TbIP-TbIP 88: folds
Uncalled bet ($3) returned to VolkovDmitri
VolkovDmitri collected $6 from pot
VolkovDmitri: doesn't show hand
*** SUMMARY ***
Total pot $6 | Rake $0
Seat 4: TbIP-TbIP 88 (big blind) folded before Flop
Seat 5: VolkovDmitri (button) (small blind) collected ($6)


