PokerStars Hand #153010874086:  Hold'em Limit ($3/$6 USD) - 2016/05/08 5:23:54 ET
Table 'Isonoe II' 6-max Seat #5 is the button
Seat 3: Tryptamean ($200.28 in chips)
Seat 5: klaci197304 ($200.59 in chips)
klaci197304: posts small blind $1
sandy8430: is sitting out
Tryptamean: posts big blind $3
*** HOLE CARDS ***
klaci197304: raises $3 to $6
VolkovDmitri leaves the table
Tryptamean: folds
Uncalled bet ($3) returned to klaci197304
klaci197304 collected $6 from pot
klaci197304: doesn't show hand
*** SUMMARY ***
Total pot $6 | Rake $0
Seat 3: Tryptamean (big blind) folded before Flop
Seat 5: klaci197304 (button) (small blind) collected ($6)


PokerStars Hand #153010877404:  Hold'em Limit ($3/$6 USD) - 2016/05/08 5:24:03 ET
Table 'Isonoe II' 6-max Seat #3 is the button
Seat 3: Tryptamean ($197.28 in chips)
Seat 5: klaci197304 ($203.59 in chips)
Tryptamean: posts small blind $1
klaci197304: posts big blind $3
*** HOLE CARDS ***
Tryptamean: raises $3 to $6
klaci197304: calls $3
*** FLOP *** [Qc 8d 4d]
TbIP-TbIP 88 joins the table at seat #6
klaci197304: checks
Tryptamean: bets $3
klaci197304: folds
Uncalled bet ($3) returned to Tryptamean
Tryptamean collected $11.76 from pot
Tryptamean: doesn't show hand
LordBorzi II joins the table at seat #4
*** SUMMARY ***
Total pot $12 | Rake $0.24
Board [Qc 8d 4d]
Seat 3: Tryptamean (button) (small blind) collected ($11.76)
Seat 5: klaci197304 (big blind) folded on the Flop


PokerStars Hand #153014453840:  Hold'em Limit ($3/$6 USD) - 2016/05/08 7:40:57 ET
Table 'Isonoe II' 6-max Seat #3 is the button
Seat 2: belik555 ($144.47 in chips)
Seat 3: sandy8430 ($148.58 in chips)
sandy8430: posts small blind $1
belik555: posts big blind $3
*** HOLE CARDS ***
sydd7 leaves the table
sandy8430: folds
Uncalled bet ($2) returned to belik555
belik555 collected $2 from pot
belik555: doesn't show hand
*** SUMMARY ***
Total pot $2 | Rake $0
Seat 2: belik555 (big blind) collected ($2)
Seat 3: sandy8430 (button) (small blind) folded before Flop


PokerStars Hand #153014462903:  Hold'em Limit ($3/$6 USD) - 2016/05/08 7:41:04 ET
Table 'Isonoe II' 6-max Seat #2 is the button
Seat 2: belik555 ($145.47 in chips)
Seat 3: sandy8430 ($147.58 in chips)
belik555: posts small blind $1
sandy8430: posts big blind $3
*** HOLE CARDS ***
belik555: raises $3 to $6
sandy8430: raises $3 to $9
belik555: calls $3
*** FLOP *** [Td Th Kh]
sandy8430: checks
belik555: bets $3
sandy8430: calls $3
*** TURN *** [Td Th Kh] [4c]
sandy8430: checks
belik555: bets $6
HAL9QQQ leaves the table
sandy8430: folds
Uncalled bet ($6) returned to belik555
belik555 collected $23.52 from pot
belik555: doesn't show hand
*** SUMMARY ***
Total pot $24 | Rake $0.48
Board [Td Th Kh 4c]
Seat 2: belik555 (button) (small blind) collected ($23.52)
Seat 3: sandy8430 (big blind) folded on the Turn


PokerStars Hand #153014513893:  Hold'em Limit ($3/$6 USD) - 2016/05/08 7:42:45 ET
Table 'Isonoe II' 6-max Seat #3 is the button
Seat 2: belik555 ($156.99 in chips)
Seat 3: sandy8430 ($135.58 in chips)
sandy8430: posts small blind $1
belik555: posts big blind $3
*** HOLE CARDS ***
sandy8430: folds
Uncalled bet ($2) returned to belik555
belik555 collected $2 from pot
belik555: doesn't show hand
*** SUMMARY ***
Total pot $2 | Rake $0
Seat 2: belik555 (big blind) collected ($2)
Seat 3: sandy8430 (button) (small blind) folded before Flop


