PokerStars Hand #173475925493:  Hold'em Limit ($3/$6 USD) - 2017/07/24 23:49:41 ET
Table 'Isonoe' 6-max Seat #3 is the button
Seat 2: kusznak ($111.64 in chips)
Seat 3: Iseethelight ($242.59 in chips)
Iseethelight: posts small blind $1
kusznak: posts big blind $3
*** HOLE CARDS ***
KIT426 is disconnected
Iseethelight: raises $3 to $6
kusznak: calls $3
*** FLOP *** [3c 4c Th]
kusznak: checks
Iseethelight: bets $3
kusznak: raises $3 to $6
Iseethelight: calls $3
*** TURN *** [3c 4c Th] [6d]
kusznak: bets $6
Iseethelight: calls $6
*** RIVER *** [3c 4c Th 6d] [Qh]
kusznak: bets $6
Iseethelight: calls $6
*** SHOW DOWN ***
kusznak: shows [Ks Tc] (a pair of Tens)
Iseethelight: mucks hand
kusznak collected $47.50 from pot
*** SUMMARY ***
Total pot $48 | Rake $0.50
Board [3c 4c Th 6d Qh]
Seat 2: kusznak (big blind) showed [Ks Tc] and won ($47.50) with a pair of Tens
Seat 3: Iseethelight (button) (small blind) mucked


PokerStars Hand #173475933307:  Hold'em Limit ($3/$6 USD) - 2017/07/24 23:50:08 ET
Table 'Isonoe' 6-max Seat #2 is the button
Seat 2: kusznak ($135.14 in chips)
Seat 3: Iseethelight ($218.59 in chips)
kusznak: posts small blind $1
Iseethelight: posts big blind $3
*** HOLE CARDS ***
kusznak: raises $3 to $6
Iseethelight: calls $3
*** FLOP *** [3c Ac 3d]
Iseethelight: checks
kusznak: checks
*** TURN *** [3c Ac 3d] [4d]
Iseethelight: bets $6
kusznak: folds
Uncalled bet ($6) returned to Iseethelight
Iseethelight collected $11.76 from pot
Iseethelight: doesn't show hand
*** SUMMARY ***
Total pot $12 | Rake $0.24
Board [3c Ac 3d 4d]
Seat 2: kusznak (button) (small blind) folded on the Turn
Seat 3: Iseethelight (big blind) collected ($11.76)


PokerStars Hand #173476319153:  Hold'em Limit ($3/$6 USD) - 2017/07/25 0:13:53 ET
Table 'Isonoe' 6-max Seat #1 is the button
Seat 1: AzureCaper ($140.07 in chips)
Seat 2: kusznak ($146.33 in chips)
AzureCaper: posts small blind $1
kusznak: posts big blind $3
*** HOLE CARDS ***
AzureCaper: folds
Uncalled bet ($2) returned to kusznak
kusznak collected $2 from pot
kusznak: doesn't show hand
*** SUMMARY ***
Total pot $2 | Rake $0
Seat 1: AzureCaper (button) (small blind) folded before Flop
Seat 2: kusznak (big blind) collected ($2)


PokerStars Hand #173476315994:  Hold'em Limit ($3/$6 USD) - 2017/07/25 0:13:41 ET
Table 'Isonoe' 6-max Seat #2 is the button
Seat 1: AzureCaper ($131.43 in chips)
Seat 2: kusznak ($155.33 in chips)
kusznak: posts small blind $1
AzureCaper: posts big blind $3
*** HOLE CARDS ***
kusznak: raises $3 to $6
AzureCaper: calls $3
*** FLOP *** [3d Qc 4c]
AzureCaper: checks
kusznak: bets $3
AzureCaper: raises $3 to $6
kusznak: folds
Uncalled bet ($3) returned to AzureCaper
AzureCaper collected $17.64 from pot
AzureCaper: doesn't show hand
*** SUMMARY ***
Total pot $18 | Rake $0.36
Board [3d Qc 4c]
Seat 1: AzureCaper (big blind) collected ($17.64)
Seat 2: kusznak (button) (small blind) folded on the Flop


PokerStars Hand #173477609826:  Hold'em Limit ($3/$6 USD) - 2017/07/25 1:40:48 ET
Table 'Isonoe' 6-max Seat #4 is the button
Seat 1: Brewstar ($79.15 in chips)
Seat 4: VolkovDmitri ($128.50 in chips)
VolkovDmitri: posts small blind $1
Brewstar: posts big blind $3
*** HOLE CARDS ***
VolkovDmitri: raises $3 to $6
Brewstar: calls $3
*** FLOP *** [2c 7c 5s]
Brewstar: checks
VolkovDmitri: bets $3
Brewstar: raises $3 to $6
VolkovDmitri: calls $3
*** TURN *** [2c 7c 5s] [Jh]
Brewstar: bets $6
VolkovDmitri: folds
Uncalled bet ($6) returned to Brewstar
Brewstar collected $23.52 from pot
Brewstar: doesn't show hand
*** SUMMARY ***
Total pot $24 | Rake $0.48
Board [2c 7c 5s Jh]
Seat 1: Brewstar (big blind) collected ($23.52)
Seat 4: VolkovDmitri (button) (small blind) folded on the Turn


PokerStars Hand #173477599372:  Hold'em Limit ($3/$6 USD) - 2017/07/25 1:40:04 ET
Table 'Isonoe' 6-max Seat #4 is the button
Seat 1: Brewstar ($88.39 in chips)
Seat 4: VolkovDmitri ($120 in chips)
VolkovDmitri: posts small blind $1
Brewstar: posts big blind $3
*** HOLE CARDS ***
VolkovDmitri: raises $3 to $6
Brewstar: calls $3
*** FLOP *** [Th Tc Ts]
Brewstar: checks
VolkovDmitri: bets $3
Brewstar: calls $3
*** TURN *** [Th Tc Ts] [5h]
Brewstar: checks
VolkovDmitri: bets $6
Brewstar: calls $6
*** RIVER *** [Th Tc Ts 5h] [Qh]
Brewstar: checks
VolkovDmitri: bets $6
Brewstar: folds
Uncalled bet ($6) returned to VolkovDmitri
VolkovDmitri collected $29.50 from pot
VolkovDmitri: doesn't show hand
*** SUMMARY ***
Total pot $30 | Rake $0.50
Board [Th Tc Ts 5h Qh]
Seat 1: Brewstar (big blind) folded on the River
Seat 4: VolkovDmitri (button) (small blind) collected ($29.50)


PokerStars Hand #173477607076:  Hold'em Limit ($3/$6 USD) - 2017/07/25 1:40:36 ET
Table 'Isonoe' 6-max Seat #1 is the button
Seat 1: Brewstar ($73.39 in chips)
Seat 4: VolkovDmitri ($134.50 in chips)
Brewstar: posts small blind $1
VolkovDmitri: posts big blind $3
*** HOLE CARDS ***
Brewstar: raises $3 to $6
VolkovDmitri: calls $3
*** FLOP *** [Ad 2h Qs]
VolkovDmitri: checks
Brewstar: bets $3
VolkovDmitri: folds
Uncalled bet ($3) returned to Brewstar
Brewstar collected $11.76 from pot
Brewstar: doesn't show hand
*** SUMMARY ***
Total pot $12 | Rake $0.24
Board [Ad 2h Qs]
Seat 1: Brewstar (button) (small blind) collected ($11.76)
Seat 4: VolkovDmitri (big blind) folded on the Flop


PokerStars Hand #173477615427:  Hold'em Limit ($3/$6 USD) - 2017/07/25 1:41:12 ET
Table 'Isonoe' 6-max Seat #1 is the button
Seat 1: Brewstar ($90.67 in chips)
Seat 4: VolkovDmitri ($120 in chips)
Brewstar: posts small blind $1
VolkovDmitri: posts big blind $3
*** HOLE CARDS ***
Brewstar: raises $3 to $6
VolkovDmitri: folds
Uncalled bet ($3) returned to Brewstar
Brewstar collected $6 from pot
Brewstar: doesn't show hand
*** SUMMARY ***
Total pot $6 | Rake $0
Seat 1: Brewstar (button) (small blind) collected ($6)
Seat 4: VolkovDmitri (big blind) folded before Flop


