PokerStars Hand #144438589342:  Hold'em Limit ($3/$6 USD) - 2015/11/26 20:20:07 ET
Table 'Isora II' 6-max Seat #5 is the button
Seat 4: Pandakey ($84 in chips)
Seat 5: hairy1961 ($95.50 in chips)
hairy1961: posts small blind $1
Pandakey: posts big blind $3
*** HOLE CARDS ***
hairy1961: raises $3 to $6
Pandakey: calls $3
*** FLOP *** [Jc Kc 4c]
Pandakey: checks
hairy1961: bets $3
Pandakey: folds
Uncalled bet ($3) returned to hairy1961
hairy1961 collected $11.76 from pot
hairy1961: doesn't show hand
*** SUMMARY ***
Total pot $12 | Rake $0.24
Board [Jc Kc 4c]
Seat 4: Pandakey (big blind) folded on the Flop
Seat 5: hairy1961 (button) (small blind) collected ($11.76)


PokerStars Hand #144438568234:  Hold'em Limit ($3/$6 USD) - 2015/11/26 20:19:25 ET
Table 'Isora II' 6-max Seat #4 is the button
Seat 4: Pandakey ($120 in chips)
Seat 5: hairy1961 ($60 in chips)
Pandakey: posts small blind $1
hairy1961: posts big blind $3
*** HOLE CARDS ***
Pandakey: raises $3 to $6
hairy1961: calls $3
*** FLOP *** [9h 2c 7c]
hairy1961: checks
Pandakey: bets $3
hairy1961: raises $3 to $6
Pandakey: calls $3
*** TURN *** [9h 2c 7c] [9d]
hairy1961: bets $6
Pandakey: raises $6 to $12
hairy1961: raises $6 to $18
Pandakey: calls $6
*** RIVER *** [9h 2c 7c 9d] [4s]
hairy1961: bets $6
Pandakey: calls $6
*** SHOW DOWN ***
hairy1961: shows [Kh 9s] (three of a kind, Nines)
Pandakey: mucks hand
hairy1961 collected $71.50 from pot
*** SUMMARY ***
Total pot $72 | Rake $0.50
Board [9h 2c 7c 9d 4s]
Seat 4: Pandakey (button) (small blind) mucked
Seat 5: hairy1961 (big blind) showed [Kh 9s] and won ($71.50) with three of a kind, Nines


PokerStars Hand #144438597270:  Hold'em Limit ($3/$6 USD) - 2015/11/26 20:20:23 ET
Table 'Isora II' 6-max Seat #5 is the button
Seat 4: Pandakey ($81 in chips)
Seat 5: hairy1961 ($98.26 in chips)
hairy1961: posts small blind $1
Pandakey: posts big blind $3
*** HOLE CARDS ***
hairy1961: folds
Uncalled bet ($2) returned to Pandakey
Pandakey collected $2 from pot
Pandakey: doesn't show hand
*** SUMMARY ***
Total pot $2 | Rake $0
Seat 4: Pandakey (big blind) collected ($2)
Seat 5: hairy1961 (button) (small blind) folded before Flop


PokerStars Hand #144438594248:  Hold'em Limit ($3/$6 USD) - 2015/11/26 20:20:17 ET
Table 'Isora II' 6-max Seat #4 is the button
Seat 4: Pandakey ($78 in chips)
Seat 5: hairy1961 ($101.26 in chips)
Pandakey: posts small blind $1
hairy1961: posts big blind $3
*** HOLE CARDS ***
Pandakey: raises $3 to $6
hairy1961: folds
Uncalled bet ($3) returned to Pandakey
Pandakey collected $6 from pot
Pandakey: doesn't show hand
*** SUMMARY ***
Total pot $6 | Rake $0
Seat 4: Pandakey (button) (small blind) collected ($6)
Seat 5: hairy1961 (big blind) folded before Flop


PokerStars Hand #144438615452:  Hold'em Limit ($3/$6 USD) - 2015/11/26 20:21:00 ET
Table 'Isora II' 6-max Seat #5 is the button
Seat 4: Pandakey ($77 in chips)
Seat 5: hairy1961 ($101.90 in chips)
hairy1961: posts small blind $1
Pandakey: posts big blind $3
*** HOLE CARDS ***
hairy1961: folds
Uncalled bet ($2) returned to Pandakey
Pandakey collected $2 from pot
Pandakey: doesn't show hand
*** SUMMARY ***
Total pot $2 | Rake $0
Seat 4: Pandakey (big blind) collected ($2)
Seat 5: hairy1961 (button) (small blind) folded before Flop


PokerStars Hand #144438612424:  Hold'em Limit ($3/$6 USD) - 2015/11/26 20:20:54 ET
Table 'Isora II' 6-max Seat #4 is the button
Seat 4: Pandakey ($74 in chips)
Seat 5: hairy1961 ($104.90 in chips)
Pandakey: posts small blind $1
hairy1961: posts big blind $3
*** HOLE CARDS ***
Pandakey: raises $3 to $6
hairy1961: folds
Uncalled bet ($3) returned to Pandakey
Pandakey collected $6 from pot
Pandakey: doesn't show hand
*** SUMMARY ***
Total pot $6 | Rake $0
Seat 4: Pandakey (button) (small blind) collected ($6)
Seat 5: hairy1961 (big blind) folded before Flop


PokerStars Hand #144438609418:  Hold'em Limit ($3/$6 USD) - 2015/11/26 20:20:48 ET
Table 'Isora II' 6-max Seat #5 is the button
Seat 4: Pandakey ($73 in chips)
Seat 5: hairy1961 ($105.90 in chips)
hairy1961: posts small blind $1
Pandakey: posts big blind $3
*** HOLE CARDS ***
hairy1961: folds
Uncalled bet ($2) returned to Pandakey
Pandakey collected $2 from pot
Pandakey: doesn't show hand
*** SUMMARY ***
Total pot $2 | Rake $0
Seat 4: Pandakey (big blind) collected ($2)
Seat 5: hairy1961 (button) (small blind) folded before Flop


PokerStars Hand #144438600461:  Hold'em Limit ($3/$6 USD) - 2015/11/26 20:20:30 ET
Table 'Isora II' 6-max Seat #4 is the button
Seat 4: Pandakey ($82 in chips)
Seat 5: hairy1961 ($97.26 in chips)
Pandakey: posts small blind $1
hairy1961: posts big blind $3
*** HOLE CARDS ***
Pandakey: raises $3 to $6
hairy1961: calls $3
*** FLOP *** [As 7h 9s]
hairy1961: bets $3
Pandakey: calls $3
*** TURN *** [As 7h 9s] [6s]
hairy1961: bets $6
Pandakey: folds
Uncalled bet ($6) returned to hairy1961
hairy1961 collected $17.64 from pot
hairy1961: doesn't show hand
*** SUMMARY ***
Total pot $18 | Rake $0.36
Board [As 7h 9s 6s]
Seat 4: Pandakey (button) (small blind) folded on the Turn
Seat 5: hairy1961 (big blind) collected ($17.64)


PokerStars Hand #144438619144:  Hold'em Limit ($3/$6 USD) - 2015/11/26 20:21:07 ET
Table 'Isora II' 6-max Seat #4 is the button
Seat 4: Pandakey ($78 in chips)
Seat 5: hairy1961 ($100.90 in chips)
Pandakey: posts small blind $1
hairy1961: posts big blind $3
*** HOLE CARDS ***
Pandakey: raises $3 to $6
vestimokrec joins the table at seat #6
hairy1961: calls $3
*** FLOP *** [7c 9c 7d]
hairy1961: checks
Pandakey: bets $3
hairy1961: calls $3
*** TURN *** [7c 9c 7d] [Qd]
hairy1961: bets $6
Pandakey: calls $6
*** RIVER *** [7c 9c 7d Qd] [2d]
hairy1961: bets $6
Pandakey: folds
Uncalled bet ($6) returned to hairy1961
hairy1961 collected $29.50 from pot
hairy1961: doesn't show hand
*** SUMMARY ***
Total pot $30 | Rake $0.50
Board [7c 9c 7d Qd 2d]
Seat 4: Pandakey (button) (small blind) folded on the River
Seat 5: hairy1961 (big blind) collected ($29.50)


PokerStars Hand #144439029319:  Hold'em Limit ($3/$6 USD) - 2015/11/26 20:35:16 ET
Table 'Isora II' 6-max Seat #2 is the button
Seat 2: GRAILKO ($211.57 in chips)
Seat 4: BusTim ($242.93 in chips)
GRAILKO: posts small blind $1
rascal_319: is sitting out
BusTim: posts big blind $3
*** HOLE CARDS ***
rascal_319 leaves the table
GRAILKO: raises $3 to $6
BusTim: calls $3
*** FLOP *** [Tc 4h 6c]
BusTim: checks
GRAILKO: bets $3
rascal_319 joins the table at seat #5
BusTim: raises $3 to $6
GRAILKO: folds
Uncalled bet ($3) returned to BusTim
BusTim collected $17.64 from pot
BusTim: doesn't show hand
*** SUMMARY ***
Total pot $18 | Rake $0.36
Board [Tc 4h 6c]
Seat 2: GRAILKO (button) (small blind) folded on the Flop
Seat 4: BusTim (big blind) collected ($17.64)


