PokerStars Hand #144430455452:  Hold'em Limit ($3/$6 USD) - 2015/11/26 16:59:41 ET
Table 'Isora II' 6-max Seat #4 is the button
Seat 4: BuzovaPro ($73 in chips)
Seat 6: hooverr ($119 in chips)
BuzovaPro: posts small blind $1
hooverr: posts big blind $3
*** HOLE CARDS ***
scorpio04 joins the table at seat #1
BuzovaPro: folds
Uncalled bet ($2) returned to hooverr
hooverr collected $2 from pot
hooverr: doesn't show hand
*** SUMMARY ***
Total pot $2 | Rake $0
Seat 4: BuzovaPro (button) (small blind) folded before Flop
Seat 6: hooverr (big blind) collected ($2)


PokerStars Hand #144430446018:  Hold'em Limit ($3/$6 USD) - 2015/11/26 16:59:28 ET
Table 'Isora II' 6-max Seat #6 is the button
Seat 4: BuzovaPro ($72 in chips)
Seat 6: hooverr ($120 in chips)
hooverr: posts small blind $1
BuzovaPro: posts big blind $3
*** HOLE CARDS ***
hooverr: folds
Uncalled bet ($2) returned to BuzovaPro
BuzovaPro collected $2 from pot
BuzovaPro: doesn't show hand
*** SUMMARY ***
Total pot $2 | Rake $0
Seat 4: BuzovaPro (big blind) collected ($2)
Seat 6: hooverr (button) (small blind) folded before Flop


PokerStars Hand #144432724220:  Hold'em Limit ($3/$6 USD) - 2015/11/26 17:44:55 ET
Table 'Isora II' 6-max Seat #1 is the button
Seat 1: scorpio04 ($128.71 in chips)
Seat 6: hooverr ($209.87 in chips)
scorpio04: posts small blind $1
korrnel: is sitting out
hooverr: posts big blind $3
*** HOLE CARDS ***
7superpoker joins the table at seat #3
korrnel leaves the table
scorpio04: raises $3 to $6
hooverr: calls $3
*** FLOP *** [7c 7s Qd]
hooverr: checks
scorpio04: bets $3
hooverr: raises $3 to $6
scorpio04: calls $3
*** TURN *** [7c 7s Qd] [4c]
hooverr: bets $6
scorpio04: folds
Uncalled bet ($6) returned to hooverr
hooverr collected $23.52 from pot
hooverr: doesn't show hand
*** SUMMARY ***
Total pot $24 | Rake $0.48
Board [7c 7s Qd 4c]
Seat 1: scorpio04 (button) (small blind) folded on the Turn
Seat 6: hooverr (big blind) collected ($23.52)


PokerStars Hand #144432770215:  Hold'em Limit ($3/$6 USD) - 2015/11/26 17:45:51 ET
Table 'Isora II' 6-max Seat #6 is the button
Seat 1: scorpio04 ($116.71 in chips)
Seat 6: hooverr ($221.39 in chips)
hooverr: posts small blind $1
scorpio04: posts big blind $3
*** HOLE CARDS ***
BuzovaPro leaves the table
hooverr: raises $3 to $6
scorpio04: calls $3
*** FLOP *** [6s As Qs]
scorpio04: checks
hooverr: checks
*** TURN *** [6s As Qs] [4s]
scorpio04: bets $6
hooverr: folds
Uncalled bet ($6) returned to scorpio04
scorpio04 collected $11.76 from pot
scorpio04: doesn't show hand
LWNS joins the table at seat #4
*** SUMMARY ***
Total pot $12 | Rake $0.24
Board [6s As Qs 4s]
Seat 1: scorpio04 (big blind) collected ($11.76)
Seat 6: hooverr (button) (small blind) folded on the Turn


