PokerStars Hand #154540181326:  Hold'em Limit ($3/$6 USD) - 2016/06/10 6:44:48 ET
Table 'Isora' 10-max Seat #2 is the button
Seat 2: Airbag999 ($102 in chips)
Seat 4: emptycomback ($76.32 in chips)
Airbag999: posts small blind $1
emptycomback: posts big blind $3
*** HOLE CARDS ***
Airbag999: raises $3 to $6
emptycomback: calls $3
*** FLOP *** [Qc Jd 2s]
emptycomback: bets $3
Airbag999: calls $3
*** TURN *** [Qc Jd 2s] [5c]
emptycomback: checks
mirajoon leaves the table
Airbag999: bets $6
HAL9QQQ joins the table at seat #5
emptycomback: calls $6
*** RIVER *** [Qc Jd 2s 5c] [7c]
emptycomback: bets $6
Airbag999: calls $6
*** SHOW DOWN ***
emptycomback: shows [7s Jc] (two pair, Jacks and Sevens)
Airbag999: mucks hand
emptycomback collected $41.50 from pot
*** SUMMARY ***
Total pot $42 | Rake $0.50
Board [Qc Jd 2s 5c 7c]
Seat 2: Airbag999 (button) (small blind) mucked
Seat 4: emptycomback (big blind) showed [7s Jc] and won ($41.50) with two pair, Jacks and Sevens


PokerStars Hand #154540191720:  Hold'em Limit ($3/$6 USD) - 2016/06/10 6:45:13 ET
Table 'Isora' 10-max Seat #4 is the button
Seat 2: Airbag999 ($120 in chips)
Seat 4: emptycomback ($96.82 in chips)
emptycomback: posts small blind $1
Airbag999: posts big blind $3
*** HOLE CARDS ***
emptycomback: calls $2
Airbag999: raises $3 to $6
emptycomback: calls $3
*** FLOP *** [3c Js Kd]
Airbag999: bets $3
emptycomback: folds
Uncalled bet ($3) returned to Airbag999
Airbag999 collected $11.76 from pot
liolilove joins the table at seat #6
Airbag999: doesn't show hand
*** SUMMARY ***
Total pot $12 | Rake $0.24
Board [3c Js Kd]
Seat 2: Airbag999 (big blind) collected ($11.76)
Seat 4: emptycomback (button) (small blind) folded on the Flop


PokerStars Hand #154540199540:  Hold'em Limit ($3/$6 USD) - 2016/06/10 6:45:33 ET
Table 'Isora' 10-max Seat #2 is the button
Seat 2: Airbag999 ($125.76 in chips)
Seat 4: emptycomback ($90.82 in chips)
Airbag999: posts small blind $1
emptycomback: posts big blind $3
*** HOLE CARDS ***
Airbag999: raises $3 to $6
emptycomback: folds
Uncalled bet ($3) returned to Airbag999
Airbag999 collected $6 from pot
Airbag999: doesn't show hand
*** SUMMARY ***
Total pot $6 | Rake $0
Seat 2: Airbag999 (button) (small blind) collected ($6)
Seat 4: emptycomback (big blind) folded before Flop


PokerStars Hand #154540363535:  Hold'em Limit ($3/$6 USD) - 2016/06/10 6:52:10 ET
Table 'Isora' 10-max Seat #6 is the button
Seat 5: HAL9QQQ ($140.74 in chips)
Seat 6: liolilove ($72 in chips)
liolilove: posts small blind $1
Airbag999: is sitting out
HAL9QQQ: posts big blind $3
*** HOLE CARDS ***
liolilove: folds
Uncalled bet ($2) returned to HAL9QQQ
HAL9QQQ collected $2 from pot
HAL9QQQ: doesn't show hand
*** SUMMARY ***
Total pot $2 | Rake $0
Seat 5: HAL9QQQ (big blind) collected ($2)
Seat 6: liolilove (button) (small blind) folded before Flop


