PokerStars Hand #167185797653:  Hold'em Limit ($3/$6 USD) - 2017/03/06 2:24:27 ET
Table 'Istria' 6-max Seat #1 is the button
Seat 1: LifeisagameX ($84 in chips)
Seat 2: _fayzulllo_ ($65.24 in chips)
LifeisagameX: posts small blind $1
_fayzulllo_: posts big blind $3
*** HOLE CARDS ***
JochenBele joins the table at seat #6
LifeisagameX: folds
Uncalled bet ($2) returned to _fayzulllo_
_fayzulllo_ collected $2 from pot
_fayzulllo_: doesn't show hand
*** SUMMARY ***
Total pot $2 | Rake $0
Seat 1: LifeisagameX (button) (small blind) folded before Flop
Seat 2: _fayzulllo_ (big blind) collected ($2)


PokerStars Hand #167185822737:  Hold'em Limit ($3/$6 USD) - 2017/03/06 2:26:04 ET
Table 'Istria' 6-max Seat #6 is the button
Seat 2: _fayzulllo_ ($56.24 in chips)
Seat 6: JochenBele ($142.12 in chips)
JochenBele: posts small blind $1
_fayzulllo_: posts big blind $3
*** HOLE CARDS ***
JochenBele: folds
Uncalled bet ($2) returned to _fayzulllo_
_fayzulllo_ collected $2 from pot
_fayzulllo_: doesn't show hand
*** SUMMARY ***
Total pot $2 | Rake $0
Seat 2: _fayzulllo_ (big blind) collected ($2)
Seat 6: JochenBele (button) (small blind) folded before Flop


PokerStars Hand #167185820885:  Hold'em Limit ($3/$6 USD) - 2017/03/06 2:25:57 ET
Table 'Istria' 6-max Seat #2 is the button
Seat 2: _fayzulllo_ ($53.24 in chips)
Seat 6: JochenBele ($145.12 in chips)
_fayzulllo_: posts small blind $1
JochenBele: posts big blind $3
*** HOLE CARDS ***
_fayzulllo_: raises $3 to $6
JochenBele: folds
Uncalled bet ($3) returned to _fayzulllo_
_fayzulllo_ collected $6 from pot
_fayzulllo_: doesn't show hand
*** SUMMARY ***
Total pot $6 | Rake $0
Seat 2: _fayzulllo_ (button) (small blind) collected ($6)
Seat 6: JochenBele (big blind) folded before Flop


PokerStars Hand #167185824244:  Hold'em Limit ($3/$6 USD) - 2017/03/06 2:26:10 ET
Table 'Istria' 6-max Seat #2 is the button
Seat 2: _fayzulllo_ ($57.24 in chips)
Seat 6: JochenBele ($141.12 in chips)
_fayzulllo_: posts small blind $1
JochenBele: posts big blind $3
*** HOLE CARDS ***
_fayzulllo_: calls $2
JochenBele: checks
*** FLOP *** [7s Kc 4d]
JochenBele: bets $3
_fayzulllo_: calls $3
*** TURN *** [7s Kc 4d] [8h]
JochenBele: bets $6
_fayzulllo_: calls $6
*** RIVER *** [7s Kc 4d 8h] [Ac]
JochenBele: bets $6
_fayzulllo_: folds
Uncalled bet ($6) returned to JochenBele
JochenBele collected $23.52 from pot
JochenBele: doesn't show hand
*** SUMMARY ***
Total pot $24 | Rake $0.48
Board [7s Kc 4d 8h Ac]
Seat 2: _fayzulllo_ (button) (small blind) folded on the River
Seat 6: JochenBele (big blind) collected ($23.52)


PokerStars Hand #167185829251:  Hold'em Limit ($3/$6 USD) - 2017/03/06 2:26:30 ET
Table 'Istria' 6-max Seat #6 is the button
Seat 2: _fayzulllo_ ($45.24 in chips)
Seat 6: JochenBele ($152.64 in chips)
JochenBele: posts small blind $1
_fayzulllo_: posts big blind $3
*** HOLE CARDS ***
JochenBele: raises $3 to $6
_fayzulllo_: calls $3
*** FLOP *** [6d Ts 8c]
_fayzulllo_: checks
JochenBele: bets $3
_fayzulllo_: calls $3
*** TURN *** [6d Ts 8c] [Kc]
_fayzulllo_: checks
JochenBele: checks
*** RIVER *** [6d Ts 8c Kc] [2s]
_fayzulllo_: bets $6
JochenBele: calls $6
*** SHOW DOWN ***
_fayzulllo_: shows [As 8s] (a pair of Eights)
JochenBele: mucks hand
_fayzulllo_ collected $29.50 from pot
*** SUMMARY ***
Total pot $30 | Rake $0.50
Board [6d Ts 8c Kc 2s]
Seat 2: _fayzulllo_ (big blind) showed [As 8s] and won ($29.50) with a pair of Eights
Seat 6: JochenBele (button) (small blind) mucked


PokerStars Hand #167185833364:  Hold'em Limit ($3/$6 USD) - 2017/03/06 2:26:46 ET
Table 'Istria' 6-max Seat #2 is the button
Seat 2: _fayzulllo_ ($59.74 in chips)
Seat 6: JochenBele ($137.64 in chips)
_fayzulllo_: posts small blind $1
JochenBele: posts big blind $3
*** HOLE CARDS ***
_fayzulllo_: calls $2
JochenBele: checks
*** FLOP *** [2h Kh Ac]
JochenBele: bets $3
_fayzulllo_: calls $3
*** TURN *** [2h Kh Ac] [4h]
JochenBele: bets $6
_fayzulllo_: calls $6
*** RIVER *** [2h Kh Ac 4h] [8s]
JochenBele: bets $6
_fayzulllo_: calls $6
*** SHOW DOWN ***
JochenBele: shows [4s 2s] (two pair, Fours and Deuces)
_fayzulllo_: mucks hand
JochenBele collected $35.50 from pot
*** SUMMARY ***
Total pot $36 | Rake $0.50
Board [2h Kh Ac 4h 8s]
Seat 2: _fayzulllo_ (button) (small blind) mucked
Seat 6: JochenBele (big blind) showed [4s 2s] and won ($35.50) with two pair, Fours and Deuces


PokerStars Hand #167185837201:  Hold'em Limit ($3/$6 USD) - 2017/03/06 2:27:01 ET
Table 'Istria' 6-max Seat #6 is the button
Seat 2: _fayzulllo_ ($41.74 in chips)
Seat 6: JochenBele ($155.14 in chips)
JochenBele: posts small blind $1
_fayzulllo_: posts big blind $3
*** HOLE CARDS ***
JochenBele: raises $3 to $6
_fayzulllo_: calls $3
*** FLOP *** [Ac 3s 6c]
_fayzulllo_: checks
JochenBele: bets $3
_fayzulllo_: folds
Uncalled bet ($3) returned to JochenBele
JochenBele collected $11.76 from pot
JochenBele: doesn't show hand
*** SUMMARY ***
Total pot $12 | Rake $0.24
Board [Ac 3s 6c]
Seat 2: _fayzulllo_ (big blind) folded on the Flop
Seat 6: JochenBele (button) (small blind) collected ($11.76)


PokerStars Hand #167185854875:  Hold'em Limit ($3/$6 USD) - 2017/03/06 2:28:09 ET
Table 'Istria' 6-max Seat #2 is the button
Seat 2: _fayzulllo_ ($48.24 in chips)
Seat 6: JochenBele ($147.42 in chips)
_fayzulllo_: posts small blind $1
JochenBele: posts big blind $3
*** HOLE CARDS ***
_fayzulllo_: folds
Uncalled bet ($2) returned to JochenBele
JochenBele collected $2 from pot
JochenBele: doesn't show hand
*** SUMMARY ***
Total pot $2 | Rake $0
Seat 2: _fayzulllo_ (button) (small blind) folded before Flop
Seat 6: JochenBele (big blind) collected ($2)


PokerStars Hand #167185852940:  Hold'em Limit ($3/$6 USD) - 2017/03/06 2:28:02 ET
Table 'Istria' 6-max Seat #6 is the button
Seat 2: _fayzulllo_ ($51.24 in chips)
Seat 6: JochenBele ($144.42 in chips)
JochenBele: posts small blind $1
_fayzulllo_: posts big blind $3
*** HOLE CARDS ***
JochenBele: raises $3 to $6
_fayzulllo_: folds
Uncalled bet ($3) returned to JochenBele
JochenBele collected $6 from pot
JochenBele: doesn't show hand
*** SUMMARY ***
Total pot $6 | Rake $0
Seat 2: _fayzulllo_ (big blind) folded before Flop
Seat 6: JochenBele (button) (small blind) collected ($6)


PokerStars Hand #167185847390:  Hold'em Limit ($3/$6 USD) - 2017/03/06 2:27:40 ET
Table 'Istria' 6-max Seat #6 is the button
Seat 2: _fayzulllo_ ($62.24 in chips)
Seat 6: JochenBele ($133.90 in chips)
JochenBele: posts small blind $1
_fayzulllo_: posts big blind $3
*** HOLE CARDS ***
JochenBele: folds
Uncalled bet ($2) returned to _fayzulllo_
_fayzulllo_ collected $2 from pot
_fayzulllo_: doesn't show hand
*** SUMMARY ***
Total pot $2 | Rake $0
Seat 2: _fayzulllo_ (big blind) collected ($2)
Seat 6: JochenBele (button) (small blind) folded before Flop


PokerStars Hand #167185841652:  Hold'em Limit ($3/$6 USD) - 2017/03/06 2:27:18 ET
Table 'Istria' 6-max Seat #2 is the button
Seat 2: _fayzulllo_ ($35.74 in chips)
Seat 6: JochenBele ($160.90 in chips)
_fayzulllo_: posts small blind $1
JochenBele: posts big blind $3
*** HOLE CARDS ***
_fayzulllo_: calls $2
JochenBele: raises $3 to $6
_fayzulllo_: calls $3
*** FLOP *** [8s 9s 4h]
JochenBele: bets $3
_fayzulllo_: calls $3
*** TURN *** [8s 9s 4h] [4d]
JochenBele: bets $6
_fayzulllo_: calls $6
*** RIVER *** [8s 9s 4h 4d] [7d]
JochenBele: checks
_fayzulllo_: bets $6
JochenBele: raises $6 to $12
_fayzulllo_: calls $6
*** SHOW DOWN ***
JochenBele: shows [Th 7h] (two pair, Sevens and Fours)
_fayzulllo_: shows [Kc 9d] (two pair, Nines and Fours)
_fayzulllo_ collected $53.50 from pot
*** SUMMARY ***
Total pot $54 | Rake $0.50
Board [8s 9s 4h 4d 7d]
Seat 2: _fayzulllo_ (button) (small blind) showed [Kc 9d] and won ($53.50) with two pair, Nines and Fours
Seat 6: JochenBele (big blind) showed [Th 7h] and lost with two pair, Sevens and Fours


PokerStars Hand #167185848671:  Hold'em Limit ($3/$6 USD) - 2017/03/06 2:27:45 ET
Table 'Istria' 6-max Seat #2 is the button
Seat 2: _fayzulllo_ ($63.24 in chips)
Seat 6: JochenBele ($132.90 in chips)
_fayzulllo_: posts small blind $1
JochenBele: posts big blind $3
*** HOLE CARDS ***
_fayzulllo_: raises $3 to $6
JochenBele: calls $3
*** FLOP *** [Tc Ks Qs]
JochenBele: checks
_fayzulllo_: checks
*** TURN *** [Tc Ks Qs] [4s]
JochenBele: checks
_fayzulllo_: checks
*** RIVER *** [Tc Ks Qs 4s] [Td]
JochenBele: bets $6
_fayzulllo_: calls $6
*** SHOW DOWN ***
JochenBele: shows [Ts 9d] (three of a kind, Tens)
_fayzulllo_: mucks hand
JochenBele collected $23.52 from pot
*** SUMMARY ***
Total pot $24 | Rake $0.48
Board [Tc Ks Qs 4s Td]
Seat 2: _fayzulllo_ (button) (small blind) mucked
Seat 6: JochenBele (big blind) showed [Ts 9d] and won ($23.52) with three of a kind, Tens


PokerStars Hand #167185857428:  Hold'em Limit ($3/$6 USD) - 2017/03/06 2:28:19 ET
Table 'Istria' 6-max Seat #2 is the button
Seat 2: _fayzulllo_ ($48.24 in chips)
Seat 6: JochenBele ($147.42 in chips)
_fayzulllo_: posts small blind $1
JochenBele: posts big blind $3
*** HOLE CARDS ***
_fayzulllo_: calls $2
JochenBele: raises $3 to $6
_fayzulllo_: calls $3
*** FLOP *** [7d 2h 7h]
JochenBele: bets $3
_fayzulllo_: calls $3
*** TURN *** [7d 2h 7h] [7s]
JochenBele: bets $6
_fayzulllo_: calls $6
*** RIVER *** [7d 2h 7h 7s] [2s]
JochenBele: checks
_fayzulllo_: checks
*** SHOW DOWN ***
JochenBele: shows [6s Kd] (a full house, Sevens full of Deuces)
_fayzulllo_: shows [4h Kh] (a full house, Sevens full of Deuces)
JochenBele collected $14.75 from pot
_fayzulllo_ collected $14.75 from pot
*** SUMMARY ***
Total pot $30 | Rake $0.50
Board [7d 2h 7h 7s 2s]
Seat 2: _fayzulllo_ (button) (small blind) showed [4h Kh] and won ($14.75) with a full house, Sevens full of Deuces
Seat 6: JochenBele (big blind) showed [6s Kd] and won ($14.75) with a full house, Sevens full of Deuces


PokerStars Hand #167185856103:  Hold'em Limit ($3/$6 USD) - 2017/03/06 2:28:14 ET
Table 'Istria' 6-max Seat #6 is the button
Seat 2: _fayzulllo_ ($47.24 in chips)
Seat 6: JochenBele ($148.42 in chips)
JochenBele: posts small blind $1
_fayzulllo_: posts big blind $3
*** HOLE CARDS ***
JochenBele: folds
Uncalled bet ($2) returned to _fayzulllo_
_fayzulllo_ collected $2 from pot
_fayzulllo_: doesn't show hand
*** SUMMARY ***
Total pot $2 | Rake $0
Seat 2: _fayzulllo_ (big blind) collected ($2)
Seat 6: JochenBele (button) (small blind) folded before Flop


PokerStars Hand #167185864503:  Hold'em Limit ($3/$6 USD) - 2017/03/06 2:28:47 ET
Table 'Istria' 6-max Seat #6 is the button
Seat 2: _fayzulllo_ ($47.99 in chips)
Seat 6: JochenBele ($147.17 in chips)
JochenBele: posts small blind $1
_fayzulllo_: posts big blind $3
*** HOLE CARDS ***
JochenBele: raises $3 to $6
_fayzulllo_: calls $3
*** FLOP *** [Jd Ac 9c]
_fayzulllo_: bets $3
JochenBele: calls $3
*** TURN *** [Jd Ac 9c] [2d]
_fayzulllo_: checks
JochenBele: checks
*** RIVER *** [Jd Ac 9c 2d] [5s]
_fayzulllo_: bets $6
JochenBele: folds
Uncalled bet ($6) returned to _fayzulllo_
_fayzulllo_ collected $17.64 from pot
_fayzulllo_: doesn't show hand
*** SUMMARY ***
Total pot $18 | Rake $0.36
Board [Jd Ac 9c 2d 5s]
Seat 2: _fayzulllo_ (big blind) collected ($17.64)
Seat 6: JochenBele (button) (small blind) folded on the River


PokerStars Hand #167185871107:  Hold'em Limit ($3/$6 USD) - 2017/03/06 2:29:12 ET
Table 'Istria' 6-max Seat #2 is the button
Seat 2: _fayzulllo_ ($56.63 in chips)
Seat 6: JochenBele ($138.17 in chips)
_fayzulllo_: posts small blind $1
JochenBele: posts big blind $3
*** HOLE CARDS ***
_fayzulllo_: calls $2
JochenBele: checks
*** FLOP *** [Qd 4h Jh]
JochenBele: checks
_fayzulllo_: checks
*** TURN *** [Qd 4h Jh] [7h]
JochenBele: bets $6
_fayzulllo_: folds
Uncalled bet ($6) returned to JochenBele
JochenBele collected $5.88 from pot
JochenBele: doesn't show hand
*** SUMMARY ***
Total pot $6 | Rake $0.12
Board [Qd 4h Jh 7h]
Seat 2: _fayzulllo_ (button) (small blind) folded on the Turn
Seat 6: JochenBele (big blind) collected ($5.88)


PokerStars Hand #167185883757:  Hold'em Limit ($3/$6 USD) - 2017/03/06 2:30:01 ET
Table 'Istria' 6-max Seat #6 is the button
Seat 2: _fayzulllo_ ($33.63 in chips)
Seat 6: JochenBele ($160.55 in chips)
JochenBele: posts small blind $1
_fayzulllo_: posts big blind $3
*** HOLE CARDS ***
JochenBele: raises $3 to $6
_fayzulllo_: folds
Uncalled bet ($3) returned to JochenBele
JochenBele collected $6 from pot
JochenBele: doesn't show hand
*** SUMMARY ***
Total pot $6 | Rake $0
Seat 2: _fayzulllo_ (big blind) folded before Flop
Seat 6: JochenBele (button) (small blind) collected ($6)


PokerStars Hand #167185874584:  Hold'em Limit ($3/$6 USD) - 2017/03/06 2:29:26 ET
Table 'Istria' 6-max Seat #6 is the button
Seat 2: _fayzulllo_ ($53.63 in chips)
Seat 6: JochenBele ($141.05 in chips)
JochenBele: posts small blind $1
_fayzulllo_: posts big blind $3
*** HOLE CARDS ***
JochenBele: folds
Uncalled bet ($2) returned to _fayzulllo_
_fayzulllo_ collected $2 from pot
_fayzulllo_: doesn't show hand
*** SUMMARY ***
Total pot $2 | Rake $0
Seat 2: _fayzulllo_ (big blind) collected ($2)
Seat 6: JochenBele (button) (small blind) folded before Flop


PokerStars Hand #167185875998:  Hold'em Limit ($3/$6 USD) - 2017/03/06 2:29:31 ET
Table 'Istria' 6-max Seat #2 is the button
Seat 2: _fayzulllo_ ($54.63 in chips)
Seat 6: JochenBele ($140.05 in chips)
_fayzulllo_: posts small blind $1
JochenBele: posts big blind $3
*** HOLE CARDS ***
_fayzulllo_: calls $2
JochenBele: raises $3 to $6
_fayzulllo_: calls $3
*** FLOP *** [2c Kc 7h]
JochenBele: bets $3
_fayzulllo_: calls $3
*** TURN *** [2c Kc 7h] [9h]
JochenBele: bets $6
_fayzulllo_: calls $6
*** RIVER *** [2c Kc 7h 9h] [4s]
JochenBele: bets $6
_fayzulllo_: calls $6
*** SHOW DOWN ***
JochenBele: shows [Kd Ks] (three of a kind, Kings)
_fayzulllo_: mucks hand
JochenBele collected $41.50 from pot
*** SUMMARY ***
Total pot $42 | Rake $0.50
Board [2c Kc 7h 9h 4s]
Seat 2: _fayzulllo_ (button) (small blind) mucked
Seat 6: JochenBele (big blind) showed [Kd Ks] and won ($41.50) with three of a kind, Kings


PokerStars Hand #167185891071:  Hold'em Limit ($3/$6 USD) - 2017/03/06 2:30:29 ET
Table 'Istria' 6-max Seat #6 is the button
Seat 2: _fayzulllo_ ($27.63 in chips)
Seat 6: JochenBele ($166.43 in chips)
JochenBele: posts small blind $1
_fayzulllo_: posts big blind $3
*** HOLE CARDS ***
JochenBele: folds
Uncalled bet ($2) returned to _fayzulllo_
_fayzulllo_ collected $2 from pot
_fayzulllo_: doesn't show hand
outlook zh joins the table at seat #5
*** SUMMARY ***
Total pot $2 | Rake $0
Seat 2: _fayzulllo_ (big blind) collected ($2)
Seat 6: JochenBele (button) (small blind) folded before Flop


PokerStars Hand #167185886036:  Hold'em Limit ($3/$6 USD) - 2017/03/06 2:30:10 ET
Table 'Istria' 6-max Seat #2 is the button
Seat 2: _fayzulllo_ ($30.63 in chips)
Seat 6: JochenBele ($163.55 in chips)
_fayzulllo_: posts small blind $1
JochenBele: posts big blind $3
*** HOLE CARDS ***
_fayzulllo_: calls $2
JochenBele: checks
*** FLOP *** [2s 5c 9d]
JochenBele: checks
_fayzulllo_: checks
*** TURN *** [2s 5c 9d] [8c]
JochenBele: bets $6
Chessnok joins the table at seat #3
_fayzulllo_: folds
Uncalled bet ($6) returned to JochenBele
JochenBele collected $5.88 from pot
JochenBele: doesn't show hand
*** SUMMARY ***
Total pot $6 | Rake $0.12
Board [2s 5c 9d 8c]
Seat 2: _fayzulllo_ (button) (small blind) folded on the Turn
Seat 6: JochenBele (big blind) collected ($5.88)


PokerStars Hand #167186197682:  Hold'em Limit ($3/$6 USD) - 2017/03/06 2:49:56 ET
Table 'Istria' 6-max Seat #3 is the button
Seat 1: tilion22 ($112.15 in chips)
Seat 3: Chessnok ($133.14 in chips)
Chessnok: posts small blind $1
Rus29APX: is sitting out
outlook zh was removed from the table for failing to post
tilion22: posts big blind $3
*** HOLE CARDS ***
Chessnok: folds
Uncalled bet ($2) returned to tilion22
tilion22 collected $2 from pot
tilion22: doesn't show hand
*** SUMMARY ***
Total pot $2 | Rake $0
Seat 1: tilion22 (big blind) collected ($2)
Seat 3: Chessnok (button) (small blind) folded before Flop


PokerStars Hand #167186205227:  Hold'em Limit ($3/$6 USD) - 2017/03/06 2:50:24 ET
Table 'Istria' 6-max Seat #3 is the button
Seat 1: tilion22 ($104.15 in chips)
Seat 3: Chessnok ($140.78 in chips)
Chessnok: posts small blind $1
JochenBele was removed from the table for failing to post
tilion22: posts big blind $3
*** HOLE CARDS ***
Chessnok: raises $3 to $6
tilion22: folds
Uncalled bet ($3) returned to Chessnok
Chessnok collected $6 from pot
Chessnok: doesn't show hand
*** SUMMARY ***
Total pot $6 | Rake $0
Seat 1: tilion22 (big blind) folded before Flop
Seat 3: Chessnok (button) (small blind) collected ($6)


PokerStars Hand #167186211216:  Hold'em Limit ($3/$6 USD) - 2017/03/06 2:50:46 ET
Table 'Istria' 6-max Seat #3 is the button
Seat 1: tilion22 ($109.79 in chips)
Seat 3: Chessnok ($134.78 in chips)
Chessnok: posts small blind $1
tilion22: posts big blind $3
*** HOLE CARDS ***
Chessnok: folds
Uncalled bet ($2) returned to tilion22
tilion22 collected $2 from pot
tilion22: doesn't show hand
*** SUMMARY ***
Total pot $2 | Rake $0
Seat 1: tilion22 (big blind) collected ($2)
Seat 3: Chessnok (button) (small blind) folded before Flop


PokerStars Hand #167186198816:  Hold'em Limit ($3/$6 USD) - 2017/03/06 2:50:00 ET
Table 'Istria' 6-max Seat #1 is the button
Seat 1: tilion22 ($113.15 in chips)
Seat 3: Chessnok ($132.14 in chips)
tilion22: posts small blind $1
Chessnok: posts big blind $3
*** HOLE CARDS ***
tilion22: raises $3 to $6
Chessnok: calls $3
*** FLOP *** [6d 8s 8c]
Chessnok: checks
tilion22: bets $3
Chessnok: calls $3
*** TURN *** [6d 8s 8c] [Ah]
Chessnok: bets $6
tilion22: folds
Uncalled bet ($6) returned to Chessnok
Chessnok collected $17.64 from pot
Chessnok: doesn't show hand
*** SUMMARY ***
Total pot $18 | Rake $0.36
Board [6d 8s 8c Ah]
Seat 1: tilion22 (button) (small blind) folded on the Turn
Seat 3: Chessnok (big blind) collected ($17.64)


PokerStars Hand #167186207193:  Hold'em Limit ($3/$6 USD) - 2017/03/06 2:50:32 ET
Table 'Istria' 6-max Seat #1 is the button
Seat 1: tilion22 ($101.15 in chips)
Seat 3: Chessnok ($143.78 in chips)
tilion22: posts small blind $1
Chessnok: posts big blind $3
*** HOLE CARDS ***
tilion22: raises $3 to $6
Chessnok: calls $3
*** FLOP *** [6d 9s Qh]
Chessnok: checks
tilion22: bets $3
Chessnok: calls $3
*** TURN *** [6d 9s Qh] [8d]
Chessnok: checks
tilion22: checks
*** RIVER *** [6d 9s Qh 8d] [7c]
Chessnok: checks
tilion22: checks
*** SHOW DOWN ***
Chessnok: shows [Jc 6h] (a pair of Sixes)
tilion22: shows [Ad 7s] (a pair of Sevens)
tilion22 collected $17.64 from pot
*** SUMMARY ***
Total pot $18 | Rake $0.36
Board [6d 9s Qh 8d 7c]
Seat 1: tilion22 (button) (small blind) showed [Ad 7s] and won ($17.64) with a pair of Sevens
Seat 3: Chessnok (big blind) showed [Jc 6h] and lost with a pair of Sixes


PokerStars Hand #167186218118:  Hold'em Limit ($3/$6 USD) - 2017/03/06 2:51:12 ET
Table 'Istria' 6-max Seat #3 is the button
Seat 1: tilion22 ($44.79 in chips)
Seat 3: Chessnok ($199.28 in chips)
Chessnok: posts small blind $1
tilion22: posts big blind $3
*** HOLE CARDS ***
Chessnok: raises $3 to $6
tilion22: raises $3 to $9
Chessnok: calls $3
*** FLOP *** [8c 3c 9s]
tilion22: bets $3
Chessnok: raises $3 to $6
tilion22: calls $3
*** TURN *** [8c 3c 9s] [Jh]
tilion22: checks
Chessnok: bets $6
tilion22: raises $6 to $12
Chessnok: calls $6
*** RIVER *** [8c 3c 9s Jh] [Ts]
tilion22: bets $6
Chessnok: folds
Uncalled bet ($6) returned to tilion22
tilion22 collected $53.50 from pot
tilion22: doesn't show hand
*** SUMMARY ***
Total pot $54 | Rake $0.50
Board [8c 3c 9s Jh Ts]
Seat 1: tilion22 (big blind) collected ($53.50)
Seat 3: Chessnok (button) (small blind) folded on the River


PokerStars Hand #167186222231:  Hold'em Limit ($3/$6 USD) - 2017/03/06 2:51:27 ET
Table 'Istria' 6-max Seat #1 is the button
Seat 1: tilion22 ($71.29 in chips)
Seat 3: Chessnok ($172.28 in chips)
tilion22: posts small blind $1
Chessnok: posts big blind $3
*** HOLE CARDS ***
tilion22: raises $3 to $6
Chessnok: raises $3 to $9
tilion22: calls $3
*** FLOP *** [6h 2d 5c]
Chessnok: bets $3
tilion22: raises $3 to $6
Chessnok: raises $3 to $9
tilion22: calls $3
*** TURN *** [6h 2d 5c] [3d]
Chessnok: bets $6
tilion22: calls $6
*** RIVER *** [6h 2d 5c 3d] [Kd]
Chessnok: bets $6
tilion22: calls $6
*** SHOW DOWN ***
Chessnok: shows [8d 8s] (a pair of Eights)
tilion22: mucks hand
Chessnok collected $59.50 from pot
*** SUMMARY ***
Total pot $60 | Rake $0.50
Board [6h 2d 5c 3d Kd]
Seat 1: tilion22 (button) (small blind) mucked
Seat 3: Chessnok (big blind) showed [8d 8s] and won ($59.50) with a pair of Eights


PokerStars Hand #167186229013:  Hold'em Limit ($3/$6 USD) - 2017/03/06 2:51:52 ET
Table 'Istria' 6-max Seat #1 is the button
Seat 1: tilion22 ($35.29 in chips)
Seat 3: Chessnok ($207.54 in chips)
tilion22: posts small blind $1
Chessnok: posts big blind $3
*** HOLE CARDS ***
tilion22: raises $3 to $6
Chessnok: calls $3
*** FLOP *** [4s Qc 5c]
Chessnok: checks
tilion22: bets $3
Chessnok: folds
Uncalled bet ($3) returned to tilion22
tilion22 collected $11.76 from pot
tilion22: doesn't show hand
*** SUMMARY ***
Total pot $12 | Rake $0.24
Board [4s Qc 5c]
Seat 1: tilion22 (button) (small blind) collected ($11.76)
Seat 3: Chessnok (big blind) folded on the Flop


PokerStars Hand #167186226304:  Hold'em Limit ($3/$6 USD) - 2017/03/06 2:51:42 ET
Table 'Istria' 6-max Seat #3 is the button
Seat 1: tilion22 ($41.29 in chips)
Seat 3: Chessnok ($201.78 in chips)
Chessnok: posts small blind $1
tilion22: posts big blind $3
*** HOLE CARDS ***
Chessnok: raises $3 to $6
tilion22: calls $3
*** FLOP *** [Ts Jh 6d]
tilion22: checks
Chessnok: bets $3
tilion22: folds
Uncalled bet ($3) returned to Chessnok
Chessnok collected $11.76 from pot
Chessnok: doesn't show hand
*** SUMMARY ***
Total pot $12 | Rake $0.24
Board [Ts Jh 6d]
Seat 1: tilion22 (big blind) folded on the Flop
Seat 3: Chessnok (button) (small blind) collected ($11.76)


PokerStars Hand #167186212582:  Hold'em Limit ($3/$6 USD) - 2017/03/06 2:50:51 ET
Table 'Istria' 6-max Seat #1 is the button
Seat 1: tilion22 ($110.79 in chips)
Seat 3: Chessnok ($133.78 in chips)
tilion22: posts small blind $1
Chessnok: posts big blind $3
*** HOLE CARDS ***
tilion22: raises $3 to $6
Chessnok: raises $3 to $9
tilion22: raises $3 to $12
Betting is capped
Chessnok: calls $3
*** FLOP *** [7d Ks Ad]
Chessnok: checks
tilion22: bets $3
Chessnok: raises $3 to $6
tilion22: calls $3
*** TURN *** [7d Ks Ad] [Th]
Chessnok: bets $6
tilion22: raises $6 to $12
Chessnok: raises $6 to $18
tilion22: raises $6 to $24
Betting is capped
Chessnok: calls $6
*** RIVER *** [7d Ks Ad Th] [5h]
Chessnok: checks
tilion22: bets $6
Chessnok: raises $6 to $12
tilion22: raises $6 to $18
Chessnok: raises $6 to $24
Betting is capped
tilion22: calls $6
*** SHOW DOWN ***
Chessnok: shows [Qs Jh] (a straight, Ten to Ace)
tilion22: mucks hand
Chessnok collected $131.50 from pot
*** SUMMARY ***
Total pot $132 | Rake $0.50
Board [7d Ks Ad Th 5h]
Seat 1: tilion22 (button) (small blind) mucked
Seat 3: Chessnok (big blind) showed [Qs Jh] and won ($131.50) with a straight, Ten to Ace


PokerStars Hand #167186231390:  Hold'em Limit ($3/$6 USD) - 2017/03/06 2:52:01 ET
Table 'Istria' 6-max Seat #3 is the button
Seat 1: tilion22 ($41.05 in chips)
Seat 3: Chessnok ($201.54 in chips)
Chessnok: posts small blind $1
tilion22: posts big blind $3
*** HOLE CARDS ***
Chessnok: folds
Uncalled bet ($2) returned to tilion22
tilion22 collected $2 from pot
tilion22: doesn't show hand
*** SUMMARY ***
Total pot $2 | Rake $0
Seat 1: tilion22 (big blind) collected ($2)
Seat 3: Chessnok (button) (small blind) folded before Flop


PokerStars Hand #167186237414:  Hold'em Limit ($3/$6 USD) - 2017/03/06 2:52:24 ET
Table 'Istria' 6-max Seat #3 is the button
Seat 1: tilion22 ($62.55 in chips)
Seat 3: Chessnok ($179.54 in chips)
Chessnok: posts small blind $1
tilion22: posts big blind $3
*** HOLE CARDS ***
Chessnok: raises $3 to $6
tilion22: calls $3
*** FLOP *** [7d 4h 4d]
tilion22: checks
Chessnok: bets $3
tilion22: calls $3
*** TURN *** [7d 4h 4d] [2d]
tilion22: checks
Chessnok: bets $6
tilion22: raises $6 to $12
Chessnok: folds
Uncalled bet ($6) returned to tilion22
tilion22 collected $29.50 from pot
tilion22: doesn't show hand
*** SUMMARY ***
Total pot $30 | Rake $0.50
Board [7d 4h 4d 2d]
Seat 1: tilion22 (big blind) collected ($29.50)
Seat 3: Chessnok (button) (small blind) folded on the Turn


PokerStars Hand #167186241178:  Hold'em Limit ($3/$6 USD) - 2017/03/06 2:52:38 ET
Table 'Istria' 6-max Seat #1 is the button
Seat 1: tilion22 ($77.05 in chips)
Seat 3: Chessnok ($164.54 in chips)
tilion22: posts small blind $1
Chessnok: posts big blind $3
*** HOLE CARDS ***
tilion22: raises $3 to $6
Chessnok: calls $3
*** FLOP *** [9s 6h 5s]
Chessnok: checks
tilion22: bets $3
Chessnok: folds
Uncalled bet ($3) returned to tilion22
tilion22 collected $11.76 from pot
tilion22: doesn't show hand
*** SUMMARY ***
Total pot $12 | Rake $0.24
Board [9s 6h 5s]
Seat 1: tilion22 (button) (small blind) collected ($11.76)
Seat 3: Chessnok (big blind) folded on the Flop


PokerStars Hand #167186233040:  Hold'em Limit ($3/$6 USD) - 2017/03/06 2:52:08 ET
Table 'Istria' 6-max Seat #1 is the button
Seat 1: tilion22 ($42.05 in chips)
Seat 3: Chessnok ($200.54 in chips)
tilion22: posts small blind $1
Chessnok: posts big blind $3
*** HOLE CARDS ***
tilion22: raises $3 to $6
Chessnok: calls $3
*** FLOP *** [5s Kh 8h]
Chessnok: checks
tilion22: bets $3
Chessnok: calls $3
*** TURN *** [5s Kh 8h] [Qs]
Chessnok: checks
tilion22: bets $6
Chessnok: calls $6
*** RIVER *** [5s Kh 8h Qs] [6d]
Chessnok: checks
tilion22: bets $6
Chessnok: calls $6
*** SHOW DOWN ***
tilion22: shows [6c 8c] (two pair, Eights and Sixes)
Chessnok: mucks hand
tilion22 collected $41.50 from pot
*** SUMMARY ***
Total pot $42 | Rake $0.50
Board [5s Kh 8h Qs 6d]
Seat 1: tilion22 (button) (small blind) showed [6c 8c] and won ($41.50) with two pair, Eights and Sixes
Seat 3: Chessnok (big blind) mucked


PokerStars Hand #167186245433:  Hold'em Limit ($3/$6 USD) - 2017/03/06 2:52:53 ET
Table 'Istria' 6-max Seat #1 is the button
Seat 1: tilion22 ($79.81 in chips)
Seat 3: Chessnok ($161.54 in chips)
tilion22: posts small blind $1
Chessnok: posts big blind $3
*** HOLE CARDS ***
tilion22: folds
Uncalled bet ($2) returned to Chessnok
Chessnok collected $2 from pot
Chessnok: doesn't show hand
*** SUMMARY ***
Total pot $2 | Rake $0
Seat 1: tilion22 (button) (small blind) folded before Flop
Seat 3: Chessnok (big blind) collected ($2)


PokerStars Hand #167186243595:  Hold'em Limit ($3/$6 USD) - 2017/03/06 2:52:47 ET
Table 'Istria' 6-max Seat #3 is the button
Seat 1: tilion22 ($82.81 in chips)
Seat 3: Chessnok ($158.54 in chips)
Chessnok: posts small blind $1
tilion22: posts big blind $3
*** HOLE CARDS ***
Chessnok: raises $3 to $6
tilion22: folds
Uncalled bet ($3) returned to Chessnok
Chessnok collected $6 from pot
Chessnok: doesn't show hand
*** SUMMARY ***
Total pot $6 | Rake $0
Seat 1: tilion22 (big blind) folded before Flop
Seat 3: Chessnok (button) (small blind) collected ($6)


PokerStars Hand #167186262251:  Hold'em Limit ($3/$6 USD) - 2017/03/06 2:53:56 ET
Table 'Istria' 6-max Seat #1 is the button
Seat 1: tilion22 ($125.59 in chips)
Seat 3: Chessnok ($114.54 in chips)
tilion22: posts small blind $1
Chessnok: posts big blind $3
*** HOLE CARDS ***
tilion22: folds
Uncalled bet ($2) returned to Chessnok
Chessnok collected $2 from pot
Chessnok: doesn't show hand
*** SUMMARY ***
Total pot $2 | Rake $0
Seat 1: tilion22 (button) (small blind) folded before Flop
Seat 3: Chessnok (big blind) collected ($2)


PokerStars Hand #167186257818:  Hold'em Limit ($3/$6 USD) - 2017/03/06 2:53:40 ET
Table 'Istria' 6-max Seat #3 is the button
Seat 1: tilion22 ($116.95 in chips)
Seat 3: Chessnok ($123.54 in chips)
Chessnok: posts small blind $1
tilion22: posts big blind $3
*** HOLE CARDS ***
Chessnok: raises $3 to $6
tilion22: raises $3 to $9
Chessnok: calls $3
*** FLOP *** [2s 2d 4d]
tilion22: bets $3
Chessnok: folds
Uncalled bet ($3) returned to tilion22
tilion22 collected $17.64 from pot
tilion22: doesn't show hand
*** SUMMARY ***
Total pot $18 | Rake $0.36
Board [2s 2d 4d]
Seat 1: tilion22 (big blind) collected ($17.64)
Seat 3: Chessnok (button) (small blind) folded on the Flop


PokerStars Hand #167186246672:  Hold'em Limit ($3/$6 USD) - 2017/03/06 2:52:58 ET
Table 'Istria' 6-max Seat #3 is the button
Seat 1: tilion22 ($78.81 in chips)
Seat 3: Chessnok ($162.54 in chips)
Chessnok: posts small blind $1
tilion22: posts big blind $3
*** HOLE CARDS ***
Chessnok: raises $3 to $6
tilion22: calls $3
*** FLOP *** [5c 2s 9s]
tilion22: checks
Chessnok: bets $3
tilion22: calls $3
*** TURN *** [5c 2s 9s] [Ah]
tilion22: checks
Chessnok: checks
*** RIVER *** [5c 2s 9s Ah] [6h]
tilion22: checks
Chessnok: checks
*** SHOW DOWN ***
tilion22: shows [5s Kc] (a pair of Fives)
Chessnok: mucks hand
tilion22 collected $17.64 from pot
*** SUMMARY ***
Total pot $18 | Rake $0.36
Board [5c 2s 9s Ah 6h]
Seat 1: tilion22 (big blind) showed [5s Kc] and won ($17.64) with a pair of Fives
Seat 3: Chessnok (button) (small blind) mucked


PokerStars Hand #167186253023:  Hold'em Limit ($3/$6 USD) - 2017/03/06 2:53:22 ET
Table 'Istria' 6-max Seat #3 is the button
Seat 1: tilion22 ($86.45 in chips)
Seat 3: Chessnok ($154.54 in chips)
Chessnok: posts small blind $1
tilion22: posts big blind $3
*** HOLE CARDS ***
Chessnok: folds
Uncalled bet ($2) returned to tilion22
tilion22 collected $2 from pot
tilion22: doesn't show hand
*** SUMMARY ***
Total pot $2 | Rake $0
Seat 1: tilion22 (big blind) collected ($2)
Seat 3: Chessnok (button) (small blind) folded before Flop


PokerStars Hand #167186251280:  Hold'em Limit ($3/$6 USD) - 2017/03/06 2:53:15 ET
Table 'Istria' 6-max Seat #1 is the button
Seat 1: tilion22 ($87.45 in chips)
Seat 3: Chessnok ($153.54 in chips)
tilion22: posts small blind $1
Chessnok: posts big blind $3
*** HOLE CARDS ***
tilion22: folds
Uncalled bet ($2) returned to Chessnok
Chessnok collected $2 from pot
Chessnok: doesn't show hand
*** SUMMARY ***
Total pot $2 | Rake $0
Seat 1: tilion22 (button) (small blind) folded before Flop
Seat 3: Chessnok (big blind) collected ($2)


PokerStars Hand #167186254280:  Hold'em Limit ($3/$6 USD) - 2017/03/06 2:53:27 ET
Table 'Istria' 6-max Seat #1 is the button
Seat 1: tilion22 ($87.45 in chips)
Seat 3: Chessnok ($153.54 in chips)
tilion22: posts small blind $1
Chessnok: posts big blind $3
*** HOLE CARDS ***
tilion22: raises $3 to $6
Chessnok: raises $3 to $9
tilion22: calls $3
*** FLOP *** [9d 4s Ah]
Chessnok: bets $3
tilion22: calls $3
*** TURN *** [9d 4s Ah] [8d]
Chessnok: bets $6
tilion22: calls $6
*** RIVER *** [9d 4s Ah 8d] [4h]
Chessnok: bets $6
tilion22: raises $6 to $12
Chessnok: calls $6
*** SHOW DOWN ***
tilion22: shows [Kh 4c] (three of a kind, Fours)
Chessnok: mucks hand
tilion22 collected $59.50 from pot
*** SUMMARY ***
Total pot $60 | Rake $0.50
Board [9d 4s Ah 8d 4h]
Seat 1: tilion22 (button) (small blind) showed [Kh 4c] and won ($59.50) with three of a kind, Fours
Seat 3: Chessnok (big blind) mucked


PokerStars Hand #167186263507:  Hold'em Limit ($3/$6 USD) - 2017/03/06 2:54:00 ET
Table 'Istria' 6-max Seat #3 is the button
Seat 1: tilion22 ($124.59 in chips)
Seat 3: Chessnok ($115.54 in chips)
Chessnok: posts small blind $1
tilion22: posts big blind $3
*** HOLE CARDS ***
Chessnok: raises $3 to $6
tilion22: folds
Uncalled bet ($3) returned to Chessnok
Chessnok collected $6 from pot
Chessnok: doesn't show hand
*** SUMMARY ***
Total pot $6 | Rake $0
Seat 1: tilion22 (big blind) folded before Flop
Seat 3: Chessnok (button) (small blind) collected ($6)


PokerStars Hand #167186268190:  Hold'em Limit ($3/$6 USD) - 2017/03/06 2:54:18 ET
Table 'Istria' 6-max Seat #3 is the button
Seat 1: tilion22 ($106.59 in chips)
Seat 3: Chessnok ($133.04 in chips)
Chessnok: posts small blind $1
tilion22: posts big blind $3
*** HOLE CARDS ***
Chessnok: raises $3 to $6
tilion22: calls $3
*** FLOP *** [Ac 8c 9c]
tilion22: checks
Chessnok: bets $3
tilion22: folds
Uncalled bet ($3) returned to Chessnok
Chessnok collected $11.76 from pot
Chessnok: doesn't show hand
*** SUMMARY ***
Total pot $12 | Rake $0.24
Board [Ac 8c 9c]
Seat 1: tilion22 (big blind) folded on the Flop
Seat 3: Chessnok (button) (small blind) collected ($11.76)


PokerStars Hand #167186270334:  Hold'em Limit ($3/$6 USD) - 2017/03/06 2:54:26 ET
Table 'Istria' 6-max Seat #1 is the button
Seat 1: tilion22 ($100.59 in chips)
Seat 3: Chessnok ($138.80 in chips)
tilion22: posts small blind $1
Chessnok: posts big blind $3
*** HOLE CARDS ***
tilion22: raises $3 to $6
Chessnok: calls $3
*** FLOP *** [Qc 2c Kc]
Chessnok: checks
tilion22: bets $3
Chessnok: calls $3
*** TURN *** [Qc 2c Kc] [6d]
Chessnok: checks
tilion22: bets $6
Chessnok: calls $6
*** RIVER *** [Qc 2c Kc 6d] [2h]
Chessnok: checks
tilion22: checks
*** SHOW DOWN ***
Chessnok: shows [5s Qd] (two pair, Queens and Deuces)
tilion22: mucks hand
Chessnok collected $29.50 from pot
*** SUMMARY ***
Total pot $30 | Rake $0.50
Board [Qc 2c Kc 6d 2h]
Seat 1: tilion22 (button) (small blind) mucked
Seat 3: Chessnok (big blind) showed [5s Qd] and won ($29.50) with two pair, Queens and Deuces


PokerStars Hand #167186273822:  Hold'em Limit ($3/$6 USD) - 2017/03/06 2:54:38 ET
Table 'Istria' 6-max Seat #3 is the button
Seat 1: tilion22 ($85.59 in chips)
Seat 3: Chessnok ($153.30 in chips)
Chessnok: posts small blind $1
tilion22: posts big blind $3
*** HOLE CARDS ***
Chessnok: raises $3 to $6
tilion22: calls $3
*** FLOP *** [Qd 7d 2h]
tilion22: checks
Chessnok: bets $3
tilion22: calls $3
*** TURN *** [Qd 7d 2h] [7c]
tilion22: checks
Chessnok: bets $6
tilion22: folds
Uncalled bet ($6) returned to Chessnok
Chessnok collected $17.64 from pot
Chessnok: doesn't show hand
*** SUMMARY ***
Total pot $18 | Rake $0.36
Board [Qd 7d 2h 7c]
Seat 1: tilion22 (big blind) folded on the Turn
Seat 3: Chessnok (button) (small blind) collected ($17.64)


PokerStars Hand #167186277231:  Hold'em Limit ($3/$6 USD) - 2017/03/06 2:54:51 ET
Table 'Istria' 6-max Seat #1 is the button
Seat 1: tilion22 ($76.59 in chips)
Seat 3: Chessnok ($161.94 in chips)
tilion22: posts small blind $1
Chessnok: posts big blind $3
*** HOLE CARDS ***
tilion22: raises $3 to $6
Chessnok: raises $3 to $9
tilion22: calls $3
*** FLOP *** [3d As Qh]
Chessnok: bets $3
tilion22: calls $3
*** TURN *** [3d As Qh] [3s]
Chessnok: bets $6
tilion22: calls $6
*** RIVER *** [3d As Qh 3s] [7d]
Chessnok: bets $6
tilion22: folds
Uncalled bet ($6) returned to Chessnok
Chessnok collected $35.50 from pot
Chessnok: doesn't show hand
*** SUMMARY ***
Total pot $36 | Rake $0.50
Board [3d As Qh 3s 7d]
Seat 1: tilion22 (button) (small blind) folded on the River
Seat 3: Chessnok (big blind) collected ($35.50)


PokerStars Hand #167186265054:  Hold'em Limit ($3/$6 USD) - 2017/03/06 2:54:06 ET
Table 'Istria' 6-max Seat #1 is the button
Seat 1: tilion22 ($121.59 in chips)
Seat 3: Chessnok ($118.54 in chips)
tilion22: posts small blind $1
Chessnok: posts big blind $3
*** HOLE CARDS ***
tilion22: raises $3 to $6
Chessnok: calls $3
*** FLOP *** [8s 3d Ks]
Chessnok: checks
tilion22: bets $3
Chessnok: calls $3
*** TURN *** [8s 3d Ks] [2s]
Chessnok: checks
tilion22: checks
*** RIVER *** [8s 3d Ks 2s] [Kc]
Chessnok: bets $6
tilion22: calls $6
*** SHOW DOWN ***
Chessnok: shows [5c 3c] (two pair, Kings and Threes)
tilion22: mucks hand
Chessnok collected $29.50 from pot
*** SUMMARY ***
Total pot $30 | Rake $0.50
Board [8s 3d Ks 2s Kc]
Seat 1: tilion22 (button) (small blind) mucked
Seat 3: Chessnok (big blind) showed [5c 3c] and won ($29.50) with two pair, Kings and Threes


PokerStars Hand #167186283998:  Hold'em Limit ($3/$6 USD) - 2017/03/06 2:55:17 ET
Table 'Istria' 6-max Seat #1 is the button
Seat 1: tilion22 ($82.09 in chips)
Seat 3: Chessnok ($155.44 in chips)
tilion22: posts small blind $1
Chessnok: posts big blind $3
*** HOLE CARDS ***
tilion22: folds
Uncalled bet ($2) returned to Chessnok
Chessnok collected $2 from pot
Chessnok: doesn't show hand
*** SUMMARY ***
Total pot $2 | Rake $0
Seat 1: tilion22 (button) (small blind) folded before Flop
Seat 3: Chessnok (big blind) collected ($2)


PokerStars Hand #167186280488:  Hold'em Limit ($3/$6 USD) - 2017/03/06 2:55:03 ET
Table 'Istria' 6-max Seat #3 is the button
Seat 1: tilion22 ($58.59 in chips)
Seat 3: Chessnok ($179.44 in chips)
Chessnok: posts small blind $1
tilion22: posts big blind $3
*** HOLE CARDS ***
Chessnok: raises $3 to $6
tilion22: raises $3 to $9
LOL period joins the table at seat #5
Chessnok: calls $3
*** FLOP *** [3c 5c 6c]
tilion22: bets $3
Chessnok: calls $3
*** TURN *** [3c 5c 6c] [Tc]
tilion22: bets $6
Chessnok: raises $6 to $12
tilion22: raises $6 to $18
Chessnok: folds
Uncalled bet ($6) returned to tilion22
tilion22 collected $47.50 from pot
tilion22: doesn't show hand
*** SUMMARY ***
Total pot $48 | Rake $0.50
Board [3c 5c 6c Tc]
Seat 1: tilion22 (big blind) collected ($47.50)
Seat 3: Chessnok (button) (small blind) folded on the Turn


PokerStars Hand #167186545240:  Hold'em Limit ($3/$6 USD) - 2017/03/06 3:11:41 ET
Table 'Istria' 6-max Seat #2 is the button
Seat 2: Pokes18 ($34.87 in chips)
Seat 5: LOL period ($165.18 in chips)
Pokes18: posts small blind $1
LOL period: posts big blind $3
*** HOLE CARDS ***
Pokes18: raises $3 to $6
LOL period: calls $3
*** FLOP *** [Td 7s Tc]
LOL period: checks
Pokes18: bets $3
LOL period: calls $3
*** TURN *** [Td 7s Tc] [3d]
LOL period: checks
Pokes18: bets $6
LOL period: raises $6 to $12
Pokes18: raises $6 to $18
LOL period: raises $6 to $24
Betting is capped
Pokes18: calls $6
*** RIVER *** [Td 7s Tc 3d] [6d]
LOL period: bets $6
Pokes18: calls $1.87 and is all-in
Uncalled bet ($4.13) returned to LOL period
*** SHOW DOWN ***
LOL period: shows [Ts Qd] (three of a kind, Tens)
Pokes18: shows [9s 9h] (two pair, Tens and Nines)
LOL period collected $69.24 from pot
*** SUMMARY ***
Total pot $69.74 | Rake $0.50
Board [Td 7s Tc 3d 6d]
Seat 2: Pokes18 (button) (small blind) showed [9s 9h] and lost with two pair, Tens and Nines
Seat 5: LOL period (big blind) showed [Ts Qd] and won ($69.24) with three of a kind, Tens


PokerStars Hand #167186538272:  Hold'em Limit ($3/$6 USD) - 2017/03/06 3:11:16 ET
Table 'Istria' 6-max Seat #5 is the button
Seat 2: Pokes18 ($20.37 in chips)
Seat 5: LOL period ($180.18 in chips)
LOL period: posts small blind $1
NoVebra: is sitting out
Pokes18: posts big blind $3
*** HOLE CARDS ***
LOL period: raises $3 to $6
NoVebra leaves the table
Pokes18: calls $3
*** FLOP *** [6h 5h 8h]
Pokes18: checks
LOL period: bets $3
Pokes18: calls $3
*** TURN *** [6h 5h 8h] [Jd]
Pokes18: checks
LOL period: checks
*** RIVER *** [6h 5h 8h Jd] [7d]
Pokes18: bets $6
LOL period: calls $6
*** SHOW DOWN ***
Pokes18: shows [5s Js] (two pair, Jacks and Fives)
LOL period: mucks hand
Pokes18 collected $29.50 from pot
*** SUMMARY ***
Total pot $30 | Rake $0.50
Board [6h 5h 8h Jd 7d]
Seat 2: Pokes18 (big blind) showed [5s Js] and won ($29.50) with two pair, Jacks and Fives
Seat 5: LOL period (button) (small blind) mucked


