PokerStars Hand #159489264407:  Hold'em Limit ($3/$6 USD) - 2016/10/04 20:04:34 ET
Table 'Istria' 6-max Seat #1 is the button
Seat 1: Mr Snugfit ($60 in chips)
Seat 4: Actionni13 ($150 in chips)
Mr Snugfit: posts small blind $1
Actionni13: posts big blind $3
*** HOLE CARDS ***
Mr Snugfit: folds
Uncalled bet ($2) returned to Actionni13
Actionni13 collected $2 from pot
Actionni13: doesn't show hand
*** SUMMARY ***
Total pot $2 | Rake $0
Seat 1: Mr Snugfit (button) (small blind) folded before Flop
Seat 4: Actionni13 (big blind) collected ($2)


PokerStars Hand #159489267145:  Hold'em Limit ($3/$6 USD) - 2016/10/04 20:04:40 ET
Table 'Istria' 6-max Seat #4 is the button
Seat 1: Mr Snugfit ($59 in chips)
Seat 4: Actionni13 ($151 in chips)
Actionni13: posts small blind $1
Mr Snugfit: posts big blind $3
*** HOLE CARDS ***
Actionni13: raises $3 to $6
Mr Snugfit: raises $3 to $9
Actionni13: calls $3
*** FLOP *** [2s Qd 2h]
Mr Snugfit: bets $3
Actionni13: raises $3 to $6
Mr Snugfit: calls $3
*** TURN *** [2s Qd 2h] [4s]
Mr Snugfit: checks
Actionni13: bets $6
Mr Snugfit: calls $6
*** RIVER *** [2s Qd 2h 4s] [3h]
Mr Snugfit: checks
Actionni13: bets $6
Mr Snugfit: calls $6
*** SHOW DOWN ***
Actionni13: shows [7d Qs] (two pair, Queens and Deuces)
Mr Snugfit: mucks hand
Actionni13 collected $53.50 from pot
*** SUMMARY ***
Total pot $54 | Rake $0.50
Board [2s Qd 2h 4s 3h]
Seat 1: Mr Snugfit (big blind) mucked
Seat 4: Actionni13 (button) (small blind) showed [7d Qs] and won ($53.50) with two pair, Queens and Deuces


PokerStars Hand #159489308572:  Hold'em Limit ($3/$6 USD) - 2016/10/04 20:05:54 ET
Table 'Istria' 6-max Seat #1 is the button
Seat 1: Mr Snugfit ($11 in chips)
Seat 4: Actionni13 ($198 in chips)
Mr Snugfit: posts small blind $1
Actionni13: posts big blind $3
*** HOLE CARDS ***
Mr Snugfit: raises $3 to $6
Actionni13: folds
Uncalled bet ($3) returned to Mr Snugfit
Mr Snugfit collected $6 from pot
Mr Snugfit: doesn't show hand
*** SUMMARY ***
Total pot $6 | Rake $0
Seat 1: Mr Snugfit (button) (small blind) collected ($6)
Seat 4: Actionni13 (big blind) folded before Flop


PokerStars Hand #159489291573:  Hold'em Limit ($3/$6 USD) - 2016/10/04 20:05:19 ET
Table 'Istria' 6-max Seat #4 is the button
Seat 1: Mr Snugfit ($35 in chips)
Seat 4: Actionni13 ($174.50 in chips)
Actionni13: posts small blind $1
Mr Snugfit: posts big blind $3
*** HOLE CARDS ***
Actionni13: raises $3 to $6
Mr Snugfit: raises $3 to $9
Actionni13: calls $3
*** FLOP *** [2c Td 7d]
Mr Snugfit: bets $3
Actionni13: calls $3
*** TURN *** [2c Td 7d] [9h]
Mr Snugfit: bets $6
Actionni13: raises $6 to $12
Mr Snugfit: calls $6
*** RIVER *** [2c Td 7d 9h] [8c]
Mr Snugfit: checks
Actionni13: checks
*** SHOW DOWN ***
Mr Snugfit: shows [Ks 8d] (a pair of Eights)
Actionni13: shows [9c As] (a pair of Nines)
Actionni13 collected $47.50 from pot
*** SUMMARY ***
Total pot $48 | Rake $0.50
Board [2c Td 7d 9h 8c]
Seat 1: Mr Snugfit (big blind) showed [Ks 8d] and lost with a pair of Eights
Seat 4: Actionni13 (button) (small blind) showed [9c As] and won ($47.50) with a pair of Nines


PokerStars Hand #159489286988:  Hold'em Limit ($3/$6 USD) - 2016/10/04 20:05:10 ET
Table 'Istria' 6-max Seat #1 is the button
Seat 1: Mr Snugfit ($32 in chips)
Seat 4: Actionni13 ($177.50 in chips)
Mr Snugfit: posts small blind $1
Actionni13: posts big blind $3
*** HOLE CARDS ***
Mr Snugfit: raises $3 to $6
Actionni13: folds
Uncalled bet ($3) returned to Mr Snugfit
Mr Snugfit collected $6 from pot
Mr Snugfit: doesn't show hand
*** SUMMARY ***
Total pot $6 | Rake $0
Seat 1: Mr Snugfit (button) (small blind) collected ($6)
Seat 4: Actionni13 (big blind) folded before Flop


PokerStars Hand #159489314319:  Hold'em Limit ($3/$6 USD) - 2016/10/04 20:06:06 ET
Table 'Istria' 6-max Seat #4 is the button
Seat 1: Mr Snugfit ($14 in chips)
Seat 4: Actionni13 ($195 in chips)
Actionni13: posts small blind $1
Mr Snugfit: posts big blind $3
*** HOLE CARDS ***
Actionni13: raises $3 to $6
Mr Snugfit: raises $3 to $9
Actionni13: calls $3
*** FLOP *** [4c 6c Ad]
Mr Snugfit: bets $3
Actionni13: calls $3
*** TURN *** [4c 6c Ad] [8d]
Mr Snugfit: bets $2 and is all-in
Actionni13: calls $2
*** RIVER *** [4c 6c Ad 8d] [Tc]
*** SHOW DOWN ***
Mr Snugfit: shows [7c 6h] (a pair of Sixes)
Actionni13: shows [9h 6s] (a pair of Sixes - Ace+Ten+Nine kicker)
Actionni13 collected $27.50 from pot
*** SUMMARY ***
Total pot $28 | Rake $0.50
Board [4c 6c Ad 8d Tc]
Seat 1: Mr Snugfit (big blind) showed [7c 6h] and lost with a pair of Sixes
Seat 4: Actionni13 (button) (small blind) showed [9h 6s] and won ($27.50) with a pair of Sixes


PokerStars Hand #159489328972:  Hold'em Limit ($3/$6 USD) - 2016/10/04 20:06:36 ET
Table 'Istria' 6-max Seat #1 is the button
Seat 1: Mr Snugfit ($33.52 in chips)
Seat 4: Actionni13 ($208.50 in chips)
Mr Snugfit: posts small blind $1
Actionni13: posts big blind $3
*** HOLE CARDS ***
Mr Snugfit: raises $3 to $6
Actionni13: calls $3
*** FLOP *** [7d 6d 7h]
Actionni13: checks
Mr Snugfit: bets $3
Actionni13: calls $3
*** TURN *** [7d 6d 7h] [3d]
Actionni13: checks
Mr Snugfit: bets $6
Actionni13: calls $6
*** RIVER *** [7d 6d 7h 3d] [6c]
Actionni13: checks
Mr Snugfit: bets $6
Actionni13: folds
Uncalled bet ($6) returned to Mr Snugfit
Mr Snugfit collected $29.50 from pot
Mr Snugfit: doesn't show hand
*** SUMMARY ***
Total pot $30 | Rake $0.50
Board [7d 6d 7h 3d 6c]
Seat 1: Mr Snugfit (button) (small blind) collected ($29.50)
Seat 4: Actionni13 (big blind) folded on the River


PokerStars Hand #159489357401:  Hold'em Limit ($3/$6 USD) - 2016/10/04 20:07:35 ET
Table 'Istria' 6-max Seat #1 is the button
Seat 1: Mr Snugfit ($71.52 in chips)
Seat 4: Actionni13 ($169.50 in chips)
Mr Snugfit: posts small blind $1
Actionni13: posts big blind $3
*** HOLE CARDS ***
Mr Snugfit: raises $3 to $6
Actionni13: calls $3
*** FLOP *** [5c Tc 5s]
Actionni13: checks
Mr Snugfit: bets $3
Actionni13: calls $3
*** TURN *** [5c Tc 5s] [Ts]
Actionni13: checks
Mr Snugfit: bets $6
Actionni13: folds
Uncalled bet ($6) returned to Mr Snugfit
Mr Snugfit collected $17.64 from pot
Mr Snugfit: doesn't show hand
*** SUMMARY ***
Total pot $18 | Rake $0.36
Board [5c Tc 5s Ts]
Seat 1: Mr Snugfit (button) (small blind) collected ($17.64)
Seat 4: Actionni13 (big blind) folded on the Turn


PokerStars Hand #159489354781:  Hold'em Limit ($3/$6 USD) - 2016/10/04 20:07:30 ET
Table 'Istria' 6-max Seat #4 is the button
Seat 1: Mr Snugfit ($70.52 in chips)
Seat 4: Actionni13 ($170.50 in chips)
Actionni13: posts small blind $1
Mr Snugfit: posts big blind $3
*** HOLE CARDS ***
Actionni13: folds
Uncalled bet ($2) returned to Mr Snugfit
Mr Snugfit collected $2 from pot
Mr Snugfit: doesn't show hand
*** SUMMARY ***
Total pot $2 | Rake $0
Seat 1: Mr Snugfit (big blind) collected ($2)
Seat 4: Actionni13 (button) (small blind) folded before Flop


PokerStars Hand #159489352010:  Hold'em Limit ($3/$6 USD) - 2016/10/04 20:07:24 ET
Table 'Istria' 6-max Seat #1 is the button
Seat 1: Mr Snugfit ($71.52 in chips)
Seat 4: Actionni13 ($169.50 in chips)
Mr Snugfit: posts small blind $1
Actionni13: posts big blind $3
*** HOLE CARDS ***
Mr Snugfit: folds
Uncalled bet ($2) returned to Actionni13
Actionni13 collected $2 from pot
Actionni13: doesn't show hand
*** SUMMARY ***
Total pot $2 | Rake $0
Seat 1: Mr Snugfit (button) (small blind) folded before Flop
Seat 4: Actionni13 (big blind) collected ($2)


PokerStars Hand #159489342058:  Hold'em Limit ($3/$6 USD) - 2016/10/04 20:07:04 ET
Table 'Istria' 6-max Seat #4 is the button
Seat 1: Mr Snugfit ($48.02 in chips)
Seat 4: Actionni13 ($193.50 in chips)
Actionni13: posts small blind $1
Mr Snugfit: posts big blind $3
*** HOLE CARDS ***
Actionni13: raises $3 to $6
Mr Snugfit: raises $3 to $9
Actionni13: calls $3
*** FLOP *** [5c 4d Js]
Mr Snugfit: bets $3
Actionni13: calls $3
*** TURN *** [5c 4d Js] [Qd]
Mr Snugfit: bets $6
Actionni13: calls $6
*** RIVER *** [5c 4d Js Qd] [Ks]
Mr Snugfit: bets $6
Actionni13: calls $6
*** SHOW DOWN ***
Mr Snugfit: shows [Ac Kd] (a pair of Kings)
Actionni13: mucks hand
Mr Snugfit collected $47.50 from pot
*** SUMMARY ***
Total pot $48 | Rake $0.50
Board [5c 4d Js Qd Ks]
Seat 1: Mr Snugfit (big blind) showed [Ac Kd] and won ($47.50) with a pair of Kings
Seat 4: Actionni13 (button) (small blind) mucked


PokerStars Hand #159489366342:  Hold'em Limit ($3/$6 USD) - 2016/10/04 20:07:54 ET
Table 'Istria' 6-max Seat #4 is the button
Seat 1: Mr Snugfit ($80.16 in chips)
Seat 4: Actionni13 ($160.50 in chips)
Actionni13: posts small blind $1
Mr Snugfit: posts big blind $3
*** HOLE CARDS ***
Actionni13: raises $3 to $6
Scheubi88 joins the table at seat #2
Mr Snugfit: calls $3
*** FLOP *** [Qh 5d 7d]
Mr Snugfit: checks
Actionni13: bets $3
Mr Snugfit: raises $3 to $6
Actionni13: calls $3
*** TURN *** [Qh 5d 7d] [Jh]
Mr Snugfit: bets $6
Actionni13: calls $6
*** RIVER *** [Qh 5d 7d Jh] [Ks]
Mr Snugfit: bets $6
Actionni13: calls $6
*** SHOW DOWN ***
Mr Snugfit: shows [5s 7s] (two pair, Sevens and Fives)
Actionni13: mucks hand
Mr Snugfit collected $47.50 from pot
*** SUMMARY ***
Total pot $48 | Rake $0.50
Board [Qh 5d 7d Jh Ks]
Seat 1: Mr Snugfit (big blind) showed [5s 7s] and won ($47.50) with two pair, Sevens and Fives
Seat 4: Actionni13 (button) (small blind) mucked


PokerStars Hand #159489478054:  Hold'em Limit ($3/$6 USD) - 2016/10/04 20:11:49 ET
Table 'Istria' 6-max Seat #2 is the button
Seat 2: Scheubi88 ($118.64 in chips)
Seat 6: ChinaBoy420 ($123.50 in chips)
Scheubi88: posts small blind $1
ChinaBoy420: posts big blind $3
*** HOLE CARDS ***
Scheubi88: raises $3 to $6
ChinaBoy420: folds
Uncalled bet ($3) returned to Scheubi88
Scheubi88 collected $6 from pot
Scheubi88: doesn't show hand
*** SUMMARY ***
Total pot $6 | Rake $0
Seat 2: Scheubi88 (button) (small blind) collected ($6)
Seat 6: ChinaBoy420 (big blind) folded before Flop


PokerStars Hand #159489467116:  Hold'em Limit ($3/$6 USD) - 2016/10/04 20:11:26 ET
Table 'Istria' 6-max Seat #2 is the button
Seat 2: Scheubi88 ($107 in chips)
Seat 6: ChinaBoy420 ($135.50 in chips)
Scheubi88: posts small blind $1
ChinaBoy420: posts big blind $3
*** HOLE CARDS ***
Scheubi88: raises $3 to $6
ChinaBoy420: folds
Uncalled bet ($3) returned to Scheubi88
Scheubi88 collected $6 from pot
Scheubi88: doesn't show hand
*** SUMMARY ***
Total pot $6 | Rake $0
Seat 2: Scheubi88 (button) (small blind) collected ($6)
Seat 6: ChinaBoy420 (big blind) folded before Flop


PokerStars Hand #159489464674:  Hold'em Limit ($3/$6 USD) - 2016/10/04 20:11:21 ET
Table 'Istria' 6-max Seat #6 is the button
Seat 2: Scheubi88 ($46 in chips)
Seat 6: ChinaBoy420 ($136.50 in chips)
ChinaBoy420: posts small blind $1
Scheubi88: posts big blind $3
*** HOLE CARDS ***
ChinaBoy420: folds
Uncalled bet ($2) returned to Scheubi88
Scheubi88 collected $2 from pot
Scheubi88: doesn't show hand
*** SUMMARY ***
Total pot $2 | Rake $0
Seat 2: Scheubi88 (big blind) collected ($2)
Seat 6: ChinaBoy420 (button) (small blind) folded before Flop


PokerStars Hand #159489453292:  Hold'em Limit ($3/$6 USD) - 2016/10/04 20:10:57 ET
Table 'Istria' 6-max Seat #2 is the button
Seat 2: Scheubi88 ($70 in chips)
Seat 6: ChinaBoy420 ($113 in chips)
Scheubi88: posts small blind $1
Actionni13: is sitting out
ChinaBoy420: posts big blind $3
*** HOLE CARDS ***
Scheubi88: raises $3 to $6
ChinaBoy420: raises $3 to $9
Scheubi88: calls $3
*** FLOP *** [Jd 4h 7c]
ChinaBoy420: bets $3
Scheubi88: calls $3
*** TURN *** [Jd 4h 7c] [Td]
ChinaBoy420: bets $6
Scheubi88: raises $6 to $12
Actionni13 leaves the table
ChinaBoy420: calls $6
*** RIVER *** [Jd 4h 7c Td] [Ad]
ChinaBoy420: checks
Scheubi88: checks
*** SHOW DOWN ***
ChinaBoy420: shows [Kh As] (a pair of Aces)
Scheubi88: mucks hand
ChinaBoy420 collected $47.50 from pot
*** SUMMARY ***
Total pot $48 | Rake $0.50
Board [Jd 4h 7c Td Ad]
Seat 2: Scheubi88 (button) (small blind) mucked
Seat 6: ChinaBoy420 (big blind) showed [Kh As] and won ($47.50) with a pair of Aces


PokerStars Hand #159489492087:  Hold'em Limit ($3/$6 USD) - 2016/10/04 20:12:18 ET
Table 'Istria' 6-max Seat #2 is the button
Seat 2: Scheubi88 ($106.64 in chips)
Seat 6: ChinaBoy420 ($135 in chips)
Scheubi88: posts small blind $1
ChinaBoy420: posts big blind $3
*** HOLE CARDS ***
Scheubi88: raises $3 to $6
ChinaBoy420: calls $3
*** FLOP *** [2s Qc 2c]
ChinaBoy420: checks
Scheubi88: checks
*** TURN *** [2s Qc 2c] [8s]
ChinaBoy420: checks
Scheubi88: checks
*** RIVER *** [2s Qc 2c 8s] [7d]
ChinaBoy420: checks
Scheubi88: checks
*** SHOW DOWN ***
ChinaBoy420: shows [Qh 9s] (two pair, Queens and Deuces)
Scheubi88: mucks hand
ChinaBoy420 collected $11.76 from pot
*** SUMMARY ***
Total pot $12 | Rake $0.24
Board [2s Qc 2c 8s 7d]
Seat 2: Scheubi88 (button) (small blind) mucked
Seat 6: ChinaBoy420 (big blind) showed [Qh 9s] and won ($11.76) with two pair, Queens and Deuces


PokerStars Hand #159489481773:  Hold'em Limit ($3/$6 USD) - 2016/10/04 20:11:57 ET
Table 'Istria' 6-max Seat #6 is the button
Seat 2: Scheubi88 ($121.64 in chips)
Seat 6: ChinaBoy420 ($120.50 in chips)
ChinaBoy420: posts small blind $1
Scheubi88: posts big blind $3
*** HOLE CARDS ***
ChinaBoy420: raises $3 to $6
Scheubi88: calls $3
*** FLOP *** [4h 7c 5c]
Scheubi88: checks
ChinaBoy420: bets $3
Scheubi88: calls $3
*** TURN *** [4h 7c 5c] [3c]
Scheubi88: checks
ChinaBoy420: bets $6
Scheubi88: calls $6
*** RIVER *** [4h 7c 5c 3c] [2d]
Scheubi88: checks
ChinaBoy420: bets $6
Scheubi88: folds
Uncalled bet ($6) returned to ChinaBoy420
ChinaBoy420 collected $29.50 from pot
ChinaBoy420: doesn't show hand
*** SUMMARY ***
Total pot $30 | Rake $0.50
Board [4h 7c 5c 3c 2d]
Seat 2: Scheubi88 (big blind) folded on the River
Seat 6: ChinaBoy420 (button) (small blind) collected ($29.50)


PokerStars Hand #159489530856:  Hold'em Limit ($3/$6 USD) - 2016/10/04 20:13:40 ET
Table 'Istria' 6-max Seat #6 is the button
Seat 2: Scheubi88 ($132.42 in chips)
Seat 6: ChinaBoy420 ($107.52 in chips)
ChinaBoy420: posts small blind $1
Scheubi88: posts big blind $3
*** HOLE CARDS ***
ChinaBoy420: raises $3 to $6
Scheubi88: calls $3
*** FLOP *** [Kh Qh 8d]
Scheubi88: checks
ChinaBoy420: bets $3
Scheubi88: calls $3
*** TURN *** [Kh Qh 8d] [6d]
Scheubi88: checks
ChinaBoy420: bets $6
Scheubi88: calls $6
*** RIVER *** [Kh Qh 8d 6d] [3c]
Scheubi88: checks
ChinaBoy420: bets $6
Scheubi88: calls $6
*** SHOW DOWN ***
ChinaBoy420: shows [Qd 5d] (a pair of Queens)
Scheubi88: mucks hand
ChinaBoy420 collected $41.50 from pot
*** SUMMARY ***
Total pot $42 | Rake $0.50
Board [Kh Qh 8d 6d 3c]
Seat 2: Scheubi88 (big blind) mucked
Seat 6: ChinaBoy420 (button) (small blind) showed [Qd 5d] and won ($41.50) with a pair of Queens


PokerStars Hand #159489524944:  Hold'em Limit ($3/$6 USD) - 2016/10/04 20:13:28 ET
Table 'Istria' 6-max Seat #2 is the button
Seat 2: Scheubi88 ($126.66 in chips)
Seat 6: ChinaBoy420 ($113.52 in chips)
Scheubi88: posts small blind $1
ChinaBoy420: posts big blind $3
*** HOLE CARDS ***
Scheubi88: raises $3 to $6
ChinaBoy420: calls $3
*** FLOP *** [9h Kh 2c]
ChinaBoy420: checks
Scheubi88: bets $3
ChinaBoy420: folds
Uncalled bet ($3) returned to Scheubi88
Scheubi88 collected $11.76 from pot
Scheubi88: doesn't show hand
Mr Snugfit leaves the table
*** SUMMARY ***
Total pot $12 | Rake $0.24
Board [9h Kh 2c]
Seat 2: Scheubi88 (button) (small blind) collected ($11.76)
Seat 6: ChinaBoy420 (big blind) folded on the Flop


PokerStars Hand #159489518607:  Hold'em Limit ($3/$6 USD) - 2016/10/04 20:13:14 ET
Table 'Istria' 6-max Seat #6 is the button
Seat 2: Scheubi88 ($132.66 in chips)
Seat 6: ChinaBoy420 ($107.76 in chips)
ChinaBoy420: posts small blind $1
Scheubi88: posts big blind $3
*** HOLE CARDS ***
ChinaBoy420: raises $3 to $6
Scheubi88: calls $3
*** FLOP *** [2c Kd 2h]
Scheubi88: checks
ChinaBoy420: bets $3
Scheubi88: folds
Uncalled bet ($3) returned to ChinaBoy420
ChinaBoy420 collected $11.76 from pot
ChinaBoy420: doesn't show hand
*** SUMMARY ***
Total pot $12 | Rake $0.24
Board [2c Kd 2h]
Seat 2: Scheubi88 (big blind) folded on the Flop
Seat 6: ChinaBoy420 (button) (small blind) collected ($11.76)


PokerStars Hand #159489508741:  Hold'em Limit ($3/$6 USD) - 2016/10/04 20:12:53 ET
Table 'Istria' 6-max Seat #2 is the button
Seat 2: Scheubi88 ($112.16 in chips)
Seat 6: ChinaBoy420 ($128.76 in chips)
Scheubi88: posts small blind $1
ChinaBoy420: posts big blind $3
*** HOLE CARDS ***
Scheubi88: raises $3 to $6
ChinaBoy420: calls $3
*** FLOP *** [Ac Td 5h]
ChinaBoy420: checks
Scheubi88: bets $3
ChinaBoy420: calls $3
*** TURN *** [Ac Td 5h] [Ah]
ChinaBoy420: checks
Scheubi88: bets $6
ChinaBoy420: calls $6
*** RIVER *** [Ac Td 5h Ah] [3d]
ChinaBoy420: checks
Scheubi88: bets $6
ChinaBoy420: calls $6
*** SHOW DOWN ***
Scheubi88: shows [Qc Th] (two pair, Aces and Tens)
ChinaBoy420: mucks hand
Scheubi88 collected $41.50 from pot
*** SUMMARY ***
Total pot $42 | Rake $0.50
Board [Ac Td 5h Ah 3d]
Seat 2: Scheubi88 (button) (small blind) showed [Qc Th] and won ($41.50) with two pair, Aces and Tens
Seat 6: ChinaBoy420 (big blind) mucked


PokerStars Hand #159489559600:  Hold'em Limit ($3/$6 USD) - 2016/10/04 20:14:41 ET
Table 'Istria' 6-max Seat #6 is the button
Seat 2: Scheubi88 ($106.42 in chips)
Seat 6: ChinaBoy420 ($132.66 in chips)
ChinaBoy420: posts small blind $1
Scheubi88: posts big blind $3
*** HOLE CARDS ***
ChinaBoy420: raises $3 to $6
Scheubi88: raises $3 to $9
ChinaBoy420: calls $3
*** FLOP *** [Kc 6s 8c]
Scheubi88: bets $3
ChinaBoy420: calls $3
*** TURN *** [Kc 6s 8c] [Ad]
Scheubi88: bets $6
ChinaBoy420: calls $6
*** RIVER *** [Kc 6s 8c Ad] [9h]
Scheubi88: bets $6
ChinaBoy420: calls $6
*** SHOW DOWN ***
Scheubi88: shows [7s Ks] (a pair of Kings)
ChinaBoy420: shows [Kh Jc] (a pair of Kings - Ace+Jack kicker)
ChinaBoy420 collected $47.50 from pot
*** SUMMARY ***
Total pot $48 | Rake $0.50
Board [Kc 6s 8c Ad 9h]
Seat 2: Scheubi88 (big blind) showed [7s Ks] and lost with a pair of Kings
Seat 6: ChinaBoy420 (button) (small blind) showed [Kh Jc] and won ($47.50) with a pair of Kings


PokerStars Hand #159489556323:  Hold'em Limit ($3/$6 USD) - 2016/10/04 20:14:34 ET
Table 'Istria' 6-max Seat #2 is the button
Seat 2: Scheubi88 ($103.42 in chips)
Seat 6: ChinaBoy420 ($135.66 in chips)
Scheubi88: posts small blind $1
ChinaBoy420: posts big blind $3
*** HOLE CARDS ***
Scheubi88: raises $3 to $6
ChinaBoy420: folds
Uncalled bet ($3) returned to Scheubi88
Scheubi88 collected $6 from pot
Scheubi88: doesn't show hand
*** SUMMARY ***
Total pot $6 | Rake $0
Seat 2: Scheubi88 (button) (small blind) collected ($6)
Seat 6: ChinaBoy420 (big blind) folded before Flop


PokerStars Hand #159489545062:  Hold'em Limit ($3/$6 USD) - 2016/10/04 20:14:10 ET
Table 'Istria' 6-max Seat #6 is the button
Seat 2: Scheubi88 ($102.42 in chips)
Seat 6: ChinaBoy420 ($136.66 in chips)
ChinaBoy420: posts small blind $1
Scheubi88: posts big blind $3
*** HOLE CARDS ***
ChinaBoy420: raises $3 to $6
Scheubi88: folds
Uncalled bet ($3) returned to ChinaBoy420
ChinaBoy420 collected $6 from pot
ChinaBoy420: doesn't show hand
*** SUMMARY ***
Total pot $6 | Rake $0
Seat 2: Scheubi88 (big blind) folded before Flop
Seat 6: ChinaBoy420 (button) (small blind) collected ($6)


PokerStars Hand #159489539947:  Hold'em Limit ($3/$6 USD) - 2016/10/04 20:14:00 ET
Table 'Istria' 6-max Seat #2 is the button
Seat 2: Scheubi88 ($111.42 in chips)
Seat 6: ChinaBoy420 ($128.02 in chips)
Scheubi88: posts small blind $1
ChinaBoy420: posts big blind $3
*** HOLE CARDS ***
Scheubi88: raises $3 to $6
ChinaBoy420: raises $3 to $9
Scheubi88: calls $3
*** FLOP *** [Qd Kh Kc]
ChinaBoy420: bets $3
Scheubi88: folds
Uncalled bet ($3) returned to ChinaBoy420
ChinaBoy420 collected $17.64 from pot
ChinaBoy420: doesn't show hand
*** SUMMARY ***
Total pot $18 | Rake $0.36
Board [Qd Kh Kc]
Seat 2: Scheubi88 (button) (small blind) folded on the Flop
Seat 6: ChinaBoy420 (big blind) collected ($17.64)


PokerStars Hand #159489553105:  Hold'em Limit ($3/$6 USD) - 2016/10/04 20:14:27 ET
Table 'Istria' 6-max Seat #6 is the button
Seat 2: Scheubi88 ($102.42 in chips)
Seat 6: ChinaBoy420 ($136.66 in chips)
ChinaBoy420: posts small blind $1
Scheubi88: posts big blind $3
*** HOLE CARDS ***
ChinaBoy420: folds
Uncalled bet ($2) returned to Scheubi88
Scheubi88 collected $2 from pot
Scheubi88: doesn't show hand
*** SUMMARY ***
Total pot $2 | Rake $0
Seat 2: Scheubi88 (big blind) collected ($2)
Seat 6: ChinaBoy420 (button) (small blind) folded before Flop


PokerStars Hand #159489550089:  Hold'em Limit ($3/$6 USD) - 2016/10/04 20:14:21 ET
Table 'Istria' 6-max Seat #2 is the button
Seat 2: Scheubi88 ($99.42 in chips)
Seat 6: ChinaBoy420 ($139.66 in chips)
Scheubi88: posts small blind $1
ChinaBoy420: posts big blind $3
*** HOLE CARDS ***
Scheubi88: raises $3 to $6
ChinaBoy420: folds
Uncalled bet ($3) returned to Scheubi88
Scheubi88 collected $6 from pot
Scheubi88: doesn't show hand
*** SUMMARY ***
Total pot $6 | Rake $0
Seat 2: Scheubi88 (button) (small blind) collected ($6)
Seat 6: ChinaBoy420 (big blind) folded before Flop


PokerStars Hand #159489568998:  Hold'em Limit ($3/$6 USD) - 2016/10/04 20:15:01 ET
Table 'Istria' 6-max Seat #2 is the button
Seat 2: Scheubi88 ($82.42 in chips)
Seat 6: ChinaBoy420 ($156.16 in chips)
Scheubi88: posts small blind $1
ChinaBoy420: posts big blind $3
*** HOLE CARDS ***
Scheubi88: raises $3 to $6
ChinaBoy420: calls $3
*** FLOP *** [6s 5h 9h]
ChinaBoy420: checks
Scheubi88: bets $3
ChinaBoy420: raises $3 to $6
Scheubi88: folds
Uncalled bet ($3) returned to ChinaBoy420
ChinaBoy420 collected $17.64 from pot
ChinaBoy420: doesn't show hand
*** SUMMARY ***
Total pot $18 | Rake $0.36
Board [6s 5h 9h]
Seat 2: Scheubi88 (button) (small blind) folded on the Flop
Seat 6: ChinaBoy420 (big blind) collected ($17.64)


PokerStars Hand #159489592122:  Hold'em Limit ($3/$6 USD) - 2016/10/04 20:15:50 ET
Table 'Istria' 6-max Seat #2 is the button
Seat 2: Scheubi88 ($103.92 in chips)
Seat 6: ChinaBoy420 ($133.80 in chips)
Scheubi88: posts small blind $1
ChinaBoy420: posts big blind $3
*** HOLE CARDS ***
Scheubi88: raises $3 to $6
ChinaBoy420: calls $3
*** FLOP *** [5s 9s Ts]
ChinaBoy420: checks
Scheubi88: bets $3
ChinaBoy420: folds
Uncalled bet ($3) returned to Scheubi88
Scheubi88 collected $11.76 from pot
Scheubi88: doesn't show hand
*** SUMMARY ***
Total pot $12 | Rake $0.24
Board [5s 9s Ts]
Seat 2: Scheubi88 (button) (small blind) collected ($11.76)
Seat 6: ChinaBoy420 (big blind) folded on the Flop


PokerStars Hand #159489587910:  Hold'em Limit ($3/$6 USD) - 2016/10/04 20:15:41 ET
Table 'Istria' 6-max Seat #6 is the button
Seat 2: Scheubi88 ($102.92 in chips)
Seat 6: ChinaBoy420 ($134.80 in chips)
ChinaBoy420: posts small blind $1
Scheubi88: posts big blind $3
*** HOLE CARDS ***
ChinaBoy420: folds
Uncalled bet ($2) returned to Scheubi88
Scheubi88 collected $2 from pot
Scheubi88: doesn't show hand
*** SUMMARY ***
Total pot $2 | Rake $0
Seat 2: Scheubi88 (big blind) collected ($2)
Seat 6: ChinaBoy420 (button) (small blind) folded before Flop


PokerStars Hand #159489584972:  Hold'em Limit ($3/$6 USD) - 2016/10/04 20:15:35 ET
Table 'Istria' 6-max Seat #2 is the button
Seat 2: Scheubi88 ($99.92 in chips)
Seat 6: ChinaBoy420 ($137.80 in chips)
Scheubi88: posts small blind $1
ChinaBoy420: posts big blind $3
*** HOLE CARDS ***
Scheubi88: raises $3 to $6
ChinaBoy420: folds
Uncalled bet ($3) returned to Scheubi88
Scheubi88 collected $6 from pot
Scheubi88: doesn't show hand
*** SUMMARY ***
Total pot $6 | Rake $0
Seat 2: Scheubi88 (button) (small blind) collected ($6)
Seat 6: ChinaBoy420 (big blind) folded before Flop


PokerStars Hand #159489576722:  Hold'em Limit ($3/$6 USD) - 2016/10/04 20:15:18 ET
Table 'Istria' 6-max Seat #6 is the button
Seat 2: Scheubi88 ($73.42 in chips)
Seat 6: ChinaBoy420 ($164.80 in chips)
ChinaBoy420: posts small blind $1
Scheubi88: posts big blind $3
*** HOLE CARDS ***
ChinaBoy420: raises $3 to $6
Scheubi88: calls $3
*** FLOP *** [2d Qs 4s]
Scheubi88: checks
ChinaBoy420: bets $3
Scheubi88: calls $3
*** TURN *** [2d Qs 4s] [Kd]
Scheubi88: checks
ChinaBoy420: bets $6
Scheubi88: raises $6 to $12
ChinaBoy420: calls $6
*** RIVER *** [2d Qs 4s Kd] [3c]
Scheubi88: bets $6
ChinaBoy420: calls $6
*** SHOW DOWN ***
Scheubi88: shows [Kc 6d] (a pair of Kings)
ChinaBoy420: mucks hand
Scheubi88 collected $53.50 from pot
*** SUMMARY ***
Total pot $54 | Rake $0.50
Board [2d Qs 4s Kd 3c]
Seat 2: Scheubi88 (big blind) showed [Kc 6d] and won ($53.50) with a pair of Kings
Seat 6: ChinaBoy420 (button) (small blind) mucked


PokerStars Hand #159489601536:  Hold'em Limit ($3/$6 USD) - 2016/10/04 20:16:10 ET
Table 'Istria' 6-max Seat #2 is the button
Seat 2: Scheubi88 ($110.68 in chips)
Seat 6: ChinaBoy420 ($126.80 in chips)
Scheubi88: posts small blind $1
ChinaBoy420: posts big blind $3
*** HOLE CARDS ***
Scheubi88: raises $3 to $6
ChinaBoy420: calls $3
*** FLOP *** [8d 9c Qs]
ChinaBoy420: checks
Scheubi88: bets $3
ChinaBoy420: raises $3 to $6
Scheubi88: calls $3
*** TURN *** [8d 9c Qs] [7h]
ChinaBoy420: bets $6
Scheubi88: calls $6
*** RIVER *** [8d 9c Qs 7h] [Kh]
ChinaBoy420: checks
Scheubi88: checks
*** SHOW DOWN ***
ChinaBoy420: shows [8c 3c] (a pair of Eights)
Scheubi88: mucks hand
too2ez joins the table at seat #3
ChinaBoy420 collected $35.50 from pot
*** SUMMARY ***
Total pot $36 | Rake $0.50
Board [8d 9c Qs 7h Kh]
Seat 2: Scheubi88 (button) (small blind) mucked
Seat 6: ChinaBoy420 (big blind) showed [8c 3c] and won ($35.50) with a pair of Eights


PokerStars Hand #159489598527:  Hold'em Limit ($3/$6 USD) - 2016/10/04 20:16:03 ET
Table 'Istria' 6-max Seat #6 is the button
Seat 2: Scheubi88 ($109.68 in chips)
Seat 6: ChinaBoy420 ($127.80 in chips)
ChinaBoy420: posts small blind $1
Scheubi88: posts big blind $3
*** HOLE CARDS ***
ChinaBoy420: folds
Uncalled bet ($2) returned to Scheubi88
Scheubi88 collected $2 from pot
Scheubi88: doesn't show hand
*** SUMMARY ***
Total pot $2 | Rake $0
Seat 2: Scheubi88 (big blind) collected ($2)
Seat 6: ChinaBoy420 (button) (small blind) folded before Flop


