PokerStars Hand #173568567344:  Hold'em Limit ($3/$6 USD) - 2017/07/27 6:58:10 ET
Table 'Istria II' 6-max Seat #1 is the button
Seat 1: B_loJkl ($387.19 in chips)
Seat 5: Iseethelight ($234.34 in chips)
B_loJkl: posts small blind $1
Iseethelight: posts big blind $3
*** HOLE CARDS ***
B_loJkl: folds
Uncalled bet ($2) returned to Iseethelight
Iseethelight collected $2 from pot
Iseethelight: doesn't show hand
*** SUMMARY ***
Total pot $2 | Rake $0
Seat 1: B_loJkl (button) (small blind) folded before Flop
Seat 5: Iseethelight (big blind) collected ($2)


PokerStars Hand #173568565646:  Hold'em Limit ($3/$6 USD) - 2017/07/27 6:58:06 ET
Table 'Istria II' 6-max Seat #5 is the button
Seat 1: B_loJkl ($386.19 in chips)
Seat 5: Iseethelight ($235.34 in chips)
Iseethelight: posts small blind $1
B_loJkl: posts big blind $3
*** HOLE CARDS ***
Iseethelight: folds
Uncalled bet ($2) returned to B_loJkl
B_loJkl collected $2 from pot
B_loJkl: doesn't show hand
*** SUMMARY ***
Total pot $2 | Rake $0
Seat 1: B_loJkl (big blind) collected ($2)
Seat 5: Iseethelight (button) (small blind) folded before Flop


PokerStars Hand #173568562357:  Hold'em Limit ($3/$6 USD) - 2017/07/27 6:57:56 ET
Table 'Istria II' 6-max Seat #1 is the button
Seat 1: B_loJkl ($383.19 in chips)
Seat 5: Iseethelight ($238.34 in chips)
B_loJkl: posts small blind $1
Ale4o: is sitting out
Iseethelight: posts big blind $3
*** HOLE CARDS ***
B_loJkl: raises $3 to $6
Iseethelight: folds
Uncalled bet ($3) returned to B_loJkl
B_loJkl collected $6 from pot
B_loJkl: doesn't show hand
*** SUMMARY ***
Total pot $6 | Rake $0
Seat 1: B_loJkl (button) (small blind) collected ($6)
Seat 5: Iseethelight (big blind) folded before Flop


PokerStars Hand #173568591516:  Hold'em Limit ($3/$6 USD) - 2017/07/27 6:59:19 ET
Table 'Istria II' 6-max Seat #5 is the button
Seat 1: B_loJkl ($384.94 in chips)
Seat 5: Iseethelight ($236.09 in chips)
Iseethelight: posts small blind $1
B_loJkl: posts big blind $3
*** HOLE CARDS ***
Iseethelight: folds
Uncalled bet ($2) returned to B_loJkl
B_loJkl collected $2 from pot
B_loJkl: doesn't show hand
*** SUMMARY ***
Total pot $2 | Rake $0
Seat 1: B_loJkl (big blind) collected ($2)
Seat 5: Iseethelight (button) (small blind) folded before Flop


PokerStars Hand #173568587945:  Hold'em Limit ($3/$6 USD) - 2017/07/27 6:59:09 ET
Table 'Istria II' 6-max Seat #1 is the button
Seat 1: B_loJkl ($385.94 in chips)
Seat 5: Iseethelight ($235.09 in chips)
B_loJkl: posts small blind $1
Iseethelight: posts big blind $3
*** HOLE CARDS ***
B_loJkl: folds
Uncalled bet ($2) returned to Iseethelight
Iseethelight collected $2 from pot
Iseethelight: doesn't show hand
*** SUMMARY ***
Total pot $2 | Rake $0
Seat 1: B_loJkl (button) (small blind) folded before Flop
Seat 5: Iseethelight (big blind) collected ($2)


PokerStars Hand #173568569763:  Hold'em Limit ($3/$6 USD) - 2017/07/27 6:58:17 ET
Table 'Istria II' 6-max Seat #5 is the button
Seat 1: B_loJkl ($386.19 in chips)
Seat 5: Iseethelight ($235.34 in chips)
Iseethelight: posts small blind $1
B_loJkl: posts big blind $3
*** HOLE CARDS ***
Iseethelight: raises $3 to $6
B_loJkl: calls $3
*** FLOP *** [Qh Ad 2h]
B_loJkl: checks
Iseethelight: bets $3
B_loJkl: calls $3
*** TURN *** [Qh Ad 2h] [Jc]
B_loJkl: checks
Iseethelight: bets $6
Ale4o leaves the table
B_loJkl: calls $6
*** RIVER *** [Qh Ad 2h Jc] [8s]
B_loJkl: checks
Iseethelight: checks
*** SHOW DOWN ***
B_loJkl: shows [Kc 4c] (high card Ace)
Iseethelight: shows [Kh 6s] (high card Ace)
B_loJkl collected $14.75 from pot
Iseethelight collected $14.75 from pot
*** SUMMARY ***
Total pot $30 | Rake $0.50
Board [Qh Ad 2h Jc 8s]
Seat 1: B_loJkl (big blind) showed [Kc 4c] and won ($14.75) with high card Ace
Seat 5: Iseethelight (button) (small blind) showed [Kh 6s] and won ($14.75) with high card Ace


PokerStars Hand #173568599690:  Hold'em Limit ($3/$6 USD) - 2017/07/27 6:59:42 ET
Table 'Istria II' 6-max Seat #5 is the button
Seat 1: B_loJkl ($376.94 in chips)
Seat 5: Iseethelight ($243.73 in chips)
Iseethelight: posts small blind $1
B_loJkl: posts big blind $3
*** HOLE CARDS ***
Iseethelight: raises $3 to $6
B_loJkl: calls $3
*** FLOP *** [Ts 9h 2c]
B_loJkl: checks
Iseethelight: bets $3
B_loJkl: raises $3 to $6
Iseethelight: calls $3
*** TURN *** [Ts 9h 2c] [4c]
B_loJkl: bets $6
Iseethelight: raises $6 to $12
B_loJkl: raises $6 to $18
Iseethelight: calls $6
*** RIVER *** [Ts 9h 2c 4c] [8c]
B_loJkl: bets $6
Iseethelight: calls $6
*** SHOW DOWN ***
B_loJkl: shows [7d 8s] (a pair of Eights)
Iseethelight: shows [Qc Qh] (a pair of Queens)
Iseethelight collected $71.50 from pot
*** SUMMARY ***
Total pot $72 | Rake $0.50
Board [Ts 9h 2c 4c 8c]
Seat 1: B_loJkl (big blind) showed [7d 8s] and lost with a pair of Eights
Seat 5: Iseethelight (button) (small blind) showed [Qc Qh] and won ($71.50) with a pair of Queens


PokerStars Hand #173568593795:  Hold'em Limit ($3/$6 USD) - 2017/07/27 6:59:25 ET
Table 'Istria II' 6-max Seat #1 is the button
Seat 1: B_loJkl ($385.94 in chips)
Seat 5: Iseethelight ($235.09 in chips)
B_loJkl: posts small blind $1
Iseethelight: posts big blind $3
*** HOLE CARDS ***
B_loJkl: raises $3 to $6
Iseethelight: raises $3 to $9
B_loJkl: calls $3
*** FLOP *** [3s 2s Js]
Iseethelight: bets $3
B_loJkl: folds
Uncalled bet ($3) returned to Iseethelight
Iseethelight collected $17.64 from pot
Iseethelight: doesn't show hand
*** SUMMARY ***
Total pot $18 | Rake $0.36
Board [3s 2s Js]
Seat 1: B_loJkl (button) (small blind) folded on the Flop
Seat 5: Iseethelight (big blind) collected ($17.64)


PokerStars Hand #173568611411:  Hold'em Limit ($3/$6 USD) - 2017/07/27 7:00:15 ET
Table 'Istria II' 6-max Seat #1 is the button
Seat 1: B_loJkl ($340.94 in chips)
Seat 5: Iseethelight ($279.23 in chips)
B_loJkl: posts small blind $1
Iseethelight: posts big blind $3
*** HOLE CARDS ***
B_loJkl: raises $3 to $6
Iseethelight: raises $3 to $9
B_loJkl: calls $3
*** FLOP *** [3s Jc Td]
Iseethelight: bets $3
B_loJkl: calls $3
*** TURN *** [3s Jc Td] [2c]
Iseethelight: bets $6
B_loJkl: calls $6
*** RIVER *** [3s Jc Td 2c] [Qd]
Iseethelight: bets $6
B_loJkl: calls $6
*** SHOW DOWN ***
Iseethelight: shows [Ks Ad] (a straight, Ten to Ace)
B_loJkl: mucks hand
Iseethelight collected $47.50 from pot
*** SUMMARY ***
Total pot $48 | Rake $0.50
Board [3s Jc Td 2c Qd]
Seat 1: B_loJkl (button) (small blind) mucked
Seat 5: Iseethelight (big blind) showed [Ks Ad] and won ($47.50) with a straight, Ten to Ace


