PokerStars Hand #161215250063:  Hold'em Limit ($3/$6 USD) - 2016/11/10 19:33:18 ET
Table 'Istria' 6-max Seat #2 is the button
Seat 2: TinaTurner72 ($120 in chips)
Seat 3: hairy1961 ($50 in chips)
TinaTurner72: posts small blind $1
hairy1961: posts big blind $3
*** HOLE CARDS ***
TinaTurner72: raises $3 to $6
hairy1961: calls $3
*** FLOP *** [2d 7h 6d]
hairy1961: checks
TinaTurner72: bets $3
hairy1961: calls $3
*** TURN *** [2d 7h 6d] [Ks]
hairy1961: checks
TinaTurner72: bets $6
hairy1961: folds
Uncalled bet ($6) returned to TinaTurner72
TinaTurner72 collected $17.64 from pot
TinaTurner72: doesn't show hand
*** SUMMARY ***
Total pot $18 | Rake $0.36
Board [2d 7h 6d Ks]
Seat 2: TinaTurner72 (button) (small blind) collected ($17.64)
Seat 3: hairy1961 (big blind) folded on the Turn


PokerStars Hand #161215275584:  Hold'em Limit ($3/$6 USD) - 2016/11/10 19:34:05 ET
Table 'Istria' 6-max Seat #2 is the button
Seat 2: TinaTurner72 ($137.28 in chips)
Seat 3: hairy1961 ($32 in chips)
TinaTurner72: posts small blind $1
hairy1961: posts big blind $3
*** HOLE CARDS ***
TinaTurner72: raises $3 to $6
hairy1961: calls $3
*** FLOP *** [8c 5d Th]
hairy1961: checks
Pandakey joins the table at seat #4
TinaTurner72: checks
*** TURN *** [8c 5d Th] [Qh]
hairy1961: checks
TinaTurner72: bets $6
hairy1961: folds
Uncalled bet ($6) returned to TinaTurner72
TinaTurner72 collected $11.76 from pot
TinaTurner72: doesn't show hand
*** SUMMARY ***
Total pot $12 | Rake $0.24
Board [8c 5d Th Qh]
Seat 2: TinaTurner72 (button) (small blind) collected ($11.76)
Seat 3: hairy1961 (big blind) folded on the Turn


PokerStars Hand #161215263643:  Hold'em Limit ($3/$6 USD) - 2016/11/10 19:33:43 ET
Table 'Istria' 6-max Seat #3 is the button
Seat 2: TinaTurner72 ($128.64 in chips)
Seat 3: hairy1961 ($41 in chips)
hairy1961: posts small blind $1
TinaTurner72: posts big blind $3
*** HOLE CARDS ***
hairy1961: raises $3 to $6
TinaTurner72: calls $3
*** FLOP *** [8d Tc 7s]
TinaTurner72: checks
hairy1961: bets $3
TinaTurner72: calls $3
*** TURN *** [8d Tc 7s] [6h]
TinaTurner72: checks
hairy1961: checks
*** RIVER *** [8d Tc 7s 6h] [Kh]
TinaTurner72: checks
hairy1961: checks
*** SHOW DOWN ***
TinaTurner72: shows [4c 6c] (a pair of Sixes)
hairy1961: mucks hand
TinaTurner72 collected $17.64 from pot
*** SUMMARY ***
Total pot $18 | Rake $0.36
Board [8d Tc 7s 6h Kh]
Seat 2: TinaTurner72 (big blind) showed [4c 6c] and won ($17.64) with a pair of Sixes
Seat 3: hairy1961 (button) (small blind) mucked


PokerStars Hand #161215326631:  Hold'em Limit ($3/$6 USD) - 2016/11/10 19:35:38 ET
Table 'Istria' 6-max Seat #4 is the button
Seat 3: hairy1961 ($48.92 in chips)
Seat 4: Pandakey ($96 in chips)
Pandakey: posts small blind $1
hairy1961: posts big blind $3
*** HOLE CARDS ***
Pandakey: raises $3 to $6
hairy1961: folds
Uncalled bet ($3) returned to Pandakey
Pandakey collected $6 from pot
Pandakey: doesn't show hand
*** SUMMARY ***
Total pot $6 | Rake $0
Seat 3: hairy1961 (big blind) folded before Flop
Seat 4: Pandakey (button) (small blind) collected ($6)


PokerStars Hand #161215308140:  Hold'em Limit ($3/$6 USD) - 2016/11/10 19:35:04 ET
Table 'Istria' 6-max Seat #3 is the button
Seat 3: hairy1961 ($37.40 in chips)
Seat 4: Pandakey ($108 in chips)
hairy1961: posts small blind $1
Pandakey: posts big blind $3
*** HOLE CARDS ***
hairy1961: raises $3 to $6
Pandakey: calls $3
*** FLOP *** [Qs 4d 4s]
Pandakey: checks
hairy1961: checks
*** TURN *** [Qs 4d 4s] [Kh]
Pandakey: checks
hairy1961: bets $6
Pandakey: calls $6
*** RIVER *** [Qs 4d 4s Kh] [6s]
Pandakey: checks
hairy1961: bets $6
Pandakey: folds
Uncalled bet ($6) returned to hairy1961
hairy1961 collected $23.52 from pot
*** SUMMARY ***
Total pot $24 | Rake $0.48
Board [Qs 4d 4s Kh 6s]
Seat 3: hairy1961 (button) (small blind) collected ($23.52)
Seat 4: Pandakey (big blind) folded on the River


PokerStars Hand #161215301725:  Hold'em Limit ($3/$6 USD) - 2016/11/10 19:34:53 ET
Table 'Istria' 6-max Seat #4 is the button
Seat 3: hairy1961 ($31.64 in chips)
Seat 4: Pandakey ($114 in chips)
Pandakey: posts small blind $1
TinaTurner72: is sitting out
hairy1961: posts big blind $3
*** HOLE CARDS ***
Pandakey: raises $3 to $6
hairy1961: calls $3
*** FLOP *** [7h Ah 9c]
hairy1961: bets $3
TinaTurner72 leaves the table
Pandakey: folds
Uncalled bet ($3) returned to hairy1961
hairy1961 collected $11.76 from pot
*** SUMMARY ***
Total pot $12 | Rake $0.24
Board [7h Ah 9c]
Seat 3: hairy1961 (big blind) collected ($11.76)
Seat 4: Pandakey (button) (small blind) folded on the Flop


PokerStars Hand #161215329662:  Hold'em Limit ($3/$6 USD) - 2016/11/10 19:35:43 ET
Table 'Istria' 6-max Seat #3 is the button
Seat 3: hairy1961 ($45.92 in chips)
Seat 4: Pandakey ($99 in chips)
hairy1961: posts small blind $1
Pandakey: posts big blind $3
*** HOLE CARDS ***
hairy1961: raises $3 to $6
Pandakey: folds
Uncalled bet ($3) returned to hairy1961
hairy1961 collected $6 from pot
*** SUMMARY ***
Total pot $6 | Rake $0
Seat 3: hairy1961 (button) (small blind) collected ($6)
Seat 4: Pandakey (big blind) folded before Flop


PokerStars Hand #161215339555:  Hold'em Limit ($3/$6 USD) - 2016/11/10 19:36:01 ET
Table 'Istria' 6-max Seat #3 is the button
Seat 3: hairy1961 ($45.92 in chips)
Seat 4: Pandakey ($99 in chips)
hairy1961: posts small blind $1
Pandakey: posts big blind $3
*** HOLE CARDS ***
hairy1961: calls $2
Pandakey: checks
*** FLOP *** [Qc Js Tc]
Pandakey: checks
hairy1961: bets $3
Pandakey: folds
Uncalled bet ($3) returned to hairy1961
hairy1961 collected $5.88 from pot
*** SUMMARY ***
Total pot $6 | Rake $0.12
Board [Qc Js Tc]
Seat 3: hairy1961 (button) (small blind) collected ($5.88)
Seat 4: Pandakey (big blind) folded on the Flop


PokerStars Hand #161215345772:  Hold'em Limit ($3/$6 USD) - 2016/11/10 19:36:13 ET
Table 'Istria' 6-max Seat #4 is the button
Seat 3: hairy1961 ($48.80 in chips)
Seat 4: Pandakey ($96 in chips)
Pandakey: posts small blind $1
hairy1961: posts big blind $3
*** HOLE CARDS ***
Pandakey: raises $3 to $6
hairy1961: calls $3
*** FLOP *** [Ts 2c 8h]
hairy1961: checks
ToDaFelt joins the table at seat #5
Pandakey: bets $3
hairy1961: calls $3
*** TURN *** [Ts 2c 8h] [5h]
hairy1961: checks
Pandakey: bets $6
hairy1961: raises $6 to $12
Pandakey: calls $6
*** RIVER *** [Ts 2c 8h 5h] [3c]
hairy1961: bets $6
Pandakey: calls $6
*** SHOW DOWN ***
hairy1961: shows [Kh 8c] (a pair of Eights)
Pandakey: shows [Jd Td] (a pair of Tens)
Pandakey collected $53.50 from pot
*** SUMMARY ***
Total pot $54 | Rake $0.50
Board [Ts 2c 8h 5h 3c]
Seat 3: hairy1961 (big blind) showed [Kh 8c] and lost with a pair of Eights
Seat 4: Pandakey (button) (small blind) showed [Jd Td] and won ($53.50) with a pair of Tens


PokerStars Hand #161215335675:  Hold'em Limit ($3/$6 USD) - 2016/11/10 19:35:54 ET
Table 'Istria' 6-max Seat #4 is the button
Seat 3: hairy1961 ($48.92 in chips)
Seat 4: Pandakey ($96 in chips)
Pandakey: posts small blind $1
hairy1961: posts big blind $3
*** HOLE CARDS ***
Pandakey: raises $3 to $6
hairy1961: folds
Uncalled bet ($3) returned to Pandakey
Pandakey collected $6 from pot
Pandakey: doesn't show hand
*** SUMMARY ***
Total pot $6 | Rake $0
Seat 3: hairy1961 (big blind) folded before Flop
Seat 4: Pandakey (button) (small blind) collected ($6)


PokerStars Hand #161215776379:  Hold'em Limit ($3/$6 USD) - 2016/11/10 19:49:11 ET
Table 'Istria' 6-max Seat #3 is the button
Seat 3: PropaBallin ($239 in chips)
Seat 5: ToDaFelt ($89.14 in chips)
PropaBallin: posts small blind $1
Pandakey: is sitting out
ToDaFelt: posts big blind $3
*** HOLE CARDS ***
PropaBallin: folds
Uncalled bet ($2) returned to ToDaFelt
ToDaFelt collected $2 from pot
ToDaFelt: doesn't show hand
*** SUMMARY ***
Total pot $2 | Rake $0
Seat 3: PropaBallin (button) (small blind) folded before Flop
Seat 5: ToDaFelt (big blind) collected ($2)


PokerStars Hand #161215779804:  Hold'em Limit ($3/$6 USD) - 2016/11/10 19:49:18 ET
Table 'Istria' 6-max Seat #5 is the button
Seat 3: PropaBallin ($238 in chips)
Seat 5: ToDaFelt ($90.14 in chips)
ToDaFelt: posts small blind $1
PropaBallin: posts big blind $3
*** HOLE CARDS ***
ToDaFelt: raises $3 to $6
PropaBallin: calls $3
*** FLOP *** [3c 7d 4s]
PropaBallin: checks
ToDaFelt: bets $3
PropaBallin: folds
Uncalled bet ($3) returned to ToDaFelt
ToDaFelt collected $11.76 from pot
ToDaFelt: doesn't show hand
*** SUMMARY ***
Total pot $12 | Rake $0.24
Board [3c 7d 4s]
Seat 3: PropaBallin (big blind) folded on the Flop
Seat 5: ToDaFelt (button) (small blind) collected ($11.76)


PokerStars Hand #161216706136:  Hold'em Limit ($3/$6 USD) - 2016/11/10 20:20:56 ET
Table 'Istria' 6-max Seat #6 is the button
Seat 5: ToDaFelt ($217.44 in chips)
Seat 6: UNABELIEVE ($14.03 in chips)
UNABELIEVE: posts small blind $1
S.sybev: is sitting out
ToDaFelt: posts big blind $3
*** HOLE CARDS ***
UNABELIEVE: raises $3 to $6
ToDaFelt: calls $3
*** FLOP *** [3s 8c Ad]
ToDaFelt: checks
UNABELIEVE: bets $3
ToDaFelt: raises $3 to $6
S.sybev leaves the table
UNABELIEVE: folds
Uncalled bet ($3) returned to ToDaFelt
ToDaFelt collected $17.64 from pot
ToDaFelt: doesn't show hand
*** SUMMARY ***
Total pot $18 | Rake $0.36
Board [3s 8c Ad]
Seat 5: ToDaFelt (big blind) collected ($17.64)
Seat 6: UNABELIEVE (button) (small blind) folded on the Flop


