PokerStars Hand #158656202364:  Hold'em Limit ($3/$6 USD) - 2016/09/15 18:46:32 ET
Table 'Istria' 6-max Seat #6 is the button
Seat 1: Zubasa07 ($500 in chips)
Seat 6: ManuelSikora ($35.80 in chips)
ManuelSikora: posts small blind $1
Zubasa07: posts big blind $3
*** HOLE CARDS ***
ManuelSikora: raises $3 to $6
Zubasa07: calls $3
*** FLOP *** [Td 9c Kc]
Zubasa07: bets $3
ManuelSikora: raises $3 to $6
Zubasa07: calls $3
*** TURN *** [Td 9c Kc] [4s]
Zubasa07: checks
ManuelSikora: bets $6
Zubasa07: calls $6
*** RIVER *** [Td 9c Kc 4s] [6h]
Zubasa07: checks
ManuelSikora: checks
*** SHOW DOWN ***
Zubasa07: shows [3c Qc] (high card King)
ManuelSikora: shows [8h Th] (a pair of Tens)
ManuelSikora collected $35.50 from pot
*** SUMMARY ***
Total pot $36 | Rake $0.50
Board [Td 9c Kc 4s 6h]
Seat 1: Zubasa07 (big blind) showed [3c Qc] and lost with high card King
Seat 6: ManuelSikora (button) (small blind) showed [8h Th] and won ($35.50) with a pair of Tens


PokerStars Hand #158656219845:  Hold'em Limit ($3/$6 USD) - 2016/09/15 18:47:01 ET
Table 'Istria' 6-max Seat #1 is the button
Seat 1: Zubasa07 ($482 in chips)
Seat 6: ManuelSikora ($53.30 in chips)
Zubasa07: posts small blind $1
ManuelSikora: posts big blind $3
*** HOLE CARDS ***
Zubasa07: folds
Uncalled bet ($2) returned to ManuelSikora
ManuelSikora collected $2 from pot
ManuelSikora: doesn't show hand
*** SUMMARY ***
Total pot $2 | Rake $0
Seat 1: Zubasa07 (button) (small blind) folded before Flop
Seat 6: ManuelSikora (big blind) collected ($2)


PokerStars Hand #158656229018:  Hold'em Limit ($3/$6 USD) - 2016/09/15 18:47:16 ET
Table 'Istria' 6-max Seat #1 is the button
Seat 1: Zubasa07 ($478 in chips)
Seat 6: ManuelSikora ($57.30 in chips)
Zubasa07: posts small blind $1
ManuelSikora: posts big blind $3
*** HOLE CARDS ***
Zubasa07: raises $3 to $6
ManuelSikora: raises $3 to $9
Zubasa07: calls $3
*** FLOP *** [2d Ah 5s]
ManuelSikora: bets $3
Zubasa07: folds
Uncalled bet ($3) returned to ManuelSikora
ManuelSikora collected $17.64 from pot
ManuelSikora: doesn't show hand
*** SUMMARY ***
Total pot $18 | Rake $0.36
Board [2d Ah 5s]
Seat 1: Zubasa07 (button) (small blind) folded on the Flop
Seat 6: ManuelSikora (big blind) collected ($17.64)


PokerStars Hand #158656223307:  Hold'em Limit ($3/$6 USD) - 2016/09/15 18:47:06 ET
Table 'Istria' 6-max Seat #6 is the button
Seat 1: Zubasa07 ($481 in chips)
Seat 6: ManuelSikora ($54.30 in chips)
ManuelSikora: posts small blind $1
Zubasa07: posts big blind $3
*** HOLE CARDS ***
ManuelSikora: raises $3 to $6
Zubasa07: folds
Uncalled bet ($3) returned to ManuelSikora
ManuelSikora collected $6 from pot
ManuelSikora: doesn't show hand
*** SUMMARY ***
Total pot $6 | Rake $0
Seat 1: Zubasa07 (big blind) folded before Flop
Seat 6: ManuelSikora (button) (small blind) collected ($6)


PokerStars Hand #158656237953:  Hold'em Limit ($3/$6 USD) - 2016/09/15 18:47:30 ET
Table 'Istria' 6-max Seat #6 is the button
Seat 1: Zubasa07 ($469 in chips)
Seat 6: ManuelSikora ($65.94 in chips)
ManuelSikora: posts small blind $1
Zubasa07: posts big blind $3
*** HOLE CARDS ***
ManuelSikora: raises $3 to $6
Zubasa07: calls $3
*** FLOP *** [9s 7d Js]
Zubasa07: checks
ManuelSikora: checks
*** TURN *** [9s 7d Js] [7s]
a@ak joins the table at seat #4
Zubasa07: bets $6
ManuelSikora: folds
Uncalled bet ($6) returned to Zubasa07
Zubasa07 collected $11.76 from pot
Zubasa07: doesn't show hand
*** SUMMARY ***
Total pot $12 | Rake $0.24
Board [9s 7d Js 7s]
Seat 1: Zubasa07 (big blind) collected ($11.76)
Seat 6: ManuelSikora (button) (small blind) folded on the Turn


PokerStars Hand #158656401497:  Hold'em Limit ($3/$6 USD) - 2016/09/15 18:51:45 ET
Table 'Istria' 6-max Seat #6 is the button
Seat 1: Zubasa07 ($442.93 in chips)
Seat 6: ManuelSikora ($154.45 in chips)
jonik73123 will be allowed to play after the button
ManuelSikora: posts small blind $1
Zubasa07: posts big blind $3
*** HOLE CARDS ***
Nyalya joins the table at seat #2
ManuelSikora: raises $3 to $6
Zubasa07: calls $3
*** FLOP *** [3s 3c 8h]
a@ak leaves the table
Zubasa07: checks
ManuelSikora: checks
*** TURN *** [3s 3c 8h] [Ah]
Zubasa07: checks
ManuelSikora: checks
*** RIVER *** [3s 3c 8h Ah] [Ac]
Zubasa07: checks
ManuelSikora: checks
*** SHOW DOWN ***
Zubasa07: shows [Js 5s] (two pair, Aces and Threes)
ManuelSikora: shows [Kd Td] (two pair, Aces and Threes - King kicker)
ManuelSikora collected $11.76 from pot
*** SUMMARY ***
Total pot $12 | Rake $0.24
Board [3s 3c 8h Ah Ac]
Seat 1: Zubasa07 (big blind) showed [Js 5s] and lost with two pair, Aces and Threes
Seat 6: ManuelSikora (button) (small blind) showed [Kd Td] and won ($11.76) with two pair, Aces and Threes


PokerStars Hand #158657014478:  Hold'em Limit ($3/$6 USD) - 2016/09/15 19:10:09 ET
Table 'Istria' 6-max Seat #2 is the button
Seat 1: Zubasa07 ($382.20 in chips)
Seat 2: Nyalya ($179.47 in chips)
Nyalya: posts small blind $1
SuperShark: is sitting out
Zubasa07: posts big blind $3
*** HOLE CARDS ***
SuperShark leaves the table
Nyalya: folds
Uncalled bet ($2) returned to Zubasa07
Zubasa07 collected $2 from pot
Zubasa07: doesn't show hand
*** SUMMARY ***
Total pot $2 | Rake $0
Seat 1: Zubasa07 (big blind) collected ($2)
Seat 2: Nyalya (button) (small blind) folded before Flop


