PokerStars Hand #145219110894:  Hold'em Limit ($3/$6 USD) - 2015/12/12 7:13:11 ET
Table 'Italia' 2-max Seat #1 is the button
Seat 1: echsecution ($77.76 in chips)
Seat 2: RAFAELO_440 ($34 in chips)
echsecution: posts small blind $1
RAFAELO_440: posts big blind $3
*** HOLE CARDS ***
echsecution: folds
Uncalled bet ($2) returned to RAFAELO_440
RAFAELO_440 collected $2 from pot
RAFAELO_440: doesn't show hand
*** SUMMARY ***
Total pot $2 | Rake $0
Seat 1: echsecution (button) (small blind) folded before Flop
Seat 2: RAFAELO_440 (big blind) collected ($2)


PokerStars Hand #145219099438:  Hold'em Limit ($3/$6 USD) - 2015/12/12 7:12:50 ET
Table 'Italia' 2-max Seat #2 is the button
Seat 1: echsecution ($72 in chips)
Seat 2: RAFAELO_440 ($40 in chips)
RAFAELO_440: posts small blind $1
echsecution: posts big blind $3
*** HOLE CARDS ***
RAFAELO_440: raises $3 to $6
echsecution: calls $3
*** FLOP *** [8h Qd 4s]
echsecution: checks
RAFAELO_440: checks
*** TURN *** [8h Qd 4s] [Kd]
echsecution: bets $6
RAFAELO_440: folds
Uncalled bet ($6) returned to echsecution
echsecution collected $11.76 from pot
echsecution: doesn't show hand
*** SUMMARY ***
Total pot $12 | Rake $0.24
Board [8h Qd 4s Kd]
Seat 1: echsecution (big blind) collected ($11.76)
Seat 2: RAFAELO_440 (button) (small blind) folded on the Turn


PokerStars Hand #145219113914:  Hold'em Limit ($3/$6 USD) - 2015/12/12 7:13:16 ET
Table 'Italia' 2-max Seat #2 is the button
Seat 1: echsecution ($76.76 in chips)
Seat 2: RAFAELO_440 ($35 in chips)
RAFAELO_440: posts small blind $1
echsecution: posts big blind $3
*** HOLE CARDS ***
RAFAELO_440: raises $3 to $6
echsecution: calls $3
*** FLOP *** [6c 5h 2d]
echsecution: checks
RAFAELO_440: bets $3
echsecution: calls $3
*** TURN *** [6c 5h 2d] [3c]
echsecution: checks
RAFAELO_440: bets $6
echsecution: folds
Uncalled bet ($6) returned to RAFAELO_440
RAFAELO_440 collected $17.64 from pot
RAFAELO_440: doesn't show hand
*** SUMMARY ***
Total pot $18 | Rake $0.36
Board [6c 5h 2d 3c]
Seat 1: echsecution (big blind) folded on the Turn
Seat 2: RAFAELO_440 (button) (small blind) collected ($17.64)


PokerStars Hand #145219128428:  Hold'em Limit ($3/$6 USD) - 2015/12/12 7:13:42 ET
Table 'Italia' 2-max Seat #2 is the button
Seat 1: echsecution ($77.76 in chips)
Seat 2: RAFAELO_440 ($40.85 in chips)
RAFAELO_440: posts small blind $1
echsecution: posts big blind $3
*** HOLE CARDS ***
RAFAELO_440: folds
Uncalled bet ($2) returned to echsecution
echsecution collected $2 from pot
echsecution: doesn't show hand
*** SUMMARY ***
Total pot $2 | Rake $0
Seat 1: echsecution (big blind) collected ($2)
Seat 2: RAFAELO_440 (button) (small blind) folded before Flop


PokerStars Hand #145219121929:  Hold'em Limit ($3/$6 USD) - 2015/12/12 7:13:30 ET
Table 'Italia' 2-max Seat #1 is the button
Seat 1: echsecution ($72 in chips)
Seat 2: RAFAELO_440 ($46.85 in chips)
echsecution: posts small blind $1
RAFAELO_440: posts big blind $3
*** HOLE CARDS ***
echsecution: raises $3 to $6
RAFAELO_440: calls $3
*** FLOP *** [3c Qc 5h]
RAFAELO_440: checks
echsecution: bets $3
RAFAELO_440: folds
Uncalled bet ($3) returned to echsecution
echsecution collected $11.76 from pot
echsecution: doesn't show hand
*** SUMMARY ***
Total pot $12 | Rake $0.24
Board [3c Qc 5h]
Seat 1: echsecution (button) (small blind) collected ($11.76)
Seat 2: RAFAELO_440 (big blind) folded on the Flop


PokerStars Hand #145219131024:  Hold'em Limit ($3/$6 USD) - 2015/12/12 7:13:46 ET
Table 'Italia' 2-max Seat #1 is the button
Seat 1: echsecution ($78.76 in chips)
Seat 2: RAFAELO_440 ($39.85 in chips)
echsecution: posts small blind $1
RAFAELO_440: posts big blind $3
*** HOLE CARDS ***
echsecution: raises $3 to $6
RAFAELO_440: calls $3
*** FLOP *** [6h Qh 5c]
RAFAELO_440: checks
echsecution: bets $3
RAFAELO_440: calls $3
*** TURN *** [6h Qh 5c] [Kd]
RAFAELO_440: checks
echsecution: checks
*** RIVER *** [6h Qh 5c Kd] [8d]
RAFAELO_440: bets $6
echsecution: calls $6
*** SHOW DOWN ***
RAFAELO_440: shows [7d 5d] (a pair of Fives)
echsecution: shows [5s 4c] (a pair of Fives)
RAFAELO_440 collected $14.75 from pot
echsecution collected $14.75 from pot
*** SUMMARY ***
Total pot $30 | Rake $0.50
Board [6h Qh 5c Kd 8d]
Seat 1: echsecution (button) (small blind) showed [5s 4c] and won ($14.75) with a pair of Fives
Seat 2: RAFAELO_440 (big blind) showed [7d 5d] and won ($14.75) with a pair of Fives


PokerStars Hand #145219139896:  Hold'em Limit ($3/$6 USD) - 2015/12/12 7:14:02 ET
Table 'Italia' 2-max Seat #2 is the button
Seat 1: echsecution ($78.51 in chips)
Seat 2: RAFAELO_440 ($39.60 in chips)
RAFAELO_440: posts small blind $1
echsecution: posts big blind $3
*** HOLE CARDS ***
RAFAELO_440: raises $3 to $6
echsecution: calls $3
*** FLOP *** [8d 6h 7s]
echsecution: checks
RAFAELO_440: checks
*** TURN *** [8d 6h 7s] [Ad]
echsecution: checks
RAFAELO_440: checks
*** RIVER *** [8d 6h 7s Ad] [Th]
echsecution: bets $6
RAFAELO_440: folds
Uncalled bet ($6) returned to echsecution
echsecution collected $11.76 from pot
echsecution: doesn't show hand
*** SUMMARY ***
Total pot $12 | Rake $0.24
Board [8d 6h 7s Ad Th]
Seat 1: echsecution (big blind) collected ($11.76)
Seat 2: RAFAELO_440 (button) (small blind) folded on the River


PokerStars Hand #145219155181:  Hold'em Limit ($3/$6 USD) - 2015/12/12 7:14:29 ET
Table 'Italia' 2-max Seat #2 is the button
Seat 1: echsecution ($75.27 in chips)
Seat 2: RAFAELO_440 ($42.24 in chips)
RAFAELO_440: posts small blind $1
echsecution: posts big blind $3
*** HOLE CARDS ***
RAFAELO_440: calls $2
echsecution: raises $3 to $6
RAFAELO_440: calls $3
*** FLOP *** [7d 5h Tc]
echsecution: bets $3
RAFAELO_440: calls $3
*** TURN *** [7d 5h Tc] [Qc]
echsecution: bets $6
RAFAELO_440: calls $6
*** RIVER *** [7d 5h Tc Qc] [6s]
echsecution: bets $6
RAFAELO_440: raises $6 to $12
echsecution: calls $6
*** SHOW DOWN ***
RAFAELO_440: shows [6c 7s] (two pair, Sevens and Sixes)
echsecution: mucks hand
RAFAELO_440 collected $53.50 from pot
*** SUMMARY ***
Total pot $54 | Rake $0.50
Board [7d 5h Tc Qc 6s]
Seat 1: echsecution (big blind) mucked
Seat 2: RAFAELO_440 (button) (small blind) showed [6c 7s] and won ($53.50) with two pair, Sevens and Sixes


PokerStars Hand #145219146952:  Hold'em Limit ($3/$6 USD) - 2015/12/12 7:14:15 ET
Table 'Italia' 2-max Seat #1 is the button
Seat 1: echsecution ($84.27 in chips)
Seat 2: RAFAELO_440 ($33.60 in chips)
echsecution: posts small blind $1
RAFAELO_440: posts big blind $3
*** HOLE CARDS ***
echsecution: raises $3 to $6
RAFAELO_440: calls $3
*** FLOP *** [2c 9d Ks]
RAFAELO_440: checks
echsecution: bets $3
RAFAELO_440: raises $3 to $6
echsecution: folds
Uncalled bet ($3) returned to RAFAELO_440
RAFAELO_440 collected $17.64 from pot
RAFAELO_440: doesn't show hand
*** SUMMARY ***
Total pot $18 | Rake $0.36
Board [2c 9d Ks]
Seat 1: echsecution (button) (small blind) folded on the Flop
Seat 2: RAFAELO_440 (big blind) collected ($17.64)


PokerStars Hand #145219164636:  Hold'em Limit ($3/$6 USD) - 2015/12/12 7:14:46 ET
Table 'Italia' 2-max Seat #1 is the button
Seat 1: echsecution ($72 in chips)
Seat 2: RAFAELO_440 ($68.74 in chips)
echsecution: posts small blind $1
RAFAELO_440: posts big blind $3
*** HOLE CARDS ***
echsecution: raises $3 to $6
RAFAELO_440: calls $3
*** FLOP *** [Js 2s Ts]
RAFAELO_440: checks
echsecution: checks
*** TURN *** [Js 2s Ts] [Ks]
RAFAELO_440: checks
echsecution: checks
*** RIVER *** [Js 2s Ts Ks] [4d]
RAFAELO_440: checks
echsecution: checks
*** SHOW DOWN ***
RAFAELO_440: shows [2d Qd] (a pair of Deuces)
echsecution: mucks hand
RAFAELO_440 collected $11.76 from pot
*** SUMMARY ***
Total pot $12 | Rake $0.24
Board [Js 2s Ts Ks 4d]
Seat 1: echsecution (button) (small blind) mucked
Seat 2: RAFAELO_440 (big blind) showed [2d Qd] and won ($11.76) with a pair of Deuces


PokerStars Hand #145219172444:  Hold'em Limit ($3/$6 USD) - 2015/12/12 7:15:00 ET
Table 'Italia' 2-max Seat #2 is the button
Seat 1: echsecution ($72 in chips)
Seat 2: RAFAELO_440 ($74.50 in chips)
RAFAELO_440: posts small blind $1
echsecution: posts big blind $3
*** HOLE CARDS ***
RAFAELO_440: raises $3 to $6
echsecution: calls $3
*** FLOP *** [Js Tc 5h]
echsecution: checks
RAFAELO_440: checks
*** TURN *** [Js Tc 5h] [4c]
echsecution: bets $6
RAFAELO_440: folds
Uncalled bet ($6) returned to echsecution
echsecution collected $11.76 from pot
echsecution: doesn't show hand
*** SUMMARY ***
Total pot $12 | Rake $0.24
Board [Js Tc 5h 4c]
Seat 1: echsecution (big blind) collected ($11.76)
Seat 2: RAFAELO_440 (button) (small blind) folded on the Turn


PokerStars Hand #145219177735:  Hold'em Limit ($3/$6 USD) - 2015/12/12 7:15:09 ET
Table 'Italia' 2-max Seat #1 is the button
Seat 1: echsecution ($77.76 in chips)
Seat 2: RAFAELO_440 ($68.50 in chips)
echsecution: posts small blind $1
RAFAELO_440: posts big blind $3
*** HOLE CARDS ***
echsecution: raises $3 to $6
RAFAELO_440: calls $3
*** FLOP *** [4s 8d Td]
RAFAELO_440: checks
echsecution: bets $3
RAFAELO_440: calls $3
*** TURN *** [4s 8d Td] [5d]
RAFAELO_440: checks
echsecution: bets $6
RAFAELO_440: raises $6 to $12
echsecution: calls $6
*** RIVER *** [4s 8d Td 5d] [2c]
RAFAELO_440: bets $6
echsecution: calls $6
*** SHOW DOWN ***
RAFAELO_440: shows [9d 7d] (a flush, Ten high)
echsecution: mucks hand
RAFAELO_440 collected $53.50 from pot
*** SUMMARY ***
Total pot $54 | Rake $0.50
Board [4s 8d Td 5d 2c]
Seat 1: echsecution (button) (small blind) mucked
Seat 2: RAFAELO_440 (big blind) showed [9d 7d] and won ($53.50) with a flush, Ten high


PokerStars Hand #145219246222:  Hold'em Limit ($3/$6 USD) - 2015/12/12 7:17:09 ET
Table 'Italia' 2-max Seat #1 is the button
Seat 1: echsecution ($76 in chips)
Seat 2: RAFAELO_440 ($161.64 in chips)
echsecution: posts small blind $1
RAFAELO_440: posts big blind $3
*** HOLE CARDS ***
echsecution: raises $3 to $6
RAFAELO_440: calls $3
*** FLOP *** [3d 7h 7c]
RAFAELO_440: checks
echsecution: bets $3
RAFAELO_440: folds
Uncalled bet ($3) returned to echsecution
echsecution collected $11.76 from pot
echsecution: doesn't show hand
*** SUMMARY ***
Total pot $12 | Rake $0.24
Board [3d 7h 7c]
Seat 1: echsecution (button) (small blind) collected ($11.76)
Seat 2: RAFAELO_440 (big blind) folded on the Flop


PokerStars Hand #145219243288:  Hold'em Limit ($3/$6 USD) - 2015/12/12 7:17:04 ET
Table 'Italia' 2-max Seat #2 is the button
Seat 1: echsecution ($75 in chips)
Seat 2: RAFAELO_440 ($162.64 in chips)
RAFAELO_440: posts small blind $1
echsecution: posts big blind $3
*** HOLE CARDS ***
RAFAELO_440: folds
Uncalled bet ($2) returned to echsecution
echsecution collected $2 from pot
echsecution: doesn't show hand
*** SUMMARY ***
Total pot $2 | Rake $0
Seat 1: echsecution (big blind) collected ($2)
Seat 2: RAFAELO_440 (button) (small blind) folded before Flop


PokerStars Hand #145219240490:  Hold'em Limit ($3/$6 USD) - 2015/12/12 7:16:59 ET
Table 'Italia' 2-max Seat #1 is the button
Seat 1: echsecution ($72 in chips)
Seat 2: RAFAELO_440 ($165.64 in chips)
echsecution: posts small blind $1
RAFAELO_440: posts big blind $3
*** HOLE CARDS ***
echsecution: raises $3 to $6
RAFAELO_440: folds
Uncalled bet ($3) returned to echsecution
echsecution collected $6 from pot
echsecution: doesn't show hand
*** SUMMARY ***
Total pot $6 | Rake $0
Seat 1: echsecution (button) (small blind) collected ($6)
Seat 2: RAFAELO_440 (big blind) folded before Flop


PokerStars Hand #145219229919:  Hold'em Limit ($3/$6 USD) - 2015/12/12 7:16:40 ET
Table 'Italia' 2-max Seat #2 is the button
Seat 1: echsecution ($72 in chips)
Seat 2: RAFAELO_440 ($133.14 in chips)
RAFAELO_440: posts small blind $1
echsecution: posts big blind $3
*** HOLE CARDS ***
RAFAELO_440: calls $2
echsecution: raises $3 to $6
RAFAELO_440: calls $3
*** FLOP *** [6h 8c 4c]
echsecution: bets $3
RAFAELO_440: calls $3
*** TURN *** [6h 8c 4c] [9h]
echsecution: bets $6
RAFAELO_440: raises $6 to $12
echsecution: raises $6 to $18
RAFAELO_440: raises $6 to $24
Betting is capped
echsecution: calls $6
*** RIVER *** [6h 8c 4c 9h] [Kc]
echsecution: checks
RAFAELO_440: checks
*** SHOW DOWN ***
echsecution: shows [6d 6s] (three of a kind, Sixes)
RAFAELO_440: shows [Ts 7d] (a straight, Six to Ten)
RAFAELO_440 collected $65.50 from pot
*** SUMMARY ***
Total pot $66 | Rake $0.50
Board [6h 8c 4c 9h Kc]
Seat 1: echsecution (big blind) showed [6d 6s] and lost with three of a kind, Sixes
Seat 2: RAFAELO_440 (button) (small blind) showed [Ts 7d] and won ($65.50) with a straight, Six to Ten


PokerStars Hand #145219222155:  Hold'em Limit ($3/$6 USD) - 2015/12/12 7:16:27 ET
Table 'Italia' 2-max Seat #1 is the button
Seat 1: echsecution ($72 in chips)
Seat 2: RAFAELO_440 ($124.50 in chips)
echsecution: posts small blind $1
RAFAELO_440: posts big blind $3
*** HOLE CARDS ***
echsecution: raises $3 to $6
RAFAELO_440: calls $3
*** FLOP *** [9h Qd Kh]
RAFAELO_440: checks
echsecution: bets $3
RAFAELO_440: calls $3
*** TURN *** [9h Qd Kh] [9s]
RAFAELO_440: checks
echsecution: checks
*** RIVER *** [9h Qd Kh 9s] [4c]
RAFAELO_440: bets $6
echsecution: folds
Uncalled bet ($6) returned to RAFAELO_440
RAFAELO_440 collected $17.64 from pot
RAFAELO_440: doesn't show hand
*** SUMMARY ***
Total pot $18 | Rake $0.36
Board [9h Qd Kh 9s 4c]
Seat 1: echsecution (button) (small blind) folded on the River
Seat 2: RAFAELO_440 (big blind) collected ($17.64)


PokerStars Hand #145219187171:  Hold'em Limit ($3/$6 USD) - 2015/12/12 7:15:26 ET
Table 'Italia' 2-max Seat #2 is the button
Seat 1: echsecution ($72 in chips)
Seat 2: RAFAELO_440 ($95 in chips)
RAFAELO_440: posts small blind $1
echsecution: posts big blind $3
*** HOLE CARDS ***
RAFAELO_440: raises $3 to $6
echsecution: raises $3 to $9
RAFAELO_440: calls $3
*** FLOP *** [Ac 9s 6c]
echsecution: bets $3
RAFAELO_440: calls $3
*** TURN *** [Ac 9s 6c] [Ts]
echsecution: bets $6
RAFAELO_440 is disconnected
RAFAELO_440 is connected
RAFAELO_440: raises $6 to $12
echsecution: calls $6
*** RIVER *** [Ac 9s 6c Ts] [7d]
echsecution: checks
RAFAELO_440: bets $6
echsecution: calls $6
*** SHOW DOWN ***
RAFAELO_440: shows [As Tc] (two pair, Aces and Tens)
echsecution: mucks hand
RAFAELO_440 collected $59.50 from pot
*** SUMMARY ***
Total pot $60 | Rake $0.50
Board [Ac 9s 6c Ts 7d]
Seat 1: echsecution (big blind) mucked
Seat 2: RAFAELO_440 (button) (small blind) showed [As Tc] and won ($59.50) with two pair, Aces and Tens


PokerStars Hand #145219276698:  Hold'em Limit ($3/$6 USD) - 2015/12/12 7:18:02 ET
Table 'Italia' 2-max Seat #1 is the button
Seat 1: echsecution ($84.40 in chips)
Seat 2: RAFAELO_440 ($152.40 in chips)
echsecution: posts small blind $1
RAFAELO_440: posts big blind $3
*** HOLE CARDS ***
echsecution: folds
Uncalled bet ($2) returned to RAFAELO_440
RAFAELO_440 collected $2 from pot
RAFAELO_440: doesn't show hand
*** SUMMARY ***
Total pot $2 | Rake $0
Seat 1: echsecution (button) (small blind) folded before Flop
Seat 2: RAFAELO_440 (big blind) collected ($2)


PokerStars Hand #145219269370:  Hold'em Limit ($3/$6 USD) - 2015/12/12 7:17:49 ET
Table 'Italia' 2-max Seat #2 is the button
Seat 1: echsecution ($90.40 in chips)
Seat 2: RAFAELO_440 ($146.64 in chips)
RAFAELO_440: posts small blind $1
echsecution: posts big blind $3
*** HOLE CARDS ***
RAFAELO_440: raises $3 to $6
echsecution: calls $3
*** FLOP *** [3c 3h As]
echsecution: checks
RAFAELO_440: bets $3
echsecution: folds
Uncalled bet ($3) returned to RAFAELO_440
RAFAELO_440 collected $11.76 from pot
RAFAELO_440: doesn't show hand
*** SUMMARY ***
Total pot $12 | Rake $0.24
Board [3c 3h As]
Seat 1: echsecution (big blind) folded on the Flop
Seat 2: RAFAELO_440 (button) (small blind) collected ($11.76)


PokerStars Hand #145219263485:  Hold'em Limit ($3/$6 USD) - 2015/12/12 7:17:39 ET
Table 'Italia' 2-max Seat #1 is the button
Seat 1: echsecution ($84.64 in chips)
Seat 2: RAFAELO_440 ($152.64 in chips)
echsecution: posts small blind $1
RAFAELO_440: posts big blind $3
*** HOLE CARDS ***
echsecution: raises $3 to $6
RAFAELO_440: calls $3
*** FLOP *** [Ah 9s Jh]
RAFAELO_440: checks
echsecution: bets $3
RAFAELO_440: folds
Uncalled bet ($3) returned to echsecution
echsecution collected $11.76 from pot
echsecution: doesn't show hand
*** SUMMARY ***
Total pot $12 | Rake $0.24
Board [Ah 9s Jh]
Seat 1: echsecution (button) (small blind) collected ($11.76)
Seat 2: RAFAELO_440 (big blind) folded on the Flop


PokerStars Hand #145219250728:  Hold'em Limit ($3/$6 USD) - 2015/12/12 7:17:17 ET
Table 'Italia' 2-max Seat #2 is the button
Seat 1: echsecution ($81.76 in chips)
Seat 2: RAFAELO_440 ($155.64 in chips)
RAFAELO_440: posts small blind $1
echsecution: posts big blind $3
*** HOLE CARDS ***
RAFAELO_440: calls $2
echsecution: checks
*** FLOP *** [Kh 9s 5c]
echsecution: checks
RAFAELO_440: checks
*** TURN *** [Kh 9s 5c] [Td]
echsecution: checks
RAFAELO_440: checks
*** RIVER *** [Kh 9s 5c Td] [6d]
echsecution: bets $6
RAFAELO_440: folds
Uncalled bet ($6) returned to echsecution
echsecution collected $5.88 from pot
echsecution: doesn't show hand
*** SUMMARY ***
Total pot $6 | Rake $0.12
Board [Kh 9s 5c Td 6d]
Seat 1: echsecution (big blind) collected ($5.88)
Seat 2: RAFAELO_440 (button) (small blind) folded on the River


PokerStars Hand #145219310267:  Hold'em Limit ($3/$6 USD) - 2015/12/12 7:19:00 ET
Table 'Italia' 2-max Seat #1 is the button
Seat 1: echsecution ($98.90 in chips)
Seat 2: RAFAELO_440 ($137.16 in chips)
echsecution: posts small blind $1
RAFAELO_440: posts big blind $3
*** HOLE CARDS ***
echsecution: raises $3 to $6
RAFAELO_440: calls $3
*** FLOP *** [5c 2d 7h]
RAFAELO_440: checks
echsecution: bets $3
RAFAELO_440: calls $3
*** TURN *** [5c 2d 7h] [9h]
RAFAELO_440: checks
echsecution: bets $6
RAFAELO_440: calls $6
*** RIVER *** [5c 2d 7h 9h] [Kh]
RAFAELO_440: checks
echsecution: bets $6
RAFAELO_440: calls $6
*** SHOW DOWN ***
echsecution: shows [8d 8c] (a pair of Eights)
RAFAELO_440: mucks hand
echsecution collected $41.50 from pot
*** SUMMARY ***
Total pot $42 | Rake $0.50
Board [5c 2d 7h 9h Kh]
Seat 1: echsecution (button) (small blind) showed [8d 8c] and won ($41.50) with a pair of Eights
Seat 2: RAFAELO_440 (big blind) mucked


PokerStars Hand #145219307470:  Hold'em Limit ($3/$6 USD) - 2015/12/12 7:18:56 ET
Table 'Italia' 2-max Seat #2 is the button
Seat 1: echsecution ($97.90 in chips)
Seat 2: RAFAELO_440 ($138.16 in chips)
RAFAELO_440: posts small blind $1
echsecution: posts big blind $3
*** HOLE CARDS ***
RAFAELO_440: folds
Uncalled bet ($2) returned to echsecution
echsecution collected $2 from pot
echsecution: doesn't show hand
*** SUMMARY ***
Total pot $2 | Rake $0
Seat 1: echsecution (big blind) collected ($2)
Seat 2: RAFAELO_440 (button) (small blind) folded before Flop


PokerStars Hand #145219296578:  Hold'em Limit ($3/$6 USD) - 2015/12/12 7:18:37 ET
Table 'Italia' 2-max Seat #1 is the button
Seat 1: echsecution ($77.40 in chips)
Seat 2: RAFAELO_440 ($159.16 in chips)
echsecution: posts small blind $1
RAFAELO_440: posts big blind $3
*** HOLE CARDS ***
echsecution: raises $3 to $6
RAFAELO_440: calls $3
*** FLOP *** [Js Tc 6s]
RAFAELO_440: checks
echsecution: bets $3
RAFAELO_440: calls $3
*** TURN *** [Js Tc 6s] [Ad]
RAFAELO_440: checks
echsecution: bets $6
RAFAELO_440: calls $6
*** RIVER *** [Js Tc 6s Ad] [8c]
RAFAELO_440: checks
echsecution: bets $6
RAFAELO_440: calls $6
*** SHOW DOWN ***
echsecution: shows [6c Ah] (two pair, Aces and Sixes)
RAFAELO_440: mucks hand
echsecution collected $41.50 from pot
*** SUMMARY ***
Total pot $42 | Rake $0.50
Board [Js Tc 6s Ad 8c]
Seat 1: echsecution (button) (small blind) showed [6c Ah] and won ($41.50) with two pair, Aces and Sixes
Seat 2: RAFAELO_440 (big blind) mucked


PokerStars Hand #145219292997:  Hold'em Limit ($3/$6 USD) - 2015/12/12 7:18:30 ET
Table 'Italia' 2-max Seat #2 is the button
Seat 1: echsecution ($80.40 in chips)
Seat 2: RAFAELO_440 ($156.16 in chips)
RAFAELO_440: posts small blind $1
echsecution: posts big blind $3
*** HOLE CARDS ***
RAFAELO_440: raises $3 to $6
echsecution: folds
Uncalled bet ($3) returned to RAFAELO_440
RAFAELO_440 collected $6 from pot
RAFAELO_440: doesn't show hand
*** SUMMARY ***
Total pot $6 | Rake $0
Seat 1: echsecution (big blind) folded before Flop
Seat 2: RAFAELO_440 (button) (small blind) collected ($6)


PokerStars Hand #145219289885:  Hold'em Limit ($3/$6 USD) - 2015/12/12 7:18:25 ET
Table 'Italia' 2-max Seat #1 is the button
Seat 1: echsecution ($77.40 in chips)
Seat 2: RAFAELO_440 ($159.16 in chips)
echsecution: posts small blind $1
RAFAELO_440: posts big blind $3
*** HOLE CARDS ***
echsecution: raises $3 to $6
RAFAELO_440: folds
Uncalled bet ($3) returned to echsecution
echsecution collected $6 from pot
echsecution: doesn't show hand
*** SUMMARY ***
Total pot $6 | Rake $0
Seat 1: echsecution (button) (small blind) collected ($6)
Seat 2: RAFAELO_440 (big blind) folded before Flop


PokerStars Hand #145219280206:  Hold'em Limit ($3/$6 USD) - 2015/12/12 7:18:08 ET
Table 'Italia' 2-max Seat #2 is the button
Seat 1: echsecution ($83.40 in chips)
Seat 2: RAFAELO_440 ($153.40 in chips)
RAFAELO_440: posts small blind $1
echsecution: posts big blind $3
*** HOLE CARDS ***
RAFAELO_440: raises $3 to $6
echsecution: calls $3
*** FLOP *** [6s Qc 2h]
echsecution: checks
RAFAELO_440: checks
*** TURN *** [6s Qc 2h] [6h]
echsecution: checks
RAFAELO_440: bets $6
echsecution: folds
Uncalled bet ($6) returned to RAFAELO_440
RAFAELO_440 collected $11.76 from pot
RAFAELO_440: doesn't show hand
*** SUMMARY ***
Total pot $12 | Rake $0.24
Board [6s Qc 2h 6h]
Seat 1: echsecution (big blind) folded on the Turn
Seat 2: RAFAELO_440 (button) (small blind) collected ($11.76)


PokerStars Hand #145219346445:  Hold'em Limit ($3/$6 USD) - 2015/12/12 7:20:04 ET
Table 'Italia' 2-max Seat #2 is the button
Seat 1: echsecution ($130.66 in chips)
Seat 2: RAFAELO_440 ($103.92 in chips)
RAFAELO_440: posts small blind $1
echsecution: posts big blind $3
*** HOLE CARDS ***
RAFAELO_440: folds
Uncalled bet ($2) returned to echsecution
echsecution collected $2 from pot
echsecution: doesn't show hand
*** SUMMARY ***
Total pot $2 | Rake $0
Seat 1: echsecution (big blind) collected ($2)
Seat 2: RAFAELO_440 (button) (small blind) folded before Flop


PokerStars Hand #145219342249:  Hold'em Limit ($3/$6 USD) - 2015/12/12 7:19:57 ET
Table 'Italia' 2-max Seat #1 is the button
Seat 1: echsecution ($124.90 in chips)
Seat 2: RAFAELO_440 ($109.92 in chips)
echsecution: posts small blind $1
RAFAELO_440: posts big blind $3
*** HOLE CARDS ***
echsecution: raises $3 to $6
RAFAELO_440: calls $3
*** FLOP *** [2s Kh 3d]
RAFAELO_440: checks
echsecution: bets $3
RAFAELO_440: folds
Uncalled bet ($3) returned to echsecution
echsecution collected $11.76 from pot
echsecution: doesn't show hand
*** SUMMARY ***
Total pot $12 | Rake $0.24
Board [2s Kh 3d]
Seat 1: echsecution (button) (small blind) collected ($11.76)
Seat 2: RAFAELO_440 (big blind) folded on the Flop


PokerStars Hand #145219334741:  Hold'em Limit ($3/$6 USD) - 2015/12/12 7:19:43 ET
Table 'Italia' 2-max Seat #2 is the button
Seat 1: echsecution ($130.90 in chips)
Seat 2: RAFAELO_440 ($104.16 in chips)
RAFAELO_440: posts small blind $1
echsecution: posts big blind $3
*** HOLE CARDS ***
RAFAELO_440: raises $3 to $6
echsecution: calls $3
*** FLOP *** [5d Qh Ts]
echsecution: checks
RAFAELO_440: checks
*** TURN *** [5d Qh Ts] [Kh]
echsecution: checks
RAFAELO_440: bets $6
echsecution: folds
Uncalled bet ($6) returned to RAFAELO_440
RAFAELO_440 collected $11.76 from pot
RAFAELO_440: doesn't show hand
*** SUMMARY ***
Total pot $12 | Rake $0.24
Board [5d Qh Ts Kh]
Seat 1: echsecution (big blind) folded on the Turn
Seat 2: RAFAELO_440 (button) (small blind) collected ($11.76)


PokerStars Hand #145219324452:  Hold'em Limit ($3/$6 USD) - 2015/12/12 7:19:25 ET
Table 'Italia' 2-max Seat #1 is the button
Seat 1: echsecution ($116.40 in chips)
Seat 2: RAFAELO_440 ($119.16 in chips)
echsecution: posts small blind $1
RAFAELO_440: posts big blind $3
*** HOLE CARDS ***
echsecution: raises $3 to $6
RAFAELO_440: calls $3
*** FLOP *** [4h 9s Jh]
RAFAELO_440: checks
echsecution: bets $3
RAFAELO_440: calls $3
*** TURN *** [4h 9s Jh] [Ad]
RAFAELO_440: checks
echsecution: bets $6
RAFAELO_440: calls $6
*** RIVER *** [4h 9s Jh Ad] [2d]
RAFAELO_440: checks
echsecution: bets $6
RAFAELO_440: folds
Uncalled bet ($6) returned to echsecution
echsecution collected $29.50 from pot
echsecution: doesn't show hand
*** SUMMARY ***
Total pot $30 | Rake $0.50
Board [4h 9s Jh Ad 2d]
Seat 1: echsecution (button) (small blind) collected ($29.50)
Seat 2: RAFAELO_440 (big blind) folded on the River


PokerStars Hand #145219320336:  Hold'em Limit ($3/$6 USD) - 2015/12/12 7:19:18 ET
Table 'Italia' 2-max Seat #2 is the button
Seat 1: echsecution ($119.40 in chips)
Seat 2: RAFAELO_440 ($116.16 in chips)
RAFAELO_440: posts small blind $1
echsecution: posts big blind $3
*** HOLE CARDS ***
RAFAELO_440: raises $3 to $6
echsecution: folds
Uncalled bet ($3) returned to RAFAELO_440
RAFAELO_440 collected $6 from pot
RAFAELO_440: doesn't show hand
*** SUMMARY ***
Total pot $6 | Rake $0
Seat 1: echsecution (big blind) folded before Flop
Seat 2: RAFAELO_440 (button) (small blind) collected ($6)


PokerStars Hand #145219369280:  Hold'em Limit ($3/$6 USD) - 2015/12/12 7:20:44 ET
Table 'Italia' 2-max Seat #1 is the button
Seat 1: echsecution ($143.16 in chips)
Seat 2: RAFAELO_440 ($90.42 in chips)
echsecution: posts small blind $1
RAFAELO_440: posts big blind $3
*** HOLE CARDS ***
echsecution: raises $3 to $6
RAFAELO_440: calls $3
*** FLOP *** [9s Ad 2d]
RAFAELO_440: checks
echsecution: bets $3
RAFAELO_440: folds
Uncalled bet ($3) returned to echsecution
echsecution collected $11.76 from pot
echsecution: doesn't show hand
*** SUMMARY ***
Total pot $12 | Rake $0.24
Board [9s Ad 2d]
Seat 1: echsecution (button) (small blind) collected ($11.76)
Seat 2: RAFAELO_440 (big blind) folded on the Flop


PokerStars Hand #145219358002:  Hold'em Limit ($3/$6 USD) - 2015/12/12 7:20:24 ET
Table 'Italia' 2-max Seat #2 is the button
Seat 1: echsecution ($116.66 in chips)
Seat 2: RAFAELO_440 ($117.42 in chips)
RAFAELO_440: posts small blind $1
echsecution: posts big blind $3
*** HOLE CARDS ***
RAFAELO_440: raises $3 to $6
echsecution: calls $3
*** FLOP *** [8d Th 5s]
echsecution: checks
RAFAELO_440: bets $3
echsecution: calls $3
*** TURN *** [8d Th 5s] [3d]
echsecution: checks
RAFAELO_440: bets $6
echsecution: calls $6
*** RIVER *** [8d Th 5s 3d] [7c]
echsecution: checks
RAFAELO_440: bets $6
echsecution: raises $6 to $12
RAFAELO_440: calls $6
*** SHOW DOWN ***
echsecution: shows [7d 8h] (two pair, Eights and Sevens)
RAFAELO_440: mucks hand
echsecution collected $53.50 from pot
*** SUMMARY ***
Total pot $54 | Rake $0.50
Board [8d Th 5s 3d 7c]
Seat 1: echsecution (big blind) showed [7d 8h] and won ($53.50) with two pair, Eights and Sevens
Seat 2: RAFAELO_440 (button) (small blind) mucked


PokerStars Hand #145219349060:  Hold'em Limit ($3/$6 USD) - 2015/12/12 7:20:09 ET
Table 'Italia' 2-max Seat #1 is the button
Seat 1: echsecution ($131.66 in chips)
Seat 2: RAFAELO_440 ($102.92 in chips)
echsecution: posts small blind $1
RAFAELO_440: posts big blind $3
*** HOLE CARDS ***
echsecution: raises $3 to $6
RAFAELO_440: calls $3
*** FLOP *** [7d 2c 2d]
RAFAELO_440: checks
echsecution: bets $3
RAFAELO_440: calls $3
*** TURN *** [7d 2c 2d] [Jh]
RAFAELO_440: checks
echsecution: checks
*** RIVER *** [7d 2c 2d Jh] [Kh]
RAFAELO_440: bets $6
echsecution: calls $6
*** SHOW DOWN ***
RAFAELO_440: shows [Jd Ts] (two pair, Jacks and Deuces)
echsecution: mucks hand
RAFAELO_440 collected $29.50 from pot
*** SUMMARY ***
Total pot $30 | Rake $0.50
Board [7d 2c 2d Jh Kh]
Seat 1: echsecution (button) (small blind) mucked
Seat 2: RAFAELO_440 (big blind) showed [Jd Ts] and won ($29.50) with two pair, Jacks and Deuces


PokerStars Hand #145219375617:  Hold'em Limit ($3/$6 USD) - 2015/12/12 7:20:55 ET
Table 'Italia' 2-max Seat #2 is the button
Seat 1: echsecution ($148.92 in chips)
Seat 2: RAFAELO_440 ($84.42 in chips)
RAFAELO_440: posts small blind $1
echsecution: posts big blind $3
*** HOLE CARDS ***
RAFAELO_440: raises $3 to $6
echsecution: calls $3
*** FLOP *** [3c 5d 5c]
echsecution: checks
RAFAELO_440: checks
*** TURN *** [3c 5d 5c] [2s]
echsecution: bets $6
RAFAELO_440: calls $6
*** RIVER *** [3c 5d 5c 2s] [8h]
echsecution: bets $6
RAFAELO_440: folds
Uncalled bet ($6) returned to echsecution
echsecution collected $23.52 from pot
echsecution: doesn't show hand
*** SUMMARY ***
Total pot $24 | Rake $0.48
Board [3c 5d 5c 2s 8h]
Seat 1: echsecution (big blind) collected ($23.52)
Seat 2: RAFAELO_440 (button) (small blind) folded on the River


PokerStars Hand #145219392043:  Hold'em Limit ($3/$6 USD) - 2015/12/12 7:21:23 ET
Table 'Italia' 2-max Seat #2 is the button
Seat 1: echsecution ($154.44 in chips)
Seat 2: RAFAELO_440 ($78.18 in chips)
RAFAELO_440: posts small blind $1
echsecution: posts big blind $3
*** HOLE CARDS ***
RAFAELO_440: raises $3 to $6
echsecution: raises $3 to $9
RAFAELO_440: calls $3
*** FLOP *** [6d 2s Js]
echsecution: bets $3
RAFAELO_440: calls $3
*** TURN *** [6d 2s Js] [Kh]
echsecution: checks
RAFAELO_440: checks
*** RIVER *** [6d 2s Js Kh] [8h]
echsecution: checks
RAFAELO_440: bets $6
echsecution: calls $6
*** SHOW DOWN ***
RAFAELO_440: shows [9d Qs] (high card King)
echsecution: shows [Ac Qh] (high card Ace)
echsecution collected $35.50 from pot
*** SUMMARY ***
Total pot $36 | Rake $0.50
Board [6d 2s Js Kh 8h]
Seat 1: echsecution (big blind) showed [Ac Qh] and won ($35.50) with high card Ace
Seat 2: RAFAELO_440 (button) (small blind) showed [9d Qs] and lost with high card King


PokerStars Hand #145219383861:  Hold'em Limit ($3/$6 USD) - 2015/12/12 7:21:09 ET
Table 'Italia' 2-max Seat #1 is the button
Seat 1: echsecution ($160.44 in chips)
Seat 2: RAFAELO_440 ($72.42 in chips)
echsecution: posts small blind $1
RAFAELO_440: posts big blind $3
*** HOLE CARDS ***
echsecution: raises $3 to $6
RAFAELO_440: calls $3
*** FLOP *** [8h 7s Td]
RAFAELO_440: checks
echsecution: checks
*** TURN *** [8h 7s Td] [6d]
RAFAELO_440: checks
echsecution: checks
*** RIVER *** [8h 7s Td 6d] [Th]
RAFAELO_440: bets $6
echsecution: folds
Uncalled bet ($6) returned to RAFAELO_440
RAFAELO_440 collected $11.76 from pot
RAFAELO_440: doesn't show hand
*** SUMMARY ***
Total pot $12 | Rake $0.24
Board [8h 7s Td 6d Th]
Seat 1: echsecution (button) (small blind) folded on the River
Seat 2: RAFAELO_440 (big blind) collected ($11.76)


PokerStars Hand #145219401463:  Hold'em Limit ($3/$6 USD) - 2015/12/12 7:21:40 ET
Table 'Italia' 2-max Seat #1 is the button
Seat 1: echsecution ($171.94 in chips)
Seat 2: RAFAELO_440 ($60.18 in chips)
echsecution: posts small blind $1
RAFAELO_440: posts big blind $3
*** HOLE CARDS ***
echsecution: raises $3 to $6
RAFAELO_440: raises $3 to $9
echsecution: calls $3
*** FLOP *** [4c 5s Tc]
RAFAELO_440: bets $3
echsecution: raises $3 to $6
RAFAELO_440: calls $3
*** TURN *** [4c 5s Tc] [3d]
RAFAELO_440: checks
echsecution: bets $6
RAFAELO_440: raises $6 to $12
echsecution: calls $6
*** RIVER *** [4c 5s Tc 3d] [Kd]
RAFAELO_440: bets $6
echsecution: calls $6
*** SHOW DOWN ***
RAFAELO_440: shows [3h 3s] (three of a kind, Threes)
echsecution: mucks hand
RAFAELO_440 collected $65.50 from pot
*** SUMMARY ***
Total pot $66 | Rake $0.50
Board [4c 5s Tc 3d Kd]
Seat 1: echsecution (button) (small blind) mucked
Seat 2: RAFAELO_440 (big blind) showed [3h 3s] and won ($65.50) with three of a kind, Threes


PokerStars Hand #145219438452:  Hold'em Limit ($3/$6 USD) - 2015/12/12 7:22:44 ET
Table 'Italia' 2-max Seat #2 is the button
Seat 1: echsecution ($150.44 in chips)
Seat 2: RAFAELO_440 ($80.56 in chips)
RAFAELO_440: posts small blind $1
echsecution: posts big blind $3
*** HOLE CARDS ***
RAFAELO_440: raises $3 to $6
echsecution: calls $3
*** FLOP *** [Jd 5s As]
echsecution: checks
RAFAELO_440: bets $3
echsecution: calls $3
*** TURN *** [Jd 5s As] [5h]
echsecution: checks
RAFAELO_440: checks
*** RIVER *** [Jd 5s As 5h] [Kh]
echsecution: bets $6
RAFAELO_440: calls $6
*** SHOW DOWN ***
echsecution: shows [Js 9d] (two pair, Jacks and Fives)
RAFAELO_440: shows [Th Kd] (two pair, Kings and Fives)
RAFAELO_440 collected $29.50 from pot
*** SUMMARY ***
Total pot $30 | Rake $0.50
Board [Jd 5s As 5h Kh]
Seat 1: echsecution (big blind) showed [Js 9d] and lost with two pair, Jacks and Fives
Seat 2: RAFAELO_440 (button) (small blind) showed [Th Kd] and won ($29.50) with two pair, Kings and Fives


PokerStars Hand #145219422236:  Hold'em Limit ($3/$6 USD) - 2015/12/12 7:22:16 ET
Table 'Italia' 2-max Seat #1 is the button
Seat 1: echsecution ($135.94 in chips)
Seat 2: RAFAELO_440 ($95.56 in chips)
echsecution: posts small blind $1
RAFAELO_440: posts big blind $3
*** HOLE CARDS ***
echsecution: raises $3 to $6
RAFAELO_440: calls $3
*** FLOP *** [7s Kh 3c]
RAFAELO_440: checks
echsecution: bets $3
RAFAELO_440: calls $3
*** TURN *** [7s Kh 3c] [9h]
RAFAELO_440: checks
echsecution: bets $6
RAFAELO_440: calls $6
*** RIVER *** [7s Kh 3c 9h] [Js]
RAFAELO_440: checks
echsecution: checks
*** SHOW DOWN ***
RAFAELO_440: shows [7d 4s] (a pair of Sevens)
echsecution: shows [6s 9s] (a pair of Nines)
echsecution collected $29.50 from pot
*** SUMMARY ***
Total pot $30 | Rake $0.50
Board [7s Kh 3c 9h Js]
Seat 1: echsecution (button) (small blind) showed [6s 9s] and won ($29.50) with a pair of Nines
Seat 2: RAFAELO_440 (big blind) showed [7d 4s] and lost with a pair of Sevens


PokerStars Hand #145219413703:  Hold'em Limit ($3/$6 USD) - 2015/12/12 7:22:02 ET
Table 'Italia' 2-max Seat #2 is the button
Seat 1: echsecution ($138.94 in chips)
Seat 2: RAFAELO_440 ($92.68 in chips)
RAFAELO_440: posts small blind $1
echsecution: posts big blind $3
*** HOLE CARDS ***
RAFAELO_440: calls $2
echsecution: checks
*** FLOP *** [9c 6c Kc]
echsecution: checks
RAFAELO_440: bets $3
echsecution: folds
Uncalled bet ($3) returned to RAFAELO_440
RAFAELO_440 collected $5.88 from pot
RAFAELO_440: doesn't show hand
*** SUMMARY ***
Total pot $6 | Rake $0.12
Board [9c 6c Kc]
Seat 1: echsecution (big blind) folded on the Flop
Seat 2: RAFAELO_440 (button) (small blind) collected ($5.88)


PokerStars Hand #145219469340:  Hold'em Limit ($3/$6 USD) - 2015/12/12 7:23:39 ET
Table 'Italia' 2-max Seat #1 is the button
Seat 1: echsecution ($146.96 in chips)
Seat 2: RAFAELO_440 ($83.06 in chips)
echsecution: posts small blind $1
RAFAELO_440: posts big blind $3
*** HOLE CARDS ***
echsecution: raises $3 to $6
RAFAELO_440: calls $3
*** FLOP *** [Js Qh 7c]
RAFAELO_440: checks
echsecution: bets $3
RAFAELO_440: folds
Uncalled bet ($3) returned to echsecution
echsecution collected $11.76 from pot
echsecution: doesn't show hand
*** SUMMARY ***
Total pot $12 | Rake $0.24
Board [Js Qh 7c]
Seat 1: echsecution (button) (small blind) collected ($11.76)
Seat 2: RAFAELO_440 (big blind) folded on the Flop


PokerStars Hand #145219463651:  Hold'em Limit ($3/$6 USD) - 2015/12/12 7:23:29 ET
Table 'Italia' 2-max Seat #2 is the button
Seat 1: echsecution ($141.20 in chips)
Seat 2: RAFAELO_440 ($89.06 in chips)
RAFAELO_440: posts small blind $1
echsecution: posts big blind $3
*** HOLE CARDS ***
RAFAELO_440: raises $3 to $6
echsecution: calls $3
*** FLOP *** [4c 6d 4d]
echsecution: checks
RAFAELO_440: checks
*** TURN *** [4c 6d 4d] [2c]
echsecution: bets $6
RAFAELO_440: folds
Uncalled bet ($6) returned to echsecution
echsecution collected $11.76 from pot
echsecution: doesn't show hand
*** SUMMARY ***
Total pot $12 | Rake $0.24
Board [4c 6d 4d 2c]
Seat 1: echsecution (big blind) collected ($11.76)
Seat 2: RAFAELO_440 (button) (small blind) folded on the Turn


PokerStars Hand #145219447566:  Hold'em Limit ($3/$6 USD) - 2015/12/12 7:23:00 ET
Table 'Italia' 2-max Seat #1 is the button
Seat 1: echsecution ($135.44 in chips)
Seat 2: RAFAELO_440 ($95.06 in chips)
echsecution: posts small blind $1
RAFAELO_440: posts big blind $3
*** HOLE CARDS ***
echsecution: raises $3 to $6
RAFAELO_440: calls $3
*** FLOP *** [Kh Ts 9h]
RAFAELO_440: checks
echsecution: bets $3
RAFAELO_440 is disconnected
RAFAELO_440 has timed out while disconnected
RAFAELO_440: folds
Uncalled bet ($3) returned to echsecution
echsecution collected $11.76 from pot
echsecution: doesn't show hand
*** SUMMARY ***
Total pot $12 | Rake $0.24
Board [Kh Ts 9h]
Seat 1: echsecution (button) (small blind) collected ($11.76)
Seat 2: RAFAELO_440 (big blind) folded on the Flop


PokerStars Hand #145219473734:  Hold'em Limit ($3/$6 USD) - 2015/12/12 7:23:46 ET
Table 'Italia' 2-max Seat #2 is the button
Seat 1: echsecution ($152.72 in chips)
Seat 2: RAFAELO_440 ($77.06 in chips)
RAFAELO_440: posts small blind $1
echsecution: posts big blind $3
*** HOLE CARDS ***
RAFAELO_440: raises $3 to $6
echsecution: raises $3 to $9
RAFAELO_440: calls $3
*** FLOP *** [Kc 3d 9d]
echsecution: bets $3
RAFAELO_440: calls $3
*** TURN *** [Kc 3d 9d] [2h]
echsecution: bets $6
RAFAELO_440: calls $6
*** RIVER *** [Kc 3d 9d 2h] [7h]
echsecution: bets $6
RAFAELO_440: calls $6
*** SHOW DOWN ***
echsecution: shows [6c 6d] (a pair of Sixes)
RAFAELO_440: mucks hand
echsecution collected $47.50 from pot
*** SUMMARY ***
Total pot $48 | Rake $0.50
Board [Kc 3d 9d 2h 7h]
Seat 1: echsecution (big blind) showed [6c 6d] and won ($47.50) with a pair of Sixes
Seat 2: RAFAELO_440 (button) (small blind) mucked


PokerStars Hand #145219511541:  Hold'em Limit ($3/$6 USD) - 2015/12/12 7:24:52 ET
Table 'Italia' 2-max Seat #1 is the button
Seat 1: echsecution ($199.24 in chips)
Seat 2: RAFAELO_440 ($28.82 in chips)
echsecution: posts small blind $1
RAFAELO_440: posts big blind $3
*** HOLE CARDS ***
echsecution: raises $3 to $6
RAFAELO_440: folds
Uncalled bet ($3) returned to echsecution
echsecution collected $6 from pot
echsecution: doesn't show hand
*** SUMMARY ***
Total pot $6 | Rake $0
Seat 1: echsecution (button) (small blind) collected ($6)
Seat 2: RAFAELO_440 (big blind) folded before Flop


PokerStars Hand #145219508590:  Hold'em Limit ($3/$6 USD) - 2015/12/12 7:24:47 ET
Table 'Italia' 2-max Seat #2 is the button
Seat 1: echsecution ($202.24 in chips)
Seat 2: RAFAELO_440 ($25.82 in chips)
RAFAELO_440: posts small blind $1
echsecution: posts big blind $3
*** HOLE CARDS ***
RAFAELO_440: raises $3 to $6
echsecution: folds
Uncalled bet ($3) returned to RAFAELO_440
RAFAELO_440 collected $6 from pot
RAFAELO_440: doesn't show hand
*** SUMMARY ***
Total pot $6 | Rake $0
Seat 1: echsecution (big blind) folded before Flop
Seat 2: RAFAELO_440 (button) (small blind) collected ($6)


PokerStars Hand #145219504257:  Hold'em Limit ($3/$6 USD) - 2015/12/12 7:24:40 ET
Table 'Italia' 2-max Seat #1 is the button
Seat 1: echsecution ($196.48 in chips)
Seat 2: RAFAELO_440 ($31.82 in chips)
echsecution: posts small blind $1
RAFAELO_440: posts big blind $3
*** HOLE CARDS ***
echsecution: raises $3 to $6
RAFAELO_440: calls $3
*** FLOP *** [As Ts Kc]
RAFAELO_440: checks
echsecution: bets $3
RAFAELO_440: folds
Uncalled bet ($3) returned to echsecution
echsecution collected $11.76 from pot
echsecution: doesn't show hand
*** SUMMARY ***
Total pot $12 | Rake $0.24
Board [As Ts Kc]
Seat 1: echsecution (button) (small blind) collected ($11.76)
Seat 2: RAFAELO_440 (big blind) folded on the Flop


PokerStars Hand #145219499934:  Hold'em Limit ($3/$6 USD) - 2015/12/12 7:24:32 ET
Table 'Italia' 2-max Seat #2 is the button
Seat 1: echsecution ($202.48 in chips)
Seat 2: RAFAELO_440 ($26.06 in chips)
RAFAELO_440: posts small blind $1
echsecution: posts big blind $3
*** HOLE CARDS ***
RAFAELO_440: raises $3 to $6
echsecution: calls $3
*** FLOP *** [3h 5d Qc]
echsecution: checks
RAFAELO_440: bets $3
echsecution: folds
Uncalled bet ($3) returned to RAFAELO_440
RAFAELO_440 collected $11.76 from pot
RAFAELO_440: doesn't show hand
*** SUMMARY ***
Total pot $12 | Rake $0.24
Board [3h 5d Qc]
Seat 1: echsecution (big blind) folded on the Flop
Seat 2: RAFAELO_440 (button) (small blind) collected ($11.76)


PokerStars Hand #145219495994:  Hold'em Limit ($3/$6 USD) - 2015/12/12 7:24:25 ET
Table 'Italia' 2-max Seat #1 is the button
Seat 1: echsecution ($196.72 in chips)
Seat 2: RAFAELO_440 ($32.06 in chips)
echsecution: posts small blind $1
RAFAELO_440: posts big blind $3
*** HOLE CARDS ***
echsecution: raises $3 to $6
RAFAELO_440: calls $3
*** FLOP *** [Jh 3d Qs]
RAFAELO_440: checks
echsecution: bets $3
RAFAELO_440: folds
Uncalled bet ($3) returned to echsecution
echsecution collected $11.76 from pot
echsecution: doesn't show hand
*** SUMMARY ***
Total pot $12 | Rake $0.24
Board [Jh 3d Qs]
Seat 1: echsecution (button) (small blind) collected ($11.76)
Seat 2: RAFAELO_440 (big blind) folded on the Flop


PokerStars Hand #145219488314:  Hold'em Limit ($3/$6 USD) - 2015/12/12 7:24:12 ET
Table 'Italia' 2-max Seat #2 is the button
Seat 1: echsecution ($179.22 in chips)
Seat 2: RAFAELO_440 ($50.06 in chips)
RAFAELO_440: posts small blind $1
echsecution: posts big blind $3
*** HOLE CARDS ***
RAFAELO_440: raises $3 to $6
echsecution: raises $3 to $9
RAFAELO_440: calls $3
*** FLOP *** [3s 5d Kd]
echsecution: bets $3
RAFAELO_440: calls $3
*** TURN *** [3s 5d Kd] [Ts]
echsecution: bets $6
RAFAELO_440: calls $6
*** RIVER *** [3s 5d Kd Ts] [7s]
echsecution: bets $6
RAFAELO_440: folds
Uncalled bet ($6) returned to echsecution
echsecution collected $35.50 from pot
echsecution: doesn't show hand
*** SUMMARY ***
Total pot $36 | Rake $0.50
Board [3s 5d Kd Ts 7s]
Seat 1: echsecution (big blind) collected ($35.50)
Seat 2: RAFAELO_440 (button) (small blind) folded on the River


PokerStars Hand #145219485487:  Hold'em Limit ($3/$6 USD) - 2015/12/12 7:24:07 ET
Table 'Italia' 2-max Seat #1 is the button
Seat 1: echsecution ($176.22 in chips)
Seat 2: RAFAELO_440 ($53.06 in chips)
echsecution: posts small blind $1
RAFAELO_440: posts big blind $3
*** HOLE CARDS ***
echsecution: raises $3 to $6
RAFAELO_440: folds
Uncalled bet ($3) returned to echsecution
echsecution collected $6 from pot
echsecution: doesn't show hand
*** SUMMARY ***
Total pot $6 | Rake $0
Seat 1: echsecution (button) (small blind) collected ($6)
Seat 2: RAFAELO_440 (big blind) folded before Flop


PokerStars Hand #145219541729:  Hold'em Limit ($3/$6 USD) - 2015/12/12 7:25:45 ET
Table 'Italia' 2-max Seat #2 is the button
Seat 1: echsecution ($152.42 in chips)
Seat 2: RAFAELO_440 ($74.64 in chips)
RAFAELO_440: posts small blind $1
echsecution: posts big blind $3
*** HOLE CARDS ***
RAFAELO_440: raises $3 to $6
echsecution: folds
Uncalled bet ($3) returned to RAFAELO_440
RAFAELO_440 collected $6 from pot
RAFAELO_440: doesn't show hand
*** SUMMARY ***
Total pot $6 | Rake $0
Seat 1: echsecution (big blind) folded before Flop
Seat 2: RAFAELO_440 (button) (small blind) collected ($6)


PokerStars Hand #145219538388:  Hold'em Limit ($3/$6 USD) - 2015/12/12 7:25:39 ET
Table 'Italia' 2-max Seat #1 is the button
Seat 1: echsecution ($153.42 in chips)
Seat 2: RAFAELO_440 ($73.64 in chips)
echsecution: posts small blind $1
RAFAELO_440: posts big blind $3
*** HOLE CARDS ***
echsecution: folds
Uncalled bet ($2) returned to RAFAELO_440
RAFAELO_440 collected $2 from pot
RAFAELO_440: doesn't show hand
*** SUMMARY ***
Total pot $2 | Rake $0
Seat 1: echsecution (button) (small blind) folded before Flop
Seat 2: RAFAELO_440 (big blind) collected ($2)


PokerStars Hand #145219535663:  Hold'em Limit ($3/$6 USD) - 2015/12/12 7:25:34 ET
Table 'Italia' 2-max Seat #2 is the button
Seat 1: echsecution ($152.42 in chips)
Seat 2: RAFAELO_440 ($74.64 in chips)
RAFAELO_440: posts small blind $1
echsecution: posts big blind $3
*** HOLE CARDS ***
RAFAELO_440: folds
Uncalled bet ($2) returned to echsecution
echsecution collected $2 from pot
echsecution: doesn't show hand
*** SUMMARY ***
Total pot $2 | Rake $0
Seat 1: echsecution (big blind) collected ($2)
Seat 2: RAFAELO_440 (button) (small blind) folded before Flop


PokerStars Hand #145219523753:  Hold'em Limit ($3/$6 USD) - 2015/12/12 7:25:13 ET
Table 'Italia' 2-max Seat #1 is the button
Seat 1: echsecution ($176.42 in chips)
Seat 2: RAFAELO_440 ($51.14 in chips)
echsecution: posts small blind $1
RAFAELO_440: posts big blind $3
*** HOLE CARDS ***
echsecution: raises $3 to $6
RAFAELO_440: calls $3
*** FLOP *** [6s Jd 8h]
RAFAELO_440: checks
echsecution: bets $3
RAFAELO_440: raises $3 to $6
echsecution: calls $3
*** TURN *** [6s Jd 8h] [4d]
RAFAELO_440: checks
echsecution: bets $6
RAFAELO_440: raises $6 to $12
echsecution: calls $6
*** RIVER *** [6s Jd 8h 4d] [Kd]
RAFAELO_440: bets $6
echsecution: folds
Uncalled bet ($6) returned to RAFAELO_440
RAFAELO_440 collected $47.50 from pot
RAFAELO_440: doesn't show hand
*** SUMMARY ***
Total pot $48 | Rake $0.50
Board [6s Jd 8h 4d Kd]
Seat 1: echsecution (button) (small blind) folded on the River
Seat 2: RAFAELO_440 (big blind) collected ($47.50)


PokerStars Hand #145219514321:  Hold'em Limit ($3/$6 USD) - 2015/12/12 7:24:57 ET
Table 'Italia' 2-max Seat #2 is the button
Seat 1: echsecution ($202.24 in chips)
Seat 2: RAFAELO_440 ($25.82 in chips)
RAFAELO_440: posts small blind $1
echsecution: posts big blind $3
*** HOLE CARDS ***
RAFAELO_440: raises $3 to $6
echsecution: raises $3 to $9
RAFAELO_440: calls $3
*** FLOP *** [4s 5s 6d]
echsecution: bets $3
RAFAELO_440: raises $3 to $6
echsecution: calls $3
*** TURN *** [4s 5s 6d] [2s]
echsecution: bets $6
RAFAELO_440: raises $4.82 to $10.82 and is all-in
echsecution: calls $4.82
*** RIVER *** [4s 5s 6d 2s] [9h]
*** SHOW DOWN ***
echsecution: shows [2d 2h] (three of a kind, Deuces)
RAFAELO_440: shows [Jc 3h] (a straight, Deuce to Six)
RAFAELO_440 collected $51.14 from pot
*** SUMMARY ***
Total pot $51.64 | Rake $0.50
Board [4s 5s 6d 2s 9h]
Seat 1: echsecution (big blind) showed [2d 2h] and lost with three of a kind, Deuces
Seat 2: RAFAELO_440 (button) (small blind) showed [Jc 3h] and won ($51.14) with a straight, Deuce to Six


PokerStars Hand #145219544653:  Hold'em Limit ($3/$6 USD) - 2015/12/12 7:25:50 ET
Table 'Italia' 2-max Seat #1 is the button
Seat 1: echsecution ($149.42 in chips)
Seat 2: RAFAELO_440 ($77.64 in chips)
echsecution: posts small blind $1
RAFAELO_440: posts big blind $3
*** HOLE CARDS ***
echsecution: raises $3 to $6
RAFAELO_440: calls $3
*** FLOP *** [Tc 9d 8s]
RAFAELO_440: checks
echsecution: bets $3
RAFAELO_440: calls $3
*** TURN *** [Tc 9d 8s] [Kc]
RAFAELO_440: checks
echsecution: checks
*** RIVER *** [Tc 9d 8s Kc] [Qc]
RAFAELO_440: bets $6
echsecution: raises $6 to $12
RAFAELO_440: calls $6
*** SHOW DOWN ***
echsecution: shows [Ah Jc] (a straight, Ten to Ace)
RAFAELO_440: mucks hand
echsecution collected $41.50 from pot
*** SUMMARY ***
Total pot $42 | Rake $0.50
Board [Tc 9d 8s Kc Qc]
Seat 1: echsecution (button) (small blind) showed [Ah Jc] and won ($41.50) with a straight, Ten to Ace
Seat 2: RAFAELO_440 (big blind) mucked


PokerStars Hand #145219575683:  Hold'em Limit ($3/$6 USD) - 2015/12/12 7:26:44 ET
Table 'Italia' 2-max Seat #1 is the button
Seat 1: echsecution ($189.94 in chips)
Seat 2: RAFAELO_440 ($35.40 in chips)
echsecution: posts small blind $1
RAFAELO_440: posts big blind $3
*** HOLE CARDS ***
echsecution: raises $3 to $6
RAFAELO_440: calls $3
*** FLOP *** [Ts 5d 8d]
RAFAELO_440: checks
echsecution: checks
*** TURN *** [Ts 5d 8d] [7s]
RAFAELO_440: bets $6
echsecution: calls $6
*** RIVER *** [Ts 5d 8d 7s] [9h]
RAFAELO_440: bets $6
echsecution: raises $6 to $12
RAFAELO_440: folds
Uncalled bet ($6) returned to echsecution
echsecution collected $35.50 from pot
echsecution: doesn't show hand
*** SUMMARY ***
Total pot $36 | Rake $0.50
Board [Ts 5d 8d 7s 9h]
Seat 1: echsecution (button) (small blind) collected ($35.50)
Seat 2: RAFAELO_440 (big blind) folded on the River


PokerStars Hand #145219571137:  Hold'em Limit ($3/$6 USD) - 2015/12/12 7:26:36 ET
Table 'Italia' 2-max Seat #2 is the button
Seat 1: echsecution ($195.94 in chips)
Seat 2: RAFAELO_440 ($29.64 in chips)
RAFAELO_440: posts small blind $1
echsecution: posts big blind $3
*** HOLE CARDS ***
RAFAELO_440: raises $3 to $6
echsecution: calls $3
*** FLOP *** [Ah 2s Th]
echsecution: checks
RAFAELO_440: bets $3
echsecution: folds
Uncalled bet ($3) returned to RAFAELO_440
RAFAELO_440 collected $11.76 from pot
RAFAELO_440: doesn't show hand
*** SUMMARY ***
Total pot $12 | Rake $0.24
Board [Ah 2s Th]
Seat 1: echsecution (big blind) folded on the Flop
Seat 2: RAFAELO_440 (button) (small blind) collected ($11.76)


PokerStars Hand #145219561397:  Hold'em Limit ($3/$6 USD) - 2015/12/12 7:26:19 ET
Table 'Italia' 2-max Seat #1 is the button
Seat 1: echsecution ($181.44 in chips)
Seat 2: RAFAELO_440 ($44.64 in chips)
echsecution: posts small blind $1
RAFAELO_440: posts big blind $3
*** HOLE CARDS ***
echsecution: raises $3 to $6
RAFAELO_440: calls $3
*** FLOP *** [Td 8c 9h]
RAFAELO_440: checks
echsecution: bets $3
RAFAELO_440: calls $3
*** TURN *** [Td 8c 9h] [6d]
RAFAELO_440: checks
echsecution: checks
*** RIVER *** [Td 8c 9h 6d] [As]
RAFAELO_440: bets $6
echsecution: calls $6
*** SHOW DOWN ***
RAFAELO_440: shows [5d 6h] (a pair of Sixes)
echsecution: shows [Jd 9d] (a pair of Nines)
echsecution collected $29.50 from pot
*** SUMMARY ***
Total pot $30 | Rake $0.50
Board [Td 8c 9h 6d As]
Seat 1: echsecution (button) (small blind) showed [Jd 9d] and won ($29.50) with a pair of Nines
Seat 2: RAFAELO_440 (big blind) showed [5d 6h] and lost with a pair of Sixes


PokerStars Hand #145219553983:  Hold'em Limit ($3/$6 USD) - 2015/12/12 7:26:06 ET
Table 'Italia' 2-max Seat #2 is the button
Seat 1: echsecution ($169.92 in chips)
Seat 2: RAFAELO_440 ($56.64 in chips)
RAFAELO_440: posts small blind $1
echsecution: posts big blind $3
*** HOLE CARDS ***
RAFAELO_440: raises $3 to $6
echsecution: calls $3
*** FLOP *** [Qh As Js]
echsecution: checks
RAFAELO_440: checks
*** TURN *** [Qh As Js] [9s]
echsecution: bets $6
RAFAELO_440: calls $6
*** RIVER *** [Qh As Js 9s] [Kd]
echsecution: bets $6
RAFAELO_440: folds
Uncalled bet ($6) returned to echsecution
echsecution collected $23.52 from pot
echsecution: doesn't show hand
*** SUMMARY ***
Total pot $24 | Rake $0.48
Board [Qh As Js 9s Kd]
Seat 1: echsecution (big blind) collected ($23.52)
Seat 2: RAFAELO_440 (button) (small blind) folded on the River


PokerStars Hand #145219583308:  Hold'em Limit ($3/$6 USD) - 2015/12/12 7:26:57 ET
Table 'Italia' 2-max Seat #2 is the button
Seat 1: echsecution ($207.44 in chips)
Seat 2: RAFAELO_440 ($17.40 in chips)
RAFAELO_440: posts small blind $1
echsecution: posts big blind $3
*** HOLE CARDS ***
RAFAELO_440: raises $3 to $6
echsecution: calls $3
*** FLOP *** [5h 2h Kd]
echsecution: checks
RAFAELO_440: checks
*** TURN *** [5h 2h Kd] [Ad]
echsecution: bets $6
RAFAELO_440: folds
Uncalled bet ($6) returned to echsecution
echsecution collected $11.76 from pot
echsecution: doesn't show hand
*** SUMMARY ***
Total pot $12 | Rake $0.24
Board [5h 2h Kd Ad]
Seat 1: echsecution (big blind) collected ($11.76)
Seat 2: RAFAELO_440 (button) (small blind) folded on the Turn


PokerStars Hand #145219595783:  Hold'em Limit ($3/$6 USD) - 2015/12/12 7:27:19 ET
Table 'Italia' 2-max Seat #2 is the button
Seat 1: echsecution ($201.80 in chips)
Seat 2: RAFAELO_440 ($22.34 in chips)
RAFAELO_440: posts small blind $1
echsecution: posts big blind $3
*** HOLE CARDS ***
RAFAELO_440: raises $3 to $6
echsecution: raises $3 to $9
RAFAELO_440: raises $3 to $12
Betting is capped
echsecution: calls $3
*** FLOP *** [2s 3h 3s]
echsecution: bets $3
RAFAELO_440: raises $3 to $6
echsecution: raises $3 to $9
RAFAELO_440: raises $1.34 to $10.34 and is all-in
Betting is capped
echsecution: calls $1.34
*** TURN *** [2s 3h 3s] [6c]
*** RIVER *** [2s 3h 3s 6c] [3c]
*** SHOW DOWN ***
echsecution: shows [8s 8h] (a full house, Threes full of Eights)
RAFAELO_440: shows [Kd Ts] (three of a kind, Threes)
echsecution collected $44.18 from pot
*** SUMMARY ***
Total pot $44.68 | Rake $0.50
Board [2s 3h 3s 6c 3c]
Seat 1: echsecution (big blind) showed [8s 8h] and won ($44.18) with a full house, Threes full of Eights
Seat 2: RAFAELO_440 (button) (small blind) showed [Kd Ts] and lost with three of a kind, Threes


PokerStars Hand #145219587926:  Hold'em Limit ($3/$6 USD) - 2015/12/12 7:27:05 ET
Table 'Italia' 2-max Seat #1 is the button
Seat 1: echsecution ($213.20 in chips)
Seat 2: RAFAELO_440 ($11.40 in chips)
echsecution: posts small blind $1
RAFAELO_440: posts big blind $3
*** HOLE CARDS ***
echsecution: raises $3 to $6
RAFAELO_440: raises $3 to $9
echsecution: raises $3 to $12
Betting is capped
RAFAELO_440: calls $2.40 and is all-in
Uncalled bet ($0.60) returned to echsecution
*** FLOP *** [Ac 7h 2s]
*** TURN *** [Ac 7h 2s] [2c]
*** RIVER *** [Ac 7h 2s 2c] [8d]
*** SHOW DOWN ***
RAFAELO_440: shows [4h 4d] (two pair, Fours and Deuces)
echsecution: shows [Jc 9d] (a pair of Deuces)
RAFAELO_440 collected $22.34 from pot
*** SUMMARY ***
Total pot $22.80 | Rake $0.46
Board [Ac 7h 2s 2c 8d]
Seat 1: echsecution (button) (small blind) showed [Jc 9d] and lost with a pair of Deuces
Seat 2: RAFAELO_440 (big blind) showed [4h 4d] and won ($22.34) with two pair, Fours and Deuces


