PokerStars Hand #151602252178:  Hold'em Limit ($3/$6 USD) - 2016/04/08 4:53:01 ET
Table 'Italia II' 6-max Seat #2 is the button
Seat 2: robertass84 ($172.12 in chips)
Seat 5: PaulAudra ($159.29 in chips)
vladal 888 will be allowed to play after the button
robertass84: posts small blind $1
PaulAudra: posts big blind $3
*** HOLE CARDS ***
robertass84: raises $3 to $6
PaulAudra: calls $3
*** FLOP *** [Kh As 3h]
PaulAudra: checks
robertass84: bets $3
PaulAudra: folds
Uncalled bet ($3) returned to robertass84
robertass84 collected $11.76 from pot
robertass84: doesn't show hand
*** SUMMARY ***
Total pot $12 | Rake $0.24
Board [Kh As 3h]
Seat 2: robertass84 (button) (small blind) collected ($11.76)
Seat 5: PaulAudra (big blind) folded on the Flop


PokerStars Hand #151604517598:  Hold'em Limit ($3/$6 USD) - 2016/04/08 6:24:25 ET
Table 'Italia II' 6-max Seat #5 is the button
Seat 4: PayMyAudiR8 ($97.89 in chips)
Seat 5: Paulllchen ($117.91 in chips)
Paulllchen: posts small blind $1
PayMyAudiR8: posts big blind $3
*** HOLE CARDS ***
Paulllchen: raises $3 to $6
PayMyAudiR8: raises $3 to $9
Paulllchen: raises $3 to $12
Betting is capped
PayMyAudiR8: calls $3
*** FLOP *** [6s Jc 9c]
PayMyAudiR8: checks
Paulllchen: checks
*** TURN *** [6s Jc 9c] [5h]
PayMyAudiR8: checks
Paulllchen: bets $6
PayMyAudiR8: calls $6
*** RIVER *** [6s Jc 9c 5h] [5s]
PayMyAudiR8: checks
Paulllchen: checks
*** SHOW DOWN ***
PayMyAudiR8: shows [Th Kh] (a pair of Fives)
Paulllchen: shows [Ah Kd] (a pair of Fives - Ace kicker)
Paulllchen collected $35.50 from pot
*** SUMMARY ***
Total pot $36 | Rake $0.50
Board [6s Jc 9c 5h 5s]
Seat 4: PayMyAudiR8 (big blind) showed [Th Kh] and lost with a pair of Fives
Seat 5: Paulllchen (button) (small blind) showed [Ah Kd] and won ($35.50) with a pair of Fives


PokerStars Hand #151604525314:  Hold'em Limit ($3/$6 USD) - 2016/04/08 6:24:42 ET
Table 'Italia II' 6-max Seat #4 is the button
Seat 4: PayMyAudiR8 ($79.89 in chips)
Seat 5: Paulllchen ($135.41 in chips)
PayMyAudiR8: posts small blind $1
Paulllchen: posts big blind $3
*** HOLE CARDS ***
PayMyAudiR8: raises $3 to $6
Paulllchen: calls $3
*** FLOP *** [Qd 2d Kh]
Paulllchen: bets $3
PayMyAudiR8: calls $3
*** TURN *** [Qd 2d Kh] [6c]
Paulllchen: bets $6
PayMyAudiR8: calls $6
*** RIVER *** [Qd 2d Kh 6c] [Ac]
Paulllchen: checks
PayMyAudiR8: checks
*** SHOW DOWN ***
Paulllchen: shows [Qc 8s] (a pair of Queens)
PayMyAudiR8: mucks hand
Paulllchen collected $29.50 from pot
*** SUMMARY ***
Total pot $30 | Rake $0.50
Board [Qd 2d Kh 6c Ac]
Seat 4: PayMyAudiR8 (button) (small blind) mucked
Seat 5: Paulllchen (big blind) showed [Qc 8s] and won ($29.50) with a pair of Queens


PokerStars Hand #151604509049:  Hold'em Limit ($3/$6 USD) - 2016/04/08 6:24:06 ET
Table 'Italia II' 6-max Seat #5 is the button
Seat 4: PayMyAudiR8 ($87.37 in chips)
Seat 5: Paulllchen ($128.91 in chips)
Paulllchen: posts small blind $1
PayMyAudiR8: posts big blind $3
*** HOLE CARDS ***
Paulllchen: raises $3 to $6
PayMyAudiR8: calls $3
*** FLOP *** [5s Kc Kh]
PayMyAudiR8: checks
Paulllchen: bets $3
PayMyAudiR8: raises $3 to $6
Paulllchen: calls $3
*** TURN *** [5s Kc Kh] [Jd]
PayMyAudiR8: bets $6
Paulllchen: folds
Uncalled bet ($6) returned to PayMyAudiR8
PayMyAudiR8 collected $23.52 from pot
PayMyAudiR8: doesn't show hand
kKANGA500 leaves the table
*** SUMMARY ***
Total pot $24 | Rake $0.48
Board [5s Kc Kh Jd]
Seat 4: PayMyAudiR8 (big blind) collected ($23.52)
Seat 5: Paulllchen (button) (small blind) folded on the Turn


PokerStars Hand #151604515585:  Hold'em Limit ($3/$6 USD) - 2016/04/08 6:24:20 ET
Table 'Italia II' 6-max Seat #4 is the button
Seat 4: PayMyAudiR8 ($98.89 in chips)
Seat 5: Paulllchen ($116.91 in chips)
PayMyAudiR8: posts small blind $1
Paulllchen: posts big blind $3
*** HOLE CARDS ***
PayMyAudiR8: folds
Uncalled bet ($2) returned to Paulllchen
Paulllchen collected $2 from pot
*** SUMMARY ***
Total pot $2 | Rake $0
Seat 4: PayMyAudiR8 (button) (small blind) folded before Flop
Seat 5: Paulllchen (big blind) collected ($2)


PokerStars Hand #151604552618:  Hold'em Limit ($3/$6 USD) - 2016/04/08 6:25:44 ET
Table 'Italia II' 6-max Seat #4 is the button
Seat 4: PayMyAudiR8 ($108.65 in chips)
Seat 5: Paulllchen ($104.91 in chips)
PayMyAudiR8: posts small blind $1
Paulllchen: posts big blind $3
*** HOLE CARDS ***
PayMyAudiR8: folds
Uncalled bet ($2) returned to Paulllchen
Paulllchen collected $2 from pot
*** SUMMARY ***
Total pot $2 | Rake $0
Seat 4: PayMyAudiR8 (button) (small blind) folded before Flop
Seat 5: Paulllchen (big blind) collected ($2)


PokerStars Hand #151604544032:  Hold'em Limit ($3/$6 USD) - 2016/04/08 6:25:25 ET
Table 'Italia II' 6-max Seat #5 is the button
Seat 4: PayMyAudiR8 ($94.15 in chips)
Seat 5: Paulllchen ($119.91 in chips)
Paulllchen: posts small blind $1
PayMyAudiR8: posts big blind $3
*** HOLE CARDS ***
Paulllchen: raises $3 to $6
PayMyAudiR8: calls $3
*** FLOP *** [9d Ac 5c]
PayMyAudiR8: checks
Paulllchen: bets $3
PayMyAudiR8: calls $3
*** TURN *** [9d Ac 5c] [6d]
PayMyAudiR8: checks
Paulllchen: bets $6
PayMyAudiR8: calls $6
*** RIVER *** [9d Ac 5c 6d] [3s]
PayMyAudiR8: checks
Paulllchen: checks
*** SHOW DOWN ***
PayMyAudiR8: shows [8d 9h] (a pair of Nines)
Paulllchen: mucks hand
PayMyAudiR8 collected $29.50 from pot
*** SUMMARY ***
Total pot $30 | Rake $0.50
Board [9d Ac 5c 6d 3s]
Seat 4: PayMyAudiR8 (big blind) showed [8d 9h] and won ($29.50) with a pair of Nines
Seat 5: Paulllchen (button) (small blind) mucked


PokerStars Hand #151604554531:  Hold'em Limit ($3/$6 USD) - 2016/04/08 6:25:49 ET
Table 'Italia II' 6-max Seat #5 is the button
Seat 4: PayMyAudiR8 ($107.65 in chips)
Seat 5: Paulllchen ($105.91 in chips)
Paulllchen: posts small blind $1
PayMyAudiR8: posts big blind $3
*** HOLE CARDS ***
Paulllchen: raises $3 to $6
PayMyAudiR8: folds
Uncalled bet ($3) returned to Paulllchen
Paulllchen collected $6 from pot
*** SUMMARY ***
Total pot $6 | Rake $0
Seat 4: PayMyAudiR8 (big blind) folded before Flop
Seat 5: Paulllchen (button) (small blind) collected ($6)


PokerStars Hand #151604531979:  Hold'em Limit ($3/$6 USD) - 2016/04/08 6:24:58 ET
Table 'Italia II' 6-max Seat #5 is the button
Seat 4: PayMyAudiR8 ($64.89 in chips)
Seat 5: Paulllchen ($149.91 in chips)
Paulllchen: posts small blind $1
PayMyAudiR8: posts big blind $3
*** HOLE CARDS ***
Paulllchen: raises $3 to $6
PayMyAudiR8: calls $3
*** FLOP *** [9s 7c 8c]
PayMyAudiR8: checks
Paulllchen: bets $3
PayMyAudiR8: raises $3 to $6
Paulllchen: calls $3
*** TURN *** [9s 7c 8c] [5s]
PayMyAudiR8: bets $6
Paulllchen: calls $6
*** RIVER *** [9s 7c 8c 5s] [3s]
PayMyAudiR8: bets $6
Paulllchen: calls $6
*** SHOW DOWN ***
PayMyAudiR8: shows [6s 2d] (a straight, Five to Nine)
Paulllchen: mucks hand
PayMyAudiR8 collected $47.50 from pot
*** SUMMARY ***
Total pot $48 | Rake $0.50
Board [9s 7c 8c 5s 3s]
Seat 4: PayMyAudiR8 (big blind) showed [6s 2d] and won ($47.50) with a straight, Five to Nine
Seat 5: Paulllchen (button) (small blind) mucked


PokerStars Hand #151604564239:  Hold'em Limit ($3/$6 USD) - 2016/04/08 6:26:10 ET
Table 'Italia II' 6-max Seat #5 is the button
Seat 4: PayMyAudiR8 ($95.65 in chips)
Seat 5: Paulllchen ($117.55 in chips)
Paulllchen: posts small blind $1
PayMyAudiR8: posts big blind $3
*** HOLE CARDS ***
Paulllchen: folds
Uncalled bet ($2) returned to PayMyAudiR8
PayMyAudiR8 collected $2 from pot
PayMyAudiR8: doesn't show hand
*** SUMMARY ***
Total pot $2 | Rake $0
Seat 4: PayMyAudiR8 (big blind) collected ($2)
Seat 5: Paulllchen (button) (small blind) folded before Flop


PokerStars Hand #151604557341:  Hold'em Limit ($3/$6 USD) - 2016/04/08 6:25:55 ET
Table 'Italia II' 6-max Seat #4 is the button
Seat 4: PayMyAudiR8 ($104.65 in chips)
Seat 5: Paulllchen ($108.91 in chips)
PayMyAudiR8: posts small blind $1
Paulllchen: posts big blind $3
*** HOLE CARDS ***
PayMyAudiR8: raises $3 to $6
Paulllchen: calls $3
*** FLOP *** [2h Ad Qh]
Paulllchen: checks
PayMyAudiR8: bets $3
Paulllchen: calls $3
*** TURN *** [2h Ad Qh] [As]
Paulllchen: bets $6
PayMyAudiR8: folds
Uncalled bet ($6) returned to Paulllchen
Paulllchen collected $17.64 from pot
*** SUMMARY ***
Total pot $18 | Rake $0.36
Board [2h Ad Qh As]
Seat 4: PayMyAudiR8 (button) (small blind) folded on the Turn
Seat 5: Paulllchen (big blind) collected ($17.64)


PokerStars Hand #151604580663:  Hold'em Limit ($3/$6 USD) - 2016/04/08 6:26:47 ET
Table 'Italia II' 6-max Seat #5 is the button
Seat 4: PayMyAudiR8 ($87.41 in chips)
Seat 5: Paulllchen ($124.95 in chips)
Paulllchen: posts small blind $1
PayMyAudiR8: posts big blind $3
*** HOLE CARDS ***
Paulllchen: raises $3 to $6
PayMyAudiR8: calls $3
*** FLOP *** [Jd 8c 3d]
PayMyAudiR8: checks
Paulllchen: bets $3
PayMyAudiR8: raises $3 to $6
Paulllchen: calls $3
*** TURN *** [Jd 8c 3d] [5d]
PayMyAudiR8: bets $6
Paulllchen: folds
Uncalled bet ($6) returned to PayMyAudiR8
PayMyAudiR8 collected $23.52 from pot
PayMyAudiR8: doesn't show hand
*** SUMMARY ***
Total pot $24 | Rake $0.48
Board [Jd 8c 3d 5d]
Seat 4: PayMyAudiR8 (big blind) collected ($23.52)
Seat 5: Paulllchen (button) (small blind) folded on the Turn


PokerStars Hand #151604576339:  Hold'em Limit ($3/$6 USD) - 2016/04/08 6:26:37 ET
Table 'Italia II' 6-max Seat #4 is the button
Seat 4: PayMyAudiR8 ($96.41 in chips)
Seat 5: Paulllchen ($116.31 in chips)
PayMyAudiR8: posts small blind $1
Paulllchen: posts big blind $3
*** HOLE CARDS ***
PayMyAudiR8: raises $3 to $6
Paulllchen: raises $3 to $9
PayMyAudiR8: calls $3
*** FLOP *** [Ah Ac Qd]
Paulllchen: bets $3
PayMyAudiR8: folds
Uncalled bet ($3) returned to Paulllchen
Paulllchen collected $17.64 from pot
*** SUMMARY ***
Total pot $18 | Rake $0.36
Board [Ah Ac Qd]
Seat 4: PayMyAudiR8 (button) (small blind) folded on the Flop
Seat 5: Paulllchen (big blind) collected ($17.64)


PokerStars Hand #151604572132:  Hold'em Limit ($3/$6 USD) - 2016/04/08 6:26:28 ET
Table 'Italia II' 6-max Seat #5 is the button
Seat 4: PayMyAudiR8 ($102.41 in chips)
Seat 5: Paulllchen ($110.55 in chips)
Paulllchen: posts small blind $1
PayMyAudiR8: posts big blind $3
*** HOLE CARDS ***
Paulllchen: raises $3 to $6
PayMyAudiR8: calls $3
*** FLOP *** [2h 2c Qh]
PayMyAudiR8: checks
Paulllchen: bets $3
PayMyAudiR8: folds
Uncalled bet ($3) returned to Paulllchen
Paulllchen collected $11.76 from pot
*** SUMMARY ***
Total pot $12 | Rake $0.24
Board [2h 2c Qh]
Seat 4: PayMyAudiR8 (big blind) folded on the Flop
Seat 5: Paulllchen (button) (small blind) collected ($11.76)


PokerStars Hand #151604601992:  Hold'em Limit ($3/$6 USD) - 2016/04/08 6:27:35 ET
Table 'Italia II' 6-max Seat #5 is the button
Seat 4: PayMyAudiR8 ($92.69 in chips)
Seat 5: Paulllchen ($118.45 in chips)
Paulllchen: posts small blind $1
PayMyAudiR8: posts big blind $3
*** HOLE CARDS ***
Paulllchen: raises $3 to $6
PayMyAudiR8: calls $3
*** FLOP *** [4c Qs 5c]
PayMyAudiR8: checks
Paulllchen: checks
*** TURN *** [4c Qs 5c] [Jh]
PayMyAudiR8: bets $6
Paulllchen: calls $6
*** RIVER *** [4c Qs 5c Jh] [9s]
PayMyAudiR8: bets $6
Paulllchen: folds
Uncalled bet ($6) returned to PayMyAudiR8
PayMyAudiR8 collected $23.52 from pot
PayMyAudiR8: doesn't show hand
*** SUMMARY ***
Total pot $24 | Rake $0.48
Board [4c Qs 5c Jh 9s]
Seat 4: PayMyAudiR8 (big blind) collected ($23.52)
Seat 5: Paulllchen (button) (small blind) folded on the River


PokerStars Hand #151604593991:  Hold'em Limit ($3/$6 USD) - 2016/04/08 6:27:17 ET
Table 'Italia II' 6-max Seat #4 is the button
Seat 4: PayMyAudiR8 ($107.69 in chips)
Seat 5: Paulllchen ($103.95 in chips)
PayMyAudiR8: posts small blind $1
Paulllchen: posts big blind $3
*** HOLE CARDS ***
PayMyAudiR8: raises $3 to $6
Paulllchen: raises $3 to $9
PayMyAudiR8: calls $3
*** FLOP *** [3s 2s Ad]
Paulllchen: checks
PayMyAudiR8: checks
*** TURN *** [3s 2s Ad] [Th]
Paulllchen: checks
PayMyAudiR8: checks
*** RIVER *** [3s 2s Ad Th] [4s]
Paulllchen: bets $6
PayMyAudiR8: calls $6
*** SHOW DOWN ***
Paulllchen: shows [As 6s] (a flush, Ace high)
PayMyAudiR8: mucks hand
Paulllchen collected $29.50 from pot
*** SUMMARY ***
Total pot $30 | Rake $0.50
Board [3s 2s Ad Th 4s]
Seat 4: PayMyAudiR8 (button) (small blind) mucked
Seat 5: Paulllchen (big blind) showed [As 6s] and won ($29.50) with a flush, Ace high


PokerStars Hand #151604586430:  Hold'em Limit ($3/$6 USD) - 2016/04/08 6:27:00 ET
Table 'Italia II' 6-max Seat #4 is the button
Seat 4: PayMyAudiR8 ($98.93 in chips)
Seat 5: Paulllchen ($112.95 in chips)
PayMyAudiR8: posts small blind $1
Paulllchen: posts big blind $3
*** HOLE CARDS ***
PayMyAudiR8: raises $3 to $6
Paulllchen: folds
Uncalled bet ($3) returned to PayMyAudiR8
PayMyAudiR8 collected $6 from pot
PayMyAudiR8: doesn't show hand
*** SUMMARY ***
Total pot $6 | Rake $0
Seat 4: PayMyAudiR8 (button) (small blind) collected ($6)
Seat 5: Paulllchen (big blind) folded before Flop


PokerStars Hand #151604622887:  Hold'em Limit ($3/$6 USD) - 2016/04/08 6:28:22 ET
Table 'Italia II' 6-max Seat #5 is the button
Seat 4: PayMyAudiR8 ($125.71 in chips)
Seat 5: Paulllchen ($84.45 in chips)
Paulllchen: posts small blind $1
PayMyAudiR8: posts big blind $3
*** HOLE CARDS ***
Paulllchen: raises $3 to $6
PayMyAudiR8: calls $3
*** FLOP *** [6c 7d 4c]
PayMyAudiR8: checks
Paulllchen: bets $3
PayMyAudiR8: folds
Uncalled bet ($3) returned to Paulllchen
Paulllchen collected $11.76 from pot
*** SUMMARY ***
Total pot $12 | Rake $0.24
Board [6c 7d 4c]
Seat 4: PayMyAudiR8 (big blind) folded on the Flop
Seat 5: Paulllchen (button) (small blind) collected ($11.76)


PokerStars Hand #151604620437:  Hold'em Limit ($3/$6 USD) - 2016/04/08 6:28:16 ET
Table 'Italia II' 6-max Seat #4 is the button
Seat 4: PayMyAudiR8 ($122.71 in chips)
Seat 5: Paulllchen ($87.45 in chips)
PayMyAudiR8: posts small blind $1
Paulllchen: posts big blind $3
*** HOLE CARDS ***
PayMyAudiR8: raises $3 to $6
Paulllchen: folds
Uncalled bet ($3) returned to PayMyAudiR8
PayMyAudiR8 collected $6 from pot
PayMyAudiR8: doesn't show hand
*** SUMMARY ***
Total pot $6 | Rake $0
Seat 4: PayMyAudiR8 (button) (small blind) collected ($6)
Seat 5: Paulllchen (big blind) folded before Flop


PokerStars Hand #151604617819:  Hold'em Limit ($3/$6 USD) - 2016/04/08 6:28:11 ET
Table 'Italia II' 6-max Seat #5 is the button
Seat 4: PayMyAudiR8 ($121.71 in chips)
Seat 5: Paulllchen ($88.45 in chips)
Paulllchen: posts small blind $1
PayMyAudiR8: posts big blind $3
*** HOLE CARDS ***
Paulllchen: folds
Uncalled bet ($2) returned to PayMyAudiR8
PayMyAudiR8 collected $2 from pot
PayMyAudiR8: doesn't show hand
*** SUMMARY ***
Total pot $2 | Rake $0
Seat 4: PayMyAudiR8 (big blind) collected ($2)
Seat 5: Paulllchen (button) (small blind) folded before Flop


PokerStars Hand #151604639441:  Hold'em Limit ($3/$6 USD) - 2016/04/08 6:28:59 ET
Table 'Italia II' 6-max Seat #4 is the button
Seat 4: PayMyAudiR8 ($113.47 in chips)
Seat 5: Paulllchen ($95.73 in chips)
PayMyAudiR8: posts small blind $1
Paulllchen: posts big blind $3
*** HOLE CARDS ***
PayMyAudiR8: folds
Uncalled bet ($2) returned to Paulllchen
Paulllchen collected $2 from pot
*** SUMMARY ***
Total pot $2 | Rake $0
Seat 4: PayMyAudiR8 (button) (small blind) folded before Flop
Seat 5: Paulllchen (big blind) collected ($2)


PokerStars Hand #151604608797:  Hold'em Limit ($3/$6 USD) - 2016/04/08 6:27:50 ET
Table 'Italia II' 6-max Seat #4 is the button
Seat 4: PayMyAudiR8 ($104.21 in chips)
Seat 5: Paulllchen ($106.45 in chips)
PayMyAudiR8: posts small blind $1
Paulllchen: posts big blind $3
*** HOLE CARDS ***
PayMyAudiR8: raises $3 to $6
Paulllchen: calls $3
*** FLOP *** [2d 2h Ad]
Paulllchen: bets $3
PayMyAudiR8: raises $3 to $6
Paulllchen: calls $3
*** TURN *** [2d 2h Ad] [Ah]
Paulllchen: checks
PayMyAudiR8: bets $6
Paulllchen: calls $6
*** RIVER *** [2d 2h Ad Ah] [9s]
Paulllchen: checks
PayMyAudiR8: checks
*** SHOW DOWN ***
Paulllchen: shows [4c 5c] (two pair, Aces and Deuces)
PayMyAudiR8: shows [Tc 8d] (two pair, Aces and Deuces - Ten kicker)
PayMyAudiR8 collected $35.50 from pot
*** SUMMARY ***
Total pot $36 | Rake $0.50
Board [2d 2h Ad Ah 9s]
Seat 4: PayMyAudiR8 (button) (small blind) showed [Tc 8d] and won ($35.50) with two pair, Aces and Deuces
Seat 5: Paulllchen (big blind) showed [4c 5c] and lost with two pair, Aces and Deuces


PokerStars Hand #151604627408:  Hold'em Limit ($3/$6 USD) - 2016/04/08 6:28:32 ET
Table 'Italia II' 6-max Seat #4 is the button
Seat 4: PayMyAudiR8 ($119.71 in chips)
Seat 5: Paulllchen ($90.21 in chips)
PayMyAudiR8: posts small blind $1
Paulllchen: posts big blind $3
*** HOLE CARDS ***
PayMyAudiR8: raises $3 to $6
Paulllchen: raises $3 to $9
PayMyAudiR8: calls $3
*** FLOP *** [7d 5h 2c]
Paulllchen: bets $3
PayMyAudiR8: calls $3
*** TURN *** [7d 5h 2c] [3c]
Paulllchen: bets $6
PayMyAudiR8: folds
Uncalled bet ($6) returned to Paulllchen
Paulllchen collected $23.52 from pot
*** SUMMARY ***
Total pot $24 | Rake $0.48
Board [7d 5h 2c 3c]
Seat 4: PayMyAudiR8 (button) (small blind) folded on the Turn
Seat 5: Paulllchen (big blind) collected ($23.52)


PokerStars Hand #151604646212:  Hold'em Limit ($3/$6 USD) - 2016/04/08 6:29:14 ET
Table 'Italia II' 6-max Seat #4 is the button
Seat 4: PayMyAudiR8 ($118.23 in chips)
Seat 5: Paulllchen ($90.73 in chips)
PayMyAudiR8: posts small blind $1
Paulllchen: posts big blind $3
*** HOLE CARDS ***
PayMyAudiR8: raises $3 to $6
Paulllchen: folds
Uncalled bet ($3) returned to PayMyAudiR8
PayMyAudiR8 collected $6 from pot
PayMyAudiR8: doesn't show hand
*** SUMMARY ***
Total pot $6 | Rake $0
Seat 4: PayMyAudiR8 (button) (small blind) collected ($6)
Seat 5: Paulllchen (big blind) folded before Flop


PokerStars Hand #151604648580:  Hold'em Limit ($3/$6 USD) - 2016/04/08 6:29:20 ET
Table 'Italia II' 6-max Seat #5 is the button
Seat 4: PayMyAudiR8 ($121.23 in chips)
Seat 5: Paulllchen ($87.73 in chips)
Paulllchen: posts small blind $1
PayMyAudiR8: posts big blind $3
*** HOLE CARDS ***
Paulllchen: raises $3 to $6
PayMyAudiR8: raises $3 to $9
Paulllchen: calls $3
*** FLOP *** [Jh Kd 9h]
PayMyAudiR8: bets $3
Paulllchen: folds
Uncalled bet ($3) returned to PayMyAudiR8
PayMyAudiR8 collected $17.64 from pot
PayMyAudiR8: doesn't show hand
*** SUMMARY ***
Total pot $18 | Rake $0.36
Board [Jh Kd 9h]
Seat 4: PayMyAudiR8 (big blind) collected ($17.64)
Seat 5: Paulllchen (button) (small blind) folded on the Flop


PokerStars Hand #151604653476:  Hold'em Limit ($3/$6 USD) - 2016/04/08 6:29:31 ET
Table 'Italia II' 6-max Seat #4 is the button
Seat 4: PayMyAudiR8 ($129.87 in chips)
Seat 5: Paulllchen ($78.73 in chips)
PayMyAudiR8: posts small blind $1
Paulllchen: posts big blind $3
*** HOLE CARDS ***
PayMyAudiR8: raises $3 to $6
Paulllchen: folds
Uncalled bet ($3) returned to PayMyAudiR8
PayMyAudiR8 collected $6 from pot
PayMyAudiR8: doesn't show hand
*** SUMMARY ***
Total pot $6 | Rake $0
Seat 4: PayMyAudiR8 (button) (small blind) collected ($6)
Seat 5: Paulllchen (big blind) folded before Flop


PokerStars Hand #151604655901:  Hold'em Limit ($3/$6 USD) - 2016/04/08 6:29:36 ET
Table 'Italia II' 6-max Seat #5 is the button
Seat 4: PayMyAudiR8 ($132.87 in chips)
Seat 5: Paulllchen ($75.73 in chips)
Paulllchen: posts small blind $1
PayMyAudiR8: posts big blind $3
*** HOLE CARDS ***
Paulllchen: raises $3 to $6
PayMyAudiR8: raises $3 to $9
Paulllchen: calls $3
*** FLOP *** [5s 7h 3d]
PayMyAudiR8: bets $3
Paulllchen: raises $3 to $6
PayMyAudiR8: calls $3
*** TURN *** [5s 7h 3d] [3c]
PayMyAudiR8: checks
Paulllchen: bets $6
PayMyAudiR8: calls $6
*** RIVER *** [5s 7h 3d 3c] [4d]
PayMyAudiR8: checks
Paulllchen: bets $6
PayMyAudiR8: folds
Uncalled bet ($6) returned to Paulllchen
Paulllchen collected $41.50 from pot
*** SUMMARY ***
Total pot $42 | Rake $0.50
Board [5s 7h 3d 3c 4d]
Seat 4: PayMyAudiR8 (big blind) folded on the River
Seat 5: Paulllchen (button) (small blind) collected ($41.50)


PokerStars Hand #151604690896:  Hold'em Limit ($3/$6 USD) - 2016/04/08 6:30:54 ET
Table 'Italia II' 6-max Seat #4 is the button
Seat 4: PayMyAudiR8 ($74.87 in chips)
Seat 5: Paulllchen ($132.23 in chips)
PayMyAudiR8: posts small blind $1
Paulllchen: posts big blind $3
*** HOLE CARDS ***
PayMyAudiR8: folds
Uncalled bet ($2) returned to Paulllchen
Paulllchen collected $2 from pot
*** SUMMARY ***
Total pot $2 | Rake $0
Seat 4: PayMyAudiR8 (button) (small blind) folded before Flop
Seat 5: Paulllchen (big blind) collected ($2)


PokerStars Hand #151604676053:  Hold'em Limit ($3/$6 USD) - 2016/04/08 6:30:21 ET
Table 'Italia II' 6-max Seat #5 is the button
Seat 4: PayMyAudiR8 ($100.87 in chips)
Seat 5: Paulllchen ($106.73 in chips)
Paulllchen: posts small blind $1
PayMyAudiR8: posts big blind $3
*** HOLE CARDS ***
Paulllchen: folds
Uncalled bet ($2) returned to PayMyAudiR8
PayMyAudiR8 collected $2 from pot
PayMyAudiR8: doesn't show hand
*** SUMMARY ***
Total pot $2 | Rake $0
Seat 4: PayMyAudiR8 (big blind) collected ($2)
Seat 5: Paulllchen (button) (small blind) folded before Flop


PokerStars Hand #151604663873:  Hold'em Limit ($3/$6 USD) - 2016/04/08 6:29:54 ET
Table 'Italia II' 6-max Seat #4 is the button
Seat 4: PayMyAudiR8 ($111.87 in chips)
Seat 5: Paulllchen ($96.23 in chips)
PayMyAudiR8: posts small blind $1
Paulllchen: posts big blind $3
*** HOLE CARDS ***
PayMyAudiR8: raises $3 to $6
Paulllchen: calls $3
*** FLOP *** [4s 7h 8d]
Paulllchen: bets $3
PayMyAudiR8: calls $3
*** TURN *** [4s 7h 8d] [Td]
Paulllchen: bets $6
PayMyAudiR8: calls $6
*** RIVER *** [4s 7h 8d Td] [Kh]
Paulllchen: checks
PayMyAudiR8: checks
*** SHOW DOWN ***
Paulllchen: shows [7s Ad] (a pair of Sevens)
PayMyAudiR8: mucks hand
Paulllchen collected $29.50 from pot
*** SUMMARY ***
Total pot $30 | Rake $0.50
Board [4s 7h 8d Td Kh]
Seat 4: PayMyAudiR8 (button) (small blind) mucked
Seat 5: Paulllchen (big blind) showed [7s Ad] and won ($29.50) with a pair of Sevens


PokerStars Hand #151604688110:  Hold'em Limit ($3/$6 USD) - 2016/04/08 6:30:48 ET
Table 'Italia II' 6-max Seat #5 is the button
Seat 4: PayMyAudiR8 ($77.87 in chips)
Seat 5: Paulllchen ($129.23 in chips)
Paulllchen: posts small blind $1
PayMyAudiR8: posts big blind $3
*** HOLE CARDS ***
Paulllchen: raises $3 to $6
PayMyAudiR8: folds
Uncalled bet ($3) returned to Paulllchen
Paulllchen collected $6 from pot
*** SUMMARY ***
Total pot $6 | Rake $0
Seat 4: PayMyAudiR8 (big blind) folded before Flop
Seat 5: Paulllchen (button) (small blind) collected ($6)


PokerStars Hand #151604678347:  Hold'em Limit ($3/$6 USD) - 2016/04/08 6:30:26 ET
Table 'Italia II' 6-max Seat #4 is the button
Seat 4: PayMyAudiR8 ($101.87 in chips)
Seat 5: Paulllchen ($105.73 in chips)
PayMyAudiR8: posts small blind $1
Paulllchen: posts big blind $3
*** HOLE CARDS ***
PayMyAudiR8: raises $3 to $6
Paulllchen: raises $3 to $9
PayMyAudiR8: calls $3
*** FLOP *** [Js 9s Ac]
Paulllchen: bets $3
PayMyAudiR8: calls $3
*** TURN *** [Js 9s Ac] [5c]
Paulllchen: bets $6
PayMyAudiR8: calls $6
*** RIVER *** [Js 9s Ac 5c] [6h]
Paulllchen: bets $6
PayMyAudiR8: calls $6
*** SHOW DOWN ***
Paulllchen: shows [Jc Jd] (three of a kind, Jacks)
PayMyAudiR8: mucks hand
Paulllchen collected $47.50 from pot
*** SUMMARY ***
Total pot $48 | Rake $0.50
Board [Js 9s Ac 5c 6h]
Seat 4: PayMyAudiR8 (button) (small blind) mucked
Seat 5: Paulllchen (big blind) showed [Jc Jd] and won ($47.50) with three of a kind, Jacks


PokerStars Hand #151604673759:  Hold'em Limit ($3/$6 USD) - 2016/04/08 6:30:16 ET
Table 'Italia II' 6-max Seat #4 is the button
Seat 4: PayMyAudiR8 ($97.87 in chips)
Seat 5: Paulllchen ($109.73 in chips)
PayMyAudiR8: posts small blind $1
Paulllchen: posts big blind $3
*** HOLE CARDS ***
PayMyAudiR8: raises $3 to $6
Paulllchen: folds
Uncalled bet ($3) returned to PayMyAudiR8
PayMyAudiR8 collected $6 from pot
PayMyAudiR8: doesn't show hand
*** SUMMARY ***
Total pot $6 | Rake $0
Seat 4: PayMyAudiR8 (button) (small blind) collected ($6)
Seat 5: Paulllchen (big blind) folded before Flop


PokerStars Hand #151604671490:  Hold'em Limit ($3/$6 USD) - 2016/04/08 6:30:11 ET
Table 'Italia II' 6-max Seat #5 is the button
Seat 4: PayMyAudiR8 ($96.87 in chips)
Seat 5: Paulllchen ($110.73 in chips)
Paulllchen: posts small blind $1
PayMyAudiR8: posts big blind $3
*** HOLE CARDS ***
Paulllchen: folds
Uncalled bet ($2) returned to PayMyAudiR8
PayMyAudiR8 collected $2 from pot
PayMyAudiR8: doesn't show hand
*** SUMMARY ***
Total pot $2 | Rake $0
Seat 4: PayMyAudiR8 (big blind) collected ($2)
Seat 5: Paulllchen (button) (small blind) folded before Flop


PokerStars Hand #151604711435:  Hold'em Limit ($3/$6 USD) - 2016/04/08 6:31:40 ET
Table 'Italia II' 6-max Seat #4 is the button
Seat 4: PayMyAudiR8 ($71.75 in chips)
Seat 5: Paulllchen ($134.75 in chips)
PayMyAudiR8: posts small blind $1
Paulllchen: posts big blind $3
*** HOLE CARDS ***
PayMyAudiR8: raises $3 to $6
Paulllchen: folds
Uncalled bet ($3) returned to PayMyAudiR8
PayMyAudiR8 collected $6 from pot
PayMyAudiR8: doesn't show hand
*** SUMMARY ***
Total pot $6 | Rake $0
Seat 4: PayMyAudiR8 (button) (small blind) collected ($6)
Seat 5: Paulllchen (big blind) folded before Flop


PokerStars Hand #151604695291:  Hold'em Limit ($3/$6 USD) - 2016/04/08 6:31:04 ET
Table 'Italia II' 6-max Seat #4 is the button
Seat 4: PayMyAudiR8 ($74.87 in chips)
Seat 5: Paulllchen ($132.23 in chips)
PayMyAudiR8: posts small blind $1
Paulllchen: posts big blind $3
*** HOLE CARDS ***
PayMyAudiR8: raises $3 to $6
Paulllchen: folds
Uncalled bet ($3) returned to PayMyAudiR8
PayMyAudiR8 collected $6 from pot
PayMyAudiR8: doesn't show hand
*** SUMMARY ***
Total pot $6 | Rake $0
Seat 4: PayMyAudiR8 (button) (small blind) collected ($6)
Seat 5: Paulllchen (big blind) folded before Flop


PokerStars Hand #151604697685:  Hold'em Limit ($3/$6 USD) - 2016/04/08 6:31:09 ET
Table 'Italia II' 6-max Seat #5 is the button
Seat 4: PayMyAudiR8 ($77.87 in chips)
Seat 5: Paulllchen ($129.23 in chips)
Paulllchen: posts small blind $1
PayMyAudiR8: posts big blind $3
*** HOLE CARDS ***
Paulllchen: calls $2
PayMyAudiR8: checks
*** FLOP *** [6h Kd 4h]
PayMyAudiR8: checks
Paulllchen: checks
*** TURN *** [6h Kd 4h] [5c]
PayMyAudiR8: checks
Paulllchen: checks
*** RIVER *** [6h Kd 4h 5c] [3c]
PayMyAudiR8: bets $6
Paulllchen: folds
Uncalled bet ($6) returned to PayMyAudiR8
PayMyAudiR8 collected $5.88 from pot
PayMyAudiR8: doesn't show hand
*** SUMMARY ***
Total pot $6 | Rake $0.12
Board [6h Kd 4h 5c 3c]
Seat 4: PayMyAudiR8 (big blind) collected ($5.88)
Seat 5: Paulllchen (button) (small blind) folded on the River


PokerStars Hand #151604706169:  Hold'em Limit ($3/$6 USD) - 2016/04/08 6:31:28 ET
Table 'Italia II' 6-max Seat #5 is the button
Seat 4: PayMyAudiR8 ($83.75 in chips)
Seat 5: Paulllchen ($123.23 in chips)
Paulllchen: posts small blind $1
PayMyAudiR8: posts big blind $3
*** HOLE CARDS ***
Paulllchen: raises $3 to $6
PayMyAudiR8: calls $3
*** FLOP *** [2s 2h 7d]
PayMyAudiR8: checks
Paulllchen: checks
*** TURN *** [2s 2h 7d] [Th]
PayMyAudiR8: bets $6
Paulllchen: raises $6 to $12
PayMyAudiR8: folds
Uncalled bet ($6) returned to Paulllchen
Paulllchen collected $23.52 from pot
*** SUMMARY ***
Total pot $24 | Rake $0.48
Board [2s 2h 7d Th]
Seat 4: PayMyAudiR8 (big blind) folded on the Turn
Seat 5: Paulllchen (button) (small blind) collected ($23.52)


PokerStars Hand #151604703825:  Hold'em Limit ($3/$6 USD) - 2016/04/08 6:31:23 ET
Table 'Italia II' 6-max Seat #4 is the button
Seat 4: PayMyAudiR8 ($80.75 in chips)
Seat 5: Paulllchen ($126.23 in chips)
PayMyAudiR8: posts small blind $1
Paulllchen: posts big blind $3
*** HOLE CARDS ***
PayMyAudiR8: raises $3 to $6
Paulllchen: folds
Uncalled bet ($3) returned to PayMyAudiR8
PayMyAudiR8 collected $6 from pot
PayMyAudiR8: doesn't show hand
*** SUMMARY ***
Total pot $6 | Rake $0
Seat 4: PayMyAudiR8 (button) (small blind) collected ($6)
Seat 5: Paulllchen (big blind) folded before Flop


PokerStars Hand #151604719430:  Hold'em Limit ($3/$6 USD) - 2016/04/08 6:31:58 ET
Table 'Italia II' 6-max Seat #4 is the button
Seat 4: PayMyAudiR8 ($80.51 in chips)
Seat 5: Paulllchen ($125.75 in chips)
PayMyAudiR8: posts small blind $1
Paulllchen: posts big blind $3
*** HOLE CARDS ***
PayMyAudiR8: raises $3 to $6
Paulllchen: raises $3 to $9
PayMyAudiR8: calls $3
*** FLOP *** [9h 3s 2c]
Paulllchen: checks
PayMyAudiR8: checks
*** TURN *** [9h 3s 2c] [8s]
Paulllchen: bets $6
PayMyAudiR8: calls $6
*** RIVER *** [9h 3s 2c 8s] [5c]
Paulllchen: bets $6
PayMyAudiR8: folds
Uncalled bet ($6) returned to Paulllchen
Paulllchen collected $29.50 from pot
*** SUMMARY ***
Total pot $30 | Rake $0.50
Board [9h 3s 2c 8s 5c]
Seat 4: PayMyAudiR8 (button) (small blind) folded on the River
Seat 5: Paulllchen (big blind) collected ($29.50)


PokerStars Hand #151604739246:  Hold'em Limit ($3/$6 USD) - 2016/04/08 6:32:42 ET
Table 'Italia II' 6-max Seat #4 is the button
Seat 4: PayMyAudiR8 ($45.51 in chips)
Seat 5: Paulllchen ($159.75 in chips)
PayMyAudiR8: posts small blind $1
Paulllchen: posts big blind $3
*** HOLE CARDS ***
PayMyAudiR8: raises $3 to $6
Paulllchen: calls $3
*** FLOP *** [5s 4s Qs]
Paulllchen: bets $3
PayMyAudiR8: calls $3
*** TURN *** [5s 4s Qs] [9h]
Paulllchen: bets $6
PayMyAudiR8: calls $6
*** RIVER *** [5s 4s Qs 9h] [6c]
Paulllchen: bets $6
PayMyAudiR8: calls $6
*** SHOW DOWN ***
Paulllchen: shows [6s 3s] (a flush, Queen high)
PayMyAudiR8: mucks hand
Paulllchen collected $41.50 from pot
*** SUMMARY ***
Total pot $42 | Rake $0.50
Board [5s 4s Qs 9h 6c]
Seat 4: PayMyAudiR8 (button) (small blind) mucked
Seat 5: Paulllchen (big blind) showed [6s 3s] and won ($41.50) with a flush, Queen high


PokerStars Hand #151604729454:  Hold'em Limit ($3/$6 USD) - 2016/04/08 6:32:20 ET
Table 'Italia II' 6-max Seat #4 is the button
Seat 4: PayMyAudiR8 ($66.51 in chips)
Seat 5: Paulllchen ($139.25 in chips)
PayMyAudiR8: posts small blind $1
Paulllchen: posts big blind $3
*** HOLE CARDS ***
PayMyAudiR8: raises $3 to $6
Paulllchen: folds
Uncalled bet ($3) returned to PayMyAudiR8
PayMyAudiR8 collected $6 from pot
PayMyAudiR8: doesn't show hand
*** SUMMARY ***
Total pot $6 | Rake $0
Seat 4: PayMyAudiR8 (button) (small blind) collected ($6)
Seat 5: Paulllchen (big blind) folded before Flop


PokerStars Hand #151604731943:  Hold'em Limit ($3/$6 USD) - 2016/04/08 6:32:26 ET
Table 'Italia II' 6-max Seat #5 is the button
Seat 4: PayMyAudiR8 ($69.51 in chips)
Seat 5: Paulllchen ($136.25 in chips)
Paulllchen: posts small blind $1
PayMyAudiR8: posts big blind $3
*** HOLE CARDS ***
Paulllchen: raises $3 to $6
PayMyAudiR8: raises $3 to $9
Paulllchen: calls $3
*** FLOP *** [Tc 6d Qs]
PayMyAudiR8: bets $3
Paulllchen: calls $3
*** TURN *** [Tc 6d Qs] [3h]
PayMyAudiR8: bets $6
Paulllchen: calls $6
*** RIVER *** [Tc 6d Qs 3h] [2c]
PayMyAudiR8: checks
Paulllchen: bets $6
PayMyAudiR8: calls $6
*** SHOW DOWN ***
Paulllchen: shows [9s 6s] (a pair of Sixes)
PayMyAudiR8: mucks hand
Paulllchen collected $47.50 from pot
*** SUMMARY ***
Total pot $48 | Rake $0.50
Board [Tc 6d Qs 3h 2c]
Seat 4: PayMyAudiR8 (big blind) mucked
Seat 5: Paulllchen (button) (small blind) showed [9s 6s] and won ($47.50) with a pair of Sixes


PokerStars Hand #151604759439:  Hold'em Limit ($3/$6 USD) - 2016/04/08 6:33:27 ET
Table 'Italia II' 6-max Seat #4 is the button
Seat 4: PayMyAudiR8 ($364.64 in chips)
Seat 5: Paulllchen ($194.75 in chips)
PayMyAudiR8: posts small blind $1
Paulllchen: posts big blind $3
*** HOLE CARDS ***
PayMyAudiR8: raises $3 to $6
Paulllchen: calls $3
*** FLOP *** [3c Jc Kd]
Paulllchen: checks
PayMyAudiR8: bets $3
Paulllchen: folds
Uncalled bet ($3) returned to PayMyAudiR8
PayMyAudiR8 collected $11.76 from pot
PayMyAudiR8: doesn't show hand
*** SUMMARY ***
Total pot $12 | Rake $0.24
Board [3c Jc Kd]
Seat 4: PayMyAudiR8 (button) (small blind) collected ($11.76)
Seat 5: Paulllchen (big blind) folded on the Flop


PokerStars Hand #151604768703:  Hold'em Limit ($3/$6 USD) - 2016/04/08 6:33:48 ET
Table 'Italia II' 6-max Seat #4 is the button
Seat 4: PayMyAudiR8 ($376.16 in chips)
Seat 5: Paulllchen ($182.75 in chips)
PayMyAudiR8: posts small blind $1
Paulllchen: posts big blind $3
*** HOLE CARDS ***
PayMyAudiR8: raises $3 to $6
Paulllchen: calls $3
*** FLOP *** [2d 3s Ks]
Paulllchen: bets $3
PayMyAudiR8: folds
Uncalled bet ($3) returned to Paulllchen
Paulllchen collected $11.76 from pot
*** SUMMARY ***
Total pot $12 | Rake $0.24
Board [2d 3s Ks]
Seat 4: PayMyAudiR8 (button) (small blind) folded on the Flop
Seat 5: Paulllchen (big blind) collected ($11.76)


PokerStars Hand #151604752762:  Hold'em Limit ($3/$6 USD) - 2016/04/08 6:33:12 ET
Table 'Italia II' 6-max Seat #4 is the button
Seat 4: PayMyAudiR8 ($9.51 in chips)
Seat 5: Paulllchen ($194.75 in chips)
PayMyAudiR8: posts small blind $1
Paulllchen: posts big blind $3
*** HOLE CARDS ***
PayMyAudiR8: raises $3 to $6
Paulllchen: folds
Uncalled bet ($3) returned to PayMyAudiR8
PayMyAudiR8 collected $6 from pot
PayMyAudiR8: doesn't show hand
*** SUMMARY ***
Total pot $6 | Rake $0
Seat 4: PayMyAudiR8 (button) (small blind) collected ($6)
Seat 5: Paulllchen (big blind) folded before Flop


PokerStars Hand #151604755094:  Hold'em Limit ($3/$6 USD) - 2016/04/08 6:33:17 ET
Table 'Italia II' 6-max Seat #5 is the button
Seat 4: PayMyAudiR8 ($12.51 in chips)
Seat 5: Paulllchen ($191.75 in chips)
Paulllchen: posts small blind $1
PayMyAudiR8: posts big blind $3
*** HOLE CARDS ***
Paulllchen: raises $3 to $6
PayMyAudiR8: folds
Uncalled bet ($3) returned to Paulllchen
Paulllchen collected $6 from pot
*** SUMMARY ***
Total pot $6 | Rake $0
Seat 4: PayMyAudiR8 (big blind) folded before Flop
Seat 5: Paulllchen (button) (small blind) collected ($6)


PokerStars Hand #151604763305:  Hold'em Limit ($3/$6 USD) - 2016/04/08 6:33:36 ET
Table 'Italia II' 6-max Seat #5 is the button
Seat 4: PayMyAudiR8 ($370.40 in chips)
Seat 5: Paulllchen ($188.75 in chips)
Paulllchen: posts small blind $1
PayMyAudiR8: posts big blind $3
*** HOLE CARDS ***
Paulllchen: raises $3 to $6
PayMyAudiR8: calls $3
*** FLOP *** [5c 3d 6h]
PayMyAudiR8: checks
Paulllchen: checks
*** TURN *** [5c 3d 6h] [4d]
PayMyAudiR8: bets $6
Paulllchen: folds
Uncalled bet ($6) returned to PayMyAudiR8
PayMyAudiR8 collected $11.76 from pot
PayMyAudiR8: doesn't show hand
*** SUMMARY ***
Total pot $12 | Rake $0.24
Board [5c 3d 6h 4d]
Seat 4: PayMyAudiR8 (big blind) collected ($11.76)
Seat 5: Paulllchen (button) (small blind) folded on the Turn


PokerStars Hand #151604794439:  Hold'em Limit ($3/$6 USD) - 2016/04/08 6:34:45 ET
Table 'Italia II' 6-max Seat #4 is the button
Seat 4: PayMyAudiR8 ($381.32 in chips)
Seat 5: Paulllchen ($176.15 in chips)
PayMyAudiR8: posts small blind $1
Paulllchen: posts big blind $3
*** HOLE CARDS ***
PayMyAudiR8: raises $3 to $6
Paulllchen: raises $3 to $9
PayMyAudiR8: calls $3
*** FLOP *** [9d 3d 9h]
Paulllchen: bets $3
PayMyAudiR8: calls $3
*** TURN *** [9d 3d 9h] [5d]
Paulllchen: bets $6
PayMyAudiR8: calls $6
*** RIVER *** [9d 3d 9h 5d] [7h]
Paulllchen: checks
PayMyAudiR8: checks
*** SHOW DOWN ***
Paulllchen: shows [Ac 6s] (a pair of Nines)
PayMyAudiR8: mucks hand
Paulllchen collected $35.50 from pot
*** SUMMARY ***
Total pot $36 | Rake $0.50
Board [9d 3d 9h 5d 7h]
Seat 4: PayMyAudiR8 (button) (small blind) mucked
Seat 5: Paulllchen (big blind) showed [Ac 6s] and won ($35.50) with a pair of Nines


PokerStars Hand #151604780506:  Hold'em Limit ($3/$6 USD) - 2016/04/08 6:34:14 ET
Table 'Italia II' 6-max Seat #5 is the button
Seat 4: PayMyAudiR8 ($384.68 in chips)
Seat 5: Paulllchen ($173.51 in chips)
Paulllchen: posts small blind $1
PayMyAudiR8: posts big blind $3
*** HOLE CARDS ***
Paulllchen: raises $3 to $6
PayMyAudiR8: calls $3
*** FLOP *** [6c 5s 5d]
PayMyAudiR8: checks
Paulllchen: bets $3
PayMyAudiR8: calls $3
*** TURN *** [6c 5s 5d] [Ad]
PayMyAudiR8: checks
Paulllchen: bets $6
PayMyAudiR8: folds
Uncalled bet ($6) returned to Paulllchen
Paulllchen collected $17.64 from pot
*** SUMMARY ***
Total pot $18 | Rake $0.36
Board [6c 5s 5d Ad]
Seat 4: PayMyAudiR8 (big blind) folded on the Turn
Seat 5: Paulllchen (button) (small blind) collected ($17.64)


PokerStars Hand #151604778205:  Hold'em Limit ($3/$6 USD) - 2016/04/08 6:34:09 ET
Table 'Italia II' 6-max Seat #4 is the button
Seat 4: PayMyAudiR8 ($381.68 in chips)
Seat 5: Paulllchen ($176.51 in chips)
PayMyAudiR8: posts small blind $1
Paulllchen: posts big blind $3
*** HOLE CARDS ***
PayMyAudiR8: raises $3 to $6
Paulllchen: folds
Uncalled bet ($3) returned to PayMyAudiR8
PayMyAudiR8 collected $6 from pot
PayMyAudiR8: doesn't show hand
*** SUMMARY ***
Total pot $6 | Rake $0
Seat 4: PayMyAudiR8 (button) (small blind) collected ($6)
Seat 5: Paulllchen (big blind) folded before Flop


PokerStars Hand #151604772554:  Hold'em Limit ($3/$6 USD) - 2016/04/08 6:33:56 ET
Table 'Italia II' 6-max Seat #5 is the button
Seat 4: PayMyAudiR8 ($370.16 in chips)
Seat 5: Paulllchen ($188.51 in chips)
Paulllchen: posts small blind $1
PayMyAudiR8: posts big blind $3
*** HOLE CARDS ***
Paulllchen: raises $3 to $6
PayMyAudiR8: calls $3
*** FLOP *** [9c Qc Ac]
PayMyAudiR8: checks
Paulllchen: bets $3
PayMyAudiR8: raises $3 to $6
Paulllchen: calls $3
*** TURN *** [9c Qc Ac] [6d]
PayMyAudiR8: bets $6
Paulllchen: folds
Uncalled bet ($6) returned to PayMyAudiR8
PayMyAudiR8 collected $23.52 from pot
PayMyAudiR8: doesn't show hand
*** SUMMARY ***
Total pot $24 | Rake $0.48
Board [9c Qc Ac 6d]
Seat 4: PayMyAudiR8 (big blind) collected ($23.52)
Seat 5: Paulllchen (button) (small blind) folded on the Turn


PokerStars Hand #151604791321:  Hold'em Limit ($3/$6 USD) - 2016/04/08 6:34:38 ET
Table 'Italia II' 6-max Seat #5 is the button
Seat 4: PayMyAudiR8 ($384.32 in chips)
Seat 5: Paulllchen ($173.15 in chips)
Paulllchen: posts small blind $1
PayMyAudiR8: posts big blind $3
*** HOLE CARDS ***
Paulllchen: raises $3 to $6
PayMyAudiR8: folds
Uncalled bet ($3) returned to Paulllchen
Paulllchen collected $6 from pot
*** SUMMARY ***
Total pot $6 | Rake $0
Seat 4: PayMyAudiR8 (big blind) folded before Flop
Seat 5: Paulllchen (button) (small blind) collected ($6)


PokerStars Hand #151604785865:  Hold'em Limit ($3/$6 USD) - 2016/04/08 6:34:26 ET
Table 'Italia II' 6-max Seat #4 is the button
Seat 4: PayMyAudiR8 ($375.68 in chips)
Seat 5: Paulllchen ($182.15 in chips)
PayMyAudiR8: posts small blind $1
Paulllchen: posts big blind $3
*** HOLE CARDS ***
PayMyAudiR8: raises $3 to $6
Paulllchen: calls $3
*** FLOP *** [2h Jd Jh]
Paulllchen: checks
PayMyAudiR8: bets $3
Paulllchen: calls $3
*** TURN *** [2h Jd Jh] [3s]
Paulllchen: checks
PayMyAudiR8: bets $6
Paulllchen: folds
Uncalled bet ($6) returned to PayMyAudiR8
PayMyAudiR8 collected $17.64 from pot
PayMyAudiR8: doesn't show hand
*** SUMMARY ***
Total pot $18 | Rake $0.36
Board [2h Jd Jh 3s]
Seat 4: PayMyAudiR8 (button) (small blind) collected ($17.64)
Seat 5: Paulllchen (big blind) folded on the Turn


PokerStars Hand #151604811783:  Hold'em Limit ($3/$6 USD) - 2016/04/08 6:35:23 ET
Table 'Italia II' 6-max Seat #5 is the button
Seat 4: PayMyAudiR8 ($339.32 in chips)
Seat 5: Paulllchen ($217.15 in chips)
Paulllchen: posts small blind $1
PayMyAudiR8: posts big blind $3
*** HOLE CARDS ***
hairy1961 joins the table at seat #1
Paulllchen: raises $3 to $6
PayMyAudiR8: calls $3
*** FLOP *** [Kh Ah 7s]
PayMyAudiR8: checks
TbIP-TbIP 88 joins the table at seat #2
Paulllchen: bets $3
PayMyAudiR8: raises $3 to $6
Paulllchen: folds
Uncalled bet ($3) returned to PayMyAudiR8
PayMyAudiR8 collected $17.64 from pot
PayMyAudiR8: doesn't show hand
*** SUMMARY ***
Total pot $18 | Rake $0.36
Board [Kh Ah 7s]
Seat 4: PayMyAudiR8 (big blind) collected ($17.64)
Seat 5: Paulllchen (button) (small blind) folded on the Flop


PokerStars Hand #151604809496:  Hold'em Limit ($3/$6 USD) - 2016/04/08 6:35:18 ET
Table 'Italia II' 6-max Seat #4 is the button
Seat 4: PayMyAudiR8 ($336.32 in chips)
Seat 5: Paulllchen ($220.15 in chips)
PayMyAudiR8: posts small blind $1
Paulllchen: posts big blind $3
*** HOLE CARDS ***
PayMyAudiR8: raises $3 to $6
Paulllchen: folds
Uncalled bet ($3) returned to PayMyAudiR8
PayMyAudiR8 collected $6 from pot
PayMyAudiR8: doesn't show hand
*** SUMMARY ***
Total pot $6 | Rake $0
Seat 4: PayMyAudiR8 (button) (small blind) collected ($6)
Seat 5: Paulllchen (big blind) folded before Flop


PokerStars Hand #151604801927:  Hold'em Limit ($3/$6 USD) - 2016/04/08 6:35:01 ET
Table 'Italia II' 6-max Seat #5 is the button
Seat 4: PayMyAudiR8 ($363.32 in chips)
Seat 5: Paulllchen ($193.65 in chips)
Paulllchen: posts small blind $1
PayMyAudiR8: posts big blind $3
*** HOLE CARDS ***
Paulllchen: raises $3 to $6
PayMyAudiR8: calls $3
*** FLOP *** [2s 3d As]
PayMyAudiR8: checks
Paulllchen: bets $3
PayMyAudiR8: calls $3
*** TURN *** [2s 3d As] [2h]
PayMyAudiR8: checks
Paulllchen: bets $6
PayMyAudiR8: raises $6 to $12
Paulllchen: calls $6
*** RIVER *** [2s 3d As 2h] [8h]
PayMyAudiR8: bets $6
Paulllchen: calls $6
*** SHOW DOWN ***
PayMyAudiR8: shows [4s Th] (a pair of Deuces)
Paulllchen: shows [Kc Ac] (two pair, Aces and Deuces)
Paulllchen collected $53.50 from pot
*** SUMMARY ***
Total pot $54 | Rake $0.50
Board [2s 3d As 2h 8h]
Seat 4: PayMyAudiR8 (big blind) showed [4s Th] and lost with a pair of Deuces
Seat 5: Paulllchen (button) (small blind) showed [Kc Ac] and won ($53.50) with two pair, Aces and Deuces


PokerStars Hand #151605723959:  Hold'em Limit ($3/$6 USD) - 2016/04/08 7:08:37 ET
Table 'Italia II' 6-max Seat #3 is the button
Seat 1: krytalex ($98.74 in chips)
Seat 3: .uuum7 ($44.51 in chips)
Vincenzo Vs joins the table at seat #4
TbIP-TbIP 88 has timed out
TbIP-TbIP 88: is sitting out
.uuum7: posts small blind $1
krytalex: posts big blind $3
*** HOLE CARDS ***
.uuum7: folds
Uncalled bet ($2) returned to krytalex
krytalex collected $2 from pot
*** SUMMARY ***
Total pot $2 | Rake $0
Seat 1: krytalex (big blind) collected ($2)
Seat 3: .uuum7 (button) (small blind) folded before Flop


PokerStars Hand #151605737504:  Hold'em Limit ($3/$6 USD) - 2016/04/08 7:09:05 ET
Table 'Italia II' 6-max Seat #1 is the button
Seat 1: krytalex ($99.74 in chips)
Seat 3: .uuum7 ($43.51 in chips)
krytalex: posts small blind $1
Vincenzo Vs leaves the table
.uuum7: posts big blind $3
*** HOLE CARDS ***
krytalex: raises $3 to $6
.uuum7: calls $3
*** FLOP *** [6c Jc 8c]
.uuum7: checks
krytalex: bets $3
.uuum7: folds
Uncalled bet ($3) returned to krytalex
krytalex collected $11.76 from pot
*** SUMMARY ***
Total pot $12 | Rake $0.24
Board [6c Jc 8c]
Seat 1: krytalex (button) (small blind) collected ($11.76)
Seat 3: .uuum7 (big blind) folded on the Flop


PokerStars Hand #151605712456:  Hold'em Limit ($3/$6 USD) - 2016/04/08 7:08:13 ET
Table 'Italia II' 6-max Seat #5 is the button
Seat 1: krytalex ($97.74 in chips)
Seat 5: Jiten9 ($118.55 in chips)
Jiten9: posts small blind $1
krytalex: posts big blind $3
*** HOLE CARDS ***
TbIP-TbIP 88 joins the table at seat #6
Jiten9: folds
Uncalled bet ($2) returned to krytalex
krytalex collected $2 from pot
*** SUMMARY ***
Total pot $2 | Rake $0
Seat 1: krytalex (big blind) collected ($2)
Seat 5: Jiten9 (button) (small blind) folded before Flop


PokerStars Hand #151605747995:  Hold'em Limit ($3/$6 USD) - 2016/04/08 7:09:27 ET
Table 'Italia II' 6-max Seat #3 is the button
Seat 1: krytalex ($105.50 in chips)
Seat 3: .uuum7 ($37.51 in chips)
.uuum7: posts small blind $1
krytalex: posts big blind $3
*** HOLE CARDS ***
.uuum7: raises $3 to $6
krytalex: raises $3 to $9
.uuum7: calls $3
*** FLOP *** [3c 8c 5h]
krytalex: bets $3
.uuum7: calls $3
*** TURN *** [3c 8c 5h] [8h]
krytalex: bets $6
.uuum7: calls $6
*** RIVER *** [3c 8c 5h 8h] [Jh]
krytalex: bets $6
.uuum7: folds
Uncalled bet ($6) returned to krytalex
krytalex collected $35.50 from pot
*** SUMMARY ***
Total pot $36 | Rake $0.50
Board [3c 8c 5h 8h Jh]
Seat 1: krytalex (big blind) collected ($35.50)
Seat 3: .uuum7 (button) (small blind) folded on the River


PokerStars Hand #151605757902:  Hold'em Limit ($3/$6 USD) - 2016/04/08 7:09:48 ET
Table 'Italia II' 6-max Seat #1 is the button
Seat 1: krytalex ($123 in chips)
Seat 3: .uuum7 ($19.51 in chips)
krytalex: posts small blind $1
.uuum7: posts big blind $3
*** HOLE CARDS ***
krytalex: folds
Uncalled bet ($2) returned to .uuum7
.uuum7 collected $2 from pot
*** SUMMARY ***
Total pot $2 | Rake $0
Seat 1: krytalex (button) (small blind) folded before Flop
Seat 3: .uuum7 (big blind) collected ($2)


