PokerStars Hand #164372275744:  Hold'em Limit ($3/$6 USD) - 2017/01/10 17:28:26 ET
Table 'Italia' 6-max Seat #2 is the button
Seat 1: aragon1111 ($37.38 in chips)
Seat 2: Great_Kang ($237.71 in chips)
Great_Kang: posts small blind $1
aragon1111: posts big blind $3
*** HOLE CARDS ***
Great_Kang: raises $3 to $6
aragon1111: folds
Uncalled bet ($3) returned to Great_Kang
Great_Kang collected $6 from pot
*** SUMMARY ***
Total pot $6 | Rake $0
Seat 1: aragon1111 (big blind) folded before Flop
Seat 2: Great_Kang (button) (small blind) collected ($6)


PokerStars Hand #164372284524:  Hold'em Limit ($3/$6 USD) - 2017/01/10 17:28:35 ET
Table 'Italia' 6-max Seat #1 is the button
Seat 1: aragon1111 ($34.38 in chips)
Seat 2: Great_Kang ($240.71 in chips)
aragon1111: posts small blind $1
Great_Kang: posts big blind $3
*** HOLE CARDS ***
aragon1111: raises $3 to $6
Great_Kang: calls $3
*** FLOP *** [8h 7s 8s]
Great_Kang: checks
aragon1111: bets $3
Great_Kang: folds
Uncalled bet ($3) returned to aragon1111
aragon1111 collected $11.76 from pot
aragon1111: doesn't show hand
*** SUMMARY ***
Total pot $12 | Rake $0.24
Board [8h 7s 8s]
Seat 1: aragon1111 (button) (small blind) collected ($11.76)
Seat 2: Great_Kang (big blind) folded on the Flop


PokerStars Hand #164372381657:  Hold'em Limit ($3/$6 USD) - 2017/01/10 17:30:17 ET
Table 'Italia' 6-max Seat #1 is the button
Seat 1: aragon1111 ($17.91 in chips)
Seat 2: Great_Kang ($256.07 in chips)
aragon1111: posts small blind $1
Great_Kang: posts big blind $3
*** HOLE CARDS ***
aragon1111: folds
Uncalled bet ($2) returned to Great_Kang
Great_Kang collected $2 from pot
Great_Kang: doesn't show hand
*** SUMMARY ***
Total pot $2 | Rake $0
Seat 1: aragon1111 (button) (small blind) folded before Flop
Seat 2: Great_Kang (big blind) collected ($2)


PokerStars Hand #164372366464:  Hold'em Limit ($3/$6 USD) - 2017/01/10 17:30:01 ET
Table 'Italia' 6-max Seat #2 is the button
Seat 1: aragon1111 ($9.14 in chips)
Seat 2: Great_Kang ($265.21 in chips)
Great_Kang: posts small blind $1
aragon1111: posts big blind $3
*** HOLE CARDS ***
Great_Kang: raises $3 to $6
aragon1111: raises $3 to $9
Great_Kang: calls $3
*** FLOP *** [9s 3c As]
aragon1111: bets $0.14 and is all-in
Great_Kang: calls $0.14
*** TURN *** [9s 3c As] [2d]
*** RIVER *** [9s 3c As 2d] [Jc]
*** SHOW DOWN ***
aragon1111: shows [5d Qd] (high card Ace)
Great_Kang: shows [Td 8s] (high card Ace - lower kicker)
aragon1111 collected $17.91 from pot
*** SUMMARY ***
Total pot $18.28 | Rake $0.37
Board [9s 3c As 2d Jc]
Seat 1: aragon1111 (big blind) showed [5d Qd] and won ($17.91) with high card Ace
Seat 2: Great_Kang (button) (small blind) showed [Td 8s] and lost with high card Ace


PokerStars Hand #164372357238:  Hold'em Limit ($3/$6 USD) - 2017/01/10 17:29:52 ET
Table 'Italia' 6-max Seat #1 is the button
Seat 1: aragon1111 ($10.14 in chips)
Seat 2: Great_Kang ($264.21 in chips)
aragon1111: posts small blind $1
Great_Kang: posts big blind $3
*** HOLE CARDS ***
aragon1111: folds
Uncalled bet ($2) returned to Great_Kang
Great_Kang collected $2 from pot
Great_Kang: doesn't show hand
*** SUMMARY ***
Total pot $2 | Rake $0
Seat 1: aragon1111 (button) (small blind) folded before Flop
Seat 2: Great_Kang (big blind) collected ($2)


PokerStars Hand #164372297285:  Hold'em Limit ($3/$6 USD) - 2017/01/10 17:28:49 ET
Table 'Italia' 6-max Seat #2 is the button
Seat 1: aragon1111 ($40.14 in chips)
Seat 2: Great_Kang ($234.71 in chips)
Great_Kang: posts small blind $1
aragon1111: posts big blind $3
*** HOLE CARDS ***
Great_Kang: raises $3 to $6
aragon1111: raises $3 to $9
Great_Kang: calls $3
*** FLOP *** [8h 5h 3d]
aragon1111: bets $3
Great_Kang: calls $3
*** TURN *** [8h 5h 3d] [5c]
aragon1111: bets $6
Great_Kang: raises $6 to $12
aragon1111: raises $6 to $18
Great_Kang: calls $6
*** RIVER *** [8h 5h 3d 5c] [3h]
aragon1111: checks
Great_Kang: checks
*** SHOW DOWN ***
aragon1111: shows [7h 7c] (two pair, Sevens and Fives)
Great_Kang: shows [Ks 8d] (two pair, Eights and Fives)
Great_Kang collected $59.50 from pot
*** SUMMARY ***
Total pot $60 | Rake $0.50
Board [8h 5h 3d 5c 3h]
Seat 1: aragon1111 (big blind) showed [7h 7c] and lost with two pair, Sevens and Fives
Seat 2: Great_Kang (button) (small blind) showed [Ks 8d] and won ($59.50) with two pair, Eights and Fives


PokerStars Hand #164372387156:  Hold'em Limit ($3/$6 USD) - 2017/01/10 17:30:23 ET
Table 'Italia' 6-max Seat #2 is the button
Seat 1: aragon1111 ($16.91 in chips)
Seat 2: Great_Kang ($257.07 in chips)
Great_Kang: posts small blind $1
aragon1111: posts big blind $3
*** HOLE CARDS ***
Great_Kang: raises $3 to $6
aragon1111: calls $3
*** FLOP *** [Kc Ts Js]
aragon1111: checks
Great_Kang: bets $3
aragon1111: raises $3 to $6
Great_Kang: calls $3
*** TURN *** [Kc Ts Js] [Qd]
aragon1111: bets $4.91 and is all-in
Great_Kang: calls $4.91
*** RIVER *** [Kc Ts Js Qd] [6s]
*** SHOW DOWN ***
aragon1111: shows [Jd 9d] (a straight, Nine to King)
Great_Kang: shows [Ah Kd] (a straight, Ten to Ace)
Great_Kang collected $33.32 from pot
*** SUMMARY ***
Total pot $33.82 | Rake $0.50
Board [Kc Ts Js Qd 6s]
Seat 1: aragon1111 (big blind) showed [Jd 9d] and lost with a straight, Nine to King
Seat 2: Great_Kang (button) (small blind) showed [Ah Kd] and won ($33.32) with a straight, Ten to Ace


