PokerStars Hand #164966220259:  Hold'em Limit ($3/$6 USD) - 2017/01/21 21:36:44 ET
Table 'Itha' 6-max Seat #3 is the button
Seat 1: LifeisagameX ($84 in chips)
Seat 3: nipper142 ($31 in chips)
nipper142: posts small blind $1
LifeisagameX: posts big blind $3
*** HOLE CARDS ***
nipper142: raises $3 to $6
LifeisagameX: raises $3 to $9
nipper142: calls $3
*** FLOP *** [8s 7s 4d]
LifeisagameX: bets $3
nipper142: raises $3 to $6
LifeisagameX: raises $3 to $9
nipper142: calls $3
*** TURN *** [8s 7s 4d] [Jc]
LifeisagameX: bets $6
nipper142: calls $6
*** RIVER *** [8s 7s 4d Jc] [Tc]
LifeisagameX: bets $6
nipper142: raises $1 to $7 and is all-in
LifeisagameX: calls $1
*** SHOW DOWN ***
nipper142: shows [Ah Th] (a pair of Tens)
LifeisagameX: shows [Js 5s] (a pair of Jacks)
LifeisagameX collected $61.50 from pot
*** SUMMARY ***
Total pot $62 | Rake $0.50
Board [8s 7s 4d Jc Tc]
Seat 1: LifeisagameX (big blind) showed [Js 5s] and won ($61.50) with a pair of Jacks
Seat 3: nipper142 (button) (small blind) showed [Ah Th] and lost with a pair of Tens


PokerStars Hand #164966213883:  Hold'em Limit ($3/$6 USD) - 2017/01/21 21:36:31 ET
Table 'Itha' 6-max Seat #1 is the button
Seat 1: LifeisagameX ($84 in chips)
Seat 3: nipper142 ($30 in chips)
LifeisagameX: posts small blind $1
nipper142: posts big blind $3
*** HOLE CARDS ***
LifeisagameX: folds
Uncalled bet ($2) returned to nipper142
nipper142 collected $2 from pot
nipper142: doesn't show hand
*** SUMMARY ***
Total pot $2 | Rake $0
Seat 1: LifeisagameX (button) (small blind) folded before Flop
Seat 3: nipper142 (big blind) collected ($2)


