PokerStars Hand #147146565000:  Hold'em Limit ($3/$6 USD) - 2016/01/16 13:23:36 ET
Table 'Itha IV' 2-max Seat #2 is the button
Seat 1: REZOLUTION84 ($54.81 in chips)
Seat 2: _fayzulllo_ ($89.38 in chips)
_fayzulllo_: posts small blind $1
REZOLUTION84: posts big blind $3
*** HOLE CARDS ***
_fayzulllo_: folds
Uncalled bet ($2) returned to REZOLUTION84
REZOLUTION84 collected $2 from pot
REZOLUTION84: doesn't show hand
*** SUMMARY ***
Total pot $2 | Rake $0
Seat 1: REZOLUTION84 (big blind) collected ($2)
Seat 2: _fayzulllo_ (button) (small blind) folded before Flop


PokerStars Hand #147146543077:  Hold'em Limit ($3/$6 USD) - 2016/01/16 13:23:15 ET
Table 'Itha IV' 2-max Seat #1 is the button
Seat 1: REZOLUTION84 ($60 in chips)
Seat 2: _fayzulllo_ ($74.88 in chips)
REZOLUTION84: posts small blind $1
_fayzulllo_: posts big blind $3
*** HOLE CARDS ***
REZOLUTION84: raises $3 to $6
_fayzulllo_: calls $3
*** FLOP *** [3s 9s Kh]
_fayzulllo_: checks
REZOLUTION84: bets $3
_fayzulllo_: calls $3
*** TURN *** [3s 9s Kh] [Qs]
_fayzulllo_: checks
REZOLUTION84: checks
*** RIVER *** [3s 9s Kh Qs] [6d]
_fayzulllo_: bets $6
REZOLUTION84: calls $6
*** SHOW DOWN ***
_fayzulllo_: shows [Jd 9c] (a pair of Nines)
REZOLUTION84: mucks hand
_fayzulllo_ collected $29.50 from pot
*** SUMMARY ***
Total pot $30 | Rake $0.50
Board [3s 9s Kh Qs 6d]
Seat 1: REZOLUTION84 (button) (small blind) mucked
Seat 2: _fayzulllo_ (big blind) showed [Jd 9c] and won ($29.50) with a pair of Nines


PokerStars Hand #147146571498:  Hold'em Limit ($3/$6 USD) - 2016/01/16 13:23:43 ET
Table 'Itha IV' 2-max Seat #1 is the button
Seat 1: REZOLUTION84 ($55.81 in chips)
Seat 2: _fayzulllo_ ($88.38 in chips)
REZOLUTION84: posts small blind $1
_fayzulllo_: posts big blind $3
*** HOLE CARDS ***
REZOLUTION84: folds
Uncalled bet ($2) returned to _fayzulllo_
_fayzulllo_ collected $2 from pot
_fayzulllo_: doesn't show hand
*** SUMMARY ***
Total pot $2 | Rake $0
Seat 1: REZOLUTION84 (button) (small blind) folded before Flop
Seat 2: _fayzulllo_ (big blind) collected ($2)


PokerStars Hand #147146577405:  Hold'em Limit ($3/$6 USD) - 2016/01/16 13:23:48 ET
Table 'Itha IV' 2-max Seat #2 is the button
Seat 1: REZOLUTION84 ($54.81 in chips)
Seat 2: _fayzulllo_ ($89.38 in chips)
_fayzulllo_: posts small blind $1
REZOLUTION84: posts big blind $3
*** HOLE CARDS ***
_fayzulllo_: calls $2
REZOLUTION84: checks
*** FLOP *** [3h Ad 8h]
REZOLUTION84: checks
_fayzulllo_: checks
*** TURN *** [3h Ad 8h] [Jh]
REZOLUTION84: checks
_fayzulllo_: bets $6
REZOLUTION84: calls $6
*** RIVER *** [3h Ad 8h Jh] [Ks]
REZOLUTION84: checks
_fayzulllo_: checks
*** SHOW DOWN ***
REZOLUTION84: shows [2h 3c] (a pair of Threes)
_fayzulllo_: mucks hand
REZOLUTION84 collected $17.64 from pot
*** SUMMARY ***
Total pot $18 | Rake $0.36
Board [3h Ad 8h Jh Ks]
Seat 1: REZOLUTION84 (big blind) showed [2h 3c] and won ($17.64) with a pair of Threes
Seat 2: _fayzulllo_ (button) (small blind) mucked


PokerStars Hand #147146599926:  Hold'em Limit ($3/$6 USD) - 2016/01/16 13:24:10 ET
Table 'Itha IV' 2-max Seat #1 is the button
Seat 1: REZOLUTION84 ($63.45 in chips)
Seat 2: _fayzulllo_ ($80.38 in chips)
REZOLUTION84: posts small blind $1
_fayzulllo_: posts big blind $3
*** HOLE CARDS ***
REZOLUTION84: raises $3 to $6
_fayzulllo_: calls $3
*** FLOP *** [Tc Qc Ah]
_fayzulllo_: checks
REZOLUTION84: bets $3
_fayzulllo_: raises $3 to $6
REZOLUTION84: folds
Uncalled bet ($3) returned to _fayzulllo_
_fayzulllo_ collected $17.64 from pot
_fayzulllo_: doesn't show hand
*** SUMMARY ***
Total pot $18 | Rake $0.36
Board [Tc Qc Ah]
Seat 1: REZOLUTION84 (button) (small blind) folded on the Flop
Seat 2: _fayzulllo_ (big blind) collected ($17.64)


PokerStars Hand #147146618441:  Hold'em Limit ($3/$6 USD) - 2016/01/16 13:24:28 ET
Table 'Itha IV' 2-max Seat #1 is the button
Seat 1: REZOLUTION84 ($55.45 in chips)
Seat 2: _fayzulllo_ ($88.02 in chips)
REZOLUTION84: posts small blind $1
_fayzulllo_: posts big blind $3
*** HOLE CARDS ***
REZOLUTION84: folds
Uncalled bet ($2) returned to _fayzulllo_
_fayzulllo_ collected $2 from pot
_fayzulllo_: doesn't show hand
*** SUMMARY ***
Total pot $2 | Rake $0
Seat 1: REZOLUTION84 (button) (small blind) folded before Flop
Seat 2: _fayzulllo_ (big blind) collected ($2)


PokerStars Hand #147146612546:  Hold'em Limit ($3/$6 USD) - 2016/01/16 13:24:23 ET
Table 'Itha IV' 2-max Seat #2 is the button
Seat 1: REZOLUTION84 ($54.45 in chips)
Seat 2: _fayzulllo_ ($89.02 in chips)
_fayzulllo_: posts small blind $1
REZOLUTION84: posts big blind $3
*** HOLE CARDS ***
_fayzulllo_: folds
Uncalled bet ($2) returned to REZOLUTION84
REZOLUTION84 collected $2 from pot
REZOLUTION84: doesn't show hand
*** SUMMARY ***
Total pot $2 | Rake $0
Seat 1: REZOLUTION84 (big blind) collected ($2)
Seat 2: _fayzulllo_ (button) (small blind) folded before Flop


PokerStars Hand #147146624209:  Hold'em Limit ($3/$6 USD) - 2016/01/16 13:24:34 ET
Table 'Itha IV' 2-max Seat #2 is the button
Seat 1: REZOLUTION84 ($54.45 in chips)
Seat 2: _fayzulllo_ ($89.02 in chips)
_fayzulllo_: posts small blind $1
REZOLUTION84: posts big blind $3
*** HOLE CARDS ***
_fayzulllo_: folds
Uncalled bet ($2) returned to REZOLUTION84
REZOLUTION84 collected $2 from pot
REZOLUTION84: doesn't show hand
*** SUMMARY ***
Total pot $2 | Rake $0
Seat 1: REZOLUTION84 (big blind) collected ($2)
Seat 2: _fayzulllo_ (button) (small blind) folded before Flop


PokerStars Hand #147146630614:  Hold'em Limit ($3/$6 USD) - 2016/01/16 13:24:40 ET
Table 'Itha IV' 2-max Seat #1 is the button
Seat 1: REZOLUTION84 ($55.45 in chips)
Seat 2: _fayzulllo_ ($88.02 in chips)
REZOLUTION84: posts small blind $1
_fayzulllo_: posts big blind $3
*** HOLE CARDS ***
REZOLUTION84: raises $3 to $6
_fayzulllo_: calls $3
*** FLOP *** [5s Qs 5d]
_fayzulllo_: checks
REZOLUTION84: bets $3
_fayzulllo_: calls $3
*** TURN *** [5s Qs 5d] [2s]
_fayzulllo_: checks
REZOLUTION84: bets $6
_fayzulllo_: raises $6 to $12
REZOLUTION84: folds
Uncalled bet ($6) returned to _fayzulllo_
_fayzulllo_ collected $29.50 from pot
_fayzulllo_: doesn't show hand
*** SUMMARY ***
Total pot $30 | Rake $0.50
Board [5s Qs 5d 2s]
Seat 1: REZOLUTION84 (button) (small blind) folded on the Turn
Seat 2: _fayzulllo_ (big blind) collected ($29.50)


PokerStars Hand #147146651305:  Hold'em Limit ($3/$6 USD) - 2016/01/16 13:25:00 ET
Table 'Itha IV' 2-max Seat #2 is the button
Seat 1: REZOLUTION84 ($40.45 in chips)
Seat 2: _fayzulllo_ ($102.52 in chips)
_fayzulllo_: posts small blind $1
REZOLUTION84: posts big blind $3
*** HOLE CARDS ***
_fayzulllo_: calls $2
REZOLUTION84: raises $3 to $6
_fayzulllo_: calls $3
*** FLOP *** [Js Qs Qd]
REZOLUTION84: bets $3
_fayzulllo_: folds
Uncalled bet ($3) returned to REZOLUTION84
REZOLUTION84 collected $11.76 from pot
REZOLUTION84: doesn't show hand
*** SUMMARY ***
Total pot $12 | Rake $0.24
Board [Js Qs Qd]
Seat 1: REZOLUTION84 (big blind) collected ($11.76)
Seat 2: _fayzulllo_ (button) (small blind) folded on the Flop


PokerStars Hand #147146661615:  Hold'em Limit ($3/$6 USD) - 2016/01/16 13:25:10 ET
Table 'Itha IV' 2-max Seat #1 is the button
Seat 1: REZOLUTION84 ($60 in chips)
Seat 2: _fayzulllo_ ($96.52 in chips)
REZOLUTION84: posts small blind $1
_fayzulllo_: posts big blind $3
*** HOLE CARDS ***
REZOLUTION84: raises $3 to $6
_fayzulllo_: calls $3
*** FLOP *** [Td 4h 6h]
_fayzulllo_: checks
REZOLUTION84: bets $3
_fayzulllo_: calls $3
*** TURN *** [Td 4h 6h] [7h]
_fayzulllo_: checks
REZOLUTION84: checks
*** RIVER *** [Td 4h 6h 7h] [Kd]
_fayzulllo_: bets $6
REZOLUTION84: folds
Uncalled bet ($6) returned to _fayzulllo_
_fayzulllo_ collected $17.64 from pot
_fayzulllo_: doesn't show hand
*** SUMMARY ***
Total pot $18 | Rake $0.36
Board [Td 4h 6h 7h Kd]
Seat 1: REZOLUTION84 (button) (small blind) folded on the River
Seat 2: _fayzulllo_ (big blind) collected ($17.64)


PokerStars Hand #147146678716:  Hold'em Limit ($3/$6 USD) - 2016/01/16 13:25:27 ET
Table 'Itha IV' 2-max Seat #2 is the button
Seat 1: REZOLUTION84 ($60 in chips)
Seat 2: _fayzulllo_ ($105.16 in chips)
_fayzulllo_: posts small blind $1
REZOLUTION84: posts big blind $3
*** HOLE CARDS ***
_fayzulllo_: calls $2
REZOLUTION84: raises $3 to $6
_fayzulllo_: calls $3
*** FLOP *** [3s 9h 5h]
REZOLUTION84: bets $3
_fayzulllo_: calls $3
*** TURN *** [3s 9h 5h] [Jh]
REZOLUTION84: checks
_fayzulllo_: checks
*** RIVER *** [3s 9h 5h Jh] [2h]
REZOLUTION84: bets $6
_fayzulllo_: calls $6
*** SHOW DOWN ***
REZOLUTION84: shows [8c Tc] (high card Jack)
_fayzulllo_: shows [5s 7s] (a pair of Fives)
_fayzulllo_ collected $29.50 from pot
*** SUMMARY ***
Total pot $30 | Rake $0.50
Board [3s 9h 5h Jh 2h]
Seat 1: REZOLUTION84 (big blind) showed [8c Tc] and lost with high card Jack
Seat 2: _fayzulllo_ (button) (small blind) showed [5s 7s] and won ($29.50) with a pair of Fives


PokerStars Hand #147146693202:  Hold'em Limit ($3/$6 USD) - 2016/01/16 13:25:41 ET
Table 'Itha IV' 2-max Seat #1 is the button
Seat 1: REZOLUTION84 ($60 in chips)
Seat 2: _fayzulllo_ ($119.66 in chips)
REZOLUTION84: posts small blind $1
_fayzulllo_: posts big blind $3
*** HOLE CARDS ***
REZOLUTION84: raises $3 to $6
_fayzulllo_: raises $3 to $9
REZOLUTION84: calls $3
*** FLOP *** [Ts 5s Qs]
_fayzulllo_: bets $3
REZOLUTION84: folds
Uncalled bet ($3) returned to _fayzulllo_
_fayzulllo_ collected $17.64 from pot
_fayzulllo_: doesn't show hand
*** SUMMARY ***
Total pot $18 | Rake $0.36
Board [Ts 5s Qs]
Seat 1: REZOLUTION84 (button) (small blind) folded on the Flop
Seat 2: _fayzulllo_ (big blind) collected ($17.64)


PokerStars Hand #147146701998:  Hold'em Limit ($3/$6 USD) - 2016/01/16 13:25:50 ET
Table 'Itha IV' 2-max Seat #2 is the button
Seat 1: REZOLUTION84 ($60 in chips)
Seat 2: _fayzulllo_ ($128.30 in chips)
_fayzulllo_: posts small blind $1
REZOLUTION84: posts big blind $3
*** HOLE CARDS ***
_fayzulllo_: raises $3 to $6
REZOLUTION84: calls $3
*** FLOP *** [9c Ad 3s]
REZOLUTION84: checks
_fayzulllo_: bets $3
REZOLUTION84: raises $3 to $6
_fayzulllo_: raises $3 to $9
REZOLUTION84: calls $3
*** TURN *** [9c Ad 3s] [3c]
REZOLUTION84: checks
_fayzulllo_: checks
*** RIVER *** [9c Ad 3s 3c] [Ac]
REZOLUTION84: bets $6
_fayzulllo_: calls $6
*** SHOW DOWN ***
REZOLUTION84: shows [Ah 6c] (a full house, Aces full of Threes)
_fayzulllo_: mucks hand
REZOLUTION84 collected $41.50 from pot
*** SUMMARY ***
Total pot $42 | Rake $0.50
Board [9c Ad 3s 3c Ac]
Seat 1: REZOLUTION84 (big blind) showed [Ah 6c] and won ($41.50) with a full house, Aces full of Threes
Seat 2: _fayzulllo_ (button) (small blind) mucked


PokerStars Hand #147146749423:  Hold'em Limit ($3/$6 USD) - 2016/01/16 13:26:36 ET
Table 'Itha IV' 2-max Seat #2 is the button
Seat 1: REZOLUTION84 ($62.50 in chips)
Seat 2: _fayzulllo_ ($124.80 in chips)
_fayzulllo_: posts small blind $1
REZOLUTION84: posts big blind $3
*** HOLE CARDS ***
_fayzulllo_: folds
Uncalled bet ($2) returned to REZOLUTION84
REZOLUTION84 collected $2 from pot
REZOLUTION84: doesn't show hand
*** SUMMARY ***
Total pot $2 | Rake $0
Seat 1: REZOLUTION84 (big blind) collected ($2)
Seat 2: _fayzulllo_ (button) (small blind) folded before Flop


PokerStars Hand #147146722461:  Hold'em Limit ($3/$6 USD) - 2016/01/16 13:26:10 ET
Table 'Itha IV' 2-max Seat #1 is the button
Seat 1: REZOLUTION84 ($80.50 in chips)
Seat 2: _fayzulllo_ ($107.30 in chips)
REZOLUTION84: posts small blind $1
_fayzulllo_: posts big blind $3
*** HOLE CARDS ***
REZOLUTION84: raises $3 to $6
_fayzulllo_: calls $3
*** FLOP *** [Td 7h 9h]
_fayzulllo_: checks
REZOLUTION84: checks
*** TURN *** [Td 7h 9h] [Ah]
_fayzulllo_: checks
REZOLUTION84: bets $6
_fayzulllo_: calls $6
*** RIVER *** [Td 7h 9h Ah] [Th]
_fayzulllo_: bets $6
REZOLUTION84: calls $6
*** SHOW DOWN ***
_fayzulllo_: shows [Jh 7c] (a flush, Ace high)
REZOLUTION84: mucks hand
_fayzulllo_ collected $35.50 from pot
*** SUMMARY ***
Total pot $36 | Rake $0.50
Board [Td 7h 9h Ah Th]
Seat 1: REZOLUTION84 (button) (small blind) mucked
Seat 2: _fayzulllo_ (big blind) showed [Jh 7c] and won ($35.50) with a flush, Ace high


PokerStars Hand #147146804595:  Hold'em Limit ($3/$6 USD) - 2016/01/16 13:27:31 ET
Table 'Itha IV' 2-max Seat #2 is the button
Seat 1: REZOLUTION84 ($87 in chips)
Seat 2: _fayzulllo_ ($99.80 in chips)
_fayzulllo_: posts small blind $1
REZOLUTION84: posts big blind $3
*** HOLE CARDS ***
_fayzulllo_: folds
Uncalled bet ($2) returned to REZOLUTION84
REZOLUTION84 collected $2 from pot
REZOLUTION84: doesn't show hand
*** SUMMARY ***
Total pot $2 | Rake $0
Seat 1: REZOLUTION84 (big blind) collected ($2)
Seat 2: _fayzulllo_ (button) (small blind) folded before Flop


PokerStars Hand #147146794575:  Hold'em Limit ($3/$6 USD) - 2016/01/16 13:27:21 ET
Table 'Itha IV' 2-max Seat #1 is the button
Seat 1: REZOLUTION84 ($84 in chips)
Seat 2: _fayzulllo_ ($102.80 in chips)
REZOLUTION84: posts small blind $1
_fayzulllo_: posts big blind $3
*** HOLE CARDS ***
REZOLUTION84: raises $3 to $6
_fayzulllo_: folds
Uncalled bet ($3) returned to REZOLUTION84
REZOLUTION84 collected $6 from pot
REZOLUTION84: doesn't show hand
*** SUMMARY ***
Total pot $6 | Rake $0
Seat 1: REZOLUTION84 (button) (small blind) collected ($6)
Seat 2: _fayzulllo_ (big blind) folded before Flop


PokerStars Hand #147146787721:  Hold'em Limit ($3/$6 USD) - 2016/01/16 13:27:14 ET
Table 'Itha IV' 2-max Seat #2 is the button
Seat 1: REZOLUTION84 ($87 in chips)
Seat 2: _fayzulllo_ ($99.80 in chips)
_fayzulllo_: posts small blind $1
REZOLUTION84: posts big blind $3
*** HOLE CARDS ***
_fayzulllo_: raises $3 to $6
REZOLUTION84: folds
Uncalled bet ($3) returned to _fayzulllo_
_fayzulllo_ collected $6 from pot
_fayzulllo_: doesn't show hand
*** SUMMARY ***
Total pot $6 | Rake $0
Seat 1: REZOLUTION84 (big blind) folded before Flop
Seat 2: _fayzulllo_ (button) (small blind) collected ($6)


PokerStars Hand #147146758835:  Hold'em Limit ($3/$6 USD) - 2016/01/16 13:26:46 ET
Table 'Itha IV' 2-max Seat #1 is the button
Seat 1: REZOLUTION84 ($63.50 in chips)
Seat 2: _fayzulllo_ ($123.80 in chips)
REZOLUTION84: posts small blind $1
_fayzulllo_: posts big blind $3
*** HOLE CARDS ***
REZOLUTION84: raises $3 to $6
_fayzulllo_: raises $3 to $9
REZOLUTION84: calls $3
*** FLOP *** [Ad 7d 5d]
_fayzulllo_: bets $3
REZOLUTION84: calls $3
*** TURN *** [Ad 7d 5d] [Jd]
_fayzulllo_: checks
REZOLUTION84: bets $6
_fayzulllo_: calls $6
*** RIVER *** [Ad 7d 5d Jd] [As]
_fayzulllo_: checks
REZOLUTION84: bets $6
_fayzulllo_: calls $6
*** SHOW DOWN ***
REZOLUTION84: shows [7c 9d] (a flush, Ace high)
_fayzulllo_: mucks hand
REZOLUTION84 collected $47.50 from pot
*** SUMMARY ***
Total pot $48 | Rake $0.50
Board [Ad 7d 5d Jd As]
Seat 1: REZOLUTION84 (button) (small blind) showed [7c 9d] and won ($47.50) with a flush, Ace high
Seat 2: _fayzulllo_ (big blind) mucked


PokerStars Hand #147146832956:  Hold'em Limit ($3/$6 USD) - 2016/01/16 13:27:58 ET
Table 'Itha IV' 2-max Seat #2 is the button
Seat 1: REZOLUTION84 ($73 in chips)
Seat 2: _fayzulllo_ ($113.30 in chips)
_fayzulllo_: posts small blind $1
REZOLUTION84: posts big blind $3
*** HOLE CARDS ***
_fayzulllo_: raises $3 to $6
REZOLUTION84: calls $3
*** FLOP *** [8s 9d 9c]
REZOLUTION84: checks
_fayzulllo_: checks
*** TURN *** [8s 9d 9c] [Jd]
REZOLUTION84: checks
_fayzulllo_: checks
*** RIVER *** [8s 9d 9c Jd] [Ts]
REZOLUTION84: checks
_fayzulllo_: bets $6
REZOLUTION84: calls $6
*** SHOW DOWN ***
_fayzulllo_: shows [Ah Qd] (a straight, Eight to Queen)
REZOLUTION84: mucks hand
_fayzulllo_ collected $23.52 from pot
*** SUMMARY ***
Total pot $24 | Rake $0.48
Board [8s 9d 9c Jd Ts]
Seat 1: REZOLUTION84 (big blind) mucked
Seat 2: _fayzulllo_ (button) (small blind) showed [Ah Qd] and won ($23.52) with a straight, Eight to Queen


PokerStars Hand #147146809982:  Hold'em Limit ($3/$6 USD) - 2016/01/16 13:27:36 ET
Table 'Itha IV' 2-max Seat #1 is the button
Seat 1: REZOLUTION84 ($88 in chips)
Seat 2: _fayzulllo_ ($98.80 in chips)
REZOLUTION84: posts small blind $1
_fayzulllo_: posts big blind $3
*** HOLE CARDS ***
REZOLUTION84: raises $3 to $6
_fayzulllo_: calls $3
*** FLOP *** [5h 6s Qh]
_fayzulllo_: checks
REZOLUTION84: bets $3
_fayzulllo_: calls $3
*** TURN *** [5h 6s Qh] [3c]
_fayzulllo_: checks
REZOLUTION84: checks
*** RIVER *** [5h 6s Qh 3c] [7h]
_fayzulllo_: bets $6
REZOLUTION84: calls $6
*** SHOW DOWN ***
_fayzulllo_: shows [Ah 7s] (a pair of Sevens)
REZOLUTION84: mucks hand
_fayzulllo_ collected $29.50 from pot
*** SUMMARY ***
Total pot $30 | Rake $0.50
Board [5h 6s Qh 3c 7h]
Seat 1: REZOLUTION84 (button) (small blind) mucked
Seat 2: _fayzulllo_ (big blind) showed [Ah 7s] and won ($29.50) with a pair of Sevens


PokerStars Hand #147146908905:  Hold'em Limit ($3/$6 USD) - 2016/01/16 13:29:13 ET
Table 'Itha IV' 2-max Seat #1 is the button
Seat 1: REZOLUTION84 ($85.38 in chips)
Seat 2: _fayzulllo_ ($110.34 in chips)
REZOLUTION84: posts small blind $1
_fayzulllo_: posts big blind $3
*** HOLE CARDS ***
REZOLUTION84: folds
Uncalled bet ($2) returned to _fayzulllo_
_fayzulllo_ collected $2 from pot
_fayzulllo_: doesn't show hand
*** SUMMARY ***
Total pot $2 | Rake $0
Seat 1: REZOLUTION84 (button) (small blind) folded before Flop
Seat 2: _fayzulllo_ (big blind) collected ($2)


PokerStars Hand #147146893910:  Hold'em Limit ($3/$6 USD) - 2016/01/16 13:28:58 ET
Table 'Itha IV' 2-max Seat #2 is the button
Seat 1: REZOLUTION84 ($82.50 in chips)
Seat 2: _fayzulllo_ ($113.34 in chips)
_fayzulllo_: posts small blind $1
REZOLUTION84: posts big blind $3
*** HOLE CARDS ***
_fayzulllo_: calls $2
REZOLUTION84: checks
*** FLOP *** [Js 5c 8d]
REZOLUTION84: checks
_fayzulllo_: checks
*** TURN *** [Js 5c 8d] [Jd]
REZOLUTION84: checks
_fayzulllo_: checks
*** RIVER *** [Js 5c 8d Jd] [Kd]
REZOLUTION84: checks
_fayzulllo_: checks
*** SHOW DOWN ***
REZOLUTION84: shows [Ah 2c] (a pair of Jacks)
_fayzulllo_: mucks hand
REZOLUTION84 collected $5.88 from pot
*** SUMMARY ***
Total pot $6 | Rake $0.12
Board [Js 5c 8d Jd Kd]
Seat 1: REZOLUTION84 (big blind) showed [Ah 2c] and won ($5.88) with a pair of Jacks
Seat 2: _fayzulllo_ (button) (small blind) mucked


PokerStars Hand #147146888716:  Hold'em Limit ($3/$6 USD) - 2016/01/16 13:28:53 ET
Table 'Itha IV' 2-max Seat #1 is the button
Seat 1: REZOLUTION84 ($83.50 in chips)
Seat 2: _fayzulllo_ ($112.34 in chips)
REZOLUTION84: posts small blind $1
_fayzulllo_: posts big blind $3
*** HOLE CARDS ***
REZOLUTION84: folds
Uncalled bet ($2) returned to _fayzulllo_
_fayzulllo_ collected $2 from pot
_fayzulllo_: doesn't show hand
*** SUMMARY ***
Total pot $2 | Rake $0
Seat 1: REZOLUTION84 (button) (small blind) folded before Flop
Seat 2: _fayzulllo_ (big blind) collected ($2)


PokerStars Hand #147146873014:  Hold'em Limit ($3/$6 USD) - 2016/01/16 13:28:38 ET
Table 'Itha IV' 2-max Seat #2 is the button
Seat 1: REZOLUTION84 ($60 in chips)
Seat 2: _fayzulllo_ ($136.34 in chips)
_fayzulllo_: posts small blind $1
REZOLUTION84: posts big blind $3
*** HOLE CARDS ***
_fayzulllo_: raises $3 to $6
REZOLUTION84: raises $3 to $9
_fayzulllo_: calls $3
*** FLOP *** [Qc Tc 3c]
REZOLUTION84: bets $3
_fayzulllo_: calls $3
*** TURN *** [Qc Tc 3c] [4d]
REZOLUTION84: bets $6
_fayzulllo_: calls $6
*** RIVER *** [Qc Tc 3c 4d] [6d]
REZOLUTION84: bets $6
_fayzulllo_: calls $6
*** SHOW DOWN ***
REZOLUTION84: shows [Jh Js] (a pair of Jacks)
_fayzulllo_: mucks hand
REZOLUTION84 collected $47.50 from pot
*** SUMMARY ***
Total pot $48 | Rake $0.50
Board [Qc Tc 3c 4d 6d]
Seat 1: REZOLUTION84 (big blind) showed [Jh Js] and won ($47.50) with a pair of Jacks
Seat 2: _fayzulllo_ (button) (small blind) mucked


PokerStars Hand #147146857912:  Hold'em Limit ($3/$6 USD) - 2016/01/16 13:28:23 ET
Table 'Itha IV' 2-max Seat #1 is the button
Seat 1: REZOLUTION84 ($61 in chips)
Seat 2: _fayzulllo_ ($124.82 in chips)
REZOLUTION84: posts small blind $1
_fayzulllo_: posts big blind $3
*** HOLE CARDS ***
REZOLUTION84: raises $3 to $6
_fayzulllo_: calls $3
*** FLOP *** [5d 6h 6s]
_fayzulllo_: checks
REZOLUTION84: bets $3
_fayzulllo_: raises $3 to $6
REZOLUTION84: calls $3
*** TURN *** [5d 6h 6s] [9s]
_fayzulllo_: bets $6
REZOLUTION84: folds
Uncalled bet ($6) returned to _fayzulllo_
_fayzulllo_ collected $23.52 from pot
_fayzulllo_: doesn't show hand
*** SUMMARY ***
Total pot $24 | Rake $0.48
Board [5d 6h 6s 9s]
Seat 1: REZOLUTION84 (button) (small blind) folded on the Turn
Seat 2: _fayzulllo_ (big blind) collected ($23.52)


PokerStars Hand #147146971245:  Hold'em Limit ($3/$6 USD) - 2016/01/16 13:30:14 ET
Table 'Itha IV' 2-max Seat #1 is the button
Seat 1: REZOLUTION84 ($60 in chips)
Seat 2: _fayzulllo_ ($143.34 in chips)
REZOLUTION84: posts small blind $1
_fayzulllo_: posts big blind $3
*** HOLE CARDS ***
REZOLUTION84: folds
Uncalled bet ($2) returned to _fayzulllo_
_fayzulllo_ collected $2 from pot
_fayzulllo_: doesn't show hand
*** SUMMARY ***
Total pot $2 | Rake $0
Seat 1: REZOLUTION84 (button) (small blind) folded before Flop
Seat 2: _fayzulllo_ (big blind) collected ($2)


PokerStars Hand #147146966002:  Hold'em Limit ($3/$6 USD) - 2016/01/16 13:30:09 ET
Table 'Itha IV' 2-max Seat #2 is the button
Seat 1: REZOLUTION84 ($51.28 in chips)
Seat 2: _fayzulllo_ ($144.34 in chips)
_fayzulllo_: posts small blind $1
REZOLUTION84: posts big blind $3
*** HOLE CARDS ***
_fayzulllo_: folds
Uncalled bet ($2) returned to REZOLUTION84
REZOLUTION84 collected $2 from pot
REZOLUTION84: doesn't show hand
*** SUMMARY ***
Total pot $2 | Rake $0
Seat 1: REZOLUTION84 (big blind) collected ($2)
Seat 2: _fayzulllo_ (button) (small blind) folded before Flop


PokerStars Hand #147146948158:  Hold'em Limit ($3/$6 USD) - 2016/01/16 13:29:52 ET
Table 'Itha IV' 2-max Seat #1 is the button
Seat 1: REZOLUTION84 ($65.38 in chips)
Seat 2: _fayzulllo_ ($129.84 in chips)
REZOLUTION84: posts small blind $1
_fayzulllo_: posts big blind $3
*** HOLE CARDS ***
REZOLUTION84: raises $3 to $6
_fayzulllo_: calls $3
*** FLOP *** [4d 9d Jd]
_fayzulllo_: checks
REZOLUTION84: bets $3
_fayzulllo_: calls $3
*** TURN *** [4d 9d Jd] [Ad]
_fayzulllo_: checks
REZOLUTION84: bets $6
_fayzulllo_: raises $6 to $12
REZOLUTION84: folds
Uncalled bet ($6) returned to _fayzulllo_
_fayzulllo_ collected $29.50 from pot
_fayzulllo_: doesn't show hand
*** SUMMARY ***
Total pot $30 | Rake $0.50
Board [4d 9d Jd Ad]
Seat 1: REZOLUTION84 (button) (small blind) folded on the Turn
Seat 2: _fayzulllo_ (big blind) collected ($29.50)


PokerStars Hand #147146941070:  Hold'em Limit ($3/$6 USD) - 2016/01/16 13:29:45 ET
Table 'Itha IV' 2-max Seat #2 is the button
Seat 1: REZOLUTION84 ($68.38 in chips)
Seat 2: _fayzulllo_ ($126.84 in chips)
_fayzulllo_: posts small blind $1
REZOLUTION84: posts big blind $3
*** HOLE CARDS ***
_fayzulllo_: raises $3 to $6
REZOLUTION84: folds
Uncalled bet ($3) returned to _fayzulllo_
_fayzulllo_ collected $6 from pot
_fayzulllo_: doesn't show hand
*** SUMMARY ***
Total pot $6 | Rake $0
Seat 1: REZOLUTION84 (big blind) folded before Flop
Seat 2: _fayzulllo_ (button) (small blind) collected ($6)


PokerStars Hand #147146935604:  Hold'em Limit ($3/$6 USD) - 2016/01/16 13:29:40 ET
Table 'Itha IV' 2-max Seat #1 is the button
Seat 1: REZOLUTION84 ($69.38 in chips)
Seat 2: _fayzulllo_ ($125.84 in chips)
REZOLUTION84: posts small blind $1
_fayzulllo_: posts big blind $3
*** HOLE CARDS ***
REZOLUTION84: folds
Uncalled bet ($2) returned to _fayzulllo_
_fayzulllo_ collected $2 from pot
_fayzulllo_: doesn't show hand
*** SUMMARY ***
Total pot $2 | Rake $0
Seat 1: REZOLUTION84 (button) (small blind) folded before Flop
Seat 2: _fayzulllo_ (big blind) collected ($2)


PokerStars Hand #147146913542:  Hold'em Limit ($3/$6 USD) - 2016/01/16 13:29:18 ET
Table 'Itha IV' 2-max Seat #2 is the button
Seat 1: REZOLUTION84 ($84.38 in chips)
Seat 2: _fayzulllo_ ($111.34 in chips)
_fayzulllo_: posts small blind $1
REZOLUTION84: posts big blind $3
*** HOLE CARDS ***
_fayzulllo_: raises $3 to $6
REZOLUTION84: calls $3
*** FLOP *** [9c 8h 8c]
REZOLUTION84: checks
_fayzulllo_: bets $3
REZOLUTION84: calls $3
*** TURN *** [9c 8h 8c] [Ac]
REZOLUTION84: checks
_fayzulllo_: checks
*** RIVER *** [9c 8h 8c Ac] [2s]
REZOLUTION84: checks
_fayzulllo_: bets $6
REZOLUTION84: calls $6
*** SHOW DOWN ***
_fayzulllo_: shows [6h 6s] (two pair, Eights and Sixes)
REZOLUTION84: mucks hand
_fayzulllo_ collected $29.50 from pot
*** SUMMARY ***
Total pot $30 | Rake $0.50
Board [9c 8h 8c Ac 2s]
Seat 1: REZOLUTION84 (big blind) mucked
Seat 2: _fayzulllo_ (button) (small blind) showed [6h 6s] and won ($29.50) with two pair, Eights and Sixes


PokerStars Hand #147147026104:  Hold'em Limit ($3/$6 USD) - 2016/01/16 13:31:08 ET
Table 'Itha IV' 2-max Seat #1 is the button
Seat 1: REZOLUTION84 ($80.50 in chips)
Seat 2: _fayzulllo_ ($146.48 in chips)
REZOLUTION84: posts small blind $1
_fayzulllo_: posts big blind $3
*** HOLE CARDS ***
REZOLUTION84: raises $3 to $6
_fayzulllo_: calls $3
*** FLOP *** [2s 7d 2c]
_fayzulllo_: checks
REZOLUTION84: bets $3
_fayzulllo_: raises $3 to $6
REZOLUTION84: calls $3
*** TURN *** [2s 7d 2c] [As]
_fayzulllo_: bets $6
REZOLUTION84: raises $6 to $12
_fayzulllo_: calls $6
*** RIVER *** [2s 7d 2c As] [Qs]
_fayzulllo_: checks
REZOLUTION84: bets $6
_fayzulllo_: calls $6
*** SHOW DOWN ***
REZOLUTION84: shows [Ad 3s] (two pair, Aces and Deuces)
_fayzulllo_: shows [7s Ac] (two pair, Aces and Sevens)
_fayzulllo_ collected $59.50 from pot
*** SUMMARY ***
Total pot $60 | Rake $0.50
Board [2s 7d 2c As Qs]
Seat 1: REZOLUTION84 (button) (small blind) showed [Ad 3s] and lost with two pair, Aces and Deuces
Seat 2: _fayzulllo_ (big blind) showed [7s Ac] and won ($59.50) with two pair, Aces and Sevens


PokerStars Hand #147147009526:  Hold'em Limit ($3/$6 USD) - 2016/01/16 13:30:52 ET
Table 'Itha IV' 2-max Seat #2 is the button
Seat 1: REZOLUTION84 ($60 in chips)
Seat 2: _fayzulllo_ ($167.48 in chips)
_fayzulllo_: posts small blind $1
REZOLUTION84: posts big blind $3
*** HOLE CARDS ***
_fayzulllo_: calls $2
REZOLUTION84: raises $3 to $6
_fayzulllo_: calls $3
*** FLOP *** [Js 8d 3h]
REZOLUTION84: bets $3
_fayzulllo_: calls $3
*** TURN *** [Js 8d 3h] [2d]
REZOLUTION84: bets $6
_fayzulllo_: calls $6
*** RIVER *** [Js 8d 3h 2d] [Qd]
REZOLUTION84: bets $6
_fayzulllo_: calls $6
*** SHOW DOWN ***
REZOLUTION84: shows [As 8c] (a pair of Eights)
_fayzulllo_: mucks hand
REZOLUTION84 collected $41.50 from pot
*** SUMMARY ***
Total pot $42 | Rake $0.50
Board [Js 8d 3h 2d Qd]
Seat 1: REZOLUTION84 (big blind) showed [As 8c] and won ($41.50) with a pair of Eights
Seat 2: _fayzulllo_ (button) (small blind) mucked


PokerStars Hand #147146976561:  Hold'em Limit ($3/$6 USD) - 2016/01/16 13:30:20 ET
Table 'Itha IV' 2-max Seat #2 is the button
Seat 1: REZOLUTION84 ($60 in chips)
Seat 2: _fayzulllo_ ($144.34 in chips)
_fayzulllo_: posts small blind $1
REZOLUTION84: posts big blind $3
*** HOLE CARDS ***
_fayzulllo_: calls $2
REZOLUTION84: raises $3 to $6
_fayzulllo_: calls $3
*** FLOP *** [8h 4s 3h]
REZOLUTION84: bets $3
_fayzulllo_: calls $3
*** TURN *** [8h 4s 3h] [7s]
REZOLUTION84: checks
_fayzulllo_: checks
*** RIVER *** [8h 4s 3h 7s] [Js]
REZOLUTION84: checks
_fayzulllo_: bets $6
REZOLUTION84: folds
Uncalled bet ($6) returned to _fayzulllo_
_fayzulllo_ collected $17.64 from pot
_fayzulllo_: doesn't show hand
*** SUMMARY ***
Total pot $18 | Rake $0.36
Board [8h 4s 3h 7s Js]
Seat 1: REZOLUTION84 (big blind) folded on the River
Seat 2: _fayzulllo_ (button) (small blind) collected ($17.64)


PokerStars Hand #147147046649:  Hold'em Limit ($3/$6 USD) - 2016/01/16 13:31:29 ET
Table 'Itha IV' 2-max Seat #2 is the button
Seat 1: REZOLUTION84 ($57.78 in chips)
Seat 2: _fayzulllo_ ($175.98 in chips)
_fayzulllo_: posts small blind $1
REZOLUTION84: posts big blind $3
*** HOLE CARDS ***
_fayzulllo_: calls $2
REZOLUTION84: checks
*** FLOP *** [2h Ah 8s]
REZOLUTION84: checks
_fayzulllo_: bets $3
REZOLUTION84: folds
Uncalled bet ($3) returned to _fayzulllo_
_fayzulllo_ collected $5.88 from pot
_fayzulllo_: doesn't show hand
*** SUMMARY ***
Total pot $6 | Rake $0.12
Board [2h Ah 8s]
Seat 1: REZOLUTION84 (big blind) folded on the Flop
Seat 2: _fayzulllo_ (button) (small blind) collected ($5.88)


