PokerStars Hand #171888300203:  Hold'em Limit ($3/$6 USD) - 2017/06/17 10:34:42 ET
Table 'Itha' 6-max Seat #2 is the button
Seat 1: Auge72 ($125.76 in chips)
Seat 2: EVBET ($294 in chips)
EVBET: posts small blind $1
Auge72: posts big blind $3
*** HOLE CARDS ***
EVBET: raises $3 to $6
Auge72: calls $3
*** FLOP *** [Ts 7d Qd]
Auge72: checks
EVBET: checks
*** TURN *** [Ts 7d Qd] [7s]
Auge72: checks
EVBET: checks
*** RIVER *** [Ts 7d Qd 7s] [5d]
Auge72: checks
EVBET: checks
*** SHOW DOWN ***
Auge72: shows [Jc 8d] (a pair of Sevens)
EVBET: shows [9h Ac] (a pair of Sevens - Ace kicker)
EVBET collected $11.76 from pot
*** SUMMARY ***
Total pot $12 | Rake $0.24
Board [Ts 7d Qd 7s 5d]
Seat 1: Auge72 (big blind) showed [Jc 8d] and lost with a pair of Sevens
Seat 2: EVBET (button) (small blind) showed [9h Ac] and won ($11.76) with a pair of Sevens


PokerStars Hand #171888288380:  Hold'em Limit ($3/$6 USD) - 2017/06/17 10:34:22 ET
Table 'Itha' 6-max Seat #1 is the button
Seat 1: Auge72 ($120 in chips)
Seat 2: EVBET ($300 in chips)
Auge72: posts small blind $1
EVBET: posts big blind $3
*** HOLE CARDS ***
Auge72: raises $3 to $6
EVBET: calls $3
*** FLOP *** [6h Kd 5c]
EVBET: checks
Auge72: checks
*** TURN *** [6h Kd 5c] [2c]
EVBET: checks
Auge72: checks
*** RIVER *** [6h Kd 5c 2c] [Ah]
EVBET: checks
Auge72: bets $6
EVBET: folds
Uncalled bet ($6) returned to Auge72
Auge72 collected $11.76 from pot
Auge72: doesn't show hand
*** SUMMARY ***
Total pot $12 | Rake $0.24
Board [6h Kd 5c 2c Ah]
Seat 1: Auge72 (button) (small blind) collected ($11.76)
Seat 2: EVBET (big blind) folded on the River


PokerStars Hand #171888341577:  Hold'em Limit ($3/$6 USD) - 2017/06/17 10:35:51 ET
Table 'Itha' 6-max Seat #2 is the button
Seat 1: Auge72 ($107.26 in chips)
Seat 2: EVBET ($311.02 in chips)
EVBET: posts small blind $1
Auge72: posts big blind $3
*** HOLE CARDS ***
EVBET: raises $3 to $6
Auge72: folds
Uncalled bet ($3) returned to EVBET
EVBET collected $6 from pot
EVBET: doesn't show hand
*** SUMMARY ***
Total pot $6 | Rake $0
Seat 1: Auge72 (big blind) folded before Flop
Seat 2: EVBET (button) (small blind) collected ($6)


PokerStars Hand #171888328836:  Hold'em Limit ($3/$6 USD) - 2017/06/17 10:35:30 ET
Table 'Itha' 6-max Seat #1 is the button
Seat 1: Auge72 ($131.26 in chips)
Seat 2: EVBET ($287.52 in chips)
Auge72: posts small blind $1
EVBET: posts big blind $3
*** HOLE CARDS ***
Auge72: raises $3 to $6
EVBET: raises $3 to $9
Auge72: calls $3
*** FLOP *** [2h Tc Qd]
EVBET: bets $3
Auge72: calls $3
*** TURN *** [2h Tc Qd] [5c]
EVBET: bets $6
Auge72: calls $6
*** RIVER *** [2h Tc Qd 5c] [6h]
EVBET: bets $6
Auge72: calls $6
*** SHOW DOWN ***
EVBET: shows [Ac Ad] (a pair of Aces)
Auge72: mucks hand
EVBET collected $47.50 from pot
*** SUMMARY ***
Total pot $48 | Rake $0.50
Board [2h Tc Qd 5c 6h]
Seat 1: Auge72 (button) (small blind) mucked
Seat 2: EVBET (big blind) showed [Ac Ad] and won ($47.50) with a pair of Aces


PokerStars Hand #171888323777:  Hold'em Limit ($3/$6 USD) - 2017/06/17 10:35:21 ET
Table 'Itha' 6-max Seat #2 is the button
Seat 1: Auge72 ($137.26 in chips)
Seat 2: EVBET ($281.76 in chips)
EVBET: posts small blind $1
Auge72: posts big blind $3
*** HOLE CARDS ***
EVBET: raises $3 to $6
Auge72: calls $3
*** FLOP *** [8d Tc Ad]
Auge72: checks
EVBET: bets $3
Auge72: folds
Uncalled bet ($3) returned to EVBET
EVBET collected $11.76 from pot
EVBET: doesn't show hand
*** SUMMARY ***
Total pot $12 | Rake $0.24
Board [8d Tc Ad]
Seat 1: Auge72 (big blind) folded on the Flop
Seat 2: EVBET (button) (small blind) collected ($11.76)


PokerStars Hand #171888310406:  Hold'em Limit ($3/$6 USD) - 2017/06/17 10:34:59 ET
Table 'Itha' 6-max Seat #1 is the button
Seat 1: Auge72 ($119.76 in chips)
Seat 2: EVBET ($299.76 in chips)
Auge72: posts small blind $1
EVBET: posts big blind $3
*** HOLE CARDS ***
Auge72: raises $3 to $6
EVBET: calls $3
*** FLOP *** [5h 6s 9h]
EVBET: checks
Auge72: checks
*** TURN *** [5h 6s 9h] [Qd]
EVBET: checks
Auge72: bets $6
EVBET: calls $6
*** RIVER *** [5h 6s 9h Qd] [2c]
EVBET: checks
Auge72: bets $6
EVBET: calls $6
*** SHOW DOWN ***
Auge72: shows [Qh Kd] (a pair of Queens)
EVBET: mucks hand
Auge72 collected $35.50 from pot
*** SUMMARY ***
Total pot $36 | Rake $0.50
Board [5h 6s 9h Qd 2c]
Seat 1: Auge72 (button) (small blind) showed [Qh Kd] and won ($35.50) with a pair of Queens
Seat 2: EVBET (big blind) mucked


PokerStars Hand #171888380139:  Hold'em Limit ($3/$6 USD) - 2017/06/17 10:36:55 ET
Table 'Itha' 6-max Seat #1 is the button
Seat 1: Auge72 ($134.94 in chips)
Seat 2: EVBET ($282.02 in chips)
Auge72: posts small blind $1
EVBET: posts big blind $3
*** HOLE CARDS ***
Auge72: raises $3 to $6
EVBET: folds
Uncalled bet ($3) returned to Auge72
Auge72 collected $6 from pot
Auge72: doesn't show hand
*** SUMMARY ***
Total pot $6 | Rake $0
Seat 1: Auge72 (button) (small blind) collected ($6)
Seat 2: EVBET (big blind) folded before Flop


PokerStars Hand #171888367203:  Hold'em Limit ($3/$6 USD) - 2017/06/17 10:36:34 ET
Table 'Itha' 6-max Seat #2 is the button
Seat 1: Auge72 ($123.42 in chips)
Seat 2: EVBET ($294.02 in chips)
EVBET: posts small blind $1
Auge72: posts big blind $3
*** HOLE CARDS ***
MTails joins the table at seat #6
EVBET: raises $3 to $6
Auge72: raises $3 to $9
EVBET: calls $3
*** FLOP *** [Js 8d Ts]
Auge72: bets $3
EVBET: calls $3
*** TURN *** [Js 8d Ts] [4d]
Auge72: bets $6
EVBET: folds
Uncalled bet ($6) returned to Auge72
Auge72 collected $23.52 from pot
Auge72: doesn't show hand
*** SUMMARY ***
Total pot $24 | Rake $0.48
Board [Js 8d Ts 4d]
Seat 1: Auge72 (big blind) collected ($23.52)
Seat 2: EVBET (button) (small blind) folded on the Turn


PokerStars Hand #171888364471:  Hold'em Limit ($3/$6 USD) - 2017/06/17 10:36:29 ET
Table 'Itha' 6-max Seat #1 is the button
Seat 1: Auge72 ($124.42 in chips)
Seat 2: EVBET ($293.02 in chips)
Auge72: posts small blind $1
EVBET: posts big blind $3
*** HOLE CARDS ***
Auge72: folds
Uncalled bet ($2) returned to EVBET
EVBET collected $2 from pot
*** SUMMARY ***
Total pot $2 | Rake $0
Seat 1: Auge72 (button) (small blind) folded before Flop
Seat 2: EVBET (big blind) collected ($2)


PokerStars Hand #171888353494:  Hold'em Limit ($3/$6 USD) - 2017/06/17 10:36:11 ET
Table 'Itha' 6-max Seat #2 is the button
Seat 1: Auge72 ($112.90 in chips)
Seat 2: EVBET ($305.02 in chips)
EVBET: posts small blind $1
Auge72: posts big blind $3
*** HOLE CARDS ***
EVBET: raises $3 to $6
Auge72: raises $3 to $9
EVBET: calls $3
*** FLOP *** [4h 3s Js]
Auge72: bets $3
EVBET: calls $3
*** TURN *** [4h 3s Js] [Jh]
Auge72: bets $6
EVBET: folds
Uncalled bet ($6) returned to Auge72
Auge72 collected $23.52 from pot
Auge72: doesn't show hand
*** SUMMARY ***
Total pot $24 | Rake $0.48
Board [4h 3s Js Jh]
Seat 1: Auge72 (big blind) collected ($23.52)
Seat 2: EVBET (button) (small blind) folded on the Turn


PokerStars Hand #171888346253:  Hold'em Limit ($3/$6 USD) - 2017/06/17 10:35:59 ET
Table 'Itha' 6-max Seat #1 is the button
Seat 1: Auge72 ($104.26 in chips)
Seat 2: EVBET ($314.02 in chips)
Auge72: posts small blind $1
EVBET: posts big blind $3
*** HOLE CARDS ***
Auge72: raises $3 to $6
EVBET: calls $3
*** FLOP *** [4s 5c Kh]
EVBET: checks
Auge72: bets $3
EVBET: calls $3
*** TURN *** [4s 5c Kh] [As]
EVBET: checks
Auge72: bets $6
EVBET: folds
Uncalled bet ($6) returned to Auge72
Auge72 collected $17.64 from pot
Auge72: doesn't show hand
*** SUMMARY ***
Total pot $18 | Rake $0.36
Board [4s 5c Kh As]
Seat 1: Auge72 (button) (small blind) collected ($17.64)
Seat 2: EVBET (big blind) folded on the Turn


PokerStars Hand #171888816482:  Hold'em Limit ($3/$6 USD) - 2017/06/17 10:49:01 ET
Table 'Itha' 6-max Seat #3 is the button
Seat 2: EVBET ($272.20 in chips)
Seat 3: DismasX ($79.73 in chips)
DismasX: posts small blind $1
MTails: is sitting out
EVBET: posts big blind $3
*** HOLE CARDS ***
DismasX: raises $3 to $6
MTails leaves the table
EVBET: folds
Uncalled bet ($3) returned to DismasX
vestimokrec leaves the table
DismasX collected $6 from pot
DismasX: doesn't show hand
*** SUMMARY ***
Total pot $6 | Rake $0
Seat 2: EVBET (big blind) folded before Flop
Seat 3: DismasX (button) (small blind) collected ($6)


PokerStars Hand #171888822832:  Hold'em Limit ($3/$6 USD) - 2017/06/17 10:49:11 ET
Table 'Itha' 6-max Seat #2 is the button
Seat 2: EVBET ($269.20 in chips)
Seat 3: DismasX ($82.73 in chips)
EVBET: posts small blind $1
DismasX: posts big blind $3
*** HOLE CARDS ***
EVBET: raises $3 to $6
DismasX: calls $3
*** FLOP *** [5d 2c Qd]
DismasX: checks
EVBET: bets $3
DismasX: calls $3
*** TURN *** [5d 2c Qd] [8s]
DismasX: checks
EVBET: bets $6
DismasX: folds
Uncalled bet ($6) returned to EVBET
EVBET collected $17.64 from pot
EVBET: doesn't show hand
*** SUMMARY ***
Total pot $18 | Rake $0.36
Board [5d 2c Qd 8s]
Seat 2: EVBET (button) (small blind) collected ($17.64)
Seat 3: DismasX (big blind) folded on the Turn


