PokerStars Hand #153444409373:  Hold'em Limit ($3/$6 USD) - 2016/05/17 10:38:54 ET
Table 'Ithaka' 6-max Seat #2 is the button
Seat 2: craaa ($179.81 in chips)
Seat 4: Tryptamean ($56 in chips)
craaa: posts small blind $1
Tryptamean: posts big blind $3
*** HOLE CARDS ***
5PRUT5 leaves the table
craaa: raises $3 to $6
Tryptamean: raises $3 to $9
craaa: calls $3
*** FLOP *** [Kc Qh Ad]
Tryptamean: bets $3
craaa: calls $3
*** TURN *** [Kc Qh Ad] [4d]
Tryptamean: bets $6
craaa: calls $6
*** RIVER *** [Kc Qh Ad 4d] [4s]
Tryptamean: bets $6
craaa: calls $6
*** SHOW DOWN ***
Tryptamean: shows [Kh Tc] (two pair, Kings and Fours)
craaa: shows [As 2c] (two pair, Aces and Fours)
craaa collected $47.50 from pot
*** SUMMARY ***
Total pot $48 | Rake $0.50
Board [Kc Qh Ad 4d 4s]
Seat 2: craaa (button) (small blind) showed [As 2c] and won ($47.50) with two pair, Aces and Fours
Seat 4: Tryptamean (big blind) showed [Kh Tc] and lost with two pair, Kings and Fours


PokerStars Hand #153445437602:  Hold'em Limit ($3/$6 USD) - 2016/05/17 11:06:58 ET
Table 'Ithaka' 6-max Seat #6 is the button
Seat 2: belik555 ($91.71 in chips)
Seat 6: asf5550 ($99 in chips)
asf5550: posts small blind $1
DismasX: is sitting out
belik555: posts big blind $3
*** HOLE CARDS ***
asf5550: raises $3 to $6
DismasX leaves the table
belik555: calls $3
*** FLOP *** [Kh 4d 3d]
belik555: checks
asf5550: bets $3
belik555: calls $3
*** TURN *** [Kh 4d 3d] [9s]
belik555: checks
asf5550: checks
*** RIVER *** [Kh 4d 3d 9s] [9h]
belik555: checks
asf5550: bets $6
belik555: folds
Uncalled bet ($6) returned to asf5550
asf5550 collected $17.64 from pot
asf5550: doesn't show hand
*** SUMMARY ***
Total pot $18 | Rake $0.36
Board [Kh 4d 3d 9s 9h]
Seat 2: belik555 (big blind) folded on the River
Seat 6: asf5550 (button) (small blind) collected ($17.64)


PokerStars Hand #153445456550:  Hold'em Limit ($3/$6 USD) - 2016/05/17 11:07:28 ET
Table 'Ithaka' 6-max Seat #6 is the button
Seat 2: belik555 ($81.71 in chips)
Seat 6: asf5550 ($108.64 in chips)
asf5550: posts small blind $1
belik555: posts big blind $3
*** HOLE CARDS ***
asf5550: raises $3 to $6
belik555: calls $3
*** FLOP *** [4s 9d 3h]
belik555: checks
asf5550: bets $3
belik555: calls $3
*** TURN *** [4s 9d 3h] [Qc]
belik555: checks
asf5550: bets $6
belik555: calls $6
*** RIVER *** [4s 9d 3h Qc] [Kc]
belik555: checks
asf5550: bets $6
belik555: calls $6
*** SHOW DOWN ***
asf5550: shows [8d Ks] (a pair of Kings)
belik555: mucks hand
asf5550 collected $41.50 from pot
*** SUMMARY ***
Total pot $42 | Rake $0.50
Board [4s 9d 3h Qc Kc]
Seat 2: belik555 (big blind) mucked
Seat 6: asf5550 (button) (small blind) showed [8d Ks] and won ($41.50) with a pair of Kings


PokerStars Hand #153445488844:  Hold'em Limit ($3/$6 USD) - 2016/05/17 11:08:19 ET
Table 'Ithaka' 6-max Seat #2 is the button
Seat 2: belik555 ($72 in chips)
Seat 6: asf5550 ($129.14 in chips)
belik555: posts small blind $1
asf5550: posts big blind $3
*** HOLE CARDS ***
belik555: raises $3 to $6
asf5550: calls $3
*** FLOP *** [5s 7c 5h]
asf5550: checks
belik555: bets $3
asf5550: folds
Uncalled bet ($3) returned to belik555
belik555 collected $11.76 from pot
belik555: doesn't show hand
*** SUMMARY ***
Total pot $12 | Rake $0.24
Board [5s 7c 5h]
Seat 2: belik555 (button) (small blind) collected ($11.76)
Seat 6: asf5550 (big blind) folded on the Flop


PokerStars Hand #153445509762:  Hold'em Limit ($3/$6 USD) - 2016/05/17 11:08:53 ET
Table 'Ithaka' 6-max Seat #2 is the button
Seat 2: belik555 ($74.76 in chips)
Seat 6: asf5550 ($126.02 in chips)
belik555: posts small blind $1
asf5550: posts big blind $3
*** HOLE CARDS ***
belik555: raises $3 to $6
asf5550: calls $3
*** FLOP *** [Ts 9c 8d]
asf5550: checks
belik555: bets $3
asf5550: raises $3 to $6
belik555: calls $3
*** TURN *** [Ts 9c 8d] [3h]
asf5550: bets $6
belik555: calls $6
*** RIVER *** [Ts 9c 8d 3h] [6s]
asf5550: bets $6
belik555: calls $6
*** SHOW DOWN ***
asf5550: shows [7h 2c] (a straight, Six to Ten)
belik555: mucks hand
asf5550 collected $47.50 from pot
*** SUMMARY ***
Total pot $48 | Rake $0.50
Board [Ts 9c 8d 3h 6s]
Seat 2: belik555 (button) (small blind) mucked
Seat 6: asf5550 (big blind) showed [7h 2c] and won ($47.50) with a straight, Six to Ten


PokerStars Hand #153445496594:  Hold'em Limit ($3/$6 USD) - 2016/05/17 11:08:32 ET
Table 'Ithaka' 6-max Seat #6 is the button
Seat 2: belik555 ($77.76 in chips)
Seat 6: asf5550 ($123.14 in chips)
asf5550: posts small blind $1
belik555: posts big blind $3
*** HOLE CARDS ***
asf5550: calls $2
belik555: checks
*** FLOP *** [8c Td Ah]
belik555: checks
asf5550: checks
*** TURN *** [8c Td Ah] [Kc]
belik555: checks
asf5550: bets $6
belik555: folds
Uncalled bet ($6) returned to asf5550
asf5550 collected $5.88 from pot
asf5550: doesn't show hand
*** SUMMARY ***
Total pot $6 | Rake $0.12
Board [8c Td Ah Kc]
Seat 2: belik555 (big blind) folded on the Turn
Seat 6: asf5550 (button) (small blind) collected ($5.88)


PokerStars Hand #153445537322:  Hold'em Limit ($3/$6 USD) - 2016/05/17 11:09:37 ET
Table 'Ithaka' 6-max Seat #2 is the button
Seat 2: belik555 ($80.64 in chips)
Seat 6: asf5550 ($140.52 in chips)
belik555: posts small blind $1
asf5550: posts big blind $3
*** HOLE CARDS ***
belik555: raises $3 to $6
asf5550: calls $3
*** FLOP *** [2c 9s 6c]
asf5550: checks
belik555: bets $3
asf5550: raises $3 to $6
belik555: calls $3
*** TURN *** [2c 9s 6c] [5c]
asf5550: bets $6
belik555: calls $6
*** RIVER *** [2c 9s 6c 5c] [As]
asf5550: bets $6
belik555: calls $6
*** SHOW DOWN ***
asf5550: shows [Tc 3c] (a flush, Ten high)
belik555: mucks hand
asf5550 collected $47.50 from pot
*** SUMMARY ***
Total pot $48 | Rake $0.50
Board [2c 9s 6c 5c As]
Seat 2: belik555 (button) (small blind) mucked
Seat 6: asf5550 (big blind) showed [Tc 3c] and won ($47.50) with a flush, Ten high


PokerStars Hand #153445555453:  Hold'em Limit ($3/$6 USD) - 2016/05/17 11:10:06 ET
Table 'Ithaka' 6-max Seat #2 is the button
Seat 2: belik555 ($72 in chips)
Seat 6: asf5550 ($167.02 in chips)
belik555: posts small blind $1
asf5550: posts big blind $3
*** HOLE CARDS ***
belik555: raises $3 to $6
asf5550: calls $3
*** FLOP *** [3d 2h 4c]
asf5550: checks
belik555: bets $3
asf5550: folds
Uncalled bet ($3) returned to belik555
belik555 collected $11.76 from pot
belik555: doesn't show hand
*** SUMMARY ***
Total pot $12 | Rake $0.24
Board [3d 2h 4c]
Seat 2: belik555 (button) (small blind) collected ($11.76)
Seat 6: asf5550 (big blind) folded on the Flop


PokerStars Hand #153445551182:  Hold'em Limit ($3/$6 USD) - 2016/05/17 11:09:59 ET
Table 'Ithaka' 6-max Seat #6 is the button
Seat 2: belik555 ($72 in chips)
Seat 6: asf5550 ($164.02 in chips)
asf5550: posts small blind $1
belik555: posts big blind $3
*** HOLE CARDS ***
asf5550: raises $3 to $6
belik555: folds
Uncalled bet ($3) returned to asf5550
asf5550 collected $6 from pot
asf5550: doesn't show hand
*** SUMMARY ***
Total pot $6 | Rake $0
Seat 2: belik555 (big blind) folded before Flop
Seat 6: asf5550 (button) (small blind) collected ($6)


PokerStars Hand #153445521773:  Hold'em Limit ($3/$6 USD) - 2016/05/17 11:09:12 ET
Table 'Ithaka' 6-max Seat #6 is the button
Seat 2: belik555 ($72 in chips)
Seat 6: asf5550 ($149.52 in chips)
asf5550: posts small blind $1
belik555: posts big blind $3
*** HOLE CARDS ***
asf5550: raises $3 to $6
belik555: calls $3
*** FLOP *** [Jd 2s 3s]
belik555: checks
asf5550: bets $3
belik555: calls $3
*** TURN *** [Jd 2s 3s] [7d]
belik555: checks
asf5550: checks
*** RIVER *** [Jd 2s 3s 7d] [5h]
belik555: bets $6
asf5550: folds
Uncalled bet ($6) returned to belik555
belik555 collected $17.64 from pot
belik555: doesn't show hand
*** SUMMARY ***
Total pot $18 | Rake $0.36
Board [Jd 2s 3s 7d 5h]
Seat 2: belik555 (big blind) collected ($17.64)
Seat 6: asf5550 (button) (small blind) folded on the River


PokerStars Hand #153445580148:  Hold'em Limit ($3/$6 USD) - 2016/05/17 11:10:45 ET
Table 'Ithaka' 6-max Seat #2 is the button
Seat 2: belik555 ($95.26 in chips)
Seat 6: asf5550 ($143.02 in chips)
belik555: posts small blind $1
asf5550: posts big blind $3
*** HOLE CARDS ***
belik555: raises $3 to $6
asf5550: calls $3
*** FLOP *** [4h 6d Ac]
asf5550: checks
belik555: bets $3
asf5550: folds
Uncalled bet ($3) returned to belik555
belik555 collected $11.76 from pot
belik555: doesn't show hand
*** SUMMARY ***
Total pot $12 | Rake $0.24
Board [4h 6d Ac]
Seat 2: belik555 (button) (small blind) collected ($11.76)
Seat 6: asf5550 (big blind) folded on the Flop


