PokerStars Hand #144767843726:  Hold'em Limit ($3/$6 USD) - 2015/12/03 13:55:10 ET
Table 'Ithaka' 6-max Seat #1 is the button
Seat 1: PelonCabelao ($72 in chips)
Seat 4: _fayzulllo_ ($72 in chips)
PelonCabelao: posts small blind $1
_fayzulllo_: posts big blind $3
*** HOLE CARDS ***
PelonCabelao: folds
Uncalled bet ($2) returned to _fayzulllo_
_fayzulllo_ collected $2 from pot
_fayzulllo_: doesn't show hand
*** SUMMARY ***
Total pot $2 | Rake $0
Seat 1: PelonCabelao (button) (small blind) folded before Flop
Seat 4: _fayzulllo_ (big blind) collected ($2)


PokerStars Hand #144767853595:  Hold'em Limit ($3/$6 USD) - 2015/12/03 13:55:22 ET
Table 'Ithaka' 6-max Seat #4 is the button
Seat 1: PelonCabelao ($72 in chips)
Seat 4: _fayzulllo_ ($73 in chips)
_fayzulllo_: posts small blind $1
PelonCabelao: posts big blind $3
*** HOLE CARDS ***
_fayzulllo_: calls $2
PelonCabelao: raises $3 to $6
_fayzulllo_: calls $3
*** FLOP *** [7s Th Ah]
PelonCabelao: bets $3
_fayzulllo_: calls $3
*** TURN *** [7s Th Ah] [Tc]
PelonCabelao: bets $6
_fayzulllo_: folds
Uncalled bet ($6) returned to PelonCabelao
PelonCabelao collected $17.64 from pot
PelonCabelao: doesn't show hand
*** SUMMARY ***
Total pot $18 | Rake $0.36
Board [7s Th Ah Tc]
Seat 1: PelonCabelao (big blind) collected ($17.64)
Seat 4: _fayzulllo_ (button) (small blind) folded on the Turn


PokerStars Hand #144767887572:  Hold'em Limit ($3/$6 USD) - 2015/12/03 13:56:11 ET
Table 'Ithaka' 6-max Seat #1 is the button
Seat 1: PelonCabelao ($80.64 in chips)
Seat 4: _fayzulllo_ ($64 in chips)
PelonCabelao: posts small blind $1
_fayzulllo_: posts big blind $3
*** HOLE CARDS ***
PelonCabelao: raises $3 to $6
_fayzulllo_: calls $3
*** FLOP *** [8s 9d Js]
_fayzulllo_: checks
PelonCabelao: bets $3
_fayzulllo_: calls $3
*** TURN *** [8s 9d Js] [Qc]
_fayzulllo_: checks
PelonCabelao: checks
*** RIVER *** [8s 9d Js Qc] [6d]
_fayzulllo_: bets $6
PelonCabelao: folds
Uncalled bet ($6) returned to _fayzulllo_
_fayzulllo_ collected $17.64 from pot
_fayzulllo_: doesn't show hand
*** SUMMARY ***
Total pot $18 | Rake $0.36
Board [8s 9d Js Qc 6d]
Seat 1: PelonCabelao (button) (small blind) folded on the River
Seat 4: _fayzulllo_ (big blind) collected ($17.64)


