PokerStars Hand #154956605465:  Hold'em Limit ($3/$6 USD) - 2016/06/19 18:36:38 ET
Table 'Ithaka' 6-max Seat #3 is the button
Seat 3: FabronxRJ ($200 in chips)
Seat 4: Actionni13 ($150 in chips)
FabronxRJ: posts small blind $1
Actionni13: posts big blind $3
*** HOLE CARDS ***
FabronxRJ: calls $2
Actionni13: checks
*** FLOP *** [5s Ah Ks]
Actionni13: bets $3
FabronxRJ: folds
Uncalled bet ($3) returned to Actionni13
Actionni13 collected $5.88 from pot
Actionni13: doesn't show hand
*** SUMMARY ***
Total pot $6 | Rake $0.12
Board [5s Ah Ks]
Seat 3: FabronxRJ (button) (small blind) folded on the Flop
Seat 4: Actionni13 (big blind) collected ($5.88)


PokerStars Hand #154956632305:  Hold'em Limit ($3/$6 USD) - 2016/06/19 18:37:19 ET
Table 'Ithaka' 6-max Seat #3 is the button
Seat 3: FabronxRJ ($205.64 in chips)
Seat 4: Actionni13 ($150 in chips)
FabronxRJ: posts small blind $1
Actionni13: posts big blind $3
*** HOLE CARDS ***
FabronxRJ: folds
Uncalled bet ($2) returned to Actionni13
Actionni13 collected $2 from pot
Actionni13: doesn't show hand
*** SUMMARY ***
Total pot $2 | Rake $0
Seat 3: FabronxRJ (button) (small blind) folded before Flop
Seat 4: Actionni13 (big blind) collected ($2)


PokerStars Hand #154956616039:  Hold'em Limit ($3/$6 USD) - 2016/06/19 18:36:54 ET
Table 'Ithaka' 6-max Seat #4 is the button
Seat 3: FabronxRJ ($197 in chips)
Seat 4: Actionni13 ($152.88 in chips)
Actionni13: posts small blind $1
FabronxRJ: posts big blind $3
*** HOLE CARDS ***
Actionni13: raises $3 to $6
FabronxRJ: calls $3
*** FLOP *** [7h 5s Jc]
FabronxRJ: bets $3
Actionni13: calls $3
*** TURN *** [7h 5s Jc] [Th]
FabronxRJ: bets $6
Actionni13: folds
Uncalled bet ($6) returned to FabronxRJ
FabronxRJ collected $17.64 from pot
FabronxRJ: doesn't show hand
*** SUMMARY ***
Total pot $18 | Rake $0.36
Board [7h 5s Jc Th]
Seat 3: FabronxRJ (big blind) collected ($17.64)
Seat 4: Actionni13 (button) (small blind) folded on the Turn


PokerStars Hand #154956642732:  Hold'em Limit ($3/$6 USD) - 2016/06/19 18:37:26 ET
Table 'Ithaka' 6-max Seat #4 is the button
Seat 3: FabronxRJ ($204.64 in chips)
Seat 4: Actionni13 ($151 in chips)
Actionni13: posts small blind $1
FabronxRJ: posts big blind $3
*** HOLE CARDS ***
Actionni13: raises $3 to $6
FabronxRJ: calls $3
*** FLOP *** [As 5c 5h]
FabronxRJ: checks
Actionni13: bets $3
FabronxRJ: folds
Uncalled bet ($3) returned to Actionni13
Actionni13 collected $11.76 from pot
Actionni13: doesn't show hand
*** SUMMARY ***
Total pot $12 | Rake $0.24
Board [As 5c 5h]
Seat 3: FabronxRJ (big blind) folded on the Flop
Seat 4: Actionni13 (button) (small blind) collected ($11.76)


PokerStars Hand #154956693774:  Hold'em Limit ($3/$6 USD) - 2016/06/19 18:38:44 ET
Table 'Ithaka' 6-max Seat #3 is the button
Seat 3: FabronxRJ ($216.14 in chips)
Seat 4: Actionni13 ($155.76 in chips)
FabronxRJ: posts small blind $1
Actionni13: posts big blind $3
*** HOLE CARDS ***
FabronxRJ: raises $3 to $6
Actionni13: folds
Uncalled bet ($3) returned to FabronxRJ
FabronxRJ collected $6 from pot
FabronxRJ: doesn't show hand
*** SUMMARY ***
Total pot $6 | Rake $0
Seat 3: FabronxRJ (button) (small blind) collected ($6)
Seat 4: Actionni13 (big blind) folded before Flop


PokerStars Hand #154956657402:  Hold'em Limit ($3/$6 USD) - 2016/06/19 18:37:48 ET
Table 'Ithaka' 6-max Seat #3 is the button
Seat 3: FabronxRJ ($198.64 in chips)
Seat 4: Actionni13 ($156.76 in chips)
FabronxRJ: posts small blind $1
Actionni13: posts big blind $3
*** HOLE CARDS ***
FabronxRJ: raises $3 to $6
Actionni13: raises $3 to $9
FabronxRJ: calls $3
*** FLOP *** [Js Kh 3h]
Actionni13: bets $3
FabronxRJ: calls $3
*** TURN *** [Js Kh 3h] [7s]
Actionni13: bets $6
FabronxRJ: calls $6
*** RIVER *** [Js Kh 3h 7s] [3d]
Actionni13: checks
FabronxRJ: bets $6
Actionni13: calls $6
*** SHOW DOWN ***
FabronxRJ: shows [3s 5s] (three of a kind, Threes)
Actionni13: mucks hand
FabronxRJ collected $47.50 from pot
*** SUMMARY ***
Total pot $48 | Rake $0.50
Board [Js Kh 3h 7s 3d]
Seat 3: FabronxRJ (button) (small blind) showed [3s 5s] and won ($47.50) with three of a kind, Threes
Seat 4: Actionni13 (big blind) mucked


PokerStars Hand #154956681804:  Hold'em Limit ($3/$6 USD) - 2016/06/19 18:38:26 ET
Table 'Ithaka' 6-max Seat #4 is the button
Seat 3: FabronxRJ ($222.14 in chips)
Seat 4: Actionni13 ($150 in chips)
Actionni13: posts small blind $1
FabronxRJ: posts big blind $3
*** HOLE CARDS ***
Actionni13: raises $3 to $6
FabronxRJ: calls $3
*** FLOP *** [Kd Td 2h]
FabronxRJ: checks
Actionni13: bets $3
FabronxRJ: folds
Uncalled bet ($3) returned to Actionni13
Actionni13 collected $11.76 from pot
Actionni13: doesn't show hand
*** SUMMARY ***
Total pot $12 | Rake $0.24
Board [Kd Td 2h]
Seat 3: FabronxRJ (big blind) folded on the Flop
Seat 4: Actionni13 (button) (small blind) collected ($11.76)


PokerStars Hand #154956748830:  Hold'em Limit ($3/$6 USD) - 2016/06/19 18:40:09 ET
Table 'Ithaka' 6-max Seat #3 is the button
Seat 3: paparuha ($104.13 in chips)
Seat 4: Actionni13 ($154 in chips)
paparuha: posts small blind $1
Actionni13: posts big blind $3
*** HOLE CARDS ***
paparuha: raises $3 to $6
Actionni13: folds
Uncalled bet ($3) returned to paparuha
paparuha collected $6 from pot
*** SUMMARY ***
Total pot $6 | Rake $0
Seat 3: paparuha (button) (small blind) collected ($6)
Seat 4: Actionni13 (big blind) folded before Flop


PokerStars Hand #154956744821:  Hold'em Limit ($3/$6 USD) - 2016/06/19 18:40:03 ET
Table 'Ithaka' 6-max Seat #4 is the button
Seat 3: paparuha ($107.13 in chips)
Seat 4: Actionni13 ($151 in chips)
Actionni13: posts small blind $1
paparuha: posts big blind $3
*** HOLE CARDS ***
Actionni13: raises $3 to $6
paparuha: folds
Uncalled bet ($3) returned to Actionni13
Actionni13 collected $6 from pot
Actionni13: doesn't show hand
*** SUMMARY ***
Total pot $6 | Rake $0
Seat 3: paparuha (big blind) folded before Flop
Seat 4: Actionni13 (button) (small blind) collected ($6)


PokerStars Hand #154956741768:  Hold'em Limit ($3/$6 USD) - 2016/06/19 18:39:58 ET
Table 'Ithaka' 6-max Seat #3 is the button
Seat 3: paparuha ($108.13 in chips)
Seat 4: Actionni13 ($150 in chips)
paparuha: posts small blind $1
Actionni13: posts big blind $3
*** HOLE CARDS ***
paparuha: folds
Uncalled bet ($2) returned to Actionni13
Actionni13 collected $2 from pot
Actionni13: doesn't show hand
*** SUMMARY ***
Total pot $2 | Rake $0
Seat 3: paparuha (button) (small blind) folded before Flop
Seat 4: Actionni13 (big blind) collected ($2)


PokerStars Hand #154956728664:  Hold'em Limit ($3/$6 USD) - 2016/06/19 18:39:38 ET
Table 'Ithaka' 6-max Seat #4 is the button
Seat 3: paparuha ($99.49 in chips)
Seat 4: Actionni13 ($152.76 in chips)
Actionni13: posts small blind $1
paparuha: posts big blind $3
*** HOLE CARDS ***
Actionni13: raises $3 to $6
paparuha: calls $3
*** FLOP *** [Kc 5h 7d]
paparuha: checks
Actionni13: bets $3
paparuha: calls $3
*** TURN *** [Kc 5h 7d] [Ts]
paparuha: checks
Actionni13: checks
*** RIVER *** [Kc 5h 7d Ts] [9c]
paparuha: checks
Actionni13: checks
*** SHOW DOWN ***
paparuha: shows [Ah 4h] (high card Ace)
Actionni13: mucks hand
paparuha collected $17.64 from pot
*** SUMMARY ***
Total pot $18 | Rake $0.36
Board [Kc 5h 7d Ts 9c]
Seat 3: paparuha (big blind) showed [Ah 4h] and won ($17.64) with high card Ace
Seat 4: Actionni13 (button) (small blind) mucked


PokerStars Hand #154956752201:  Hold'em Limit ($3/$6 USD) - 2016/06/19 18:40:15 ET
Table 'Ithaka' 6-max Seat #4 is the button
Seat 3: paparuha ($107.13 in chips)
Seat 4: Actionni13 ($151 in chips)
Actionni13: posts small blind $1
paparuha: posts big blind $3
*** HOLE CARDS ***
Actionni13: raises $3 to $6
paparuha: calls $3
*** FLOP *** [5s 2d Th]
paparuha: checks
Actionni13: bets $3
paparuha: calls $3
*** TURN *** [5s 2d Th] [Jh]
paparuha: checks
Actionni13: checks
*** RIVER *** [5s 2d Th Jh] [Kd]
paparuha: bets $6
Actionni13: folds
Uncalled bet ($6) returned to paparuha
paparuha collected $17.64 from pot
*** SUMMARY ***
Total pot $18 | Rake $0.36
Board [5s 2d Th Jh Kd]
Seat 3: paparuha (big blind) collected ($17.64)
Seat 4: Actionni13 (button) (small blind) folded on the River


PokerStars Hand #154956763462:  Hold'em Limit ($3/$6 USD) - 2016/06/19 18:40:33 ET
Table 'Ithaka' 6-max Seat #3 is the button
Seat 3: paparuha ($115.77 in chips)
Seat 4: Actionni13 ($150 in chips)
paparuha: posts small blind $1
Actionni13: posts big blind $3
*** HOLE CARDS ***
paparuha: raises $3 to $6
Actionni13: calls $3
*** FLOP *** [7c 4h 2h]
Actionni13: checks
paparuha: checks
*** TURN *** [7c 4h 2h] [Qd]
Actionni13: checks
paparuha: bets $6
Actionni13: calls $6
*** RIVER *** [7c 4h 2h Qd] [6d]
Actionni13: checks
paparuha: bets $6
Actionni13: calls $6
*** SHOW DOWN ***
paparuha: shows [Qs Ts] (a pair of Queens)
Actionni13: mucks hand
paparuha collected $35.50 from pot
*** SUMMARY ***
Total pot $36 | Rake $0.50
Board [7c 4h 2h Qd 6d]
Seat 3: paparuha (button) (small blind) showed [Qs Ts] and won ($35.50) with a pair of Queens
Seat 4: Actionni13 (big blind) mucked


PokerStars Hand #154956813137:  Hold'em Limit ($3/$6 USD) - 2016/06/19 18:41:50 ET
Table 'Ithaka' 6-max Seat #3 is the button
Seat 3: paparuha ($134.03 in chips)
Seat 4: Actionni13 ($150 in chips)
paparuha: posts small blind $1
Actionni13: posts big blind $3
*** HOLE CARDS ***
paparuha: folds
Uncalled bet ($2) returned to Actionni13
Actionni13 collected $2 from pot
Actionni13: doesn't show hand
*** SUMMARY ***
Total pot $2 | Rake $0
Seat 3: paparuha (button) (small blind) folded before Flop
Seat 4: Actionni13 (big blind) collected ($2)


PokerStars Hand #154956810003:  Hold'em Limit ($3/$6 USD) - 2016/06/19 18:41:46 ET
Table 'Ithaka' 6-max Seat #4 is the button
Seat 3: paparuha ($133.03 in chips)
Seat 4: Actionni13 ($150 in chips)
Actionni13: posts small blind $1
paparuha: posts big blind $3
*** HOLE CARDS ***
Actionni13: folds
Uncalled bet ($2) returned to paparuha
paparuha collected $2 from pot
*** SUMMARY ***
Total pot $2 | Rake $0
Seat 3: paparuha (big blind) collected ($2)
Seat 4: Actionni13 (button) (small blind) folded before Flop


PokerStars Hand #154956787376:  Hold'em Limit ($3/$6 USD) - 2016/06/19 18:41:10 ET
Table 'Ithaka' 6-max Seat #4 is the button
Seat 3: paparuha ($133.27 in chips)
Seat 4: Actionni13 ($150 in chips)
Actionni13: posts small blind $1
paparuha: posts big blind $3
*** HOLE CARDS ***
Actionni13: raises $3 to $6
paparuha: calls $3
*** FLOP *** [Jh 8s Ah]
paparuha: checks
Actionni13: bets $3
paparuha: folds
Uncalled bet ($3) returned to Actionni13
Actionni13 collected $11.76 from pot
Actionni13: doesn't show hand
*** SUMMARY ***
Total pot $12 | Rake $0.24
Board [Jh 8s Ah]
Seat 3: paparuha (big blind) folded on the Flop
Seat 4: Actionni13 (button) (small blind) collected ($11.76)


PokerStars Hand #154956816097:  Hold'em Limit ($3/$6 USD) - 2016/06/19 18:41:55 ET
Table 'Ithaka' 6-max Seat #4 is the button
Seat 3: paparuha ($133.03 in chips)
Seat 4: Actionni13 ($151 in chips)
Actionni13: posts small blind $1
paparuha: posts big blind $3
*** HOLE CARDS ***
Actionni13: raises $3 to $6
paparuha: calls $3
*** FLOP *** [8c 9c 8d]
paparuha: checks
Actionni13: checks
*** TURN *** [8c 9c 8d] [Ad]
paparuha: checks
Actionni13: checks
*** RIVER *** [8c 9c 8d Ad] [Tc]
paparuha: bets $6
Actionni13: calls $6
*** SHOW DOWN ***
paparuha: shows [Ks Kh] (two pair, Kings and Eights)
Actionni13: mucks hand
paparuha collected $23.52 from pot
*** SUMMARY ***
Total pot $24 | Rake $0.48
Board [8c 9c 8d Ad Tc]
Seat 3: paparuha (big blind) showed [Ks Kh] and won ($23.52) with two pair, Kings and Eights
Seat 4: Actionni13 (button) (small blind) mucked


PokerStars Hand #154956794393:  Hold'em Limit ($3/$6 USD) - 2016/06/19 18:41:21 ET
Table 'Ithaka' 6-max Seat #3 is the button
Seat 3: paparuha ($127.27 in chips)
Seat 4: Actionni13 ($155.76 in chips)
paparuha: posts small blind $1
Actionni13: posts big blind $3
*** HOLE CARDS ***
paparuha: raises $3 to $6
Actionni13: calls $3
*** FLOP *** [8c 4c 8d]
Actionni13: checks
paparuha: checks
*** TURN *** [8c 4c 8d] [7h]
Actionni13: checks
paparuha: bets $6
Actionni13: folds
Uncalled bet ($6) returned to paparuha
paparuha collected $11.76 from pot
*** SUMMARY ***
Total pot $12 | Rake $0.24
Board [8c 4c 8d 7h]
Seat 3: paparuha (button) (small blind) collected ($11.76)
Seat 4: Actionni13 (big blind) folded on the Turn


PokerStars Hand #154956851454:  Hold'em Limit ($3/$6 USD) - 2016/06/19 18:42:52 ET
Table 'Ithaka' 6-max Seat #4 is the button
Seat 3: paparuha ($129.55 in chips)
Seat 4: Actionni13 ($164.64 in chips)
Actionni13: posts small blind $1
paparuha: posts big blind $3
*** HOLE CARDS ***
Actionni13: raises $3 to $6
paparuha: folds
Uncalled bet ($3) returned to Actionni13
Actionni13 collected $6 from pot
Actionni13: doesn't show hand
*** SUMMARY ***
Total pot $6 | Rake $0
Seat 3: paparuha (big blind) folded before Flop
Seat 4: Actionni13 (button) (small blind) collected ($6)


PokerStars Hand #154956848619:  Hold'em Limit ($3/$6 USD) - 2016/06/19 18:42:47 ET
Table 'Ithaka' 6-max Seat #3 is the button
Seat 3: paparuha ($130.55 in chips)
Seat 4: Actionni13 ($163.64 in chips)
paparuha: posts small blind $1
Actionni13: posts big blind $3
*** HOLE CARDS ***
paparuha: folds
Uncalled bet ($2) returned to Actionni13
Actionni13 collected $2 from pot
Actionni13: doesn't show hand
*** SUMMARY ***
Total pot $2 | Rake $0
Seat 3: paparuha (button) (small blind) folded before Flop
Seat 4: Actionni13 (big blind) collected ($2)


PokerStars Hand #154956837099:  Hold'em Limit ($3/$6 USD) - 2016/06/19 18:42:29 ET
Table 'Ithaka' 6-max Seat #3 is the button
Seat 3: paparuha ($140.55 in chips)
Seat 4: Actionni13 ($154 in chips)
paparuha: posts small blind $1
Actionni13: posts big blind $3
*** HOLE CARDS ***
paparuha: folds
Uncalled bet ($2) returned to Actionni13
Actionni13 collected $2 from pot
Actionni13: doesn't show hand
*** SUMMARY ***
Total pot $2 | Rake $0
Seat 3: paparuha (button) (small blind) folded before Flop
Seat 4: Actionni13 (big blind) collected ($2)


PokerStars Hand #154956833106:  Hold'em Limit ($3/$6 USD) - 2016/06/19 18:42:22 ET
Table 'Ithaka' 6-max Seat #4 is the button
Seat 3: paparuha ($143.55 in chips)
Seat 4: Actionni13 ($151 in chips)
Actionni13: posts small blind $1
paparuha: posts big blind $3
*** HOLE CARDS ***
Actionni13: raises $3 to $6
paparuha: folds
Uncalled bet ($3) returned to Actionni13
Actionni13 collected $6 from pot
Actionni13: doesn't show hand
*** SUMMARY ***
Total pot $6 | Rake $0
Seat 3: paparuha (big blind) folded before Flop
Seat 4: Actionni13 (button) (small blind) collected ($6)


PokerStars Hand #154956830157:  Hold'em Limit ($3/$6 USD) - 2016/06/19 18:42:18 ET
Table 'Ithaka' 6-max Seat #3 is the button
Seat 3: paparuha ($144.55 in chips)
Seat 4: Actionni13 ($150 in chips)
paparuha: posts small blind $1
Actionni13: posts big blind $3
*** HOLE CARDS ***
paparuha: folds
Uncalled bet ($2) returned to Actionni13
Actionni13 collected $2 from pot
Actionni13: doesn't show hand
*** SUMMARY ***
Total pot $2 | Rake $0
Seat 3: paparuha (button) (small blind) folded before Flop
Seat 4: Actionni13 (big blind) collected ($2)


PokerStars Hand #154956839857:  Hold'em Limit ($3/$6 USD) - 2016/06/19 18:42:33 ET
Table 'Ithaka' 6-max Seat #4 is the button
Seat 3: paparuha ($139.55 in chips)
Seat 4: Actionni13 ($155 in chips)
Actionni13: posts small blind $1
paparuha: posts big blind $3
*** HOLE CARDS ***
Actionni13: raises $3 to $6
paparuha: calls $3
*** FLOP *** [Th Kc 8c]
paparuha: checks
Actionni13: bets $3
paparuha: calls $3
*** TURN *** [Th Kc 8c] [7d]
paparuha: checks
Actionni13: bets $6
paparuha: folds
Uncalled bet ($6) returned to Actionni13
Actionni13 collected $17.64 from pot
Actionni13: doesn't show hand
*** SUMMARY ***
Total pot $18 | Rake $0.36
Board [Th Kc 8c 7d]
Seat 3: paparuha (big blind) folded on the Turn
Seat 4: Actionni13 (button) (small blind) collected ($17.64)


PokerStars Hand #154956860797:  Hold'em Limit ($3/$6 USD) - 2016/06/19 18:43:06 ET
Table 'Ithaka' 6-max Seat #3 is the button
Seat 3: paparuha ($126.55 in chips)
Seat 4: Actionni13 ($167.64 in chips)
paparuha: posts small blind $1
Actionni13: posts big blind $3
*** HOLE CARDS ***
paparuha: folds
Uncalled bet ($2) returned to Actionni13
Actionni13 collected $2 from pot
Actionni13: doesn't show hand
*** SUMMARY ***
Total pot $2 | Rake $0
Seat 3: paparuha (button) (small blind) folded before Flop
Seat 4: Actionni13 (big blind) collected ($2)


PokerStars Hand #154956857575:  Hold'em Limit ($3/$6 USD) - 2016/06/19 18:43:01 ET
Table 'Ithaka' 6-max Seat #4 is the button
Seat 3: paparuha ($125.55 in chips)
Seat 4: Actionni13 ($168.64 in chips)
Actionni13: posts small blind $1
paparuha: posts big blind $3
*** HOLE CARDS ***
Actionni13: folds
Uncalled bet ($2) returned to paparuha
paparuha collected $2 from pot
*** SUMMARY ***
Total pot $2 | Rake $0
Seat 3: paparuha (big blind) collected ($2)
Seat 4: Actionni13 (button) (small blind) folded before Flop


PokerStars Hand #154956886972:  Hold'em Limit ($3/$6 USD) - 2016/06/19 18:43:49 ET
Table 'Ithaka' 6-max Seat #3 is the button
Seat 3: paparuha ($104.55 in chips)
Seat 4: Actionni13 ($189.14 in chips)
paparuha: posts small blind $1
Actionni13: posts big blind $3
*** HOLE CARDS ***
paparuha: raises $3 to $6
Actionni13: folds
Uncalled bet ($3) returned to paparuha
paparuha collected $6 from pot
*** SUMMARY ***
Total pot $6 | Rake $0
Seat 3: paparuha (button) (small blind) collected ($6)
Seat 4: Actionni13 (big blind) folded before Flop


PokerStars Hand #154956882901:  Hold'em Limit ($3/$6 USD) - 2016/06/19 18:43:42 ET
Table 'Ithaka' 6-max Seat #4 is the button
Seat 3: paparuha ($107.55 in chips)
Seat 4: Actionni13 ($186.14 in chips)
Actionni13: posts small blind $1
paparuha: posts big blind $3
*** HOLE CARDS ***
Actionni13: raises $3 to $6
paparuha: folds
Uncalled bet ($3) returned to Actionni13
Actionni13 collected $6 from pot
Actionni13: doesn't show hand
*** SUMMARY ***
Total pot $6 | Rake $0
Seat 3: paparuha (big blind) folded before Flop
Seat 4: Actionni13 (button) (small blind) collected ($6)


PokerStars Hand #154956876165:  Hold'em Limit ($3/$6 USD) - 2016/06/19 18:43:31 ET
Table 'Ithaka' 6-max Seat #3 is the button
Seat 3: paparuha ($104.55 in chips)
Seat 4: Actionni13 ($189.14 in chips)
paparuha: posts small blind $1
Actionni13: posts big blind $3
*** HOLE CARDS ***
paparuha: raises $3 to $6
Actionni13: folds
Uncalled bet ($3) returned to paparuha
paparuha collected $6 from pot
*** SUMMARY ***
Total pot $6 | Rake $0
Seat 3: paparuha (button) (small blind) collected ($6)
Seat 4: Actionni13 (big blind) folded before Flop


PokerStars Hand #154956863622:  Hold'em Limit ($3/$6 USD) - 2016/06/19 18:43:11 ET
Table 'Ithaka' 6-max Seat #4 is the button
Seat 3: paparuha ($125.55 in chips)
Seat 4: Actionni13 ($168.64 in chips)
Actionni13: posts small blind $1
paparuha: posts big blind $3
*** HOLE CARDS ***
Actionni13: raises $3 to $6
paparuha: calls $3
*** FLOP *** [Td 6d Jh]
paparuha: checks
Actionni13: bets $3
paparuha: calls $3
*** TURN *** [Td 6d Jh] [Ah]
paparuha: checks
Actionni13: bets $6
paparuha: calls $6
*** RIVER *** [Td 6d Jh Ah] [7d]
paparuha: checks
Actionni13: bets $6
paparuha: calls $6
*** SHOW DOWN ***
Actionni13: shows [Ks Qc] (a straight, Ten to Ace)
paparuha: mucks hand
Actionni13 collected $41.50 from pot
*** SUMMARY ***
Total pot $42 | Rake $0.50
Board [Td 6d Jh Ah 7d]
Seat 3: paparuha (big blind) mucked
Seat 4: Actionni13 (button) (small blind) showed [Ks Qc] and won ($41.50) with a straight, Ten to Ace


PokerStars Hand #154956903129:  Hold'em Limit ($3/$6 USD) - 2016/06/19 18:44:14 ET
Table 'Ithaka' 6-max Seat #3 is the button
Seat 3: paparuha ($86.55 in chips)
Seat 4: Actionni13 ($206.64 in chips)
paparuha: posts small blind $1
Actionni13: posts big blind $3
*** HOLE CARDS ***
paparuha: folds
Uncalled bet ($2) returned to Actionni13
Actionni13 collected $2 from pot
Actionni13: doesn't show hand
*** SUMMARY ***
Total pot $2 | Rake $0
Seat 3: paparuha (button) (small blind) folded before Flop
Seat 4: Actionni13 (big blind) collected ($2)


PokerStars Hand #154956890681:  Hold'em Limit ($3/$6 USD) - 2016/06/19 18:43:54 ET
Table 'Ithaka' 6-max Seat #4 is the button
Seat 3: paparuha ($107.55 in chips)
Seat 4: Actionni13 ($186.14 in chips)
Actionni13: posts small blind $1
paparuha: posts big blind $3
*** HOLE CARDS ***
Actionni13: raises $3 to $6
paparuha: calls $3
*** FLOP *** [2h 6d 8d]
paparuha: checks
Actionni13: bets $3
paparuha: calls $3
*** TURN *** [2h 6d 8d] [7h]
paparuha: checks
Actionni13: checks
*** RIVER *** [2h 6d 8d 7h] [Jd]
paparuha: bets $6
Actionni13: raises $6 to $12
paparuha: calls $6
*** SHOW DOWN ***
Actionni13: shows [Td Qd] (a flush, Queen high)
paparuha: mucks hand
Actionni13 collected $41.50 from pot
*** SUMMARY ***
Total pot $42 | Rake $0.50
Board [2h 6d 8d 7h Jd]
Seat 3: paparuha (big blind) mucked
Seat 4: Actionni13 (button) (small blind) showed [Td Qd] and won ($41.50) with a flush, Queen high


PokerStars Hand #154956911902:  Hold'em Limit ($3/$6 USD) - 2016/06/19 18:44:29 ET
Table 'Ithaka' 6-max Seat #3 is the button
Seat 3: paparuha ($82.55 in chips)
Seat 4: Actionni13 ($210.64 in chips)
paparuha: posts small blind $1
Actionni13: posts big blind $3
*** HOLE CARDS ***
paparuha: raises $3 to $6
Actionni13: raises $3 to $9
paparuha: calls $3
*** FLOP *** [Ac Qs Th]
Actionni13: bets $3
paparuha: calls $3
*** TURN *** [Ac Qs Th] [3d]
Actionni13: bets $6
paparuha: calls $6
*** RIVER *** [Ac Qs Th 3d] [9s]
Actionni13: bets $6
paparuha: calls $6
*** SHOW DOWN ***
Actionni13: shows [Ts Ah] (two pair, Aces and Tens)
paparuha: mucks hand
Actionni13 collected $47.50 from pot
*** SUMMARY ***
Total pot $48 | Rake $0.50
Board [Ac Qs Th 3d 9s]
Seat 3: paparuha (button) (small blind) mucked
Seat 4: Actionni13 (big blind) showed [Ts Ah] and won ($47.50) with two pair, Aces and Tens


PokerStars Hand #154956905839:  Hold'em Limit ($3/$6 USD) - 2016/06/19 18:44:19 ET
Table 'Ithaka' 6-max Seat #4 is the button
Seat 3: paparuha ($85.55 in chips)
Seat 4: Actionni13 ($207.64 in chips)
Actionni13: posts small blind $1
paparuha: posts big blind $3
*** HOLE CARDS ***
Actionni13: raises $3 to $6
paparuha: folds
Uncalled bet ($3) returned to Actionni13
Actionni13 collected $6 from pot
Actionni13: doesn't show hand
*** SUMMARY ***
Total pot $6 | Rake $0
Seat 3: paparuha (big blind) folded before Flop
Seat 4: Actionni13 (button) (small blind) collected ($6)


PokerStars Hand #154956941256:  Hold'em Limit ($3/$6 USD) - 2016/06/19 18:45:15 ET
Table 'Ithaka' 6-max Seat #3 is the button
Seat 3: paparuha ($58.30 in chips)
Seat 4: Actionni13 ($233.89 in chips)
paparuha: posts small blind $1
Actionni13: posts big blind $3
*** HOLE CARDS ***
paparuha: folds
Uncalled bet ($2) returned to Actionni13
Actionni13 collected $2 from pot
Actionni13: doesn't show hand
*** SUMMARY ***
Total pot $2 | Rake $0
Seat 3: paparuha (button) (small blind) folded before Flop
Seat 4: Actionni13 (big blind) collected ($2)


PokerStars Hand #154956929644:  Hold'em Limit ($3/$6 USD) - 2016/06/19 18:44:57 ET
Table 'Ithaka' 6-max Seat #4 is the button
Seat 3: paparuha ($58.55 in chips)
Seat 4: Actionni13 ($234.14 in chips)
Actionni13: posts small blind $1
paparuha: posts big blind $3
*** HOLE CARDS ***
Actionni13: raises $3 to $6
paparuha: calls $3
*** FLOP *** [Ah 4h 4s]
paparuha: checks
Actionni13: bets $3
paparuha: calls $3
*** TURN *** [Ah 4h 4s] [As]
paparuha: checks
Actionni13: checks
*** RIVER *** [Ah 4h 4s As] [2h]
paparuha: bets $6
Actionni13: calls $6
*** SHOW DOWN ***
paparuha: shows [Kh 8s] (two pair, Aces and Fours)
Actionni13: shows [Ts Kc] (two pair, Aces and Fours)
paparuha collected $14.75 from pot
Actionni13 collected $14.75 from pot
*** SUMMARY ***
Total pot $30 | Rake $0.50
Board [Ah 4h 4s As 2h]
Seat 3: paparuha (big blind) showed [Kh 8s] and won ($14.75) with two pair, Aces and Fours
Seat 4: Actionni13 (button) (small blind) showed [Ts Kc] and won ($14.75) with two pair, Aces and Fours


PokerStars Hand #154956960964:  Hold'em Limit ($3/$6 USD) - 2016/06/19 18:45:47 ET
Table 'Ithaka' 6-max Seat #4 is the button
Seat 3: paparuha ($71.70 in chips)
Seat 4: Actionni13 ($219.89 in chips)
Actionni13: posts small blind $1
paparuha: posts big blind $3
*** HOLE CARDS ***
Actionni13: raises $3 to $6
paparuha: calls $3
*** FLOP *** [7s Qh 2h]
paparuha: checks
Actionni13: bets $3
paparuha: folds
Uncalled bet ($3) returned to Actionni13
Actionni13 collected $11.76 from pot
Actionni13: doesn't show hand
*** SUMMARY ***
Total pot $12 | Rake $0.24
Board [7s Qh 2h]
Seat 3: paparuha (big blind) folded on the Flop
Seat 4: Actionni13 (button) (small blind) collected ($11.76)


PokerStars Hand #154956952900:  Hold'em Limit ($3/$6 USD) - 2016/06/19 18:45:34 ET
Table 'Ithaka' 6-max Seat #3 is the button
Seat 3: paparuha ($65.94 in chips)
Seat 4: Actionni13 ($225.89 in chips)
paparuha: posts small blind $1
Actionni13: posts big blind $3
*** HOLE CARDS ***
paparuha: raises $3 to $6
Actionni13: calls $3
*** FLOP *** [Qc 5c 8s]
Actionni13: checks
paparuha: bets $3
Actionni13: folds
Uncalled bet ($3) returned to paparuha
paparuha collected $11.76 from pot
*** SUMMARY ***
Total pot $12 | Rake $0.24
Board [Qc 5c 8s]
Seat 3: paparuha (button) (small blind) collected ($11.76)
Seat 4: Actionni13 (big blind) folded on the Flop


PokerStars Hand #154956943910:  Hold'em Limit ($3/$6 USD) - 2016/06/19 18:45:20 ET
Table 'Ithaka' 6-max Seat #4 is the button
Seat 3: paparuha ($57.30 in chips)
Seat 4: Actionni13 ($234.89 in chips)
Actionni13: posts small blind $1
paparuha: posts big blind $3
*** HOLE CARDS ***
Actionni13: raises $3 to $6
paparuha: raises $3 to $9
Actionni13: calls $3
*** FLOP *** [Jc 2d 3h]
paparuha: checks
Actionni13: checks
*** TURN *** [Jc 2d 3h] [9d]
paparuha: bets $6
Actionni13: folds
Uncalled bet ($6) returned to paparuha
paparuha collected $17.64 from pot
*** SUMMARY ***
Total pot $18 | Rake $0.36
Board [Jc 2d 3h 9d]
Seat 3: paparuha (big blind) collected ($17.64)
Seat 4: Actionni13 (button) (small blind) folded on the Turn


PokerStars Hand #154956968034:  Hold'em Limit ($3/$6 USD) - 2016/06/19 18:45:58 ET
Table 'Ithaka' 6-max Seat #3 is the button
Seat 3: paparuha ($65.70 in chips)
Seat 4: Actionni13 ($225.65 in chips)
paparuha: posts small blind $1
Actionni13: posts big blind $3
*** HOLE CARDS ***
paparuha: raises $3 to $6
Actionni13: folds
Uncalled bet ($3) returned to paparuha
paparuha collected $6 from pot
*** SUMMARY ***
Total pot $6 | Rake $0
Seat 3: paparuha (button) (small blind) collected ($6)
Seat 4: Actionni13 (big blind) folded before Flop


PokerStars Hand #154956997380:  Hold'em Limit ($3/$6 USD) - 2016/06/19 18:46:45 ET
Table 'Ithaka' 6-max Seat #3 is the button
Seat 3: paparuha ($34.70 in chips)
Seat 4: Actionni13 ($256.15 in chips)
paparuha: posts small blind $1
Actionni13: posts big blind $3
*** HOLE CARDS ***
paparuha: raises $3 to $6
CaolilaH2O joins the table at seat #2
Actionni13: folds
Uncalled bet ($3) returned to paparuha
paparuha collected $6 from pot
*** SUMMARY ***
Total pot $6 | Rake $0
Seat 3: paparuha (button) (small blind) collected ($6)
Seat 4: Actionni13 (big blind) folded before Flop


PokerStars Hand #154956993087:  Hold'em Limit ($3/$6 USD) - 2016/06/19 18:46:38 ET
Table 'Ithaka' 6-max Seat #4 is the button
Seat 3: paparuha ($37.70 in chips)
Seat 4: Actionni13 ($253.15 in chips)
Actionni13: posts small blind $1
paparuha: posts big blind $3
*** HOLE CARDS ***
Actionni13: raises $3 to $6
paparuha: folds
Uncalled bet ($3) returned to Actionni13
Actionni13 collected $6 from pot
Actionni13: doesn't show hand
*** SUMMARY ***
Total pot $6 | Rake $0
Seat 3: paparuha (big blind) folded before Flop
Seat 4: Actionni13 (button) (small blind) collected ($6)


PokerStars Hand #154956989065:  Hold'em Limit ($3/$6 USD) - 2016/06/19 18:46:32 ET
Table 'Ithaka' 6-max Seat #3 is the button
Seat 3: paparuha ($38.70 in chips)
Seat 4: Actionni13 ($252.15 in chips)
paparuha: posts small blind $1
Actionni13: posts big blind $3
*** HOLE CARDS ***
paparuha: folds
Uncalled bet ($2) returned to Actionni13
Actionni13 collected $2 from pot
Actionni13: doesn't show hand
*** SUMMARY ***
Total pot $2 | Rake $0
Seat 3: paparuha (button) (small blind) folded before Flop
Seat 4: Actionni13 (big blind) collected ($2)


PokerStars Hand #154956973190:  Hold'em Limit ($3/$6 USD) - 2016/06/19 18:46:06 ET
Table 'Ithaka' 6-max Seat #4 is the button
Seat 3: paparuha ($68.70 in chips)
Seat 4: Actionni13 ($222.65 in chips)
Actionni13: posts small blind $1
paparuha: posts big blind $3
*** HOLE CARDS ***
Actionni13: raises $3 to $6
paparuha: raises $3 to $9
Actionni13: calls $3
*** FLOP *** [7d 6d 2c]
paparuha: bets $3
Actionni13: calls $3
*** TURN *** [7d 6d 2c] [2h]
paparuha: bets $6
Actionni13: calls $6
*** RIVER *** [7d 6d 2c 2h] [Jd]
paparuha: bets $6
Actionni13: raises $6 to $12
paparuha: calls $6
*** SHOW DOWN ***
Actionni13: shows [Qd 3d] (a flush, Queen high)
paparuha: mucks hand
Actionni13 collected $59.50 from pot
*** SUMMARY ***
Total pot $60 | Rake $0.50
Board [7d 6d 2c 2h Jd]
Seat 3: paparuha (big blind) mucked
Seat 4: Actionni13 (button) (small blind) showed [Qd 3d] and won ($59.50) with a flush, Queen high


PokerStars Hand #154958412951:  Hold'em Limit ($3/$6 USD) - 2016/06/19 19:28:36 ET
Table 'Ithaka' 6-max Seat #4 is the button
Seat 2: CaolilaH2O ($173.46 in chips)
Seat 4: Actionni13 ($266.38 in chips)
Actionni13: posts small blind $1
CaolilaH2O: posts big blind $3
*** HOLE CARDS ***
Actionni13: folds
Uncalled bet ($2) returned to CaolilaH2O
FabronxRJ joins the table at seat #3
CaolilaH2O collected $2 from pot
CaolilaH2O: doesn't show hand
*** SUMMARY ***
Total pot $2 | Rake $0
Seat 2: CaolilaH2O (big blind) collected ($2)
Seat 4: Actionni13 (button) (small blind) folded before Flop


PokerStars Hand #154958410186:  Hold'em Limit ($3/$6 USD) - 2016/06/19 19:28:30 ET
Table 'Ithaka' 6-max Seat #2 is the button
Seat 2: CaolilaH2O ($174.46 in chips)
Seat 4: Actionni13 ($265.38 in chips)
CaolilaH2O: posts small blind $1
Actionni13: posts big blind $3
*** HOLE CARDS ***
CaolilaH2O: folds
Uncalled bet ($2) returned to Actionni13
Actionni13 collected $2 from pot
Actionni13: doesn't show hand
*** SUMMARY ***
Total pot $2 | Rake $0
Seat 2: CaolilaH2O (button) (small blind) folded before Flop
Seat 4: Actionni13 (big blind) collected ($2)


PokerStars Hand #154958404239:  Hold'em Limit ($3/$6 USD) - 2016/06/19 19:28:19 ET
Table 'Ithaka' 6-max Seat #4 is the button
Seat 2: CaolilaH2O ($165.82 in chips)
Seat 4: Actionni13 ($274.38 in chips)
Actionni13: posts small blind $1
CaolilaH2O: posts big blind $3
*** HOLE CARDS ***
Actionni13: raises $3 to $6
CaolilaH2O: raises $3 to $9
Actionni13: calls $3
*** FLOP *** [Ac 8d 8s]
CaolilaH2O: bets $3
Actionni13: folds
Uncalled bet ($3) returned to CaolilaH2O
CaolilaH2O collected $17.64 from pot
CaolilaH2O: doesn't show hand
*** SUMMARY ***
Total pot $18 | Rake $0.36
Board [Ac 8d 8s]
Seat 2: CaolilaH2O (big blind) collected ($17.64)
Seat 4: Actionni13 (button) (small blind) folded on the Flop


PokerStars Hand #154958478742:  Hold'em Limit ($3/$6 USD) - 2016/06/19 19:30:40 ET
Table 'Ithaka' 6-max Seat #2 is the button
Seat 2: CaolilaH2O ($185.71 in chips)
Seat 4: Actionni13 ($311.44 in chips)
FabronxRJ leaves the table
CaolilaH2O: posts small blind $1
Actionni13: posts big blind $3
*** HOLE CARDS ***
CaolilaH2O: raises $3 to $6
Actionni13: calls $3
*** FLOP *** [Qd Qh 7s]
Actionni13: checks
CaolilaH2O: bets $3
Actionni13: calls $3
*** TURN *** [Qd Qh 7s] [2s]
Actionni13: checks
CaolilaH2O: bets $6
Actionni13: folds
Uncalled bet ($6) returned to CaolilaH2O
CaolilaH2O collected $17.64 from pot
CaolilaH2O: doesn't show hand
*** SUMMARY ***
Total pot $18 | Rake $0.36
Board [Qd Qh 7s 2s]
Seat 2: CaolilaH2O (button) (small blind) collected ($17.64)
Seat 4: Actionni13 (big blind) folded on the Turn


PokerStars Hand #154958491332:  Hold'em Limit ($3/$6 USD) - 2016/06/19 19:31:04 ET
Table 'Ithaka' 6-max Seat #2 is the button
Seat 2: CaolilaH2O ($195.35 in chips)
Seat 4: Actionni13 ($301.44 in chips)
CaolilaH2O: posts small blind $1
Actionni13: posts big blind $3
*** HOLE CARDS ***
CaolilaH2O: raises $3 to $6
Actionni13: folds
Uncalled bet ($3) returned to CaolilaH2O
CaolilaH2O collected $6 from pot
CaolilaH2O: doesn't show hand
*** SUMMARY ***
Total pot $6 | Rake $0
Seat 2: CaolilaH2O (button) (small blind) collected ($6)
Seat 4: Actionni13 (big blind) folded before Flop


PokerStars Hand #154958488763:  Hold'em Limit ($3/$6 USD) - 2016/06/19 19:30:59 ET
Table 'Ithaka' 6-max Seat #4 is the button
Seat 2: CaolilaH2O ($194.35 in chips)
Seat 4: Actionni13 ($302.44 in chips)
Actionni13: posts small blind $1
CaolilaH2O: posts big blind $3
*** HOLE CARDS ***
Actionni13: folds
Uncalled bet ($2) returned to CaolilaH2O
CaolilaH2O collected $2 from pot
CaolilaH2O: doesn't show hand
*** SUMMARY ***
Total pot $2 | Rake $0
Seat 2: CaolilaH2O (big blind) collected ($2)
Seat 4: Actionni13 (button) (small blind) folded before Flop


PokerStars Hand #154958495598:  Hold'em Limit ($3/$6 USD) - 2016/06/19 19:31:12 ET
Table 'Ithaka' 6-max Seat #4 is the button
Seat 2: CaolilaH2O ($198.35 in chips)
Seat 4: Actionni13 ($298.44 in chips)
Actionni13: posts small blind $1
CaolilaH2O: posts big blind $3
*** HOLE CARDS ***
Actionni13: raises $3 to $6
CaolilaH2O: folds
Uncalled bet ($3) returned to Actionni13
Actionni13 collected $6 from pot
Actionni13: doesn't show hand
*** SUMMARY ***
Total pot $6 | Rake $0
Seat 2: CaolilaH2O (big blind) folded before Flop
Seat 4: Actionni13 (button) (small blind) collected ($6)


PokerStars Hand #154958521382:  Hold'em Limit ($3/$6 USD) - 2016/06/19 19:32:02 ET
Table 'Ithaka' 6-max Seat #4 is the button
Seat 2: CaolilaH2O ($208.85 in chips)
Seat 4: Actionni13 ($287.20 in chips)
Actionni13: posts small blind $1
CaolilaH2O: posts big blind $3
*** HOLE CARDS ***
Actionni13: raises $3 to $6
CaolilaH2O: calls $3
*** FLOP *** [2d 3h 4h]
CaolilaH2O: bets $3
Actionni13: calls $3
*** TURN *** [2d 3h 4h] [7h]
CaolilaH2O: bets $6
Actionni13: folds
Uncalled bet ($6) returned to CaolilaH2O
CaolilaH2O collected $17.64 from pot
CaolilaH2O: doesn't show hand
*** SUMMARY ***
Total pot $18 | Rake $0.36
Board [2d 3h 4h 7h]
Seat 2: CaolilaH2O (big blind) collected ($17.64)
Seat 4: Actionni13 (button) (small blind) folded on the Turn


PokerStars Hand #154958499207:  Hold'em Limit ($3/$6 USD) - 2016/06/19 19:31:19 ET
Table 'Ithaka' 6-max Seat #2 is the button
Seat 2: CaolilaH2O ($195.35 in chips)
Seat 4: Actionni13 ($301.44 in chips)
CaolilaH2O: posts small blind $1
Actionni13: posts big blind $3
*** HOLE CARDS ***
CaolilaH2O: raises $3 to $6
Actionni13: calls $3
*** FLOP *** [Kc 9s Qs]
Actionni13: checks
CaolilaH2O: bets $3
Actionni13: calls $3
*** TURN *** [Kc 9s Qs] [8h]
Actionni13: checks
CaolilaH2O: bets $6
Actionni13: calls $6
*** RIVER *** [Kc 9s Qs 8h] [6s]
Actionni13: checks
CaolilaH2O: bets $6
Actionni13: calls $6
*** SHOW DOWN ***
CaolilaH2O: shows [Ad Kd] (a pair of Kings)
Actionni13: mucks hand
CaolilaH2O collected $41.50 from pot
*** SUMMARY ***
Total pot $42 | Rake $0.50
Board [Kc 9s Qs 8h 6s]
Seat 2: CaolilaH2O (button) (small blind) showed [Ad Kd] and won ($41.50) with a pair of Kings
Seat 4: Actionni13 (big blind) mucked


PokerStars Hand #154958518725:  Hold'em Limit ($3/$6 USD) - 2016/06/19 19:31:57 ET
Table 'Ithaka' 6-max Seat #2 is the button
Seat 2: CaolilaH2O ($209.85 in chips)
Seat 4: Actionni13 ($286.20 in chips)
CaolilaH2O: posts small blind $1
Actionni13: posts big blind $3
*** HOLE CARDS ***
CaolilaH2O: folds
Uncalled bet ($2) returned to Actionni13
Actionni13 collected $2 from pot
Actionni13: doesn't show hand
*** SUMMARY ***
Total pot $2 | Rake $0
Seat 2: CaolilaH2O (button) (small blind) folded before Flop
Seat 4: Actionni13 (big blind) collected ($2)


PokerStars Hand #154958513319:  Hold'em Limit ($3/$6 USD) - 2016/06/19 19:31:46 ET
Table 'Ithaka' 6-max Seat #4 is the button
Seat 2: CaolilaH2O ($215.85 in chips)
Seat 4: Actionni13 ($280.44 in chips)
Actionni13: posts small blind $1
CaolilaH2O: posts big blind $3
*** HOLE CARDS ***
Actionni13: raises $3 to $6
CaolilaH2O: calls $3
*** FLOP *** [Qh Qc 6h]
CaolilaH2O: checks
Actionni13: bets $3
CaolilaH2O: folds
Uncalled bet ($3) returned to Actionni13
Actionni13 collected $11.76 from pot
Actionni13: doesn't show hand
*** SUMMARY ***
Total pot $12 | Rake $0.24
Board [Qh Qc 6h]
Seat 2: CaolilaH2O (big blind) folded on the Flop
Seat 4: Actionni13 (button) (small blind) collected ($11.76)


PokerStars Hand #154958540714:  Hold'em Limit ($3/$6 USD) - 2016/06/19 19:32:39 ET
Table 'Ithaka' 6-max Seat #4 is the button
Seat 2: CaolilaH2O ($224.49 in chips)
Seat 4: Actionni13 ($271.20 in chips)
Actionni13: posts small blind $1
CaolilaH2O: posts big blind $3
*** HOLE CARDS ***
Actionni13: raises $3 to $6
CaolilaH2O: raises $3 to $9
Actionni13: calls $3
*** FLOP *** [4d Kc Jh]
CaolilaH2O: bets $3
Actionni13: folds
Uncalled bet ($3) returned to CaolilaH2O
CaolilaH2O collected $17.64 from pot
CaolilaH2O: doesn't show hand
*** SUMMARY ***
Total pot $18 | Rake $0.36
Board [4d Kc Jh]
Seat 2: CaolilaH2O (big blind) collected ($17.64)
Seat 4: Actionni13 (button) (small blind) folded on the Flop


PokerStars Hand #154958547862:  Hold'em Limit ($3/$6 USD) - 2016/06/19 19:32:53 ET
Table 'Ithaka' 6-max Seat #2 is the button
Seat 2: CaolilaH2O ($233.13 in chips)
Seat 4: Actionni13 ($262.20 in chips)
CaolilaH2O: posts small blind $1
Actionni13: posts big blind $3
*** HOLE CARDS ***
CaolilaH2O: raises $3 to $6
Actionni13: folds
Uncalled bet ($3) returned to CaolilaH2O
CaolilaH2O collected $6 from pot
CaolilaH2O: doesn't show hand
*** SUMMARY ***
Total pot $6 | Rake $0
Seat 2: CaolilaH2O (button) (small blind) collected ($6)
Seat 4: Actionni13 (big blind) folded before Flop


PokerStars Hand #154958554339:  Hold'em Limit ($3/$6 USD) - 2016/06/19 19:33:06 ET
Table 'Ithaka' 6-max Seat #2 is the button
Seat 2: CaolilaH2O ($237.13 in chips)
Seat 4: Actionni13 ($258.20 in chips)
CaolilaH2O: posts small blind $1
Actionni13: posts big blind $3
*** HOLE CARDS ***
CaolilaH2O: raises $3 to $6
Actionni13: folds
Uncalled bet ($3) returned to CaolilaH2O
CaolilaH2O collected $6 from pot
CaolilaH2O: doesn't show hand
*** SUMMARY ***
Total pot $6 | Rake $0
Seat 2: CaolilaH2O (button) (small blind) collected ($6)
Seat 4: Actionni13 (big blind) folded before Flop


PokerStars Hand #154958550794:  Hold'em Limit ($3/$6 USD) - 2016/06/19 19:32:59 ET
Table 'Ithaka' 6-max Seat #4 is the button
Seat 2: CaolilaH2O ($236.13 in chips)
Seat 4: Actionni13 ($259.20 in chips)
Actionni13: posts small blind $1
CaolilaH2O: posts big blind $3
*** HOLE CARDS ***
Actionni13: folds
Uncalled bet ($2) returned to CaolilaH2O
CaolilaH2O collected $2 from pot
CaolilaH2O: doesn't show hand
*** SUMMARY ***
Total pot $2 | Rake $0
Seat 2: CaolilaH2O (big blind) collected ($2)
Seat 4: Actionni13 (button) (small blind) folded before Flop


PokerStars Hand #154958533630:  Hold'em Limit ($3/$6 USD) - 2016/06/19 19:32:26 ET
Table 'Ithaka' 6-max Seat #4 is the button
Seat 2: CaolilaH2O ($220.49 in chips)
Seat 4: Actionni13 ($275.20 in chips)
Actionni13: posts small blind $1
CaolilaH2O: posts big blind $3
*** HOLE CARDS ***
Actionni13: folds
Uncalled bet ($2) returned to CaolilaH2O
CaolilaH2O collected $2 from pot
CaolilaH2O: doesn't show hand
*** SUMMARY ***
Total pot $2 | Rake $0
Seat 2: CaolilaH2O (big blind) collected ($2)
Seat 4: Actionni13 (button) (small blind) folded before Flop


PokerStars Hand #154958530334:  Hold'em Limit ($3/$6 USD) - 2016/06/19 19:32:19 ET
Table 'Ithaka' 6-max Seat #2 is the button
Seat 2: CaolilaH2O ($217.49 in chips)
Seat 4: Actionni13 ($278.20 in chips)
CaolilaH2O: posts small blind $1
Actionni13: posts big blind $3
*** HOLE CARDS ***
CaolilaH2O: raises $3 to $6
Actionni13: folds
Uncalled bet ($3) returned to CaolilaH2O
CaolilaH2O collected $6 from pot
CaolilaH2O: doesn't show hand
*** SUMMARY ***
Total pot $6 | Rake $0
Seat 2: CaolilaH2O (button) (small blind) collected ($6)
Seat 4: Actionni13 (big blind) folded before Flop


PokerStars Hand #154958537112:  Hold'em Limit ($3/$6 USD) - 2016/06/19 19:32:32 ET
Table 'Ithaka' 6-max Seat #2 is the button
Seat 2: CaolilaH2O ($221.49 in chips)
Seat 4: Actionni13 ($274.20 in chips)
CaolilaH2O: posts small blind $1
Actionni13: posts big blind $3
*** HOLE CARDS ***
CaolilaH2O: raises $3 to $6
Actionni13: folds
Uncalled bet ($3) returned to CaolilaH2O
CaolilaH2O collected $6 from pot
CaolilaH2O: doesn't show hand
*** SUMMARY ***
Total pot $6 | Rake $0
Seat 2: CaolilaH2O (button) (small blind) collected ($6)
Seat 4: Actionni13 (big blind) folded before Flop


PokerStars Hand #154958565479:  Hold'em Limit ($3/$6 USD) - 2016/06/19 19:33:27 ET
Table 'Ithaka' 6-max Seat #2 is the button
Seat 2: CaolilaH2O ($234.13 in chips)
Seat 4: Actionni13 ($260.96 in chips)
CaolilaH2O: posts small blind $1
Actionni13: posts big blind $3
*** HOLE CARDS ***
CaolilaH2O: raises $3 to $6
Actionni13: raises $3 to $9
CaolilaH2O: raises $3 to $12
Betting is capped
Actionni13: calls $3
*** FLOP *** [5h As 6d]
Actionni13: checks
CaolilaH2O: bets $3
Actionni13: calls $3
*** TURN *** [5h As 6d] [2s]
Actionni13: checks
CaolilaH2O: bets $6
Actionni13: calls $6
*** RIVER *** [5h As 6d 2s] [3h]
Actionni13: checks
CaolilaH2O: checks
*** SHOW DOWN ***
Actionni13: shows [Qh Qd] (a pair of Queens)
CaolilaH2O: shows [Ah 8s] (a pair of Aces)
CaolilaH2O collected $41.50 from pot
*** SUMMARY ***
Total pot $42 | Rake $0.50
Board [5h As 6d 2s 3h]
Seat 2: CaolilaH2O (button) (small blind) showed [Ah 8s] and won ($41.50) with a pair of Aces
Seat 4: Actionni13 (big blind) showed [Qh Qd] and lost with a pair of Queens


PokerStars Hand #154958557793:  Hold'em Limit ($3/$6 USD) - 2016/06/19 19:33:12 ET
Table 'Ithaka' 6-max Seat #4 is the button
Seat 2: CaolilaH2O ($240.13 in chips)
Seat 4: Actionni13 ($255.20 in chips)
Actionni13: posts small blind $1
CaolilaH2O: posts big blind $3
*** HOLE CARDS ***
Actionni13: raises $3 to $6
CaolilaH2O: calls $3
*** FLOP *** [4d 2s Td]
CaolilaH2O: checks
Actionni13: bets $3
CaolilaH2O: folds
Uncalled bet ($3) returned to Actionni13
Actionni13 collected $11.76 from pot
Actionni13: doesn't show hand
*** SUMMARY ***
Total pot $12 | Rake $0.24
Board [4d 2s Td]
Seat 2: CaolilaH2O (big blind) folded on the Flop
Seat 4: Actionni13 (button) (small blind) collected ($11.76)


PokerStars Hand #154958599680:  Hold'em Limit ($3/$6 USD) - 2016/06/19 19:34:35 ET
Table 'Ithaka' 6-max Seat #2 is the button
Seat 2: CaolilaH2O ($248.63 in chips)
Seat 4: Actionni13 ($245.72 in chips)
CaolilaH2O: posts small blind $1
Actionni13: posts big blind $3
*** HOLE CARDS ***
CaolilaH2O: folds
Uncalled bet ($2) returned to Actionni13
Actionni13 collected $2 from pot
Actionni13: doesn't show hand
*** SUMMARY ***
Total pot $2 | Rake $0
Seat 2: CaolilaH2O (button) (small blind) folded before Flop
Seat 4: Actionni13 (big blind) collected ($2)


PokerStars Hand #154958602518:  Hold'em Limit ($3/$6 USD) - 2016/06/19 19:34:40 ET
Table 'Ithaka' 6-max Seat #4 is the button
Seat 2: CaolilaH2O ($247.63 in chips)
Seat 4: Actionni13 ($246.72 in chips)
Actionni13: posts small blind $1
CaolilaH2O: posts big blind $3
*** HOLE CARDS ***
Actionni13: raises $3 to $6
CaolilaH2O: calls $3
*** FLOP *** [7s 8s 5c]
CaolilaH2O: bets $3
Actionni13: calls $3
*** TURN *** [7s 8s 5c] [Tc]
CaolilaH2O: checks
Actionni13: bets $6
CaolilaH2O: raises $6 to $12
Actionni13: folds
Uncalled bet ($6) returned to CaolilaH2O
CaolilaH2O collected $29.50 from pot
CaolilaH2O: doesn't show hand
*** SUMMARY ***
Total pot $30 | Rake $0.50
Board [7s 8s 5c Tc]
Seat 2: CaolilaH2O (big blind) collected ($29.50)
Seat 4: Actionni13 (button) (small blind) folded on the Turn


PokerStars Hand #154958619507:  Hold'em Limit ($3/$6 USD) - 2016/06/19 19:35:13 ET
Table 'Ithaka' 6-max Seat #2 is the button
Seat 2: CaolilaH2O ($262.13 in chips)
Seat 4: Actionni13 ($231.72 in chips)
CaolilaH2O: posts small blind $1
Actionni13: posts big blind $3
*** HOLE CARDS ***
CaolilaH2O: raises $3 to $6
Actionni13: raises $3 to $9
CaolilaH2O: raises $3 to $12
Betting is capped
Actionni13: calls $3
*** FLOP *** [6h 2s 4c]
Actionni13: checks
CaolilaH2O: bets $3
Actionni13: calls $3
*** TURN *** [6h 2s 4c] [Jd]
Actionni13: checks
CaolilaH2O: bets $6
Actionni13: folds
Uncalled bet ($6) returned to CaolilaH2O
CaolilaH2O collected $29.50 from pot
CaolilaH2O: doesn't show hand
*** SUMMARY ***
Total pot $30 | Rake $0.50
Board [6h 2s 4c Jd]
Seat 2: CaolilaH2O (button) (small blind) collected ($29.50)
Seat 4: Actionni13 (big blind) folded on the Turn


PokerStars Hand #154958633741:  Hold'em Limit ($3/$6 USD) - 2016/06/19 19:35:41 ET
Table 'Ithaka' 6-max Seat #4 is the button
Seat 2: CaolilaH2O ($276.63 in chips)
Seat 4: Actionni13 ($216.72 in chips)
Actionni13: posts small blind $1
CaolilaH2O: posts big blind $3
*** HOLE CARDS ***
Actionni13: raises $3 to $6
CaolilaH2O: calls $3
*** FLOP *** [5h Js 2c]
CaolilaH2O: checks
Actionni13: bets $3
CaolilaH2O: folds
Uncalled bet ($3) returned to Actionni13
Actionni13 collected $11.76 from pot
Actionni13: doesn't show hand
*** SUMMARY ***
Total pot $12 | Rake $0.24
Board [5h Js 2c]
Seat 2: CaolilaH2O (big blind) folded on the Flop
Seat 4: Actionni13 (button) (small blind) collected ($11.76)


PokerStars Hand #154958663709:  Hold'em Limit ($3/$6 USD) - 2016/06/19 19:36:36 ET
Table 'Ithaka' 6-max Seat #2 is the button
Seat 2: CaolilaH2O ($271.38 in chips)
Seat 4: Actionni13 ($221.23 in chips)
CaolilaH2O: posts small blind $1
Actionni13: posts big blind $3
*** HOLE CARDS ***
CaolilaH2O: folds
Uncalled bet ($2) returned to Actionni13
Actionni13 collected $2 from pot
Actionni13: doesn't show hand
*** SUMMARY ***
Total pot $2 | Rake $0
Seat 2: CaolilaH2O (button) (small blind) folded before Flop
Seat 4: Actionni13 (big blind) collected ($2)


PokerStars Hand #154958658858:  Hold'em Limit ($3/$6 USD) - 2016/06/19 19:36:26 ET
Table 'Ithaka' 6-max Seat #4 is the button
Seat 2: CaolilaH2O ($270.38 in chips)
Seat 4: Actionni13 ($222.23 in chips)
Actionni13: posts small blind $1
CaolilaH2O: posts big blind $3
*** HOLE CARDS ***
Actionni13: folds
Uncalled bet ($2) returned to CaolilaH2O
CaolilaH2O collected $2 from pot
CaolilaH2O: doesn't show hand
*** SUMMARY ***
Total pot $2 | Rake $0
Seat 2: CaolilaH2O (big blind) collected ($2)
Seat 4: Actionni13 (button) (small blind) folded before Flop


PokerStars Hand #154958666732:  Hold'em Limit ($3/$6 USD) - 2016/06/19 19:36:42 ET
Table 'Ithaka' 6-max Seat #4 is the button
Seat 2: CaolilaH2O ($270.38 in chips)
Seat 4: Actionni13 ($222.23 in chips)
Actionni13: posts small blind $1
CaolilaH2O: posts big blind $3
*** HOLE CARDS ***
Actionni13: raises $3 to $6
CaolilaH2O: calls $3
*** FLOP *** [Qd 2s Th]
CaolilaH2O: bets $3
Actionni13: folds
Uncalled bet ($3) returned to CaolilaH2O
CaolilaH2O collected $11.76 from pot
CaolilaH2O: doesn't show hand
*** SUMMARY ***
Total pot $12 | Rake $0.24
Board [Qd 2s Th]
Seat 2: CaolilaH2O (big blind) collected ($11.76)
Seat 4: Actionni13 (button) (small blind) folded on the Flop


PokerStars Hand #154958674737:  Hold'em Limit ($3/$6 USD) - 2016/06/19 19:36:58 ET
Table 'Ithaka' 6-max Seat #4 is the button
Seat 2: CaolilaH2O ($275.14 in chips)
Seat 4: Actionni13 ($217.23 in chips)
Actionni13: posts small blind $1
CaolilaH2O: posts big blind $3
*** HOLE CARDS ***
Actionni13: folds
Uncalled bet ($2) returned to CaolilaH2O
CaolilaH2O collected $2 from pot
CaolilaH2O: doesn't show hand
*** SUMMARY ***
Total pot $2 | Rake $0
Seat 2: CaolilaH2O (big blind) collected ($2)
Seat 4: Actionni13 (button) (small blind) folded before Flop


PokerStars Hand #154958671961:  Hold'em Limit ($3/$6 USD) - 2016/06/19 19:36:52 ET
Table 'Ithaka' 6-max Seat #2 is the button
Seat 2: CaolilaH2O ($276.14 in chips)
Seat 4: Actionni13 ($216.23 in chips)
CaolilaH2O: posts small blind $1
Actionni13: posts big blind $3
*** HOLE CARDS ***
CaolilaH2O: folds
Uncalled bet ($2) returned to Actionni13
Actionni13 collected $2 from pot
Actionni13: doesn't show hand
*** SUMMARY ***
Total pot $2 | Rake $0
Seat 2: CaolilaH2O (button) (small blind) folded before Flop
Seat 4: Actionni13 (big blind) collected ($2)


PokerStars Hand #154958677543:  Hold'em Limit ($3/$6 USD) - 2016/06/19 19:37:03 ET
Table 'Ithaka' 6-max Seat #2 is the button
Seat 2: CaolilaH2O ($276.14 in chips)
Seat 4: Actionni13 ($216.23 in chips)
CaolilaH2O: posts small blind $1
Actionni13: posts big blind $3
*** HOLE CARDS ***
CaolilaH2O: folds
Uncalled bet ($2) returned to Actionni13
Actionni13 collected $2 from pot
Actionni13: doesn't show hand
*** SUMMARY ***
Total pot $2 | Rake $0
Seat 2: CaolilaH2O (button) (small blind) folded before Flop
Seat 4: Actionni13 (big blind) collected ($2)


PokerStars Hand #154958638923:  Hold'em Limit ($3/$6 USD) - 2016/06/19 19:35:52 ET
Table 'Ithaka' 6-max Seat #2 is the button
Seat 2: CaolilaH2O ($270.63 in chips)
Seat 4: Actionni13 ($222.48 in chips)
CaolilaH2O: posts small blind $1
Actionni13: posts big blind $3
*** HOLE CARDS ***
CaolilaH2O: raises $3 to $6
Actionni13: calls $3
*** FLOP *** [Qc 6s 3d]
Actionni13: checks
CaolilaH2O: bets $3
Actionni13: raises $3 to $6
CaolilaH2O: raises $3 to $9
Actionni13: raises $3 to $12
Betting is capped
CaolilaH2O: calls $3
*** TURN *** [Qc 6s 3d] [9c]
Actionni13: bets $6
CaolilaH2O: calls $6
*** RIVER *** [Qc 6s 3d 9c] [6c]
Actionni13: bets $6
CaolilaH2O: calls $6
*** SHOW DOWN ***
Actionni13: shows [Jd Qh] (two pair, Queens and Sixes)
CaolilaH2O: shows [Qd Jc] (two pair, Queens and Sixes)
Actionni13 collected $29.75 from pot
CaolilaH2O collected $29.75 from pot
*** SUMMARY ***
Total pot $60 | Rake $0.50
Board [Qc 6s 3d 9c 6c]
Seat 2: CaolilaH2O (button) (small blind) showed [Qd Jc] and won ($29.75) with two pair, Queens and Sixes
Seat 4: Actionni13 (big blind) showed [Jd Qh] and won ($29.75) with two pair, Queens and Sixes


PokerStars Hand #154958680065:  Hold'em Limit ($3/$6 USD) - 2016/06/19 19:37:08 ET
Table 'Ithaka' 6-max Seat #4 is the button
Seat 2: CaolilaH2O ($275.14 in chips)
Seat 4: Actionni13 ($217.23 in chips)
Actionni13: posts small blind $1
CaolilaH2O: posts big blind $3
*** HOLE CARDS ***
Actionni13: folds
Uncalled bet ($2) returned to CaolilaH2O
CaolilaH2O collected $2 from pot
CaolilaH2O: doesn't show hand
*** SUMMARY ***
Total pot $2 | Rake $0
Seat 2: CaolilaH2O (big blind) collected ($2)
Seat 4: Actionni13 (button) (small blind) folded before Flop


PokerStars Hand #154958683769:  Hold'em Limit ($3/$6 USD) - 2016/06/19 19:37:16 ET
Table 'Ithaka' 6-max Seat #2 is the button
Seat 2: CaolilaH2O ($276.14 in chips)
Seat 4: Actionni13 ($216.23 in chips)
CaolilaH2O: posts small blind $1
Actionni13: posts big blind $3
*** HOLE CARDS ***
CaolilaH2O: raises $3 to $6
Actionni13: calls $3
*** FLOP *** [8s 3s 7c]
Actionni13: checks
CaolilaH2O: bets $3
Actionni13: calls $3
*** TURN *** [8s 3s 7c] [5h]
Actionni13: checks
CaolilaH2O: bets $6
Actionni13: folds
Uncalled bet ($6) returned to CaolilaH2O
CaolilaH2O collected $17.64 from pot
CaolilaH2O: doesn't show hand
*** SUMMARY ***
Total pot $18 | Rake $0.36
Board [8s 3s 7c 5h]
Seat 2: CaolilaH2O (button) (small blind) collected ($17.64)
Seat 4: Actionni13 (big blind) folded on the Turn


PokerStars Hand #154958699523:  Hold'em Limit ($3/$6 USD) - 2016/06/19 19:37:47 ET
Table 'Ithaka' 6-max Seat #2 is the button
Seat 2: CaolilaH2O ($278.78 in chips)
Seat 4: Actionni13 ($212.99 in chips)
CaolilaH2O: posts small blind $1
Actionni13: posts big blind $3
*** HOLE CARDS ***
CaolilaH2O: folds
Uncalled bet ($2) returned to Actionni13
Actionni13 collected $2 from pot
Actionni13: doesn't show hand
*** SUMMARY ***
Total pot $2 | Rake $0
Seat 2: CaolilaH2O (button) (small blind) folded before Flop
Seat 4: Actionni13 (big blind) collected ($2)


PokerStars Hand #154958692267:  Hold'em Limit ($3/$6 USD) - 2016/06/19 19:37:32 ET
Table 'Ithaka' 6-max Seat #4 is the button
Seat 2: CaolilaH2O ($284.78 in chips)
Seat 4: Actionni13 ($207.23 in chips)
Actionni13: posts small blind $1
CaolilaH2O: posts big blind $3
*** HOLE CARDS ***
Actionni13: raises $3 to $6
CaolilaH2O: calls $3
*** FLOP *** [7s 4c Td]
CaolilaH2O: checks
Actionni13: bets $3
CaolilaH2O: folds
Uncalled bet ($3) returned to Actionni13
Actionni13 collected $11.76 from pot
Actionni13: doesn't show hand
*** SUMMARY ***
Total pot $12 | Rake $0.24
Board [7s 4c Td]
Seat 2: CaolilaH2O (big blind) folded on the Flop
Seat 4: Actionni13 (button) (small blind) collected ($11.76)


PokerStars Hand #154958710223:  Hold'em Limit ($3/$6 USD) - 2016/06/19 19:38:08 ET
Table 'Ithaka' 6-max Seat #2 is the button
Seat 2: CaolilaH2O ($271.78 in chips)
Seat 4: Actionni13 ($219.75 in chips)
CaolilaH2O: posts small blind $1
Actionni13: posts big blind $3
*** HOLE CARDS ***
CaolilaH2O: folds
Uncalled bet ($2) returned to Actionni13
Actionni13 collected $2 from pot
Actionni13: doesn't show hand
*** SUMMARY ***
Total pot $2 | Rake $0
Seat 2: CaolilaH2O (button) (small blind) folded before Flop
Seat 4: Actionni13 (big blind) collected ($2)


PokerStars Hand #154958702075:  Hold'em Limit ($3/$6 USD) - 2016/06/19 19:37:52 ET
Table 'Ithaka' 6-max Seat #4 is the button
Seat 2: CaolilaH2O ($277.78 in chips)
Seat 4: Actionni13 ($213.99 in chips)
Actionni13: posts small blind $1
CaolilaH2O: posts big blind $3
*** HOLE CARDS ***
Actionni13: raises $3 to $6
CaolilaH2O: calls $3
*** FLOP *** [5h Js 3c]
CaolilaH2O: checks
Actionni13: bets $3
CaolilaH2O: folds
Uncalled bet ($3) returned to Actionni13
Actionni13 collected $11.76 from pot
Actionni13: doesn't show hand
*** SUMMARY ***
Total pot $12 | Rake $0.24
Board [5h Js 3c]
Seat 2: CaolilaH2O (big blind) folded on the Flop
Seat 4: Actionni13 (button) (small blind) collected ($11.76)


PokerStars Hand #154958712741:  Hold'em Limit ($3/$6 USD) - 2016/06/19 19:38:13 ET
Table 'Ithaka' 6-max Seat #4 is the button
Seat 2: CaolilaH2O ($270.78 in chips)
Seat 4: Actionni13 ($220.75 in chips)
Actionni13: posts small blind $1
CaolilaH2O: posts big blind $3
*** HOLE CARDS ***
Actionni13: raises $3 to $6
CaolilaH2O: raises $3 to $9
Actionni13: calls $3
*** FLOP *** [2s 7h Jd]
CaolilaH2O: bets $3
Actionni13: calls $3
*** TURN *** [2s 7h Jd] [Qs]
CaolilaH2O: bets $6
Actionni13: raises $6 to $12
CaolilaH2O: raises $6 to $18
Actionni13: calls $6
*** RIVER *** [2s 7h Jd Qs] [4c]
CaolilaH2O: bets $6
Actionni13: calls $6
*** SHOW DOWN ***
CaolilaH2O: shows [Qc Ad] (a pair of Queens)
Actionni13: shows [As Qh] (a pair of Queens)
CaolilaH2O collected $35.75 from pot
Actionni13 collected $35.75 from pot
*** SUMMARY ***
Total pot $72 | Rake $0.50
Board [2s 7h Jd Qs 4c]
Seat 2: CaolilaH2O (big blind) showed [Qc Ad] and won ($35.75) with a pair of Queens
Seat 4: Actionni13 (button) (small blind) showed [As Qh] and won ($35.75) with a pair of Queens


PokerStars Hand #154958772622:  Hold'em Limit ($3/$6 USD) - 2016/06/19 19:40:12 ET
Table 'Ithaka' 6-max Seat #4 is the button
Seat 2: CaolilaH2O ($255.17 in chips)
Seat 4: Actionni13 ($234.76 in chips)
Actionni13: posts small blind $1
CaolilaH2O: posts big blind $3
*** HOLE CARDS ***
Actionni13: raises $3 to $6
CaolilaH2O: folds
Uncalled bet ($3) returned to Actionni13
Actionni13 collected $6 from pot
Actionni13: doesn't show hand
*** SUMMARY ***
Total pot $6 | Rake $0
Seat 2: CaolilaH2O (big blind) folded before Flop
Seat 4: Actionni13 (button) (small blind) collected ($6)


PokerStars Hand #154958747271:  Hold'em Limit ($3/$6 USD) - 2016/06/19 19:39:21 ET
Table 'Ithaka' 6-max Seat #2 is the button
Seat 2: CaolilaH2O ($270.29 in chips)
Seat 4: Actionni13 ($220.26 in chips)
CaolilaH2O: posts small blind $1
Actionni13: posts big blind $3
*** HOLE CARDS ***
CaolilaH2O: raises $3 to $6
Actionni13: calls $3
*** FLOP *** [7h Ad 9s]
Actionni13: checks
CaolilaH2O: bets $3
Actionni13: calls $3
*** TURN *** [7h Ad 9s] [Kc]
Actionni13: checks
CaolilaH2O: bets $6
Actionni13: calls $6
*** RIVER *** [7h Ad 9s Kc] [7d]
Actionni13: checks
CaolilaH2O: checks
*** SHOW DOWN ***
Actionni13: shows [Jd Tc] (a pair of Sevens)
CaolilaH2O: mucks hand
Actionni13 collected $29.50 from pot
*** SUMMARY ***
Total pot $30 | Rake $0.50
Board [7h Ad 9s Kc 7d]
Seat 2: CaolilaH2O (button) (small blind) mucked
Seat 4: Actionni13 (big blind) showed [Jd Tc] and won ($29.50) with a pair of Sevens


PokerStars Hand #154958763053:  Hold'em Limit ($3/$6 USD) - 2016/06/19 19:39:53 ET
Table 'Ithaka' 6-max Seat #4 is the button
Seat 2: CaolilaH2O ($255.29 in chips)
Seat 4: Actionni13 ($234.76 in chips)
Actionni13: posts small blind $1
CaolilaH2O: posts big blind $3
*** HOLE CARDS ***
Actionni13: raises $3 to $6
CaolilaH2O: folds
Uncalled bet ($3) returned to Actionni13
Actionni13 collected $6 from pot
Actionni13: doesn't show hand
*** SUMMARY ***
Total pot $6 | Rake $0
Seat 2: CaolilaH2O (big blind) folded before Flop
Seat 4: Actionni13 (button) (small blind) collected ($6)


PokerStars Hand #154958765966:  Hold'em Limit ($3/$6 USD) - 2016/06/19 19:39:58 ET
Table 'Ithaka' 6-max Seat #2 is the button
Seat 2: CaolilaH2O ($252.29 in chips)
Seat 4: Actionni13 ($237.76 in chips)
CaolilaH2O: posts small blind $1
Actionni13: posts big blind $3
*** HOLE CARDS ***
CaolilaH2O: calls $2
Actionni13: checks
*** FLOP *** [Th Td Js]
Actionni13: checks
CaolilaH2O: bets $3
Actionni13: folds
Uncalled bet ($3) returned to CaolilaH2O
CaolilaH2O collected $5.88 from pot
CaolilaH2O: doesn't show hand
*** SUMMARY ***
Total pot $6 | Rake $0.12
Board [Th Td Js]
Seat 2: CaolilaH2O (button) (small blind) collected ($5.88)
Seat 4: Actionni13 (big blind) folded on the Flop


PokerStars Hand #154958789249:  Hold'em Limit ($3/$6 USD) - 2016/06/19 19:40:45 ET
Table 'Ithaka' 6-max Seat #4 is the button
Seat 2: CaolilaH2O ($272.67 in chips)
Seat 4: Actionni13 ($216.76 in chips)
Actionni13: posts small blind $1
CaolilaH2O: posts big blind $3
*** HOLE CARDS ***
Actionni13: folds
Uncalled bet ($2) returned to CaolilaH2O
CaolilaH2O collected $2 from pot
CaolilaH2O: doesn't show hand
*** SUMMARY ***
Total pot $2 | Rake $0
Seat 2: CaolilaH2O (big blind) collected ($2)
Seat 4: Actionni13 (button) (small blind) folded before Flop


PokerStars Hand #154958776249:  Hold'em Limit ($3/$6 USD) - 2016/06/19 19:40:19 ET
Table 'Ithaka' 6-max Seat #2 is the button
Seat 2: CaolilaH2O ($252.17 in chips)
Seat 4: Actionni13 ($237.76 in chips)
CaolilaH2O: posts small blind $1
Actionni13: posts big blind $3
*** HOLE CARDS ***
CaolilaH2O: raises $3 to $6
Actionni13: raises $3 to $9
CaolilaH2O: raises $3 to $12
Betting is capped
Actionni13: calls $3
*** FLOP *** [5d 8c 7d]
Actionni13: checks
CaolilaH2O: bets $3
Actionni13: calls $3
*** TURN *** [5d 8c 7d] [Jh]
Actionni13: checks
CaolilaH2O: bets $6
Actionni13: calls $6
*** RIVER *** [5d 8c 7d Jh] [Kd]
Actionni13: checks
CaolilaH2O: bets $6
Actionni13: folds
Uncalled bet ($6) returned to CaolilaH2O
CaolilaH2O collected $41.50 from pot
CaolilaH2O: doesn't show hand
*** SUMMARY ***
Total pot $42 | Rake $0.50
Board [5d 8c 7d Jh Kd]
Seat 2: CaolilaH2O (button) (small blind) collected ($41.50)
Seat 4: Actionni13 (big blind) folded on the River


PokerStars Hand #154958792084:  Hold'em Limit ($3/$6 USD) - 2016/06/19 19:40:51 ET
Table 'Ithaka' 6-max Seat #2 is the button
Seat 2: CaolilaH2O ($273.67 in chips)
Seat 4: Actionni13 ($215.76 in chips)
CaolilaH2O: posts small blind $1
Actionni13: posts big blind $3
*** HOLE CARDS ***
CaolilaH2O: raises $3 to $6
Actionni13: calls $3
*** FLOP *** [5c 2h Ad]
Actionni13: checks
CaolilaH2O: bets $3
Actionni13: calls $3
*** TURN *** [5c 2h Ad] [Ac]
Actionni13: checks
CaolilaH2O: bets $6
Actionni13: folds
Uncalled bet ($6) returned to CaolilaH2O
CaolilaH2O collected $17.64 from pot
CaolilaH2O: doesn't show hand
*** SUMMARY ***
Total pot $18 | Rake $0.36
Board [5c 2h Ad Ac]
Seat 2: CaolilaH2O (button) (small blind) collected ($17.64)
Seat 4: Actionni13 (big blind) folded on the Turn


PokerStars Hand #154958839906:  Hold'em Limit ($3/$6 USD) - 2016/06/19 19:42:18 ET
Table 'Ithaka' 6-max Seat #4 is the button
Seat 2: CaolilaH2O ($249.31 in chips)
Seat 4: Actionni13 ($238.44 in chips)
Actionni13: posts small blind $1
CaolilaH2O: posts big blind $3
*** HOLE CARDS ***
Actionni13: raises $3 to $6
CaolilaH2O: folds
Uncalled bet ($3) returned to Actionni13
Actionni13 collected $6 from pot
Actionni13: doesn't show hand
*** SUMMARY ***
Total pot $6 | Rake $0
Seat 2: CaolilaH2O (big blind) folded before Flop
Seat 4: Actionni13 (button) (small blind) collected ($6)


PokerStars Hand #154958832332:  Hold'em Limit ($3/$6 USD) - 2016/06/19 19:42:03 ET
Table 'Ithaka' 6-max Seat #2 is the button
Seat 2: CaolilaH2O ($258.31 in chips)
Seat 4: Actionni13 ($229.80 in chips)
CaolilaH2O: posts small blind $1
Actionni13: posts big blind $3
*** HOLE CARDS ***
CaolilaH2O: raises $3 to $6
Actionni13: calls $3
*** FLOP *** [2d Ah Jd]
Actionni13: checks
CaolilaH2O: bets $3
Actionni13: raises $3 to $6
CaolilaH2O: folds
Uncalled bet ($3) returned to Actionni13
Actionni13 collected $17.64 from pot
Actionni13: doesn't show hand
*** SUMMARY ***
Total pot $18 | Rake $0.36
Board [2d Ah Jd]
Seat 2: CaolilaH2O (button) (small blind) folded on the Flop
Seat 4: Actionni13 (big blind) collected ($17.64)


PokerStars Hand #154958818004:  Hold'em Limit ($3/$6 USD) - 2016/06/19 19:41:43 ET
Table 'Ithaka' 6-max Seat #4 is the button
Seat 2: CaolilaH2O ($264.31 in chips)
Seat 4: Actionni13 ($224.04 in chips)
Actionni13: posts small blind $1
CaolilaH2O: posts big blind $3
*** HOLE CARDS ***
Actionni13: raises $3 to $6
CaolilaH2O: calls $3
*** FLOP *** [6s 2s Jh]
CaolilaH2O: checks
Actionni13: bets $3
CaolilaH2O: folds
Uncalled bet ($3) returned to Actionni13
Actionni13 collected $11.76 from pot
Actionni13: doesn't show hand
*** SUMMARY ***
Total pot $12 | Rake $0.24
Board [6s 2s Jh]
Seat 2: CaolilaH2O (big blind) folded on the Flop
Seat 4: Actionni13 (button) (small blind) collected ($11.76)


PokerStars Hand #154958806826:  Hold'em Limit ($3/$6 USD) - 2016/06/19 19:41:21 ET
Table 'Ithaka' 6-max Seat #2 is the button
Seat 2: CaolilaH2O ($276.31 in chips)
Seat 4: Actionni13 ($212.52 in chips)
CaolilaH2O: posts small blind $1
Actionni13: posts big blind $3
*** HOLE CARDS ***
CaolilaH2O: raises $3 to $6
Actionni13: raises $3 to $9
CaolilaH2O: calls $3
*** FLOP *** [Jh Ah Kc]
Actionni13: bets $3
CaolilaH2O: calls $3
*** TURN *** [Jh Ah Kc] [Ad]
Actionni13: checks
CaolilaH2O: checks
*** RIVER *** [Jh Ah Kc Ad] [5c]
Actionni13: checks
CaolilaH2O: checks
*** SHOW DOWN ***
Actionni13: shows [8c 8d] (two pair, Aces and Eights)
CaolilaH2O: mucks hand
Actionni13 collected $23.52 from pot
*** SUMMARY ***
Total pot $24 | Rake $0.48
Board [Jh Ah Kc Ad 5c]
Seat 2: CaolilaH2O (button) (small blind) mucked
Seat 4: Actionni13 (big blind) showed [8c 8d] and won ($23.52) with two pair, Aces and Eights


PokerStars Hand #154958845249:  Hold'em Limit ($3/$6 USD) - 2016/06/19 19:42:29 ET
Table 'Ithaka' 6-max Seat #4 is the button
Seat 2: CaolilaH2O ($245.31 in chips)
Seat 4: Actionni13 ($242.44 in chips)
Actionni13: posts small blind $1
CaolilaH2O: posts big blind $3
*** HOLE CARDS ***
Actionni13: folds
Uncalled bet ($2) returned to CaolilaH2O
CaolilaH2O collected $2 from pot
CaolilaH2O: doesn't show hand
*** SUMMARY ***
Total pot $2 | Rake $0
Seat 2: CaolilaH2O (big blind) collected ($2)
Seat 4: Actionni13 (button) (small blind) folded before Flop


PokerStars Hand #154958842615:  Hold'em Limit ($3/$6 USD) - 2016/06/19 19:42:24 ET
Table 'Ithaka' 6-max Seat #2 is the button
Seat 2: CaolilaH2O ($246.31 in chips)
Seat 4: Actionni13 ($241.44 in chips)
CaolilaH2O: posts small blind $1
Actionni13: posts big blind $3
*** HOLE CARDS ***
CaolilaH2O: folds
Uncalled bet ($2) returned to Actionni13
Actionni13 collected $2 from pot
Actionni13: doesn't show hand
*** SUMMARY ***
Total pot $2 | Rake $0
Seat 2: CaolilaH2O (button) (small blind) folded before Flop
Seat 4: Actionni13 (big blind) collected ($2)


PokerStars Hand #154958847929:  Hold'em Limit ($3/$6 USD) - 2016/06/19 19:42:35 ET
Table 'Ithaka' 6-max Seat #2 is the button
Seat 2: CaolilaH2O ($246.31 in chips)
Seat 4: Actionni13 ($241.44 in chips)
CaolilaH2O: posts small blind $1
Actionni13: posts big blind $3
*** HOLE CARDS ***
CaolilaH2O: raises $3 to $6
Actionni13: calls $3
*** FLOP *** [8h Td 3s]
Actionni13: checks
CaolilaH2O: bets $3
Actionni13: raises $3 to $6
CaolilaH2O: raises $3 to $9
Actionni13: calls $3
*** TURN *** [8h Td 3s] [5d]
Actionni13: checks
CaolilaH2O: bets $6
Actionni13: calls $6
*** RIVER *** [8h Td 3s 5d] [7c]
Actionni13: checks
CaolilaH2O: checks
*** SHOW DOWN ***
Actionni13: shows [Th Qs] (a pair of Tens)
CaolilaH2O: mucks hand
Actionni13 collected $41.50 from pot
*** SUMMARY ***
Total pot $42 | Rake $0.50
Board [8h Td 3s 5d 7c]
Seat 2: CaolilaH2O (button) (small blind) mucked
Seat 4: Actionni13 (big blind) showed [Th Qs] and won ($41.50) with a pair of Tens


PokerStars Hand #154958881085:  Hold'em Limit ($3/$6 USD) - 2016/06/19 19:43:42 ET
Table 'Ithaka' 6-max Seat #4 is the button
Seat 2: CaolilaH2O ($218.31 in chips)
Seat 4: Actionni13 ($268.70 in chips)
Actionni13: posts small blind $1
CaolilaH2O: posts big blind $3
*** HOLE CARDS ***
Actionni13: raises $3 to $6
CaolilaH2O: calls $3
*** FLOP *** [6h Ts Tc]
CaolilaH2O: checks
Actionni13: bets $3
CaolilaH2O: folds
Uncalled bet ($3) returned to Actionni13
Actionni13 collected $11.76 from pot
Actionni13: doesn't show hand
*** SUMMARY ***
Total pot $12 | Rake $0.24
Board [6h Ts Tc]
Seat 2: CaolilaH2O (big blind) folded on the Flop
Seat 4: Actionni13 (button) (small blind) collected ($11.76)


PokerStars Hand #154958890901:  Hold'em Limit ($3/$6 USD) - 2016/06/19 19:44:02 ET
Table 'Ithaka' 6-max Seat #2 is the button
Seat 2: CaolilaH2O ($212.31 in chips)
Seat 4: Actionni13 ($274.46 in chips)
CaolilaH2O: posts small blind $1
Actionni13: posts big blind $3
*** HOLE CARDS ***
CaolilaH2O: folds
Uncalled bet ($2) returned to Actionni13
Actionni13 collected $2 from pot
Actionni13: doesn't show hand
*** SUMMARY ***
Total pot $2 | Rake $0
Seat 2: CaolilaH2O (button) (small blind) folded before Flop
Seat 4: Actionni13 (big blind) collected ($2)


PokerStars Hand #154958878766:  Hold'em Limit ($3/$6 USD) - 2016/06/19 19:43:37 ET
Table 'Ithaka' 6-max Seat #2 is the button
Seat 2: CaolilaH2O ($219.31 in chips)
Seat 4: Actionni13 ($267.70 in chips)
CaolilaH2O: posts small blind $1
Actionni13: posts big blind $3
*** HOLE CARDS ***
CaolilaH2O: folds
Uncalled bet ($2) returned to Actionni13
Actionni13 collected $2 from pot
Actionni13: doesn't show hand
*** SUMMARY ***
Total pot $2 | Rake $0
Seat 2: CaolilaH2O (button) (small blind) folded before Flop
Seat 4: Actionni13 (big blind) collected ($2)


PokerStars Hand #154958922983:  Hold'em Limit ($3/$6 USD) - 2016/06/19 19:45:08 ET
Table 'Ithaka' 6-max Seat #2 is the button
Seat 2: CaolilaH2O ($252.09 in chips)
Seat 4: Actionni13 ($233.46 in chips)
CaolilaH2O: posts small blind $1
Actionni13: posts big blind $3
*** HOLE CARDS ***
CaolilaH2O: raises $3 to $6
Actionni13: folds
Uncalled bet ($3) returned to CaolilaH2O
CaolilaH2O collected $6 from pot
CaolilaH2O: doesn't show hand
*** SUMMARY ***
Total pot $6 | Rake $0
Seat 2: CaolilaH2O (button) (small blind) collected ($6)
Seat 4: Actionni13 (big blind) folded before Flop


PokerStars Hand #154958914743:  Hold'em Limit ($3/$6 USD) - 2016/06/19 19:44:51 ET
Table 'Ithaka' 6-max Seat #4 is the button
Seat 2: CaolilaH2O ($240.57 in chips)
Seat 4: Actionni13 ($245.46 in chips)
Actionni13: posts small blind $1
CaolilaH2O: posts big blind $3
*** HOLE CARDS ***
Actionni13: raises $3 to $6
CaolilaH2O: raises $3 to $9
Actionni13: calls $3
*** FLOP *** [Td 4c Th]
CaolilaH2O: bets $3
Actionni13: calls $3
*** TURN *** [Td 4c Th] [Qc]
CaolilaH2O: bets $6
Actionni13: folds
Uncalled bet ($6) returned to CaolilaH2O
CaolilaH2O collected $23.52 from pot
CaolilaH2O: doesn't show hand
*** SUMMARY ***
Total pot $24 | Rake $0.48
Board [Td 4c Th Qc]
Seat 2: CaolilaH2O (big blind) collected ($23.52)
Seat 4: Actionni13 (button) (small blind) folded on the Turn


PokerStars Hand #154958893314:  Hold'em Limit ($3/$6 USD) - 2016/06/19 19:44:07 ET
Table 'Ithaka' 6-max Seat #4 is the button
Seat 2: CaolilaH2O ($211.31 in chips)
Seat 4: Actionni13 ($275.46 in chips)
Actionni13: posts small blind $1
CaolilaH2O: posts big blind $3
*** HOLE CARDS ***
Actionni13: raises $3 to $6
CaolilaH2O: raises $3 to $9
Actionni13: calls $3
*** FLOP *** [2c Ad Tc]
CaolilaH2O: bets $3
Actionni13: calls $3
*** TURN *** [2c Ad Tc] [4s]
CaolilaH2O: bets $6
Actionni13: calls $6
*** RIVER *** [2c Ad Tc 4s] [6c]
CaolilaH2O: bets $6
Actionni13: calls $6
*** SHOW DOWN ***
CaolilaH2O: shows [Ac 7s] (a pair of Aces)
Actionni13: mucks hand
CaolilaH2O collected $47.50 from pot
*** SUMMARY ***
Total pot $48 | Rake $0.50
Board [2c Ad Tc 4s 6c]
Seat 2: CaolilaH2O (big blind) showed [Ac 7s] and won ($47.50) with a pair of Aces
Seat 4: Actionni13 (button) (small blind) mucked


PokerStars Hand #154958926208:  Hold'em Limit ($3/$6 USD) - 2016/06/19 19:45:15 ET
Table 'Ithaka' 6-max Seat #4 is the button
Seat 2: CaolilaH2O ($255.09 in chips)
Seat 4: Actionni13 ($230.46 in chips)
Actionni13: posts small blind $1
CaolilaH2O: posts big blind $3
*** HOLE CARDS ***
Actionni13: raises $3 to $6
CaolilaH2O: calls $3
*** FLOP *** [Ac 4h 4s]
CaolilaH2O: checks
Actionni13: bets $3
CaolilaH2O: folds
Uncalled bet ($3) returned to Actionni13
Actionni13 collected $11.76 from pot
Actionni13: doesn't show hand
*** SUMMARY ***
Total pot $12 | Rake $0.24
Board [Ac 4h 4s]
Seat 2: CaolilaH2O (big blind) folded on the Flop
Seat 4: Actionni13 (button) (small blind) collected ($11.76)


PokerStars Hand #154958907781:  Hold'em Limit ($3/$6 USD) - 2016/06/19 19:44:37 ET
Table 'Ithaka' 6-max Seat #2 is the button
Seat 2: CaolilaH2O ($234.81 in chips)
Seat 4: Actionni13 ($251.46 in chips)
CaolilaH2O: posts small blind $1
Actionni13: posts big blind $3
*** HOLE CARDS ***
CaolilaH2O: raises $3 to $6
Actionni13: calls $3
*** FLOP *** [3s 8d Qs]
Actionni13: checks
CaolilaH2O: bets $3
Actionni13: folds
Uncalled bet ($3) returned to CaolilaH2O
CaolilaH2O collected $11.76 from pot
CaolilaH2O: doesn't show hand
*** SUMMARY ***
Total pot $12 | Rake $0.24
Board [3s 8d Qs]
Seat 2: CaolilaH2O (button) (small blind) collected ($11.76)
Seat 4: Actionni13 (big blind) folded on the Flop


PokerStars Hand #154958939032:  Hold'em Limit ($3/$6 USD) - 2016/06/19 19:45:41 ET
Table 'Ithaka' 6-max Seat #2 is the button
Seat 2: CaolilaH2O ($242.09 in chips)
Seat 4: Actionni13 ($242.98 in chips)
CaolilaH2O: posts small blind $1
Actionni13: posts big blind $3
*** HOLE CARDS ***
CaolilaH2O: raises $3 to $6
Actionni13: calls $3
*** FLOP *** [4c 5h 8h]
Actionni13: checks
CaolilaH2O: bets $3
Actionni13: raises $3 to $6
CaolilaH2O: raises $3 to $9
Actionni13: raises $3 to $12
Betting is capped
CaolilaH2O: calls $3
*** TURN *** [4c 5h 8h] [8c]
Actionni13: bets $6
CaolilaH2O: calls $6
*** RIVER *** [4c 5h 8h 8c] [2c]
Actionni13: bets $6
CaolilaH2O: calls $6
*** SHOW DOWN ***
Actionni13: shows [8s 6s] (three of a kind, Eights)
CaolilaH2O: mucks hand
Actionni13 collected $59.50 from pot
*** SUMMARY ***
Total pot $60 | Rake $0.50
Board [4c 5h 8h 8c 2c]
Seat 2: CaolilaH2O (button) (small blind) mucked
Seat 4: Actionni13 (big blind) showed [8s 6s] and won ($59.50) with three of a kind, Eights


PokerStars Hand #154958933641:  Hold'em Limit ($3/$6 USD) - 2016/06/19 19:45:30 ET
Table 'Ithaka' 6-max Seat #4 is the button
Seat 2: CaolilaH2O ($248.09 in chips)
Seat 4: Actionni13 ($237.22 in chips)
Actionni13: posts small blind $1
CaolilaH2O: posts big blind $3
*** HOLE CARDS ***
Actionni13: raises $3 to $6
CaolilaH2O: calls $3
*** FLOP *** [3h 7c Ts]
CaolilaH2O: checks
Actionni13: bets $3
CaolilaH2O: folds
Uncalled bet ($3) returned to Actionni13
Actionni13 collected $11.76 from pot
Actionni13: doesn't show hand
*** SUMMARY ***
Total pot $12 | Rake $0.24
Board [3h 7c Ts]
Seat 2: CaolilaH2O (big blind) folded on the Flop
Seat 4: Actionni13 (button) (small blind) collected ($11.76)


PokerStars Hand #154958931249:  Hold'em Limit ($3/$6 USD) - 2016/06/19 19:45:25 ET
Table 'Ithaka' 6-max Seat #2 is the button
Seat 2: CaolilaH2O ($249.09 in chips)
Seat 4: Actionni13 ($236.22 in chips)
CaolilaH2O: posts small blind $1
Actionni13: posts big blind $3
*** HOLE CARDS ***
CaolilaH2O: folds
Uncalled bet ($2) returned to Actionni13
Actionni13 collected $2 from pot
Actionni13: doesn't show hand
*** SUMMARY ***
Total pot $2 | Rake $0
Seat 2: CaolilaH2O (button) (small blind) folded before Flop
Seat 4: Actionni13 (big blind) collected ($2)


PokerStars Hand #154958975192:  Hold'em Limit ($3/$6 USD) - 2016/06/19 19:46:56 ET
Table 'Ithaka' 6-max Seat #2 is the button
Seat 2: CaolilaH2O ($234.34 in chips)
Seat 4: Actionni13 ($249.23 in chips)
CaolilaH2O: posts small blind $1
Actionni13: posts big blind $3
*** HOLE CARDS ***
CaolilaH2O: raises $3 to $6
Actionni13: calls $3
*** FLOP *** [9s Ad 9d]
Actionni13: checks
CaolilaH2O: bets $3
Actionni13: calls $3
*** TURN *** [9s Ad 9d] [8s]
Actionni13: checks
CaolilaH2O: bets $6
Actionni13: raises $6 to $12
CaolilaH2O: calls $6
*** RIVER *** [9s Ad 9d 8s] [Js]
Actionni13: bets $6
CaolilaH2O: folds
Uncalled bet ($6) returned to Actionni13
Actionni13 collected $41.50 from pot
Actionni13: doesn't show hand
*** SUMMARY ***
Total pot $42 | Rake $0.50
Board [9s Ad 9d 8s Js]
Seat 2: CaolilaH2O (button) (small blind) folded on the River
Seat 4: Actionni13 (big blind) collected ($41.50)


PokerStars Hand #154958966949:  Hold'em Limit ($3/$6 USD) - 2016/06/19 19:46:39 ET
Table 'Ithaka' 6-max Seat #4 is the button
Seat 2: CaolilaH2O ($210.84 in chips)
Seat 4: Actionni13 ($273.23 in chips)
Actionni13: posts small blind $1
CaolilaH2O: posts big blind $3
*** HOLE CARDS ***
Actionni13: raises $3 to $6
CaolilaH2O: raises $3 to $9
Actionni13: calls $3
*** FLOP *** [Qh Ts 3d]
CaolilaH2O: bets $3
Actionni13: calls $3
*** TURN *** [Qh Ts 3d] [2d]
CaolilaH2O: bets $6
Actionni13: calls $6
*** RIVER *** [Qh Ts 3d 2d] [Qd]
CaolilaH2O: bets $6
Actionni13: calls $6
*** SHOW DOWN ***
CaolilaH2O: shows [Jd Jc] (two pair, Queens and Jacks)
Actionni13: mucks hand
CaolilaH2O collected $47.50 from pot
*** SUMMARY ***
Total pot $48 | Rake $0.50
Board [Qh Ts 3d 2d Qd]
Seat 2: CaolilaH2O (big blind) showed [Jd Jc] and won ($47.50) with two pair, Queens and Jacks
Seat 4: Actionni13 (button) (small blind) mucked


PokerStars Hand #154958964256:  Hold'em Limit ($3/$6 USD) - 2016/06/19 19:46:33 ET
Table 'Ithaka' 6-max Seat #2 is the button
Seat 2: CaolilaH2O ($211.84 in chips)
Seat 4: Actionni13 ($272.23 in chips)
CaolilaH2O: posts small blind $1
Actionni13: posts big blind $3
*** HOLE CARDS ***
CaolilaH2O: folds
Uncalled bet ($2) returned to Actionni13
Actionni13 collected $2 from pot
Actionni13: doesn't show hand
*** SUMMARY ***
Total pot $2 | Rake $0
Seat 2: CaolilaH2O (button) (small blind) folded before Flop
Seat 4: Actionni13 (big blind) collected ($2)


PokerStars Hand #154959004664:  Hold'em Limit ($3/$6 USD) - 2016/06/19 19:47:58 ET
Table 'Ithaka' 6-max Seat #2 is the button
Seat 2: CaolilaH2O ($209.10 in chips)
Seat 4: Actionni13 ($273.73 in chips)
CaolilaH2O: posts small blind $1
Actionni13: posts big blind $3
*** HOLE CARDS ***
CaolilaH2O: raises $3 to $6
Actionni13: folds
Uncalled bet ($3) returned to CaolilaH2O
CaolilaH2O collected $6 from pot
CaolilaH2O: doesn't show hand
*** SUMMARY ***
Total pot $6 | Rake $0
Seat 2: CaolilaH2O (button) (small blind) collected ($6)
Seat 4: Actionni13 (big blind) folded before Flop


PokerStars Hand #154959000766:  Hold'em Limit ($3/$6 USD) - 2016/06/19 19:47:50 ET
Table 'Ithaka' 6-max Seat #4 is the button
Seat 2: CaolilaH2O ($212.10 in chips)
Seat 4: Actionni13 ($270.73 in chips)
Actionni13: posts small blind $1
CaolilaH2O: posts big blind $3
*** HOLE CARDS ***
Actionni13: raises $3 to $6
CaolilaH2O: folds
Uncalled bet ($3) returned to Actionni13
Actionni13 collected $6 from pot
Actionni13: doesn't show hand
*** SUMMARY ***
Total pot $6 | Rake $0
Seat 2: CaolilaH2O (big blind) folded before Flop
Seat 4: Actionni13 (button) (small blind) collected ($6)


PokerStars Hand #154958998431:  Hold'em Limit ($3/$6 USD) - 2016/06/19 19:47:45 ET
Table 'Ithaka' 6-max Seat #2 is the button
Seat 2: CaolilaH2O ($213.10 in chips)
Seat 4: Actionni13 ($269.73 in chips)
CaolilaH2O: posts small blind $1
Actionni13: posts big blind $3
*** HOLE CARDS ***
CaolilaH2O: folds
Uncalled bet ($2) returned to Actionni13
Actionni13 collected $2 from pot
Actionni13: doesn't show hand
*** SUMMARY ***
Total pot $2 | Rake $0
Seat 2: CaolilaH2O (button) (small blind) folded before Flop
Seat 4: Actionni13 (big blind) collected ($2)


PokerStars Hand #154958995877:  Hold'em Limit ($3/$6 USD) - 2016/06/19 19:47:40 ET
Table 'Ithaka' 6-max Seat #4 is the button
Seat 2: CaolilaH2O ($216.10 in chips)
Seat 4: Actionni13 ($266.73 in chips)
Actionni13: posts small blind $1
CaolilaH2O: posts big blind $3
*** HOLE CARDS ***
Actionni13: raises $3 to $6
CaolilaH2O: folds
Uncalled bet ($3) returned to Actionni13
Actionni13 collected $6 from pot
Actionni13: doesn't show hand
*** SUMMARY ***
Total pot $6 | Rake $0
Seat 2: CaolilaH2O (big blind) folded before Flop
Seat 4: Actionni13 (button) (small blind) collected ($6)


PokerStars Hand #154958990831:  Hold'em Limit ($3/$6 USD) - 2016/06/19 19:47:29 ET
Table 'Ithaka' 6-max Seat #2 is the button
Seat 2: CaolilaH2O ($210.34 in chips)
Seat 4: Actionni13 ($272.73 in chips)
CaolilaH2O: posts small blind $1
Actionni13: posts big blind $3
*** HOLE CARDS ***
CaolilaH2O: raises $3 to $6
Actionni13: calls $3
*** FLOP *** [4h 2d 5s]
Actionni13: checks
CaolilaH2O: bets $3
Actionni13: folds
Uncalled bet ($3) returned to CaolilaH2O
CaolilaH2O collected $11.76 from pot
CaolilaH2O: doesn't show hand
*** SUMMARY ***
Total pot $12 | Rake $0.24
Board [4h 2d 5s]
Seat 2: CaolilaH2O (button) (small blind) collected ($11.76)
Seat 4: Actionni13 (big blind) folded on the Flop


PokerStars Hand #154958988002:  Hold'em Limit ($3/$6 USD) - 2016/06/19 19:47:23 ET
Table 'Ithaka' 6-max Seat #4 is the button
Seat 2: CaolilaH2O ($213.34 in chips)
Seat 4: Actionni13 ($269.73 in chips)
Actionni13: posts small blind $1
CaolilaH2O: posts big blind $3
*** HOLE CARDS ***
Actionni13: raises $3 to $6
CaolilaH2O: folds
Uncalled bet ($3) returned to Actionni13
Actionni13 collected $6 from pot
Actionni13: doesn't show hand
*** SUMMARY ***
Total pot $6 | Rake $0
Seat 2: CaolilaH2O (big blind) folded before Flop
Seat 4: Actionni13 (button) (small blind) collected ($6)


PokerStars Hand #154959007858:  Hold'em Limit ($3/$6 USD) - 2016/06/19 19:48:05 ET
Table 'Ithaka' 6-max Seat #4 is the button
Seat 2: CaolilaH2O ($212.10 in chips)
Seat 4: Actionni13 ($270.73 in chips)
Actionni13: posts small blind $1
CaolilaH2O: posts big blind $3
*** HOLE CARDS ***
Actionni13: raises $3 to $6
CaolilaH2O: calls $3
*** FLOP *** [4h 8s Tc]
CaolilaH2O: bets $3
Actionni13: calls $3
*** TURN *** [4h 8s Tc] [9d]
CaolilaH2O: bets $6
Actionni13: folds
Uncalled bet ($6) returned to CaolilaH2O
CaolilaH2O collected $17.64 from pot
CaolilaH2O: doesn't show hand
*** SUMMARY ***
Total pot $18 | Rake $0.36
Board [4h 8s Tc 9d]
Seat 2: CaolilaH2O (big blind) collected ($17.64)
Seat 4: Actionni13 (button) (small blind) folded on the Turn


PokerStars Hand #154959037286:  Hold'em Limit ($3/$6 USD) - 2016/06/19 19:49:07 ET
Table 'Ithaka' 6-max Seat #4 is the button
Seat 2: CaolilaH2O ($202.50 in chips)
Seat 4: Actionni13 ($279.23 in chips)
Actionni13: posts small blind $1
CaolilaH2O: posts big blind $3
*** HOLE CARDS ***
Actionni13: raises $3 to $6
CaolilaH2O: folds
Uncalled bet ($3) returned to Actionni13
Actionni13 collected $6 from pot
Actionni13: doesn't show hand
*** SUMMARY ***
Total pot $6 | Rake $0
Seat 2: CaolilaH2O (big blind) folded before Flop
Seat 4: Actionni13 (button) (small blind) collected ($6)


PokerStars Hand #154959026570:  Hold'em Limit ($3/$6 USD) - 2016/06/19 19:48:45 ET
Table 'Ithaka' 6-max Seat #2 is the button
Seat 2: CaolilaH2O ($223.50 in chips)
Seat 4: Actionni13 ($258.73 in chips)
CaolilaH2O: posts small blind $1
Actionni13: posts big blind $3
*** HOLE CARDS ***
CaolilaH2O: raises $3 to $6
Actionni13: calls $3
*** FLOP *** [Th 7c Td]
Actionni13: checks
CaolilaH2O: bets $3
Actionni13: calls $3
*** TURN *** [Th 7c Td] [2c]
Actionni13: checks
CaolilaH2O: bets $6
Actionni13: calls $6
*** RIVER *** [Th 7c Td 2c] [3s]
Actionni13: bets $6
CaolilaH2O: calls $6
*** SHOW DOWN ***
Actionni13: shows [2s Ah] (two pair, Tens and Deuces)
CaolilaH2O: mucks hand
Actionni13 collected $41.50 from pot
*** SUMMARY ***
Total pot $42 | Rake $0.50
Board [Th 7c Td 2c 3s]
Seat 2: CaolilaH2O (button) (small blind) mucked
Seat 4: Actionni13 (big blind) showed [2s Ah] and won ($41.50) with two pair, Tens and Deuces


PokerStars Hand #154959023640:  Hold'em Limit ($3/$6 USD) - 2016/06/19 19:48:38 ET
Table 'Ithaka' 6-max Seat #4 is the button
Seat 2: CaolilaH2O ($226.50 in chips)
Seat 4: Actionni13 ($255.73 in chips)
Actionni13: posts small blind $1
CaolilaH2O: posts big blind $3
*** HOLE CARDS ***
Actionni13: raises $3 to $6
CaolilaH2O: folds
Uncalled bet ($3) returned to Actionni13
Actionni13 collected $6 from pot
Actionni13: doesn't show hand
*** SUMMARY ***
Total pot $6 | Rake $0
Seat 2: CaolilaH2O (big blind) folded before Flop
Seat 4: Actionni13 (button) (small blind) collected ($6)


PokerStars Hand #154959016618:  Hold'em Limit ($3/$6 USD) - 2016/06/19 19:48:23 ET
Table 'Ithaka' 6-max Seat #2 is the button
Seat 2: CaolilaH2O ($220.74 in chips)
Seat 4: Actionni13 ($261.73 in chips)
CaolilaH2O: posts small blind $1
Actionni13: posts big blind $3
*** HOLE CARDS ***
CaolilaH2O: raises $3 to $6
Actionni13: calls $3
*** FLOP *** [8d Ac 7d]
Actionni13: checks
CaolilaH2O: bets $3
Actionni13: folds
Uncalled bet ($3) returned to CaolilaH2O
CaolilaH2O collected $11.76 from pot
CaolilaH2O: doesn't show hand
*** SUMMARY ***
Total pot $12 | Rake $0.24
Board [8d Ac 7d]
Seat 2: CaolilaH2O (button) (small blind) collected ($11.76)
Seat 4: Actionni13 (big blind) folded on the Flop


PokerStars Hand #154959040250:  Hold'em Limit ($3/$6 USD) - 2016/06/19 19:49:13 ET
Table 'Ithaka' 6-max Seat #2 is the button
Seat 2: CaolilaH2O ($199.50 in chips)
Seat 4: Actionni13 ($282.23 in chips)
CaolilaH2O: posts small blind $1
Actionni13: posts big blind $3
*** HOLE CARDS ***
CaolilaH2O: raises $3 to $6
Actionni13: raises $3 to $9
CaolilaH2O: raises $3 to $12
Betting is capped
Actionni13: calls $3
*** FLOP *** [8h 4s 4h]
Actionni13: checks
CaolilaH2O: bets $3
Actionni13: calls $3
*** TURN *** [8h 4s 4h] [Qd]
Actionni13: checks
CaolilaH2O: checks
*** RIVER *** [8h 4s 4h Qd] [Ac]
Actionni13: checks
CaolilaH2O: bets $6
Actionni13: folds
Uncalled bet ($6) returned to CaolilaH2O
CaolilaH2O collected $29.50 from pot
CaolilaH2O: doesn't show hand
*** SUMMARY ***
Total pot $30 | Rake $0.50
Board [8h 4s 4h Qd Ac]
Seat 2: CaolilaH2O (button) (small blind) collected ($29.50)
Seat 4: Actionni13 (big blind) folded on the River


PokerStars Hand #154959058961:  Hold'em Limit ($3/$6 USD) - 2016/06/19 19:49:53 ET
Table 'Ithaka' 6-max Seat #4 is the button
Seat 2: CaolilaH2O ($214 in chips)
Seat 4: Actionni13 ($267.23 in chips)
Actionni13: posts small blind $1
CaolilaH2O: posts big blind $3
*** HOLE CARDS ***
Actionni13: raises $3 to $6
CaolilaH2O: raises $3 to $9
Actionni13: calls $3
*** FLOP *** [6c 6s 5d]
CaolilaH2O: bets $3
Actionni13: calls $3
*** TURN *** [6c 6s 5d] [3d]
CaolilaH2O: bets $6
Actionni13: raises $6 to $12
CaolilaH2O: calls $6
*** RIVER *** [6c 6s 5d 3d] [9s]
CaolilaH2O: checks
Actionni13: bets $6
CaolilaH2O: folds
Uncalled bet ($6) returned to Actionni13
Actionni13 collected $47.50 from pot
Actionni13: doesn't show hand
*** SUMMARY ***
Total pot $48 | Rake $0.50
Board [6c 6s 5d 3d 9s]
Seat 2: CaolilaH2O (big blind) folded on the River
Seat 4: Actionni13 (button) (small blind) collected ($47.50)


PokerStars Hand #154959070650:  Hold'em Limit ($3/$6 USD) - 2016/06/19 19:50:17 ET
Table 'Ithaka' 6-max Seat #2 is the button
Seat 2: CaolilaH2O ($190 in chips)
Seat 4: Actionni13 ($290.73 in chips)
CaolilaH2O: posts small blind $1
Actionni13: posts big blind $3
*** HOLE CARDS ***
CaolilaH2O: folds
Uncalled bet ($2) returned to Actionni13
Actionni13 collected $2 from pot
Actionni13: doesn't show hand
*** SUMMARY ***
Total pot $2 | Rake $0
Seat 2: CaolilaH2O (button) (small blind) folded before Flop
Seat 4: Actionni13 (big blind) collected ($2)


PokerStars Hand #154959080998:  Hold'em Limit ($3/$6 USD) - 2016/06/19 19:50:39 ET
Table 'Ithaka' 6-max Seat #2 is the button
Seat 2: CaolilaH2O ($183 in chips)
Seat 4: Actionni13 ($297.49 in chips)
CaolilaH2O: posts small blind $1
Actionni13: posts big blind $3
*** HOLE CARDS ***
CaolilaH2O: raises $3 to $6
Actionni13: folds
Uncalled bet ($3) returned to CaolilaH2O
CaolilaH2O collected $6 from pot
CaolilaH2O: doesn't show hand
*** SUMMARY ***
Total pot $6 | Rake $0
Seat 2: CaolilaH2O (button) (small blind) collected ($6)
Seat 4: Actionni13 (big blind) folded before Flop


PokerStars Hand #154959073087:  Hold'em Limit ($3/$6 USD) - 2016/06/19 19:50:22 ET
Table 'Ithaka' 6-max Seat #4 is the button
Seat 2: CaolilaH2O ($189 in chips)
Seat 4: Actionni13 ($291.73 in chips)
Actionni13: posts small blind $1
CaolilaH2O: posts big blind $3
*** HOLE CARDS ***
Actionni13: raises $3 to $6
CaolilaH2O: calls $3
*** FLOP *** [2d Th 5d]
CaolilaH2O: checks
Actionni13: bets $3
CaolilaH2O: folds
Uncalled bet ($3) returned to Actionni13
Actionni13 collected $11.76 from pot
Actionni13: doesn't show hand
*** SUMMARY ***
Total pot $12 | Rake $0.24
Board [2d Th 5d]
Seat 2: CaolilaH2O (big blind) folded on the Flop
Seat 4: Actionni13 (button) (small blind) collected ($11.76)


PokerStars Hand #154959089434:  Hold'em Limit ($3/$6 USD) - 2016/06/19 19:50:57 ET
Table 'Ithaka' 6-max Seat #4 is the button
Seat 2: CaolilaH2O ($182 in chips)
Seat 4: Actionni13 ($298.49 in chips)
Actionni13: posts small blind $1
CaolilaH2O: posts big blind $3
*** HOLE CARDS ***
Actionni13: raises $3 to $6
CaolilaH2O: calls $3
*** FLOP *** [As 7d Ks]
CaolilaH2O: bets $3
Actionni13: calls $3
*** TURN *** [As 7d Ks] [6s]
CaolilaH2O: bets $6
Actionni13: calls $6
*** RIVER *** [As 7d Ks 6s] [4c]
CaolilaH2O: bets $6
Actionni13: calls $6
*** SHOW DOWN ***
CaolilaH2O: shows [Kd Jh] (a pair of Kings)
Actionni13: shows [Ac 2s] (a pair of Aces)
Actionni13 collected $41.50 from pot
*** SUMMARY ***
Total pot $42 | Rake $0.50
Board [As 7d Ks 6s 4c]
Seat 2: CaolilaH2O (big blind) showed [Kd Jh] and lost with a pair of Kings
Seat 4: Actionni13 (button) (small blind) showed [Ac 2s] and won ($41.50) with a pair of Aces


PokerStars Hand #154959087073:  Hold'em Limit ($3/$6 USD) - 2016/06/19 19:50:52 ET
Table 'Ithaka' 6-max Seat #2 is the button
Seat 2: CaolilaH2O ($183 in chips)
Seat 4: Actionni13 ($297.49 in chips)
CaolilaH2O: posts small blind $1
Actionni13: posts big blind $3
*** HOLE CARDS ***
CaolilaH2O: folds
Uncalled bet ($2) returned to Actionni13
Actionni13 collected $2 from pot
Actionni13: doesn't show hand
*** SUMMARY ***
Total pot $2 | Rake $0
Seat 2: CaolilaH2O (button) (small blind) folded before Flop
Seat 4: Actionni13 (big blind) collected ($2)


PokerStars Hand #154959084096:  Hold'em Limit ($3/$6 USD) - 2016/06/19 19:50:45 ET
Table 'Ithaka' 6-max Seat #4 is the button
Seat 2: CaolilaH2O ($186 in chips)
Seat 4: Actionni13 ($294.49 in chips)
Actionni13: posts small blind $1
CaolilaH2O: posts big blind $3
*** HOLE CARDS ***
Actionni13: raises $3 to $6
CaolilaH2O: folds
Uncalled bet ($3) returned to Actionni13
Actionni13 collected $6 from pot
Actionni13: doesn't show hand
*** SUMMARY ***
Total pot $6 | Rake $0
Seat 2: CaolilaH2O (big blind) folded before Flop
Seat 4: Actionni13 (button) (small blind) collected ($6)


PokerStars Hand #154959111448:  Hold'em Limit ($3/$6 USD) - 2016/06/19 19:51:43 ET
Table 'Ithaka' 6-max Seat #4 is the button
Seat 2: CaolilaH2O ($137 in chips)
Seat 4: Actionni13 ($342.49 in chips)
Actionni13: posts small blind $1
CaolilaH2O: posts big blind $3
*** HOLE CARDS ***
Actionni13: raises $3 to $6
CaolilaH2O: folds
Uncalled bet ($3) returned to Actionni13
Actionni13 collected $6 from pot
Actionni13: doesn't show hand
*** SUMMARY ***
Total pot $6 | Rake $0
Seat 2: CaolilaH2O (big blind) folded before Flop
Seat 4: Actionni13 (button) (small blind) collected ($6)


PokerStars Hand #154959098051:  Hold'em Limit ($3/$6 USD) - 2016/06/19 19:51:15 ET
Table 'Ithaka' 6-max Seat #2 is the button
Seat 2: CaolilaH2O ($161 in chips)
Seat 4: Actionni13 ($318.99 in chips)
CaolilaH2O: posts small blind $1
Actionni13: posts big blind $3
*** HOLE CARDS ***
CaolilaH2O: calls $2
Actionni13: raises $3 to $6
CaolilaH2O: calls $3
*** FLOP *** [Jh 8c 7s]
Actionni13: bets $3
CaolilaH2O: raises $3 to $6
Actionni13: raises $3 to $9
CaolilaH2O: raises $3 to $12
Betting is capped
Actionni13: calls $3
*** TURN *** [Jh 8c 7s] [4c]
Actionni13: checks
CaolilaH2O: bets $6
Actionni13: calls $6
*** RIVER *** [Jh 8c 7s 4c] [Qc]
Actionni13: checks
CaolilaH2O: checks
*** SHOW DOWN ***
Actionni13: shows [Jd Ac] (a pair of Jacks)
CaolilaH2O: mucks hand
Actionni13 collected $47.50 from pot
*** SUMMARY ***
Total pot $48 | Rake $0.50
Board [Jh 8c 7s 4c Qc]
Seat 2: CaolilaH2O (button) (small blind) mucked
Seat 4: Actionni13 (big blind) showed [Jd Ac] and won ($47.50) with a pair of Jacks


