PokerStars Hand #158989657953:  Hold'em Limit ($3/$6 USD) - 2016/09/23 13:04:18 ET
Table 'Itzigsohn' 6-max Seat #6 is the button
Seat 3: popeluha ($35 in chips)
Seat 6: _stel_23_ ($140.52 in chips)
_stel_23_: posts small blind $1
popeluha: posts big blind $3
*** HOLE CARDS ***
_stel_23_: folds
Uncalled bet ($2) returned to popeluha
popeluha collected $2 from pot
*** SUMMARY ***
Total pot $2 | Rake $0
Seat 3: popeluha (big blind) collected ($2)
Seat 6: _stel_23_ (button) (small blind) folded before Flop


PokerStars Hand #158989674704:  Hold'em Limit ($3/$6 USD) - 2016/09/23 13:04:41 ET
Table 'Itzigsohn' 6-max Seat #6 is the button
Seat 3: popeluha ($27 in chips)
Seat 6: _stel_23_ ($148.16 in chips)
_stel_23_: posts small blind $1
popeluha: posts big blind $3
*** HOLE CARDS ***
_stel_23_: folds
Uncalled bet ($2) returned to popeluha
popeluha collected $2 from pot
*** SUMMARY ***
Total pot $2 | Rake $0
Seat 3: popeluha (big blind) collected ($2)
Seat 6: _stel_23_ (button) (small blind) folded before Flop


PokerStars Hand #158989666116:  Hold'em Limit ($3/$6 USD) - 2016/09/23 13:04:29 ET
Table 'Itzigsohn' 6-max Seat #3 is the button
Seat 3: popeluha ($36 in chips)
Seat 6: _stel_23_ ($139.52 in chips)
popeluha: posts small blind $1
_stel_23_: posts big blind $3
*** HOLE CARDS ***
popeluha: raises $3 to $6
_stel_23_: raises $3 to $9
popeluha: calls $3
*** FLOP *** [Jd 5d Qd]
_stel_23_: bets $3
popeluha: folds
Uncalled bet ($3) returned to _stel_23_
_stel_23_ collected $17.64 from pot
_stel_23_: doesn't show hand
*** SUMMARY ***
Total pot $18 | Rake $0.36
Board [Jd 5d Qd]
Seat 3: popeluha (button) (small blind) folded on the Flop
Seat 6: _stel_23_ (big blind) collected ($17.64)


PokerStars Hand #158989697129:  Hold'em Limit ($3/$6 USD) - 2016/09/23 13:05:11 ET
Table 'Itzigsohn' 6-max Seat #3 is the button
Seat 3: popeluha ($19 in chips)
Seat 6: _stel_23_ ($155.80 in chips)
popeluha: posts small blind $1
_stel_23_: posts big blind $3
*** HOLE CARDS ***
popeluha: raises $3 to $6
_stel_23_: calls $3
*** FLOP *** [7c 7s Kh]
_stel_23_: checks
popeluha: bets $3
_stel_23_: calls $3
*** TURN *** [7c 7s Kh] [5d]
_stel_23_: checks
popeluha: bets $6
_stel_23_: calls $6
*** RIVER *** [7c 7s Kh 5d] [Ks]
_stel_23_: checks
popeluha: bets $4 and is all-in
_stel_23_: calls $4
*** SHOW DOWN ***
popeluha: shows [Td Jh] (two pair, Kings and Sevens)
_stel_23_: shows [5h Qh] (two pair, Kings and Sevens - Queen kicker)
_stel_23_ collected $37.50 from pot
*** SUMMARY ***
Total pot $38 | Rake $0.50
Board [7c 7s Kh 5d Ks]
Seat 3: popeluha (button) (small blind) showed [Td Jh] and lost with two pair, Kings and Sevens
Seat 6: _stel_23_ (big blind) showed [5h Qh] and won ($37.50) with two pair, Kings and Sevens


PokerStars Hand #158989689363:  Hold'em Limit ($3/$6 USD) - 2016/09/23 13:05:02 ET
Table 'Itzigsohn' 6-max Seat #6 is the button
Seat 3: popeluha ($25 in chips)
Seat 6: _stel_23_ ($150.04 in chips)
_stel_23_: posts small blind $1
popeluha: posts big blind $3
*** HOLE CARDS ***
_stel_23_: raises $3 to $6
popeluha: calls $3
*** FLOP *** [Ac Qd Kc]
popeluha: checks
_stel_23_: bets $3
popeluha: folds
Uncalled bet ($3) returned to _stel_23_
_stel_23_ collected $11.76 from pot
_stel_23_: doesn't show hand
*** SUMMARY ***
Total pot $12 | Rake $0.24
Board [Ac Qd Kc]
Seat 3: popeluha (big blind) folded on the Flop
Seat 6: _stel_23_ (button) (small blind) collected ($11.76)


PokerStars Hand #158989678302:  Hold'em Limit ($3/$6 USD) - 2016/09/23 13:04:47 ET
Table 'Itzigsohn' 6-max Seat #3 is the button
Seat 3: popeluha ($28 in chips)
Seat 6: _stel_23_ ($147.16 in chips)
popeluha: posts small blind $1
_stel_23_: posts big blind $3
*** HOLE CARDS ***
popeluha: calls $2
_stel_23_: checks
*** FLOP *** [4s 6h 9d]
_stel_23_: checks
popeluha: checks
*** TURN *** [4s 6h 9d] [Qh]
_stel_23_: checks
popeluha: checks
*** RIVER *** [4s 6h 9d Qh] [6d]
_stel_23_: checks
popeluha: checks
*** SHOW DOWN ***
_stel_23_: shows [7s 4d] (two pair, Sixes and Fours)
popeluha: mucks hand
_stel_23_ collected $5.88 from pot
*** SUMMARY ***
Total pot $6 | Rake $0.12
Board [4s 6h 9d Qh 6d]
Seat 3: popeluha (button) (small blind) mucked
Seat 6: _stel_23_ (big blind) showed [7s 4d] and won ($5.88) with two pair, Sixes and Fours


PokerStars Hand #158989742714:  Hold'em Limit ($3/$6 USD) - 2016/09/23 13:06:15 ET
Table 'Itzigsohn' 6-max Seat #3 is the button
Seat 3: popeluha ($50.41 in chips)
Seat 6: _stel_23_ ($164.30 in chips)
popeluha: posts small blind $1
_stel_23_: posts big blind $3
*** HOLE CARDS ***
popeluha: raises $3 to $6
_stel_23_: folds
Uncalled bet ($3) returned to popeluha
popeluha collected $6 from pot
*** SUMMARY ***
Total pot $6 | Rake $0
Seat 3: popeluha (button) (small blind) collected ($6)
Seat 6: _stel_23_ (big blind) folded before Flop


PokerStars Hand #158989733353:  Hold'em Limit ($3/$6 USD) - 2016/09/23 13:06:02 ET
Table 'Itzigsohn' 6-max Seat #6 is the button
Seat 3: popeluha ($44.65 in chips)
Seat 6: _stel_23_ ($170.30 in chips)
_stel_23_: posts small blind $1
popeluha: posts big blind $3
*** HOLE CARDS ***
_stel_23_: raises $3 to $6
popeluha: calls $3
*** FLOP *** [8s 6d 2d]
popeluha: checks
_stel_23_: checks
*** TURN *** [8s 6d 2d] [3d]
popeluha: bets $6
_stel_23_: folds
Uncalled bet ($6) returned to popeluha
popeluha collected $11.76 from pot
*** SUMMARY ***
Total pot $12 | Rake $0.24
Board [8s 6d 2d 3d]
Seat 3: popeluha (big blind) collected ($11.76)
Seat 6: _stel_23_ (button) (small blind) folded on the Turn


PokerStars Hand #158989723297:  Hold'em Limit ($3/$6 USD) - 2016/09/23 13:05:48 ET
Table 'Itzigsohn' 6-max Seat #3 is the button
Seat 3: popeluha ($41.77 in chips)
Seat 6: _stel_23_ ($173.30 in chips)
popeluha: posts small blind $1
_stel_23_: posts big blind $3
*** HOLE CARDS ***
popeluha: calls $2
_stel_23_: checks
*** FLOP *** [8h 2s 7c]
_stel_23_: checks
popeluha: bets $3
_stel_23_: folds
Uncalled bet ($3) returned to popeluha
popeluha collected $5.88 from pot
*** SUMMARY ***
Total pot $6 | Rake $0.12
Board [8h 2s 7c]
Seat 3: popeluha (button) (small blind) collected ($5.88)
Seat 6: _stel_23_ (big blind) folded on the Flop


PokerStars Hand #158989747207:  Hold'em Limit ($3/$6 USD) - 2016/09/23 13:06:21 ET
Table 'Itzigsohn' 6-max Seat #6 is the button
Seat 3: popeluha ($53.41 in chips)
Seat 6: _stel_23_ ($161.30 in chips)
_stel_23_: posts small blind $1
popeluha: posts big blind $3
*** HOLE CARDS ***
_stel_23_: folds
Uncalled bet ($2) returned to popeluha
popeluha collected $2 from pot
*** SUMMARY ***
Total pot $2 | Rake $0
Seat 3: popeluha (big blind) collected ($2)
Seat 6: _stel_23_ (button) (small blind) folded before Flop


PokerStars Hand #158989719566:  Hold'em Limit ($3/$6 USD) - 2016/09/23 13:05:43 ET
Table 'Itzigsohn' 6-max Seat #6 is the button
Seat 3: popeluha ($40.77 in chips)
Seat 6: _stel_23_ ($174.30 in chips)
_stel_23_: posts small blind $1
popeluha: posts big blind $3
*** HOLE CARDS ***
_stel_23_: folds
Uncalled bet ($2) returned to popeluha
popeluha collected $2 from pot
*** SUMMARY ***
Total pot $2 | Rake $0
Seat 3: popeluha (big blind) collected ($2)
Seat 6: _stel_23_ (button) (small blind) folded before Flop


PokerStars Hand #158989761583:  Hold'em Limit ($3/$6 USD) - 2016/09/23 13:06:40 ET
Table 'Itzigsohn' 6-max Seat #3 is the button
Seat 3: popeluha ($58.29 in chips)
Seat 6: _stel_23_ ($156.30 in chips)
popeluha: posts small blind $1
_stel_23_: posts big blind $3
*** HOLE CARDS ***
popeluha: calls $2
_stel_23_: checks
*** FLOP *** [Td 6h 8d]
_stel_23_: checks
popeluha: checks
*** TURN *** [Td 6h 8d] [Kc]
_stel_23_: checks
popeluha: checks
*** RIVER *** [Td 6h 8d Kc] [Kh]
_stel_23_: checks
popeluha: checks
*** SHOW DOWN ***
_stel_23_: shows [4d Jd] (a pair of Kings)
popeluha: mucks hand
_stel_23_ collected $5.88 from pot
*** SUMMARY ***
Total pot $6 | Rake $0.12
Board [Td 6h 8d Kc Kh]
Seat 3: popeluha (button) (small blind) mucked
Seat 6: _stel_23_ (big blind) showed [4d Jd] and won ($5.88) with a pair of Kings


PokerStars Hand #158989784411:  Hold'em Limit ($3/$6 USD) - 2016/09/23 13:07:12 ET
Table 'Itzigsohn' 6-max Seat #3 is the button
Seat 3: popeluha ($69.79 in chips)
Seat 6: _stel_23_ ($144.18 in chips)
popeluha: posts small blind $1
_stel_23_: posts big blind $3
*** HOLE CARDS ***
popeluha: calls $2
_stel_23_: raises $3 to $6
popeluha: calls $3
*** FLOP *** [3c Ts 9s]
_stel_23_: bets $3
popeluha: calls $3
*** TURN *** [3c Ts 9s] [9c]
_stel_23_: bets $6
popeluha: calls $6
*** RIVER *** [3c Ts 9s 9c] [7s]
_stel_23_: checks
popeluha: checks
*** SHOW DOWN ***
_stel_23_: shows [4s 4d] (two pair, Nines and Fours)
popeluha: mucks hand
_stel_23_ collected $29.50 from pot
*** SUMMARY ***
Total pot $30 | Rake $0.50
Board [3c Ts 9s 9c 7s]
Seat 3: popeluha (button) (small blind) mucked
Seat 6: _stel_23_ (big blind) showed [4s 4d] and won ($29.50) with two pair, Nines and Fours


PokerStars Hand #158989771729:  Hold'em Limit ($3/$6 USD) - 2016/09/23 13:06:54 ET
Table 'Itzigsohn' 6-max Seat #6 is the button
Seat 3: popeluha ($55.29 in chips)
Seat 6: _stel_23_ ($159.18 in chips)
_stel_23_: posts small blind $1
popeluha: posts big blind $3
*** HOLE CARDS ***
_stel_23_: raises $3 to $6
popeluha: calls $3
*** FLOP *** [8c 9d Kh]
popeluha: checks
_stel_23_: bets $3
popeluha: calls $3
*** TURN *** [8c 9d Kh] [8d]
popeluha: checks
_stel_23_: bets $6
popeluha: calls $6
*** RIVER *** [8c 9d Kh 8d] [Ad]
popeluha: checks
_stel_23_: checks
*** SHOW DOWN ***
popeluha: shows [7d Jd] (a flush, Ace high)
_stel_23_: mucks hand
popeluha collected $29.50 from pot
*** SUMMARY ***
Total pot $30 | Rake $0.50
Board [8c 9d Kh 8d Ad]
Seat 3: popeluha (big blind) showed [7d Jd] and won ($29.50) with a flush, Ace high
Seat 6: _stel_23_ (button) (small blind) mucked


PokerStars Hand #158989757907:  Hold'em Limit ($3/$6 USD) - 2016/09/23 13:06:35 ET
Table 'Itzigsohn' 6-max Seat #6 is the button
Seat 3: popeluha ($57.29 in chips)
Seat 6: _stel_23_ ($157.30 in chips)
_stel_23_: posts small blind $1
popeluha: posts big blind $3
*** HOLE CARDS ***
_stel_23_: folds
Uncalled bet ($2) returned to popeluha
popeluha collected $2 from pot
popeluha: doesn't show hand
*** SUMMARY ***
Total pot $2 | Rake $0
Seat 3: popeluha (big blind) collected ($2)
Seat 6: _stel_23_ (button) (small blind) folded before Flop


PokerStars Hand #158989750525:  Hold'em Limit ($3/$6 USD) - 2016/09/23 13:06:25 ET
Table 'Itzigsohn' 6-max Seat #3 is the button
Seat 3: popeluha ($54.41 in chips)
Seat 6: _stel_23_ ($160.30 in chips)
popeluha: posts small blind $1
_stel_23_: posts big blind $3
*** HOLE CARDS ***
popeluha: calls $2
_stel_23_: checks
*** FLOP *** [8s 2d Kc]
_stel_23_: checks
popeluha: bets $3
_stel_23_: folds
Uncalled bet ($3) returned to popeluha
popeluha collected $5.88 from pot
popeluha: doesn't show hand
*** SUMMARY ***
Total pot $6 | Rake $0.12
Board [8s 2d Kc]
Seat 3: popeluha (button) (small blind) collected ($5.88)
Seat 6: _stel_23_ (big blind) folded on the Flop


PokerStars Hand #158989809231:  Hold'em Limit ($3/$6 USD) - 2016/09/23 13:07:45 ET
Table 'Itzigsohn' 6-max Seat #3 is the button
Seat 3: popeluha ($81.29 in chips)
Seat 6: _stel_23_ ($131.68 in chips)
popeluha: posts small blind $1
_stel_23_: posts big blind $3
*** HOLE CARDS ***
inc52 joins the table at seat #4
popeluha: raises $3 to $6
_stel_23_: folds
Uncalled bet ($3) returned to popeluha
popeluha collected $6 from pot
*** SUMMARY ***
Total pot $6 | Rake $0
Seat 3: popeluha (button) (small blind) collected ($6)
Seat 6: _stel_23_ (big blind) folded before Flop


PokerStars Hand #158989817461:  Hold'em Limit ($3/$6 USD) - 2016/09/23 13:07:57 ET
Table 'Itzigsohn' 6-max Seat #6 is the button
Seat 3: popeluha ($84.29 in chips)
Seat 6: _stel_23_ ($128.68 in chips)
_stel_23_: posts small blind $1
popeluha: posts big blind $3
*** HOLE CARDS ***
_stel_23_: raises $3 to $6
popeluha: calls $3
*** FLOP *** [Qd Jd Tc]
popeluha: checks
_stel_23_: bets $3
popeluha: calls $3
*** TURN *** [Qd Jd Tc] [8c]
popeluha: checks
_stel_23_: bets $6
popeluha: raises $6 to $12
_stel_23_: folds
Uncalled bet ($6) returned to popeluha
popeluha collected $29.50 from pot
*** SUMMARY ***
Total pot $30 | Rake $0.50
Board [Qd Jd Tc 8c]
Seat 3: popeluha (big blind) collected ($29.50)
Seat 6: _stel_23_ (button) (small blind) folded on the Turn


PokerStars Hand #158989796917:  Hold'em Limit ($3/$6 USD) - 2016/09/23 13:07:29 ET
Table 'Itzigsohn' 6-max Seat #6 is the button
Seat 3: popeluha ($54.79 in chips)
Seat 6: _stel_23_ ($158.68 in chips)
_stel_23_: posts small blind $1
popeluha: posts big blind $3
*** HOLE CARDS ***
_stel_23_: raises $3 to $6
popeluha: calls $3
*** FLOP *** [8d 4h 3c]
popeluha: checks
_stel_23_: bets $3
popeluha: calls $3
*** TURN *** [8d 4h 3c] [Td]
popeluha: checks
_stel_23_: bets $6
popeluha: raises $6 to $12
_stel_23_: calls $6
*** RIVER *** [8d 4h 3c Td] [5h]
popeluha: bets $6
_stel_23_: calls $6
*** SHOW DOWN ***
popeluha: shows [Th Qs] (a pair of Tens)
_stel_23_: mucks hand
popeluha collected $53.50 from pot
*** SUMMARY ***
Total pot $54 | Rake $0.50
Board [8d 4h 3c Td 5h]
Seat 3: popeluha (big blind) showed [Th Qs] and won ($53.50) with a pair of Tens
Seat 6: _stel_23_ (button) (small blind) mucked


PokerStars Hand #158989844235:  Hold'em Limit ($3/$6 USD) - 2016/09/23 13:08:33 ET
Table 'Itzigsohn' 6-max Seat #3 is the button
Seat 3: popeluha ($94.79 in chips)
Seat 4: inc52 ($34.88 in chips)
popeluha: posts small blind $1
inc52: posts big blind $3
*** HOLE CARDS ***
popeluha: calls $2
inc52: checks
*** FLOP *** [3s 6s Qs]
belik555 joins the table at seat #2
inc52: checks
popeluha: bets $3
inc52: folds
Uncalled bet ($3) returned to popeluha
popeluha collected $5.88 from pot
popeluha: doesn't show hand
*** SUMMARY ***
Total pot $6 | Rake $0.12
Board [3s 6s Qs]
Seat 3: popeluha (button) (small blind) collected ($5.88)
Seat 4: inc52 (big blind) folded on the Flop


PokerStars Hand #158989834014:  Hold'em Limit ($3/$6 USD) - 2016/09/23 13:08:20 ET
Table 'Itzigsohn' 6-max Seat #4 is the button
Seat 3: popeluha ($97.79 in chips)
Seat 4: inc52 ($32 in chips)
inc52: posts small blind $1
popeluha: posts big blind $3
*** HOLE CARDS ***
inc52: calls $2
popeluha: checks
*** FLOP *** [9s 2c Qc]
popeluha: checks
inc52: bets $3
Great_Kang joins the table at seat #5
popeluha: folds
Uncalled bet ($3) returned to inc52
inc52 collected $5.88 from pot
inc52: doesn't show hand
*** SUMMARY ***
Total pot $6 | Rake $0.12
Board [9s 2c Qc]
Seat 3: popeluha (big blind) folded on the Flop
Seat 4: inc52 (button) (small blind) collected ($5.88)


PokerStars Hand #158990756152:  Hold'em Limit ($3/$6 USD) - 2016/09/23 13:29:34 ET
Table 'Itzigsohn' 6-max Seat #6 is the button
Seat 4: fsreibnitz ($134.90 in chips)
Seat 6: Fabulous108 ($117.93 in chips)
Fabulous108: posts small blind $1
fsreibnitz: posts big blind $3
*** HOLE CARDS ***
Fabulous108: folds
Uncalled bet ($2) returned to fsreibnitz
fsreibnitz collected $2 from pot
*** SUMMARY ***
Total pot $2 | Rake $0
Seat 4: fsreibnitz (big blind) collected ($2)
Seat 6: Fabulous108 (button) (small blind) folded before Flop


