PokerStars Hand #144394709354:  Hold'em Limit ($3/$6 USD) - 2015/11/25 23:27:31 ET
Table 'Itzigsohn' 6-max Seat #4 is the button
Seat 3: barman_cix ($87 in chips)
Seat 4: AzureCaper ($73 in chips)
AzureCaper: posts small blind $1
barman_cix: posts big blind $3
*** HOLE CARDS ***
AzureCaper: raises $3 to $6
barman_cix: raises $3 to $9
AzureCaper: calls $3
*** FLOP *** [4s 8s 8h]
barman_cix: bets $3
AzureCaper: folds
Uncalled bet ($3) returned to barman_cix
barman_cix collected $17.64 from pot
barman_cix: doesn't show hand
*** SUMMARY ***
Total pot $18 | Rake $0.36
Board [4s 8s 8h]
Seat 3: barman_cix (big blind) collected ($17.64)
Seat 4: AzureCaper (button) (small blind) folded on the Flop


PokerStars Hand #144394722214:  Hold'em Limit ($3/$6 USD) - 2015/11/25 23:28:16 ET
Table 'Itzigsohn' 6-max Seat #4 is the button
Seat 3: barman_cix ($68.64 in chips)
Seat 4: AzureCaper ($98.50 in chips)
AzureCaper: posts small blind $1
barman_cix: posts big blind $3
*** HOLE CARDS ***
AzureCaper: raises $3 to $6
barman_cix: calls $3
*** FLOP *** [5s 6s Kc]
barman_cix: checks
AzureCaper: bets $3
barman_cix: calls $3
*** TURN *** [5s 6s Kc] [7c]
barman_cix: checks
AzureCaper: bets $6
barman_cix: raises $6 to $12
AzureCaper: calls $6
*** RIVER *** [5s 6s Kc 7c] [9h]
barman_cix: bets $6
AzureCaper: calls $6
*** SHOW DOWN ***
barman_cix: shows [Ks 7d] (two pair, Kings and Sevens)
AzureCaper: mucks hand
barman_cix collected $53.50 from pot
*** SUMMARY ***
Total pot $54 | Rake $0.50
Board [5s 6s Kc 7c 9h]
Seat 3: barman_cix (big blind) showed [Ks 7d] and won ($53.50) with two pair, Kings and Sevens
Seat 4: AzureCaper (button) (small blind) mucked


PokerStars Hand #144394720799:  Hold'em Limit ($3/$6 USD) - 2015/11/25 23:28:11 ET
Table 'Itzigsohn' 6-max Seat #3 is the button
Seat 3: barman_cix ($69.64 in chips)
Seat 4: AzureCaper ($97.50 in chips)
barman_cix: posts small blind $1
AzureCaper: posts big blind $3
*** HOLE CARDS ***
barman_cix: folds
Uncalled bet ($2) returned to AzureCaper
AzureCaper collected $2 from pot
AzureCaper: doesn't show hand
*** SUMMARY ***
Total pot $2 | Rake $0
Seat 3: barman_cix (button) (small blind) folded before Flop
Seat 4: AzureCaper (big blind) collected ($2)


PokerStars Hand #144394719389:  Hold'em Limit ($3/$6 USD) - 2015/11/25 23:28:06 ET
Table 'Itzigsohn' 6-max Seat #4 is the button
Seat 3: barman_cix ($68.64 in chips)
Seat 4: AzureCaper ($98.50 in chips)
AzureCaper: posts small blind $1
barman_cix: posts big blind $3
*** HOLE CARDS ***
AzureCaper: folds
Uncalled bet ($2) returned to barman_cix
barman_cix collected $2 from pot
barman_cix: doesn't show hand
*** SUMMARY ***
Total pot $2 | Rake $0
Seat 3: barman_cix (big blind) collected ($2)
Seat 4: AzureCaper (button) (small blind) folded before Flop


PokerStars Hand #144394714868:  Hold'em Limit ($3/$6 USD) - 2015/11/25 23:27:51 ET
Table 'Itzigsohn' 6-max Seat #3 is the button
Seat 3: barman_cix ($95.64 in chips)
Seat 4: AzureCaper ($72 in chips)
barman_cix: posts small blind $1
AzureCaper: posts big blind $3
*** HOLE CARDS ***
barman_cix: raises $3 to $6
AzureCaper: calls $3
*** FLOP *** [Td 2d 9c]
AzureCaper: bets $3
barman_cix: raises $3 to $6
AzureCaper: raises $3 to $9
barman_cix: calls $3
*** TURN *** [Td 2d 9c] [Kd]
AzureCaper: bets $6
barman_cix: calls $6
*** RIVER *** [Td 2d 9c Kd] [7s]
AzureCaper: bets $6
barman_cix: calls $6
*** SHOW DOWN ***
AzureCaper: shows [Ts Jd] (a pair of Tens)
barman_cix: mucks hand
AzureCaper collected $53.50 from pot
*** SUMMARY ***
Total pot $54 | Rake $0.50
Board [Td 2d 9c Kd 7s]
Seat 3: barman_cix (button) (small blind) mucked
Seat 4: AzureCaper (big blind) showed [Ts Jd] and won ($53.50) with a pair of Tens


PokerStars Hand #144394730760:  Hold'em Limit ($3/$6 USD) - 2015/11/25 23:28:46 ET
Table 'Itzigsohn' 6-max Seat #4 is the button
Seat 3: barman_cix ($100.90 in chips)
Seat 4: AzureCaper ($72 in chips)
AzureCaper: posts small blind $1
barman_cix: posts big blind $3
*** HOLE CARDS ***
AzureCaper: raises $3 to $6
barman_cix: folds
Uncalled bet ($3) returned to AzureCaper
AzureCaper collected $6 from pot
AzureCaper: doesn't show hand
*** SUMMARY ***
Total pot $6 | Rake $0
Seat 3: barman_cix (big blind) folded before Flop
Seat 4: AzureCaper (button) (small blind) collected ($6)


PokerStars Hand #144394728184:  Hold'em Limit ($3/$6 USD) - 2015/11/25 23:28:37 ET
Table 'Itzigsohn' 6-max Seat #3 is the button
Seat 3: barman_cix ($95.14 in chips)
Seat 4: AzureCaper ($72 in chips)
barman_cix: posts small blind $1
AzureCaper: posts big blind $3
*** HOLE CARDS ***
barman_cix: raises $3 to $6
AzureCaper: calls $3
*** FLOP *** [6d 7s 9c]
AzureCaper: checks
barman_cix: bets $3
AzureCaper: folds
Uncalled bet ($3) returned to barman_cix
barman_cix collected $11.76 from pot
barman_cix: doesn't show hand
*** SUMMARY ***
Total pot $12 | Rake $0.24
Board [6d 7s 9c]
Seat 3: barman_cix (button) (small blind) collected ($11.76)
Seat 4: AzureCaper (big blind) folded on the Flop


PokerStars Hand #144394741210:  Hold'em Limit ($3/$6 USD) - 2015/11/25 23:29:22 ET
Table 'Itzigsohn' 6-max Seat #4 is the button
Seat 3: barman_cix ($124.40 in chips)
Seat 4: AzureCaper ($73 in chips)
AzureCaper: posts small blind $1
barman_cix: posts big blind $3
*** HOLE CARDS ***
AzureCaper: folds
Uncalled bet ($2) returned to barman_cix
barman_cix collected $2 from pot
barman_cix: doesn't show hand
*** SUMMARY ***
Total pot $2 | Rake $0
Seat 3: barman_cix (big blind) collected ($2)
Seat 4: AzureCaper (button) (small blind) folded before Flop


PokerStars Hand #144394744593:  Hold'em Limit ($3/$6 USD) - 2015/11/25 23:29:34 ET
Table 'Itzigsohn' 6-max Seat #4 is the button
Seat 3: barman_cix ($124.40 in chips)
Seat 4: AzureCaper ($73 in chips)
AzureCaper: posts small blind $1
barman_cix: posts big blind $3
*** HOLE CARDS ***
AzureCaper: folds
Uncalled bet ($2) returned to barman_cix
barman_cix collected $2 from pot
barman_cix: doesn't show hand
*** SUMMARY ***
Total pot $2 | Rake $0
Seat 3: barman_cix (big blind) collected ($2)
Seat 4: AzureCaper (button) (small blind) folded before Flop


PokerStars Hand #144394743185:  Hold'em Limit ($3/$6 USD) - 2015/11/25 23:29:29 ET
Table 'Itzigsohn' 6-max Seat #3 is the button
Seat 3: barman_cix ($125.40 in chips)
Seat 4: AzureCaper ($72 in chips)
barman_cix: posts small blind $1
AzureCaper: posts big blind $3
*** HOLE CARDS ***
barman_cix: folds
Uncalled bet ($2) returned to AzureCaper
AzureCaper collected $2 from pot
AzureCaper: doesn't show hand
*** SUMMARY ***
Total pot $2 | Rake $0
Seat 3: barman_cix (button) (small blind) folded before Flop
Seat 4: AzureCaper (big blind) collected ($2)


PokerStars Hand #144394747255:  Hold'em Limit ($3/$6 USD) - 2015/11/25 23:29:43 ET
Table 'Itzigsohn' 6-max Seat #4 is the button
Seat 3: barman_cix ($124.40 in chips)
Seat 4: AzureCaper ($73 in chips)
AzureCaper: posts small blind $1
barman_cix: posts big blind $3
*** HOLE CARDS ***
AzureCaper: raises $3 to $6
barman_cix: folds
Uncalled bet ($3) returned to AzureCaper
AzureCaper collected $6 from pot
AzureCaper: doesn't show hand
*** SUMMARY ***
Total pot $6 | Rake $0
Seat 3: barman_cix (big blind) folded before Flop
Seat 4: AzureCaper (button) (small blind) collected ($6)


PokerStars Hand #144394745894:  Hold'em Limit ($3/$6 USD) - 2015/11/25 23:29:39 ET
Table 'Itzigsohn' 6-max Seat #3 is the button
Seat 3: barman_cix ($125.40 in chips)
Seat 4: AzureCaper ($72 in chips)
barman_cix: posts small blind $1
AzureCaper: posts big blind $3
*** HOLE CARDS ***
barman_cix: folds
Uncalled bet ($2) returned to AzureCaper
AzureCaper collected $2 from pot
AzureCaper: doesn't show hand
*** SUMMARY ***
Total pot $2 | Rake $0
Seat 3: barman_cix (button) (small blind) folded before Flop
Seat 4: AzureCaper (big blind) collected ($2)


PokerStars Hand #144394739855:  Hold'em Limit ($3/$6 USD) - 2015/11/25 23:29:17 ET
Table 'Itzigsohn' 6-max Seat #3 is the button
Seat 3: barman_cix ($125.40 in chips)
Seat 4: AzureCaper ($72 in chips)
barman_cix: posts small blind $1
AzureCaper: posts big blind $3
*** HOLE CARDS ***
barman_cix: folds
Uncalled bet ($2) returned to AzureCaper
AzureCaper collected $2 from pot
AzureCaper: doesn't show hand
*** SUMMARY ***
Total pot $2 | Rake $0
Seat 3: barman_cix (button) (small blind) folded before Flop
Seat 4: AzureCaper (big blind) collected ($2)


PokerStars Hand #144394738629:  Hold'em Limit ($3/$6 USD) - 2015/11/25 23:29:13 ET
Table 'Itzigsohn' 6-max Seat #4 is the button
Seat 3: barman_cix ($124.40 in chips)
Seat 4: AzureCaper ($72 in chips)
AzureCaper: posts small blind $1
barman_cix: posts big blind $3
*** HOLE CARDS ***
AzureCaper: folds
Uncalled bet ($2) returned to barman_cix
barman_cix collected $2 from pot
barman_cix: doesn't show hand
*** SUMMARY ***
Total pot $2 | Rake $0
Seat 3: barman_cix (big blind) collected ($2)
Seat 4: AzureCaper (button) (small blind) folded before Flop


PokerStars Hand #144394732293:  Hold'em Limit ($3/$6 USD) - 2015/11/25 23:28:51 ET
Table 'Itzigsohn' 6-max Seat #3 is the button
Seat 3: barman_cix ($97.90 in chips)
Seat 4: AzureCaper ($75 in chips)
barman_cix: posts small blind $1
AzureCaper: posts big blind $3
*** HOLE CARDS ***
barman_cix: raises $3 to $6
AzureCaper: calls $3
*** FLOP *** [5c 5h 8s]
AzureCaper: bets $3
barman_cix: calls $3
*** TURN *** [5c 5h 8s] [6d]
AzureCaper: bets $6
barman_cix: raises $6 to $12
AzureCaper: calls $6
*** RIVER *** [5c 5h 8s 6d] [Jh]
AzureCaper: checks
barman_cix: bets $6
AzureCaper: calls $6
*** SHOW DOWN ***
barman_cix: shows [9d 5d] (three of a kind, Fives)
AzureCaper: mucks hand
barman_cix collected $53.50 from pot
*** SUMMARY ***
Total pot $54 | Rake $0.50
Board [5c 5h 8s 6d Jh]
Seat 3: barman_cix (button) (small blind) showed [9d 5d] and won ($53.50) with three of a kind, Fives
Seat 4: AzureCaper (big blind) mucked


PokerStars Hand #144394748992:  Hold'em Limit ($3/$6 USD) - 2015/11/25 23:29:49 ET
Table 'Itzigsohn' 6-max Seat #3 is the button
Seat 3: barman_cix ($121.40 in chips)
Seat 4: AzureCaper ($76 in chips)
barman_cix: posts small blind $1
AzureCaper: posts big blind $3
*** HOLE CARDS ***
barman_cix: calls $2
AzureCaper: checks
*** FLOP *** [9h 5h Jh]
AzureCaper: checks
barman_cix: checks
*** TURN *** [9h 5h Jh] [9d]
AzureCaper: checks
barman_cix: checks
*** RIVER *** [9h 5h Jh 9d] [Qc]
AzureCaper: checks
barman_cix: checks
*** SHOW DOWN ***
AzureCaper: shows [4h 3d] (a pair of Nines)
barman_cix: shows [6s 7c] (a pair of Nines - Queen+Jack+Seven kicker)
barman_cix collected $5.88 from pot
*** SUMMARY ***
Total pot $6 | Rake $0.12
Board [9h 5h Jh 9d Qc]
Seat 3: barman_cix (button) (small blind) showed [6s 7c] and won ($5.88) with a pair of Nines
Seat 4: AzureCaper (big blind) showed [4h 3d] and lost with a pair of Nines


PokerStars Hand #144394754011:  Hold'em Limit ($3/$6 USD) - 2015/11/25 23:30:07 ET
Table 'Itzigsohn' 6-max Seat #4 is the button
Seat 3: barman_cix ($124.28 in chips)
Seat 4: AzureCaper ($73 in chips)
AzureCaper: posts small blind $1
barman_cix: posts big blind $3
*** HOLE CARDS ***
AzureCaper: folds
Uncalled bet ($2) returned to barman_cix
barman_cix collected $2 from pot
barman_cix: doesn't show hand
*** SUMMARY ***
Total pot $2 | Rake $0
Seat 3: barman_cix (big blind) collected ($2)
Seat 4: AzureCaper (button) (small blind) folded before Flop


PokerStars Hand #144394756798:  Hold'em Limit ($3/$6 USD) - 2015/11/25 23:30:16 ET
Table 'Itzigsohn' 6-max Seat #3 is the button
Seat 3: barman_cix ($125.28 in chips)
Seat 4: AzureCaper ($72 in chips)
barman_cix: posts small blind $1
AzureCaper: posts big blind $3
*** HOLE CARDS ***
barman_cix: raises $3 to $6
AzureCaper: raises $3 to $9
barman_cix: calls $3
*** FLOP *** [Kd 8d 3s]
AzureCaper: bets $3
barman_cix: folds
Uncalled bet ($3) returned to AzureCaper
AzureCaper collected $17.64 from pot
AzureCaper: doesn't show hand
*** SUMMARY ***
Total pot $18 | Rake $0.36
Board [Kd 8d 3s]
Seat 3: barman_cix (button) (small blind) folded on the Flop
Seat 4: AzureCaper (big blind) collected ($17.64)


PokerStars Hand #144394758945:  Hold'em Limit ($3/$6 USD) - 2015/11/25 23:30:24 ET
Table 'Itzigsohn' 6-max Seat #4 is the button
Seat 3: barman_cix ($116.28 in chips)
Seat 4: AzureCaper ($80.64 in chips)
AzureCaper: posts small blind $1
barman_cix: posts big blind $3
*** HOLE CARDS ***
AzureCaper: raises $3 to $6
barman_cix: folds
Uncalled bet ($3) returned to AzureCaper
AzureCaper collected $6 from pot
AzureCaper: doesn't show hand
*** SUMMARY ***
Total pot $6 | Rake $0
Seat 3: barman_cix (big blind) folded before Flop
Seat 4: AzureCaper (button) (small blind) collected ($6)


PokerStars Hand #144394763007:  Hold'em Limit ($3/$6 USD) - 2015/11/25 23:30:39 ET
Table 'Itzigsohn' 6-max Seat #3 is the button
Seat 3: barman_cix ($113.28 in chips)
Seat 4: AzureCaper ($83.64 in chips)
barman_cix: posts small blind $1
AzureCaper: posts big blind $3
*** HOLE CARDS ***
barman_cix: folds
Uncalled bet ($2) returned to AzureCaper
AzureCaper collected $2 from pot
AzureCaper: doesn't show hand
*** SUMMARY ***
Total pot $2 | Rake $0
Seat 3: barman_cix (button) (small blind) folded before Flop
Seat 4: AzureCaper (big blind) collected ($2)


