PokerStars Hand #164372723193:  Hold'em Limit ($3/$6 USD) - 2017/01/10 17:36:18 ET
Table 'Iva II' 6-max Seat #1 is the button
Seat 1: Auge72 ($60 in chips)
Seat 4: Actionni13 ($150 in chips)
Auge72: posts small blind $1
Actionni13: posts big blind $3
*** HOLE CARDS ***
Auge72: raises $3 to $6
B_loJkl joins the table at seat #2
Actionni13: raises $3 to $9
Auge72: calls $3
*** FLOP *** [6d 8h Js]
Actionni13: bets $3
Auge72: calls $3
*** TURN *** [6d 8h Js] [Qh]
majekk joins the table at seat #5
Actionni13: checks
Auge72: bets $6
Actionni13: calls $6
*** RIVER *** [6d 8h Js Qh] [5c]
Actionni13: checks
Auge72: checks
*** SHOW DOWN ***
Actionni13: shows [Kd Ah] (high card Ace)
Auge72: shows [Kh 6h] (a pair of Sixes)
Auge72 collected $35.50 from pot
*** SUMMARY ***
Total pot $36 | Rake $0.50
Board [6d 8h Js Qh 5c]
Seat 1: Auge72 (button) (small blind) showed [Kh 6h] and won ($35.50) with a pair of Sixes
Seat 4: Actionni13 (big blind) showed [Kd Ah] and lost with high card Ace


PokerStars Hand #164372828467:  Hold'em Limit ($3/$6 USD) - 2017/01/10 17:38:11 ET
Table 'Iva II' 6-max Seat #4 is the button
Seat 4: Actionni13 ($150 in chips)
Seat 5: majekk ($142.07 in chips)
Actionni13: posts small blind $1
majekk: posts big blind $3
B_loJkl joins the table at seat #1
*** HOLE CARDS ***
Actionni13: raises $3 to $6
majekk: folds
Uncalled bet ($3) returned to Actionni13
Actionni13 collected $6 from pot
*** SUMMARY ***
Total pot $6 | Rake $0
Seat 4: Actionni13 (button) (small blind) collected ($6)
Seat 5: majekk (big blind) folded before Flop


PokerStars Hand #164372816922:  Hold'em Limit ($3/$6 USD) - 2017/01/10 17:37:59 ET
Table 'Iva II' 6-max Seat #5 is the button
Seat 4: Actionni13 ($152.61 in chips)
Seat 5: majekk ($133.43 in chips)
majekk: posts small blind $1
B_loJkl: is sitting out
Actionni13: posts big blind $3
*** HOLE CARDS ***
majekk: raises $3 to $6
Actionni13: calls $3
*** FLOP *** [Qh Kc Ad]
Actionni13: checks
majekk: bets $3
B_loJkl leaves the table
Actionni13: calls $3
*** TURN *** [Qh Kc Ad] [Kh]
Actionni13: checks
majekk: bets $6
Actionni13: folds
Uncalled bet ($6) returned to majekk
majekk collected $17.64 from pot
majekk: doesn't show hand
*** SUMMARY ***
Total pot $18 | Rake $0.36
Board [Qh Kc Ad Kh]
Seat 4: Actionni13 (big blind) folded on the Turn
Seat 5: majekk (button) (small blind) collected ($17.64)


PokerStars Hand #164372981712:  Hold'em Limit ($3/$6 USD) - 2017/01/10 17:40:54 ET
Table 'Iva II' 6-max Seat #4 is the button
Seat 3: charlie13578 ($174.64 in chips)
Seat 4: Actionni13 ($176.44 in chips)
Actionni13: posts small blind $1
B_loJkl: is sitting out
charlie13578: posts big blind $3
*** HOLE CARDS ***
Actionni13: raises $3 to $6
charlie13578: calls $3
*** FLOP *** [Ks 4d 3h]
charlie13578: checks
Actionni13: bets $3
charlie13578: calls $3
*** TURN *** [Ks 4d 3h] [9h]
charlie13578: checks
Actionni13: bets $6
charlie13578: raises $6 to $12
Actionni13: calls $6
*** RIVER *** [Ks 4d 3h 9h] [4c]
charlie13578: bets $6
Actionni13: calls $6
*** SHOW DOWN ***
charlie13578: shows [9s Th] (two pair, Nines and Fours)
Actionni13: shows [6h Kd] (two pair, Kings and Fours)
Actionni13 collected $53.50 from pot
*** SUMMARY ***
Total pot $54 | Rake $0.50
Board [Ks 4d 3h 9h 4c]
Seat 3: charlie13578 (big blind) showed [9s Th] and lost with two pair, Nines and Fours
Seat 4: Actionni13 (button) (small blind) showed [6h Kd] and won ($53.50) with two pair, Kings and Fours


PokerStars Hand #164373048884:  Hold'em Limit ($3/$6 USD) - 2017/01/10 17:42:05 ET
Table 'Iva II' 6-max Seat #3 is the button
Seat 3: charlie13578 ($181.14 in chips)
Seat 4: Actionni13 ($168.94 in chips)
charlie13578: posts small blind $1
Actionni13: posts big blind $3
*** HOLE CARDS ***
charlie13578: calls $2
B_loJkl leaves the table
Actionni13: raises $3 to $6
B_loJkl joins the table at seat #5
charlie13578: folds
Uncalled bet ($3) returned to Actionni13
Actionni13 collected $6 from pot
*** SUMMARY ***
Total pot $6 | Rake $0
Seat 3: charlie13578 (button) (small blind) folded before Flop
Seat 4: Actionni13 (big blind) collected ($6)


PokerStars Hand #164373042221:  Hold'em Limit ($3/$6 USD) - 2017/01/10 17:41:58 ET
Table 'Iva II' 6-max Seat #4 is the button
Seat 3: charlie13578 ($180.14 in chips)
Seat 4: Actionni13 ($169.94 in chips)
Actionni13: posts small blind $1
charlie13578: posts big blind $3
*** HOLE CARDS ***
Actionni13: folds
Uncalled bet ($2) returned to charlie13578
charlie13578 collected $2 from pot
*** SUMMARY ***
Total pot $2 | Rake $0
Seat 3: charlie13578 (big blind) collected ($2)
Seat 4: Actionni13 (button) (small blind) folded before Flop


PokerStars Hand #164373008503:  Hold'em Limit ($3/$6 USD) - 2017/01/10 17:41:22 ET
Table 'Iva II' 6-max Seat #3 is the button
Seat 3: charlie13578 ($147.64 in chips)
Seat 4: Actionni13 ($202.94 in chips)
charlie13578: posts small blind $1
Actionni13: posts big blind $3
*** HOLE CARDS ***
charlie13578: raises $3 to $6
Actionni13: raises $3 to $9
charlie13578: raises $3 to $12
Betting is capped
Actionni13: calls $3
*** FLOP *** [Qs Qh 9h]
Actionni13: checks
charlie13578: bets $3
Actionni13: calls $3
*** TURN *** [Qs Qh 9h] [6c]
Actionni13: checks
charlie13578: bets $6
Actionni13: calls $6
*** RIVER *** [Qs Qh 9h 6c] [Ah]
Actionni13: bets $6
charlie13578: raises $6 to $12
Actionni13: calls $6
*** SHOW DOWN ***
charlie13578: shows [As Kd] (two pair, Aces and Queens)
Actionni13: mucks hand
charlie13578 collected $65.50 from pot
*** SUMMARY ***
Total pot $66 | Rake $0.50
Board [Qs Qh 9h 6c Ah]
Seat 3: charlie13578 (button) (small blind) showed [As Kd] and won ($65.50) with two pair, Aces and Queens
Seat 4: Actionni13 (big blind) mucked


PokerStars Hand #164375893843:  Hold'em Limit ($3/$6 USD) - 2017/01/10 18:36:54 ET
Table 'Iva II' 6-max Seat #3 is the button
Seat 1: Chessnok ($60 in chips)
Seat 3: charlie13578 ($158.51 in chips)
charlie13578: posts small blind $1
Great_Kang: is sitting out
Chessnok: posts big blind $3
*** HOLE CARDS ***
majekk joins the table at seat #5
charlie13578: raises $3 to $6
Chessnok: calls $3
*** FLOP *** [Ks Qs 6h]
Chessnok: checks
charlie13578: bets $3
Chessnok: raises $3 to $6
charlie13578: raises $3 to $9
Chessnok: raises $3 to $12
Betting is capped
charlie13578: calls $3
*** TURN *** [Ks Qs 6h] [2h]
Chessnok: bets $6
charlie13578: calls $6
*** RIVER *** [Ks Qs 6h 2h] [Ac]
Chessnok: bets $6
charlie13578: raises $6 to $12
Chessnok: calls $6
*** SHOW DOWN ***
charlie13578: shows [Ah Jd] (a pair of Aces)
Chessnok: mucks hand
charlie13578 collected $71.50 from pot
*** SUMMARY ***
Total pot $72 | Rake $0.50
Board [Ks Qs 6h 2h Ac]
Seat 1: Chessnok (big blind) mucked
Seat 3: charlie13578 (button) (small blind) showed [Ah Jd] and won ($71.50) with a pair of Aces


PokerStars Hand #164375916048:  Hold'em Limit ($3/$6 USD) - 2017/01/10 18:37:22 ET
Table 'Iva II' 6-max Seat #1 is the button
Seat 1: Chessnok ($60 in chips)
Seat 3: charlie13578 ($194.01 in chips)
Chessnok: posts small blind $1
charlie13578: posts big blind $3
*** HOLE CARDS ***
Chessnok: raises $3 to $6
charlie13578: raises $3 to $9
Chessnok: calls $3
*** FLOP *** [Td 5h 9c]
majekk leaves the table
charlie13578: bets $3
Chessnok: calls $3
*** TURN *** [Td 5h 9c] [Js]
charlie13578: bets $6
Chessnok: raises $6 to $12
charlie13578: calls $6
*** RIVER *** [Td 5h 9c Js] [9h]
charlie13578: bets $6
Chessnok: raises $6 to $12
charlie13578: folds
Uncalled bet ($6) returned to Chessnok
Chessnok collected $59.50 from pot
Chessnok: doesn't show hand
*** SUMMARY ***
Total pot $60 | Rake $0.50
Board [Td 5h 9c Js 9h]
Seat 1: Chessnok (button) (small blind) collected ($59.50)
Seat 3: charlie13578 (big blind) folded on the River


PokerStars Hand #164376014468:  Hold'em Limit ($3/$6 USD) - 2017/01/10 18:39:23 ET
Table 'Iva II' 6-max Seat #1 is the button
Seat 1: Chessnok ($68.46 in chips)
Seat 6: Great_Kang ($252.23 in chips)
Chessnok: posts small blind $1
charlie13578: is sitting out
Great_Kang: posts big blind $3
*** HOLE CARDS ***
Chessnok: raises $3 to $6
Great_Kang: calls $3
*** FLOP *** [3d Ks 5h]
Great_Kang: checks
Chessnok: bets $3
Great_Kang: folds
Uncalled bet ($3) returned to Chessnok
Chessnok collected $11.76 from pot
Chessnok: doesn't show hand
*** SUMMARY ***
Total pot $12 | Rake $0.24
Board [3d Ks 5h]
Seat 1: Chessnok (button) (small blind) collected ($11.76)
Seat 6: Great_Kang (big blind) folded on the Flop


