PokerStars Hand #172151276825:  Hold'em Limit ($3/$6 USD) - 2017/06/23 16:49:18 ET
Table 'Iva' 6-max Seat #1 is the button
Seat 1: Chessnok ($120 in chips)
Seat 2: cola26licht ($48.81 in chips)
Chessnok: posts small blind $1
cola26licht: posts big blind $3
*** HOLE CARDS ***
Chessnok: raises $3 to $6
cola26licht: folds
Uncalled bet ($3) returned to Chessnok
Chessnok collected $6 from pot
Chessnok: doesn't show hand
*** SUMMARY ***
Total pot $6 | Rake $0
Seat 1: Chessnok (button) (small blind) collected ($6)
Seat 2: cola26licht (big blind) folded before Flop


PokerStars Hand #172151283324:  Hold'em Limit ($3/$6 USD) - 2017/06/23 16:49:27 ET
Table 'Iva' 6-max Seat #2 is the button
Seat 1: Chessnok ($123 in chips)
Seat 2: cola26licht ($45.81 in chips)
cola26licht: posts small blind $1
Chessnok: posts big blind $3
*** HOLE CARDS ***
cola26licht: raises $3 to $6
Chessnok: raises $3 to $9
cola26licht: raises $3 to $12
Betting is capped
Chessnok: calls $3
*** FLOP *** [4h Qh 4s]
Chessnok: checks
cola26licht: bets $3
Chessnok: raises $3 to $6
cola26licht: folds
Uncalled bet ($3) returned to Chessnok
Chessnok collected $29.50 from pot
Chessnok: doesn't show hand
*** SUMMARY ***
Total pot $30 | Rake $0.50
Board [4h Qh 4s]
Seat 1: Chessnok (big blind) collected ($29.50)
Seat 2: cola26licht (button) (small blind) folded on the Flop


PokerStars Hand #172151293998:  Hold'em Limit ($3/$6 USD) - 2017/06/23 16:49:42 ET
Table 'Iva' 6-max Seat #1 is the button
Seat 1: Chessnok ($137.50 in chips)
Seat 2: cola26licht ($30.81 in chips)
Chessnok: posts small blind $1
cola26licht: posts big blind $3
*** HOLE CARDS ***
Chessnok: raises $3 to $6
cola26licht: calls $3
*** FLOP *** [Js Ts Jh]
cola26licht: checks
Chessnok: bets $3
cola26licht: calls $3
*** TURN *** [Js Ts Jh] [Ad]
cola26licht: bets $6
Chessnok: calls $6
*** RIVER *** [Js Ts Jh Ad] [Th]
cola26licht: checks
Chessnok: bets $6
cola26licht: folds
Uncalled bet ($6) returned to Chessnok
Chessnok collected $29.50 from pot
Chessnok: doesn't show hand
*** SUMMARY ***
Total pot $30 | Rake $0.50
Board [Js Ts Jh Ad Th]
Seat 1: Chessnok (button) (small blind) collected ($29.50)
Seat 2: cola26licht (big blind) folded on the River


PokerStars Hand #172151313755:  Hold'em Limit ($3/$6 USD) - 2017/06/23 16:50:09 ET
Table 'Iva' 6-max Seat #2 is the button
Seat 1: Chessnok ($152 in chips)
Seat 2: cola26licht ($15.81 in chips)
cola26licht: posts small blind $1
Chessnok: posts big blind $3
*** HOLE CARDS ***
cola26licht: raises $3 to $6
Chessnok: calls $3
*** FLOP *** [Ks 8d 3s]
Chessnok: checks
cola26licht: checks
*** TURN *** [Ks 8d 3s] [7s]
Chessnok: checks
cola26licht: checks
*** RIVER *** [Ks 8d 3s 7s] [As]
Chessnok: checks
cola26licht: bets $6
Chessnok: folds
Uncalled bet ($6) returned to cola26licht
cola26licht collected $11.76 from pot
*** SUMMARY ***
Total pot $12 | Rake $0.24
Board [Ks 8d 3s 7s As]
Seat 1: Chessnok (big blind) folded on the River
Seat 2: cola26licht (button) (small blind) collected ($11.76)


PokerStars Hand #172151333247:  Hold'em Limit ($3/$6 USD) - 2017/06/23 16:50:37 ET
Table 'Iva' 6-max Seat #2 is the button
Seat 1: Chessnok ($145 in chips)
Seat 2: cola26licht ($22.57 in chips)
cola26licht: posts small blind $1
Chessnok: posts big blind $3
*** HOLE CARDS ***
cola26licht: raises $3 to $6
Chessnok: folds
Uncalled bet ($3) returned to cola26licht
cola26licht collected $6 from pot
*** SUMMARY ***
Total pot $6 | Rake $0
Seat 1: Chessnok (big blind) folded before Flop
Seat 2: cola26licht (button) (small blind) collected ($6)


PokerStars Hand #172151329210:  Hold'em Limit ($3/$6 USD) - 2017/06/23 16:50:31 ET
Table 'Iva' 6-max Seat #1 is the button
Seat 1: Chessnok ($146 in chips)
Seat 2: cola26licht ($21.57 in chips)
Chessnok: posts small blind $1
cola26licht: posts big blind $3
*** HOLE CARDS ***
Chessnok: folds
Uncalled bet ($2) returned to cola26licht
cola26licht collected $2 from pot
*** SUMMARY ***
Total pot $2 | Rake $0
Seat 1: Chessnok (button) (small blind) folded before Flop
Seat 2: cola26licht (big blind) collected ($2)


PokerStars Hand #172151377675:  Hold'em Limit ($3/$6 USD) - 2017/06/23 16:51:39 ET
Table 'Iva' 6-max Seat #2 is the button
Seat 1: Chessnok ($141.25 in chips)
Seat 2: cola26licht ($24.82 in chips)
cola26licht: posts small blind $1
Chessnok: posts big blind $3
*** HOLE CARDS ***
cola26licht: raises $3 to $6
Chessnok: folds
Uncalled bet ($3) returned to cola26licht
cola26licht collected $6 from pot
*** SUMMARY ***
Total pot $6 | Rake $0
Seat 1: Chessnok (big blind) folded before Flop
Seat 2: cola26licht (button) (small blind) collected ($6)


PokerStars Hand #172151338038:  Hold'em Limit ($3/$6 USD) - 2017/06/23 16:50:44 ET
Table 'Iva' 6-max Seat #1 is the button
Seat 1: Chessnok ($142 in chips)
Seat 2: cola26licht ($25.57 in chips)
Chessnok: posts small blind $1
cola26licht: posts big blind $3
*** HOLE CARDS ***
Chessnok: raises $3 to $6
cola26licht: raises $3 to $9
Chessnok: calls $3
*** FLOP *** [Td 9h 8c]
cola26licht: bets $3
Chessnok: calls $3
*** TURN *** [Td 9h 8c] [Jh]
cola26licht: checks
Chessnok: checks
*** RIVER *** [Td 9h 8c Jh] [Qc]
cola26licht: bets $6
Chessnok: calls $6
*** SHOW DOWN ***
cola26licht: shows [5d Qd] (a straight, Eight to Queen)
Chessnok: shows [9d As] (a straight, Eight to Queen)
cola26licht collected $17.75 from pot
Chessnok collected $17.75 from pot
*** SUMMARY ***
Total pot $36 | Rake $0.50
Board [Td 9h 8c Jh Qc]
Seat 1: Chessnok (button) (small blind) showed [9d As] and won ($17.75) with a straight, Eight to Queen
Seat 2: cola26licht (big blind) showed [5d Qd] and won ($17.75) with a straight, Eight to Queen


PokerStars Hand #172151349009:  Hold'em Limit ($3/$6 USD) - 2017/06/23 16:50:59 ET
Table 'Iva' 6-max Seat #2 is the button
Seat 1: Chessnok ($141.75 in chips)
Seat 2: cola26licht ($25.32 in chips)
cola26licht: posts small blind $1
Chessnok: posts big blind $3
*** HOLE CARDS ***
cola26licht: raises $3 to $6
Chessnok: folds
Uncalled bet ($3) returned to cola26licht
cola26licht collected $6 from pot
*** SUMMARY ***
Total pot $6 | Rake $0
Seat 1: Chessnok (big blind) folded before Flop
Seat 2: cola26licht (button) (small blind) collected ($6)


PokerStars Hand #172151353098:  Hold'em Limit ($3/$6 USD) - 2017/06/23 16:51:05 ET
Table 'Iva' 6-max Seat #1 is the button
Seat 1: Chessnok ($138.75 in chips)
Seat 2: cola26licht ($28.32 in chips)
Chessnok: posts small blind $1
cola26licht: posts big blind $3
*** HOLE CARDS ***
Chessnok: raises $3 to $6
cola26licht: calls $3
*** FLOP *** [Jh Js 8h]
cola26licht: checks
Chessnok: bets $3
cola26licht: raises $3 to $6
Chessnok: calls $3
*** TURN *** [Jh Js 8h] [Td]
cola26licht: bets $6
Chessnok: calls $6
*** RIVER *** [Jh Js 8h Td] [7d]
cola26licht: bets $6
Chessnok: calls $6
*** SHOW DOWN ***
cola26licht: shows [Jc Th] (a full house, Jacks full of Tens)
Chessnok: mucks hand
cola26licht collected $47.50 from pot
*** SUMMARY ***
Total pot $48 | Rake $0.50
Board [Jh Js 8h Td 7d]
Seat 1: Chessnok (button) (small blind) mucked
Seat 2: cola26licht (big blind) showed [Jc Th] and won ($47.50) with a full house, Jacks full of Tens


PokerStars Hand #172151374421:  Hold'em Limit ($3/$6 USD) - 2017/06/23 16:51:34 ET
Table 'Iva' 6-max Seat #1 is the button
Seat 1: Chessnok ($138.25 in chips)
Seat 2: cola26licht ($27.82 in chips)
Chessnok: posts small blind $1
cola26licht: posts big blind $3
*** HOLE CARDS ***
Chessnok: raises $3 to $6
cola26licht: folds
Uncalled bet ($3) returned to Chessnok
Chessnok collected $6 from pot
Chessnok: doesn't show hand
*** SUMMARY ***
Total pot $6 | Rake $0
Seat 1: Chessnok (button) (small blind) collected ($6)
Seat 2: cola26licht (big blind) folded before Flop


PokerStars Hand #172151364540:  Hold'em Limit ($3/$6 USD) - 2017/06/23 16:51:20 ET
Table 'Iva' 6-max Seat #2 is the button
Seat 1: Chessnok ($114.75 in chips)
Seat 2: cola26licht ($51.82 in chips)
cola26licht: posts small blind $1
Chessnok: posts big blind $3
*** HOLE CARDS ***
cola26licht: raises $3 to $6
Chessnok: raises $3 to $9
cola26licht: calls $3
*** FLOP *** [8s Ts Qd]
Chessnok: bets $3
cola26licht: calls $3
*** TURN *** [8s Ts Qd] [3s]
Chessnok: bets $6
cola26licht: calls $6
*** RIVER *** [8s Ts Qd 3s] [2d]
Chessnok: bets $6
cola26licht: calls $6
*** SHOW DOWN ***
Chessnok: shows [Tc Ks] (a pair of Tens)
cola26licht: mucks hand
Chessnok collected $47.50 from pot
*** SUMMARY ***
Total pot $48 | Rake $0.50
Board [8s Ts Qd 3s 2d]
Seat 1: Chessnok (big blind) showed [Tc Ks] and won ($47.50) with a pair of Tens
Seat 2: cola26licht (button) (small blind) mucked


PokerStars Hand #172151381902:  Hold'em Limit ($3/$6 USD) - 2017/06/23 16:51:45 ET
Table 'Iva' 6-max Seat #1 is the button
Seat 1: Chessnok ($138.25 in chips)
Seat 2: cola26licht ($27.82 in chips)
Chessnok: posts small blind $1
cola26licht: posts big blind $3
*** HOLE CARDS ***
Chessnok: raises $3 to $6
cola26licht: raises $3 to $9
Chessnok: calls $3
*** FLOP *** [2d Td 3s]
cola26licht: bets $3
Chessnok: calls $3
*** TURN *** [2d Td 3s] [Jh]
cola26licht: bets $6
Chessnok: raises $6 to $12
cola26licht: raises $3.82 to $15.82 and is all-in
Chessnok: calls $3.82
*** RIVER *** [2d Td 3s Jh] [Ad]
*** SHOW DOWN ***
cola26licht: shows [Ts 7s] (a pair of Tens)
Chessnok: shows [Js 9h] (a pair of Jacks)
Chessnok collected $55.14 from pot
*** SUMMARY ***
Total pot $55.64 | Rake $0.50
Board [2d Td 3s Jh Ad]
Seat 1: Chessnok (button) (small blind) showed [Js 9h] and won ($55.14) with a pair of Jacks
Seat 2: cola26licht (big blind) showed [Ts 7s] and lost with a pair of Tens


PokerStars Hand #172154491051:  Hold'em Limit ($3/$6 USD) - 2017/06/23 18:07:53 ET
Table 'Iva' 6-max Seat #3 is the button
Seat 3: makimaki ($112.69 in chips)
Seat 4: EVBET ($252.93 in chips)
makimaki: posts small blind $1
EVBET: posts big blind $3
Yarra56 leaves the table
*** HOLE CARDS ***
makimaki: raises $3 to $6
EVBET: calls $3
*** FLOP *** [5c Ad 3h]
EVBET: checks
makimaki: bets $3
EVBET: raises $3 to $6
makimaki: folds
Uncalled bet ($3) returned to EVBET
EVBET collected $17.64 from pot
EVBET: doesn't show hand
*** SUMMARY ***
Total pot $18 | Rake $0.36
Board [5c Ad 3h]
Seat 3: makimaki (button) (small blind) folded on the Flop
Seat 4: EVBET (big blind) collected ($17.64)


