PokerStars Hand #155469745203:  Hold'em Limit ($3/$6 USD) - 2016/07/02 11:49:19 ET
Table 'Ivar' 10-max Seat #5 is the button
Seat 5: Kasinojunge* ($30.62 in chips)
Seat 6: kolaz03 ($72 in chips)
Kasinojunge*: posts small blind $1
kolaz03: posts big blind $3
*** HOLE CARDS ***
Kasinojunge*: raises $3 to $6
kolaz03: folds
Uncalled bet ($3) returned to Kasinojunge*
Kasinojunge* collected $6 from pot
Kasinojunge*: doesn't show hand
*** SUMMARY ***
Total pot $6 | Rake $0
Seat 5: Kasinojunge* (button) (small blind) collected ($6)
Seat 6: kolaz03 (big blind) folded before Flop


PokerStars Hand #155469741946:  Hold'em Limit ($3/$6 USD) - 2016/07/02 11:49:14 ET
Table 'Ivar' 10-max Seat #6 is the button
Seat 5: Kasinojunge* ($29.62 in chips)
Seat 6: kolaz03 ($73 in chips)
kolaz03: posts small blind $1
Kasinojunge*: posts big blind $3
*** HOLE CARDS ***
kolaz03: folds
Uncalled bet ($2) returned to Kasinojunge*
Kasinojunge* collected $2 from pot
Kasinojunge*: doesn't show hand
*** SUMMARY ***
Total pot $2 | Rake $0
Seat 5: Kasinojunge* (big blind) collected ($2)
Seat 6: kolaz03 (button) (small blind) folded before Flop


PokerStars Hand #155469739116:  Hold'em Limit ($3/$6 USD) - 2016/07/02 11:49:10 ET
Table 'Ivar' 10-max Seat #5 is the button
Seat 5: Kasinojunge* ($30.62 in chips)
Seat 6: kolaz03 ($72 in chips)
Kasinojunge*: posts small blind $1
kolaz03: posts big blind $3
*** HOLE CARDS ***
Kasinojunge*: folds
Uncalled bet ($2) returned to kolaz03
kolaz03 collected $2 from pot
VolkovDmitri leaves the table
kolaz03: doesn't show hand
*** SUMMARY ***
Total pot $2 | Rake $0
Seat 5: Kasinojunge* (button) (small blind) folded before Flop
Seat 6: kolaz03 (big blind) collected ($2)


PokerStars Hand #155469733121:  Hold'em Limit ($3/$6 USD) - 2016/07/02 11:49:00 ET
Table 'Ivar' 10-max Seat #7 is the button
Seat 5: Kasinojunge* ($36.62 in chips)
Seat 7: VolkovDmitri ($120 in chips)
VolkovDmitri: posts small blind $1
Kasinojunge*: posts big blind $3
*** HOLE CARDS ***
VolkovDmitri: raises $3 to $6
Kasinojunge*: calls $3
*** FLOP *** [2s 3c Kd]
Kasinojunge*: checks
VolkovDmitri: bets $3
Kasinojunge*: folds
Uncalled bet ($3) returned to VolkovDmitri
VolkovDmitri collected $11.76 from pot
VolkovDmitri: doesn't show hand
*** SUMMARY ***
Total pot $12 | Rake $0.24
Board [2s 3c Kd]
Seat 5: Kasinojunge* (big blind) folded on the Flop
Seat 7: VolkovDmitri (button) (small blind) collected ($11.76)


PokerStars Hand #155469717680:  Hold'em Limit ($3/$6 USD) - 2016/07/02 11:48:35 ET
Table 'Ivar' 10-max Seat #5 is the button
Seat 5: Kasinojunge* ($30.86 in chips)
Seat 7: VolkovDmitri ($120 in chips)
Kasinojunge*: posts small blind $1
VolkovDmitri: posts big blind $3
*** HOLE CARDS ***
Kasinojunge*: raises $3 to $6
VolkovDmitri: calls $3
*** FLOP *** [Qd Qc 4d]
VolkovDmitri: checks
Kasinojunge*: bets $3
kolaz03 joins the table at seat #6
VolkovDmitri: folds
Uncalled bet ($3) returned to Kasinojunge*
Kasinojunge* collected $11.76 from pot
Kasinojunge*: doesn't show hand
*** SUMMARY ***
Total pot $12 | Rake $0.24
Board [Qd Qc 4d]
Seat 5: Kasinojunge* (button) (small blind) collected ($11.76)
Seat 7: VolkovDmitri (big blind) folded on the Flop


PokerStars Hand #155469777922:  Hold'em Limit ($3/$6 USD) - 2016/07/02 11:50:12 ET
Table 'Ivar' 10-max Seat #6 is the button
Seat 5: Kasinojunge* ($41.12 in chips)
Seat 6: kolaz03 ($84.64 in chips)
kolaz03: posts small blind $1
Kasinojunge*: posts big blind $3
*** HOLE CARDS ***
kolaz03: raises $3 to $6
Kasinojunge*: raises $3 to $9
kolaz03: calls $3
*** FLOP *** [6s 8s 5s]
Kasinojunge*: bets $3
kolaz03: folds
Uncalled bet ($3) returned to Kasinojunge*
Kasinojunge* collected $17.64 from pot
Kasinojunge*: doesn't show hand
*** SUMMARY ***
Total pot $18 | Rake $0.36
Board [6s 8s 5s]
Seat 5: Kasinojunge* (big blind) collected ($17.64)
Seat 6: kolaz03 (button) (small blind) folded on the Flop


PokerStars Hand #155469775388:  Hold'em Limit ($3/$6 USD) - 2016/07/02 11:50:08 ET
Table 'Ivar' 10-max Seat #5 is the button
Seat 5: Kasinojunge* ($42.12 in chips)
Seat 6: kolaz03 ($83.64 in chips)
Kasinojunge*: posts small blind $1
kolaz03: posts big blind $3
*** HOLE CARDS ***
Kasinojunge*: folds
Uncalled bet ($2) returned to kolaz03
kolaz03 collected $2 from pot
kolaz03: doesn't show hand
*** SUMMARY ***
Total pot $2 | Rake $0
Seat 5: Kasinojunge* (button) (small blind) folded before Flop
Seat 6: kolaz03 (big blind) collected ($2)


PokerStars Hand #155469771641:  Hold'em Limit ($3/$6 USD) - 2016/07/02 11:50:02 ET
Table 'Ivar' 10-max Seat #6 is the button
Seat 5: Kasinojunge* ($45.12 in chips)
Seat 6: kolaz03 ($80.64 in chips)
kolaz03: posts small blind $1
Kasinojunge*: posts big blind $3
*** HOLE CARDS ***
kolaz03: raises $3 to $6
Kasinojunge*: folds
Uncalled bet ($3) returned to kolaz03
kolaz03 collected $6 from pot
kolaz03: doesn't show hand
*** SUMMARY ***
Total pot $6 | Rake $0
Seat 5: Kasinojunge* (big blind) folded before Flop
Seat 6: kolaz03 (button) (small blind) collected ($6)


PokerStars Hand #155469762329:  Hold'em Limit ($3/$6 USD) - 2016/07/02 11:49:47 ET
Table 'Ivar' 10-max Seat #5 is the button
Seat 5: Kasinojunge* ($54.12 in chips)
Seat 6: kolaz03 ($72 in chips)
Kasinojunge*: posts small blind $1
kolaz03: posts big blind $3
*** HOLE CARDS ***
Kasinojunge*: raises $3 to $6
kolaz03: raises $3 to $9
Kasinojunge*: calls $3
*** FLOP *** [Kd Jh Kc]
kolaz03: bets $3
Kasinojunge*: folds
Uncalled bet ($3) returned to kolaz03
kolaz03 collected $17.64 from pot
kolaz03: doesn't show hand
*** SUMMARY ***
Total pot $18 | Rake $0.36
Board [Kd Jh Kc]
Seat 5: Kasinojunge* (button) (small blind) folded on the Flop
Seat 6: kolaz03 (big blind) collected ($17.64)


PokerStars Hand #155469748445:  Hold'em Limit ($3/$6 USD) - 2016/07/02 11:49:24 ET
Table 'Ivar' 10-max Seat #6 is the button
Seat 5: Kasinojunge* ($33.62 in chips)
Seat 6: kolaz03 ($72 in chips)
kolaz03: posts small blind $1
Kasinojunge*: posts big blind $3
*** HOLE CARDS ***
kolaz03: raises $3 to $6
Kasinojunge*: calls $3
*** FLOP *** [Qh Ks 2s]
Kasinojunge*: checks
kolaz03: bets $3
Kasinojunge*: calls $3
*** TURN *** [Qh Ks 2s] [Th]
Kasinojunge*: checks
kolaz03: bets $6
Kasinojunge*: calls $6
*** RIVER *** [Qh Ks 2s Th] [6h]
Kasinojunge*: checks
kolaz03: bets $6
Kasinojunge*: calls $6
*** SHOW DOWN ***
kolaz03: shows [7s 5s] (high card King)
Kasinojunge*: shows [Ts Jh] (a pair of Tens)
Kasinojunge* collected $41.50 from pot
*** SUMMARY ***
Total pot $42 | Rake $0.50
Board [Qh Ks 2s Th 6h]
Seat 5: Kasinojunge* (big blind) showed [Ts Jh] and won ($41.50) with a pair of Tens
Seat 6: kolaz03 (button) (small blind) showed [7s 5s] and lost with high card King


PokerStars Hand #155469816510:  Hold'em Limit ($3/$6 USD) - 2016/07/02 11:51:14 ET
Table 'Ivar' 10-max Seat #5 is the button
Seat 5: Kasinojunge* ($14.76 in chips)
Seat 6: kolaz03 ($109.78 in chips)
Kasinojunge*: posts small blind $1
kolaz03: posts big blind $3
*** HOLE CARDS ***
Kasinojunge*: raises $3 to $6
kolaz03: folds
Uncalled bet ($3) returned to Kasinojunge*
Kasinojunge* collected $6 from pot
Kasinojunge*: doesn't show hand
*** SUMMARY ***
Total pot $6 | Rake $0
Seat 5: Kasinojunge* (button) (small blind) collected ($6)
Seat 6: kolaz03 (big blind) folded before Flop


PokerStars Hand #155469813493:  Hold'em Limit ($3/$6 USD) - 2016/07/02 11:51:09 ET
Table 'Ivar' 10-max Seat #6 is the button
Seat 5: Kasinojunge* ($17.76 in chips)
Seat 6: kolaz03 ($106.78 in chips)
kolaz03: posts small blind $1
Kasinojunge*: posts big blind $3
*** HOLE CARDS ***
kolaz03: raises $3 to $6
Kasinojunge*: folds
Uncalled bet ($3) returned to kolaz03
kolaz03 collected $6 from pot
kolaz03: doesn't show hand
*** SUMMARY ***
Total pot $6 | Rake $0
Seat 5: Kasinojunge* (big blind) folded before Flop
Seat 6: kolaz03 (button) (small blind) collected ($6)


PokerStars Hand #155469806205:  Hold'em Limit ($3/$6 USD) - 2016/07/02 11:50:58 ET
Table 'Ivar' 10-max Seat #5 is the button
Seat 5: Kasinojunge* ($41.76 in chips)
Seat 6: kolaz03 ($83.28 in chips)
Kasinojunge*: posts small blind $1
kolaz03: posts big blind $3
*** HOLE CARDS ***
Kasinojunge*: raises $3 to $6
kolaz03: raises $3 to $9
Kasinojunge*: calls $3
*** FLOP *** [7d 3d 5d]
kolaz03: bets $3
Kasinojunge*: calls $3
*** TURN *** [7d 3d 5d] [Js]
kolaz03: bets $6
Kasinojunge*: calls $6
*** RIVER *** [7d 3d 5d Js] [5s]
kolaz03: bets $6
Kasinojunge*: calls $6
*** SHOW DOWN ***
kolaz03: shows [Th Td] (two pair, Tens and Fives)
Kasinojunge*: mucks hand
kolaz03 collected $47.50 from pot
*** SUMMARY ***
Total pot $48 | Rake $0.50
Board [7d 3d 5d Js 5s]
Seat 5: Kasinojunge* (button) (small blind) mucked
Seat 6: kolaz03 (big blind) showed [Th Td] and won ($47.50) with two pair, Tens and Fives


PokerStars Hand #155469803500:  Hold'em Limit ($3/$6 USD) - 2016/07/02 11:50:53 ET
Table 'Ivar' 10-max Seat #6 is the button
Seat 5: Kasinojunge* ($40.76 in chips)
Seat 6: kolaz03 ($84.28 in chips)
kolaz03: posts small blind $1
Kasinojunge*: posts big blind $3
*** HOLE CARDS ***
kolaz03: folds
Uncalled bet ($2) returned to Kasinojunge*
Kasinojunge* collected $2 from pot
Kasinojunge*: doesn't show hand
*** SUMMARY ***
Total pot $2 | Rake $0
Seat 5: Kasinojunge* (big blind) collected ($2)
Seat 6: kolaz03 (button) (small blind) folded before Flop


PokerStars Hand #155469800594:  Hold'em Limit ($3/$6 USD) - 2016/07/02 11:50:49 ET
Table 'Ivar' 10-max Seat #5 is the button
Seat 5: Kasinojunge* ($41.76 in chips)
Seat 6: kolaz03 ($83.28 in chips)
Kasinojunge*: posts small blind $1
kolaz03: posts big blind $3
*** HOLE CARDS ***
Kasinojunge*: folds
Uncalled bet ($2) returned to kolaz03
kolaz03 collected $2 from pot
kolaz03: doesn't show hand
*** SUMMARY ***
Total pot $2 | Rake $0
Seat 5: Kasinojunge* (button) (small blind) folded before Flop
Seat 6: kolaz03 (big blind) collected ($2)


PokerStars Hand #155469797653:  Hold'em Limit ($3/$6 USD) - 2016/07/02 11:50:44 ET
Table 'Ivar' 10-max Seat #6 is the button
Seat 5: Kasinojunge* ($40.76 in chips)
Seat 6: kolaz03 ($84.28 in chips)
kolaz03: posts small blind $1
Kasinojunge*: posts big blind $3
*** HOLE CARDS ***
kolaz03: folds
Uncalled bet ($2) returned to Kasinojunge*
Kasinojunge* collected $2 from pot
Kasinojunge*: doesn't show hand
*** SUMMARY ***
Total pot $2 | Rake $0
Seat 5: Kasinojunge* (big blind) collected ($2)
Seat 6: kolaz03 (button) (small blind) folded before Flop


PokerStars Hand #155469786145:  Hold'em Limit ($3/$6 USD) - 2016/07/02 11:50:26 ET
Table 'Ivar' 10-max Seat #5 is the button
Seat 5: Kasinojunge* ($49.76 in chips)
Seat 6: kolaz03 ($75.64 in chips)
Kasinojunge*: posts small blind $1
kolaz03: posts big blind $3
*** HOLE CARDS ***
Kasinojunge*: calls $2
kolaz03: raises $3 to $6
Kasinojunge*: calls $3
*** FLOP *** [2d 6s 3d]
kolaz03: bets $3
Kasinojunge*: calls $3
*** TURN *** [2d 6s 3d] [Ks]
kolaz03: bets $6
Kasinojunge*: folds
Uncalled bet ($6) returned to kolaz03
kolaz03 collected $17.64 from pot
kolaz03: doesn't show hand
*** SUMMARY ***
Total pot $18 | Rake $0.36
Board [2d 6s 3d Ks]
Seat 5: Kasinojunge* (button) (small blind) folded on the Turn
Seat 6: kolaz03 (big blind) collected ($17.64)


PokerStars Hand #155469820333:  Hold'em Limit ($3/$6 USD) - 2016/07/02 11:51:20 ET
Table 'Ivar' 10-max Seat #6 is the button
Seat 5: Kasinojunge* ($17.76 in chips)
Seat 6: kolaz03 ($106.78 in chips)
kolaz03: posts small blind $1
Kasinojunge*: posts big blind $3
*** HOLE CARDS ***
kolaz03: raises $3 to $6
Kasinojunge*: raises $3 to $9
kolaz03: raises $3 to $12
Betting is capped
Kasinojunge*: calls $3
*** FLOP *** [6d 9h 5c]
Kasinojunge*: bets $3
kolaz03: raises $3 to $6
Kasinojunge*: calls $2.76 and is all-in
Uncalled bet ($0.24) returned to kolaz03
*** TURN *** [6d 9h 5c] [6s]
*** RIVER *** [6d 9h 5c 6s] [4s]
*** SHOW DOWN ***
Kasinojunge*: shows [Js Ks] (a pair of Sixes)
kolaz03: shows [7c 7s] (two pair, Sevens and Sixes)
kolaz03 collected $35.02 from pot
*** SUMMARY ***
Total pot $35.52 | Rake $0.50
Board [6d 9h 5c 6s 4s]
Seat 5: Kasinojunge* (big blind) showed [Js Ks] and lost with a pair of Sixes
Seat 6: kolaz03 (button) (small blind) showed [7c 7s] and won ($35.02) with two pair, Sevens and Sixes


