PokerStars Hand #147254054885:  Hold'em Limit ($3/$6 USD) - 2016/01/18 10:35:26 ET
Table 'Ivar III' 2-max Seat #1 is the button
Seat 1: Agrotait ($63 in chips)
Seat 2: jl45259071 ($128.64 in chips)
Agrotait: posts small blind $1
jl45259071: posts big blind $3
*** HOLE CARDS ***
Agrotait: folds
Uncalled bet ($2) returned to jl45259071
jl45259071 collected $2 from pot
jl45259071: doesn't show hand
*** SUMMARY ***
Total pot $2 | Rake $0
Seat 1: Agrotait (button) (small blind) folded before Flop
Seat 2: jl45259071 (big blind) collected ($2)


PokerStars Hand #147254000753:  Hold'em Limit ($3/$6 USD) - 2016/01/18 10:34:19 ET
Table 'Ivar III' 2-max Seat #2 is the button
Seat 1: Agrotait ($72 in chips)
Seat 2: jl45259071 ($120 in chips)
jl45259071: posts small blind $1
Agrotait: posts big blind $3
*** HOLE CARDS ***
jl45259071: calls $2
Agrotait: raises $3 to $6
jl45259071: calls $3
*** FLOP *** [Ad Ah 4c]
Agrotait: bets $3
jl45259071: calls $3
*** TURN *** [Ad Ah 4c] [6h]
Agrotait: checks
jl45259071: bets $6
Agrotait: folds
Uncalled bet ($6) returned to jl45259071
jl45259071 collected $17.64 from pot
jl45259071: doesn't show hand
*** SUMMARY ***
Total pot $18 | Rake $0.36
Board [Ad Ah 4c 6h]
Seat 1: Agrotait (big blind) folded on the Turn
Seat 2: jl45259071 (button) (small blind) collected ($17.64)


PokerStars Hand #147254082592:  Hold'em Limit ($3/$6 USD) - 2016/01/18 10:36:00 ET
Table 'Ivar III' 2-max Seat #1 is the button
Seat 1: Agrotait ($67.76 in chips)
Seat 2: jl45259071 ($123.64 in chips)
Agrotait: posts small blind $1
jl45259071: posts big blind $3
*** HOLE CARDS ***
Agrotait: raises $3 to $6
jl45259071: calls $3
*** FLOP *** [Ac 4s 3h]
jl45259071: checks
Agrotait: bets $3
jl45259071: calls $3
*** TURN *** [Ac 4s 3h] [8c]
jl45259071: checks
Agrotait: bets $6
jl45259071: folds
Uncalled bet ($6) returned to Agrotait
Agrotait collected $17.64 from pot
Agrotait: doesn't show hand
*** SUMMARY ***
Total pot $18 | Rake $0.36
Board [Ac 4s 3h 8c]
Seat 1: Agrotait (button) (small blind) collected ($17.64)
Seat 2: jl45259071 (big blind) folded on the Turn


PokerStars Hand #147254059215:  Hold'em Limit ($3/$6 USD) - 2016/01/18 10:35:31 ET
Table 'Ivar III' 2-max Seat #2 is the button
Seat 1: Agrotait ($62 in chips)
Seat 2: jl45259071 ($129.64 in chips)
jl45259071: posts small blind $1
Agrotait: posts big blind $3
*** HOLE CARDS ***
jl45259071: calls $2
Agrotait: checks
*** FLOP *** [Qh 5s 9s]
Agrotait: bets $3
jl45259071: calls $3
*** TURN *** [Qh 5s 9s] [2s]
Agrotait: bets $6
jl45259071: folds
Uncalled bet ($6) returned to Agrotait
Agrotait collected $11.76 from pot
Agrotait: doesn't show hand
*** SUMMARY ***
Total pot $12 | Rake $0.24
Board [Qh 5s 9s 2s]
Seat 1: Agrotait (big blind) collected ($11.76)
Seat 2: jl45259071 (button) (small blind) folded on the Turn


PokerStars Hand #147254114405:  Hold'em Limit ($3/$6 USD) - 2016/01/18 10:36:39 ET
Table 'Ivar III' 2-max Seat #2 is the button
Seat 1: Agrotait ($76.40 in chips)
Seat 2: jl45259071 ($114.64 in chips)
jl45259071: posts small blind $1
Agrotait: posts big blind $3
*** HOLE CARDS ***
jl45259071: calls $2
Agrotait: checks
*** FLOP *** [2s 6c 9c]
Agrotait: checks
jl45259071: checks
*** TURN *** [2s 6c 9c] [Jd]
Agrotait: bets $6
jl45259071: folds
Uncalled bet ($6) returned to Agrotait
jl45259071 leaves the table
Agrotait collected $5.88 from pot
Agrotait: doesn't show hand
*** SUMMARY ***
Total pot $6 | Rake $0.12
Board [2s 6c 9c Jd]
Seat 1: Agrotait (big blind) collected ($5.88)
Seat 2: jl45259071 (button) (small blind) folded on the Turn


