PokerStars Hand #169284734127:  Hold'em Limit ($3/$6 USD) - 2017/04/19 19:41:36 ET
Table 'Izar' 6-max Seat #1 is the button
Seat 1: B_loJkl ($150 in chips)
Seat 6: HAOYUN88888 ($120 in chips)
GoliafUa: is sitting out
B_loJkl: posts small blind $1
HAOYUN88888: posts big blind $3
*** HOLE CARDS ***
B_loJkl: raises $3 to $6
HAOYUN88888: calls $3
*** FLOP *** [6s Js Jd]
HAOYUN88888: checks
B_loJkl: checks
*** TURN *** [6s Js Jd] [Ad]
HAOYUN88888: bets $6
B_loJkl: folds
Uncalled bet ($6) returned to HAOYUN88888
HAOYUN88888 collected $11.76 from pot
HAOYUN88888: doesn't show hand
*** SUMMARY ***
Total pot $12 | Rake $0.24
Board [6s Js Jd Ad]
Seat 1: B_loJkl (button) (small blind) folded on the Turn
Seat 6: HAOYUN88888 (big blind) collected ($11.76)


PokerStars Hand #169284747439:  Hold'em Limit ($3/$6 USD) - 2017/04/19 19:42:01 ET
Table 'Izar' 6-max Seat #6 is the button
Seat 1: B_loJkl ($144 in chips)
Seat 6: HAOYUN88888 ($125.76 in chips)
HAOYUN88888: posts small blind $1
B_loJkl: posts big blind $3
*** HOLE CARDS ***
HAOYUN88888: raises $3 to $6
B_loJkl: calls $3
*** FLOP *** [5s 8d 3s]
B_loJkl: bets $3
HAOYUN88888: raises $3 to $6
B_loJkl: calls $3
*** TURN *** [5s 8d 3s] [Qd]
B_loJkl: checks
HAOYUN88888: bets $6
B_loJkl: calls $6
*** RIVER *** [5s 8d 3s Qd] [7c]
B_loJkl: checks
HAOYUN88888: bets $6
B_loJkl: calls $6
*** SHOW DOWN ***
HAOYUN88888: shows [3c 3d] (three of a kind, Threes)
B_loJkl: mucks hand
HAOYUN88888 collected $47.50 from pot
*** SUMMARY ***
Total pot $48 | Rake $0.50
Board [5s 8d 3s Qd 7c]
Seat 1: B_loJkl (big blind) mucked
Seat 6: HAOYUN88888 (button) (small blind) showed [3c 3d] and won ($47.50) with three of a kind, Threes


PokerStars Hand #169284806641:  Hold'em Limit ($3/$6 USD) - 2017/04/19 19:43:50 ET
Table 'Izar' 6-max Seat #1 is the button
Seat 1: B_loJkl ($112 in chips)
Seat 6: HAOYUN88888 ($156.90 in chips)
B_loJkl: posts small blind $1
HAOYUN88888: posts big blind $3
*** HOLE CARDS ***
B_loJkl: raises $3 to $6
HAOYUN88888: folds
Uncalled bet ($3) returned to B_loJkl
B_loJkl collected $6 from pot
B_loJkl: doesn't show hand
*** SUMMARY ***
Total pot $6 | Rake $0
Seat 1: B_loJkl (button) (small blind) collected ($6)
Seat 6: HAOYUN88888 (big blind) folded before Flop


PokerStars Hand #169284804291:  Hold'em Limit ($3/$6 USD) - 2017/04/19 19:43:45 ET
Table 'Izar' 6-max Seat #6 is the button
Seat 1: B_loJkl ($111 in chips)
Seat 6: HAOYUN88888 ($157.90 in chips)
HAOYUN88888: posts small blind $1
B_loJkl: posts big blind $3
*** HOLE CARDS ***
HAOYUN88888: folds
Uncalled bet ($2) returned to B_loJkl
B_loJkl collected $2 from pot
B_loJkl: doesn't show hand
*** SUMMARY ***
Total pot $2 | Rake $0
Seat 1: B_loJkl (big blind) collected ($2)
Seat 6: HAOYUN88888 (button) (small blind) folded before Flop


PokerStars Hand #169284788728:  Hold'em Limit ($3/$6 USD) - 2017/04/19 19:43:17 ET
Table 'Izar' 6-max Seat #1 is the button
Seat 1: B_loJkl ($120 in chips)
Seat 6: HAOYUN88888 ($149.26 in chips)
B_loJkl: posts small blind $1
HAOYUN88888: posts big blind $3
*** HOLE CARDS ***
B_loJkl: raises $3 to $6
HAOYUN88888: calls $3
*** FLOP *** [Ac 6c 2c]
HAOYUN88888: checks
B_loJkl: bets $3
HAOYUN88888: raises $3 to $6
B_loJkl: folds
Uncalled bet ($3) returned to HAOYUN88888
HAOYUN88888 collected $17.64 from pot
HAOYUN88888: doesn't show hand
*** SUMMARY ***
Total pot $18 | Rake $0.36
Board [Ac 6c 2c]
Seat 1: B_loJkl (button) (small blind) folded on the Flop
Seat 6: HAOYUN88888 (big blind) collected ($17.64)


PokerStars Hand #169284812622:  Hold'em Limit ($3/$6 USD) - 2017/04/19 19:44:01 ET
Table 'Izar' 6-max Seat #6 is the button
Seat 1: B_loJkl ($115 in chips)
Seat 6: HAOYUN88888 ($153.90 in chips)
HAOYUN88888: posts small blind $1
B_loJkl: posts big blind $3
*** HOLE CARDS ***
HAOYUN88888: folds
Uncalled bet ($2) returned to B_loJkl
B_loJkl collected $2 from pot
B_loJkl: doesn't show hand
*** SUMMARY ***
Total pot $2 | Rake $0
Seat 1: B_loJkl (big blind) collected ($2)
Seat 6: HAOYUN88888 (button) (small blind) folded before Flop


PokerStars Hand #169284824431:  Hold'em Limit ($3/$6 USD) - 2017/04/19 19:44:23 ET
Table 'Izar' 6-max Seat #6 is the button
Seat 1: B_loJkl ($101 in chips)
Seat 6: HAOYUN88888 ($167.40 in chips)
HAOYUN88888: posts small blind $1
B_loJkl: posts big blind $3
*** HOLE CARDS ***
HAOYUN88888: raises $3 to $6
B_loJkl: calls $3
*** FLOP *** [Kh 6c 4s]
B_loJkl: checks
HAOYUN88888: bets $3
B_loJkl: folds
Uncalled bet ($3) returned to HAOYUN88888
HAOYUN88888 collected $11.76 from pot
HAOYUN88888: doesn't show hand
*** SUMMARY ***
Total pot $12 | Rake $0.24
Board [Kh 6c 4s]
Seat 1: B_loJkl (big blind) folded on the Flop
Seat 6: HAOYUN88888 (button) (small blind) collected ($11.76)


PokerStars Hand #169284815129:  Hold'em Limit ($3/$6 USD) - 2017/04/19 19:44:05 ET
Table 'Izar' 6-max Seat #1 is the button
Seat 1: B_loJkl ($116 in chips)
Seat 6: HAOYUN88888 ($152.90 in chips)
B_loJkl: posts small blind $1
HAOYUN88888: posts big blind $3
*** HOLE CARDS ***
B_loJkl: raises $3 to $6
HAOYUN88888: calls $3
*** FLOP *** [7s 3d 4c]
HAOYUN88888: checks
B_loJkl: bets $3
HAOYUN88888: calls $3
*** TURN *** [7s 3d 4c] [3h]
HAOYUN88888: checks
WIND EKB joins the table at seat #2
B_loJkl: checks
*** RIVER *** [7s 3d 4c 3h] [As]
HAOYUN88888: bets $6
B_loJkl: calls $6
*** SHOW DOWN ***
HAOYUN88888: shows [Ac 6s] (two pair, Aces and Threes)
B_loJkl: mucks hand
HAOYUN88888 collected $29.50 from pot
*** SUMMARY ***
Total pot $30 | Rake $0.50
Board [7s 3d 4c 3h As]
Seat 1: B_loJkl (button) (small blind) mucked
Seat 6: HAOYUN88888 (big blind) showed [Ac 6s] and won ($29.50) with two pair, Aces and Threes


PokerStars Hand #169284875726:  Hold'em Limit ($3/$6 USD) - 2017/04/19 19:45:48 ET
Table 'Izar' 6-max Seat #6 is the button
Seat 1: B_loJkl ($123.72 in chips)
Seat 6: HAOYUN88888 ($182.23 in chips)
HAOYUN88888: posts small blind $1
B_loJkl: posts big blind $3
*** HOLE CARDS ***
HAOYUN88888: folds
Uncalled bet ($2) returned to B_loJkl
B_loJkl collected $2 from pot
B_loJkl: doesn't show hand
*** SUMMARY ***
Total pot $2 | Rake $0
Seat 1: B_loJkl (big blind) collected ($2)
Seat 6: HAOYUN88888 (button) (small blind) folded before Flop


PokerStars Hand #169284877930:  Hold'em Limit ($3/$6 USD) - 2017/04/19 19:45:52 ET
Table 'Izar' 6-max Seat #1 is the button
Seat 1: B_loJkl ($124.72 in chips)
Seat 6: HAOYUN88888 ($181.23 in chips)
B_loJkl: posts small blind $1
HAOYUN88888: posts big blind $3
*** HOLE CARDS ***
B_loJkl: raises $3 to $6
HAOYUN88888: raises $3 to $9
B_loJkl: calls $3
*** FLOP *** [As Ts Td]
HAOYUN88888: bets $3
B_loJkl: calls $3
*** TURN *** [As Ts Td] [Ks]
HAOYUN88888: bets $6
B_loJkl: raises $6 to $12
HAOYUN88888: calls $6
*** RIVER *** [As Ts Td Ks] [Ad]
HAOYUN88888: bets $6
B_loJkl: calls $6
*** SHOW DOWN ***
HAOYUN88888: shows [Ah Qh] (a full house, Aces full of Tens)
B_loJkl: mucks hand
HAOYUN88888 collected $59.50 from pot
*** SUMMARY ***
Total pot $60 | Rake $0.50
Board [As Ts Td Ks Ad]
Seat 1: B_loJkl (button) (small blind) mucked
Seat 6: HAOYUN88888 (big blind) showed [Ah Qh] and won ($59.50) with a full house, Aces full of Tens


PokerStars Hand #169284896397:  Hold'em Limit ($3/$6 USD) - 2017/04/19 19:46:27 ET
Table 'Izar' 6-max Seat #6 is the button
Seat 1: B_loJkl ($94.72 in chips)
Seat 6: HAOYUN88888 ($210.73 in chips)
HAOYUN88888: posts small blind $1
B_loJkl: posts big blind $3
*** HOLE CARDS ***
HAOYUN88888: raises $3 to $6
B_loJkl: calls $3
*** FLOP *** [3h Jh Qc]
B_loJkl: checks
HAOYUN88888: bets $3
B_loJkl: calls $3
*** TURN *** [3h Jh Qc] [Tc]
B_loJkl: checks
HAOYUN88888: bets $6
B_loJkl: calls $6
*** RIVER *** [3h Jh Qc Tc] [3d]
B_loJkl: checks
HAOYUN88888: bets $6
B_loJkl: calls $6
*** SHOW DOWN ***
HAOYUN88888: shows [Ad Ah] (two pair, Aces and Threes)
B_loJkl: mucks hand
HAOYUN88888 collected $41.50 from pot
*** SUMMARY ***
Total pot $42 | Rake $0.50
Board [3h Jh Qc Tc 3d]
Seat 1: B_loJkl (big blind) mucked
Seat 6: HAOYUN88888 (button) (small blind) showed [Ad Ah] and won ($41.50) with two pair, Aces and Threes


PokerStars Hand #169284920021:  Hold'em Limit ($3/$6 USD) - 2017/04/19 19:47:11 ET
Table 'Izar' 6-max Seat #1 is the button
Seat 1: B_loJkl ($77.72 in chips)
Seat 6: HAOYUN88888 ($227.23 in chips)
B_loJkl: posts small blind $1
HAOYUN88888: posts big blind $3
*** HOLE CARDS ***
B_loJkl: raises $3 to $6
HAOYUN88888: calls $3
*** FLOP *** [4h 2s Kd]
HAOYUN88888: checks
B_loJkl: bets $3
HAOYUN88888: raises $3 to $6
B_loJkl: calls $3
*** TURN *** [4h 2s Kd] [7h]
HAOYUN88888: checks
B_loJkl: bets $6
HAOYUN88888: calls $6
*** RIVER *** [4h 2s Kd 7h] [8h]
HAOYUN88888: checks
B_loJkl: checks
*** SHOW DOWN ***
HAOYUN88888: shows [9s 4s] (a pair of Fours)
B_loJkl: mucks hand
HAOYUN88888 collected $35.50 from pot
*** SUMMARY ***
Total pot $36 | Rake $0.50
Board [4h 2s Kd 7h 8h]
Seat 1: B_loJkl (button) (small blind) mucked
Seat 6: HAOYUN88888 (big blind) showed [9s 4s] and won ($35.50) with a pair of Fours


PokerStars Hand #169284930461:  Hold'em Limit ($3/$6 USD) - 2017/04/19 19:47:30 ET
Table 'Izar' 6-max Seat #6 is the button
Seat 1: B_loJkl ($59.72 in chips)
Seat 6: HAOYUN88888 ($244.73 in chips)
HAOYUN88888: posts small blind $1
B_loJkl: posts big blind $3
*** HOLE CARDS ***
HAOYUN88888: folds
Uncalled bet ($2) returned to B_loJkl
B_loJkl collected $2 from pot
B_loJkl: doesn't show hand
*** SUMMARY ***
Total pot $2 | Rake $0
Seat 1: B_loJkl (big blind) collected ($2)
Seat 6: HAOYUN88888 (button) (small blind) folded before Flop


PokerStars Hand #169284917674:  Hold'em Limit ($3/$6 USD) - 2017/04/19 19:47:06 ET
Table 'Izar' 6-max Seat #6 is the button
Seat 1: B_loJkl ($76.72 in chips)
Seat 6: HAOYUN88888 ($228.23 in chips)
HAOYUN88888: posts small blind $1
B_loJkl: posts big blind $3
*** HOLE CARDS ***
HAOYUN88888: folds
Uncalled bet ($2) returned to B_loJkl
B_loJkl collected $2 from pot
B_loJkl: doesn't show hand
*** SUMMARY ***
Total pot $2 | Rake $0
Seat 1: B_loJkl (big blind) collected ($2)
Seat 6: HAOYUN88888 (button) (small blind) folded before Flop


PokerStars Hand #169284914354:  Hold'em Limit ($3/$6 USD) - 2017/04/19 19:47:00 ET
Table 'Izar' 6-max Seat #1 is the button
Seat 1: B_loJkl ($73.72 in chips)
Seat 6: HAOYUN88888 ($231.23 in chips)
B_loJkl: posts small blind $1
HAOYUN88888: posts big blind $3
*** HOLE CARDS ***
B_loJkl: raises $3 to $6
HAOYUN88888: folds
Uncalled bet ($3) returned to B_loJkl
B_loJkl collected $6 from pot
B_loJkl: doesn't show hand
*** SUMMARY ***
Total pot $6 | Rake $0
Seat 1: B_loJkl (button) (small blind) collected ($6)
Seat 6: HAOYUN88888 (big blind) folded before Flop


PokerStars Hand #169284964601:  Hold'em Limit ($3/$6 USD) - 2017/04/19 19:48:35 ET
Table 'Izar' 6-max Seat #6 is the button
Seat 1: B_loJkl ($48 in chips)
Seat 6: HAOYUN88888 ($255.23 in chips)
HAOYUN88888: posts small blind $1
B_loJkl: posts big blind $3
*** HOLE CARDS ***
HAOYUN88888: raises $3 to $6
B_loJkl: calls $3
*** FLOP *** [Td 6c Ad]
B_loJkl: checks
HAOYUN88888: bets $3
B_loJkl: calls $3
*** TURN *** [Td 6c Ad] [8d]
B_loJkl: checks
HAOYUN88888: checks
*** RIVER *** [Td 6c Ad 8d] [7h]
B_loJkl: checks
HAOYUN88888: checks
*** SHOW DOWN ***
B_loJkl: shows [3c 3d] (a pair of Threes)
HAOYUN88888: mucks hand
B_loJkl collected $17.64 from pot
*** SUMMARY ***
Total pot $18 | Rake $0.36
Board [Td 6c Ad 8d 7h]
Seat 1: B_loJkl (big blind) showed [3c 3d] and won ($17.64) with a pair of Threes
Seat 6: HAOYUN88888 (button) (small blind) mucked


PokerStars Hand #169284944701:  Hold'em Limit ($3/$6 USD) - 2017/04/19 19:47:57 ET
Table 'Izar' 6-max Seat #6 is the button
Seat 1: B_loJkl ($69.36 in chips)
Seat 6: HAOYUN88888 ($234.73 in chips)
HAOYUN88888: posts small blind $1
B_loJkl: posts big blind $3
*** HOLE CARDS ***
HAOYUN88888: raises $3 to $6
B_loJkl: calls $3
*** FLOP *** [Qh 8c 2d]
B_loJkl: checks
HAOYUN88888: bets $3
B_loJkl: calls $3
*** TURN *** [Qh 8c 2d] [3d]
B_loJkl: checks
HAOYUN88888: checks
*** RIVER *** [Qh 8c 2d 3d] [Th]
B_loJkl: checks
HAOYUN88888: checks
*** SHOW DOWN ***
B_loJkl: shows [As 9c] (high card Ace)
HAOYUN88888: mucks hand
B_loJkl collected $17.64 from pot
*** SUMMARY ***
Total pot $18 | Rake $0.36
Board [Qh 8c 2d 3d Th]
Seat 1: B_loJkl (big blind) showed [As 9c] and won ($17.64) with high card Ace
Seat 6: HAOYUN88888 (button) (small blind) mucked


PokerStars Hand #169284953530:  Hold'em Limit ($3/$6 USD) - 2017/04/19 19:48:14 ET
Table 'Izar' 6-max Seat #1 is the button
Seat 1: B_loJkl ($78 in chips)
Seat 6: HAOYUN88888 ($225.73 in chips)
B_loJkl: posts small blind $1
HAOYUN88888: posts big blind $3
*** HOLE CARDS ***
Bedard joins the table at seat #2
B_loJkl: raises $3 to $6
HAOYUN88888: calls $3
*** FLOP *** [9h Kh Ks]
HAOYUN88888: checks
B_loJkl: bets $3
HAOYUN88888: raises $3 to $6
B_loJkl: calls $3
*** TURN *** [9h Kh Ks] [8s]
HAOYUN88888: bets $6
B_loJkl: calls $6
*** RIVER *** [9h Kh Ks 8s] [Th]
HAOYUN88888: bets $6
B_loJkl: raises $6 to $12
HAOYUN88888: calls $6
*** SHOW DOWN ***
B_loJkl: shows [7h Jc] (a straight, Seven to Jack)
HAOYUN88888: shows [Qh 4h] (a flush, King high)
HAOYUN88888 collected $59.50 from pot
*** SUMMARY ***
Total pot $60 | Rake $0.50
Board [9h Kh Ks 8s Th]
Seat 1: B_loJkl (button) (small blind) showed [7h Jc] and lost with a straight, Seven to Jack
Seat 6: HAOYUN88888 (big blind) showed [Qh 4h] and won ($59.50) with a flush, King high


PokerStars Hand #169285018391:  Hold'em Limit ($3/$6 USD) - 2017/04/19 19:50:17 ET
Table 'Izar' 6-max Seat #2 is the button
Seat 1: B_loJkl ($107.49 in chips)
Seat 2: Bedard ($102 in chips)
Bedard: posts small blind $1
B_loJkl: posts big blind $3
*** HOLE CARDS ***
Bedard: raises $3 to $6
B_loJkl: calls $3
*** FLOP *** [Td 5s Qd]
B_loJkl: checks
Bedard: bets $3
B_loJkl: raises $3 to $6
Bedard: calls $3
*** TURN *** [Td 5s Qd] [Ks]
B_loJkl: bets $6
Bedard: calls $6
*** RIVER *** [Td 5s Qd Ks] [2h]
B_loJkl: bets $6
Bedard: calls $6
*** SHOW DOWN ***
B_loJkl: shows [6h Qc] (a pair of Queens)
Bedard: mucks hand
B_loJkl collected $47.50 from pot
*** SUMMARY ***
Total pot $48 | Rake $0.50
Board [Td 5s Qd Ks 2h]
Seat 1: B_loJkl (big blind) showed [6h Qc] and won ($47.50) with a pair of Queens
Seat 2: Bedard (button) (small blind) mucked


