PokerStars Hand #175808625305:  Hold'em Limit ($3/$6 USD) - 2017/09/18 12:07:35 ET
Table 'Izar' 6-max Seat #6 is the button
Seat 4: Actionni13 ($150 in chips)
Seat 6: uglyghost101 ($120 in chips)
uglyghost101: posts small blind $1
Actionni13: posts big blind $3
*** HOLE CARDS ***
uglyghost101: raises $3 to $6
Actionni13: folds
Uncalled bet ($3) returned to uglyghost101
uglyghost101 collected $6 from pot
uglyghost101: doesn't show hand
*** SUMMARY ***
Total pot $6 | Rake $0
Seat 4: Actionni13 (big blind) folded before Flop
Seat 6: uglyghost101 (button) (small blind) collected ($6)


PokerStars Hand #175808634973:  Hold'em Limit ($3/$6 USD) - 2017/09/18 12:07:48 ET
Table 'Izar' 6-max Seat #4 is the button
Seat 4: Actionni13 ($150 in chips)
Seat 6: uglyghost101 ($123 in chips)
Actionni13: posts small blind $1
uglyghost101: posts big blind $3
*** HOLE CARDS ***
Actionni13: raises $3 to $6
uglyghost101: folds
Uncalled bet ($3) returned to Actionni13
Actionni13 collected $6 from pot
Actionni13: doesn't show hand
*** SUMMARY ***
Total pot $6 | Rake $0
Seat 4: Actionni13 (button) (small blind) collected ($6)
Seat 6: uglyghost101 (big blind) folded before Flop


PokerStars Hand #175808639415:  Hold'em Limit ($3/$6 USD) - 2017/09/18 12:07:55 ET
Table 'Izar' 6-max Seat #6 is the button
Seat 4: Actionni13 ($153 in chips)
Seat 6: uglyghost101 ($120 in chips)
uglyghost101: posts small blind $1
Actionni13: posts big blind $3
*** HOLE CARDS ***
uglyghost101: raises $3 to $6
Actionni13: calls $3
*** FLOP *** [5c 6h 2s]
Actionni13: checks
uglyghost101: bets $3
Actionni13: calls $3
*** TURN *** [5c 6h 2s] [3s]
Actionni13: checks
uglyghost101: checks
*** RIVER *** [5c 6h 2s 3s] [2h]
Actionni13: checks
Sirocko joins the table at seat #1
uglyghost101: bets $6
Actionni13: folds
Uncalled bet ($6) returned to uglyghost101
uglyghost101 collected $17.64 from pot
uglyghost101: doesn't show hand
*** SUMMARY ***
Total pot $18 | Rake $0.36
Board [5c 6h 2s 3s 2h]
Seat 4: Actionni13 (big blind) folded on the River
Seat 6: uglyghost101 (button) (small blind) collected ($17.64)


PokerStars Hand #175808659410:  Hold'em Limit ($3/$6 USD) - 2017/09/18 12:08:22 ET
Table 'Izar' 6-max Seat #4 is the button
Seat 4: Actionni13 ($150 in chips)
Seat 6: uglyghost101 ($128.64 in chips)
Actionni13: posts small blind $1
uglyghost101: posts big blind $3
*** HOLE CARDS ***
Actionni13: raises $3 to $6
Timas57 joins the table at seat #5
uglyghost101: calls $3
*** FLOP *** [4c 3d Td]
uglyghost101: checks
Actionni13 is disconnected
Actionni13 is connected
Actionni13: bets $3
uglyghost101: raises $3 to $6
Actionni13: calls $3
*** TURN *** [4c 3d Td] [9d]
uglyghost101: bets $6
Actionni13: folds
Uncalled bet ($6) returned to uglyghost101
uglyghost101 collected $23.52 from pot
uglyghost101: doesn't show hand
*** SUMMARY ***
Total pot $24 | Rake $0.48
Board [4c 3d Td 9d]
Seat 4: Actionni13 (button) (small blind) folded on the Turn
Seat 6: uglyghost101 (big blind) collected ($23.52)


PokerStars Hand #175824047371:  Hold'em Limit ($3/$6 USD) - 2017/09/18 17:30:12 ET
Table 'Izar' 6-max Seat #4 is the button
Seat 3: picsel37 ($103.59 in chips)
Seat 4: B_loJkl ($97.89 in chips)
B_loJkl: posts small blind $1
SEQUOIA2012: is sitting out
picsel37: posts big blind $3
*** HOLE CARDS ***
SEQUOIA2012 leaves the table
B_loJkl: raises $3 to $6
picsel37: folds
Uncalled bet ($3) returned to B_loJkl
B_loJkl collected $6 from pot
B_loJkl: doesn't show hand
*** SUMMARY ***
Total pot $6 | Rake $0
Seat 3: picsel37 (big blind) folded before Flop
Seat 4: B_loJkl (button) (small blind) collected ($6)


