PokerStars Hand #159671443688:  Hold'em Limit ($3/$6 USD) - 2016/10/08 22:52:35 ET
Table 'Izsak' 6-max Seat #6 is the button
Seat 3: Azrarn ($120 in chips)
Seat 6: Brama Br ($120 in chips)
Brama Br: posts small blind $1
Azrarn: posts big blind $3
*** HOLE CARDS ***
Brama Br: calls $2
Azrarn: checks
*** FLOP *** [4d 2d 2h]
Azrarn: checks
Brama Br: checks
*** TURN *** [4d 2d 2h] [5c]
Azrarn: checks
Brama Br: bets $6
Azrarn: calls $6
*** RIVER *** [4d 2d 2h 5c] [Kh]
Azrarn: checks
Brama Br: bets $6
Azrarn: calls $6
*** SHOW DOWN ***
Brama Br: shows [8s 6c] (a pair of Deuces)
Azrarn: shows [4c Ts] (two pair, Fours and Deuces)
Azrarn collected $29.50 from pot
*** SUMMARY ***
Total pot $30 | Rake $0.50
Board [4d 2d 2h 5c Kh]
Seat 3: Azrarn (big blind) showed [4c Ts] and won ($29.50) with two pair, Fours and Deuces
Seat 6: Brama Br (button) (small blind) showed [8s 6c] and lost with a pair of Deuces


PokerStars Hand #159671459620:  Hold'em Limit ($3/$6 USD) - 2016/10/08 22:53:25 ET
Table 'Izsak' 6-max Seat #6 is the button
Seat 3: Azrarn ($125.50 in chips)
Seat 6: Brama Br ($113.64 in chips)
Brama Br: posts small blind $1
Azrarn: posts big blind $3
*** HOLE CARDS ***
Brama Br: folds
Uncalled bet ($2) returned to Azrarn
Azrarn collected $2 from pot
*** SUMMARY ***
Total pot $2 | Rake $0
Seat 3: Azrarn (big blind) collected ($2)
Seat 6: Brama Br (button) (small blind) folded before Flop


PokerStars Hand #159671451132:  Hold'em Limit ($3/$6 USD) - 2016/10/08 22:52:59 ET
Table 'Izsak' 6-max Seat #3 is the button
Seat 3: Azrarn ($134.50 in chips)
Seat 6: Brama Br ($105 in chips)
Azrarn: posts small blind $1
Brama Br: posts big blind $3
*** HOLE CARDS ***
Azrarn: raises $3 to $6
Brama Br: calls $3
*** FLOP *** [4s Qs 4d]
Brama Br: checks
Azrarn: bets $3
Brama Br: calls $3
*** TURN *** [4s Qs 4d] [Ts]
Brama Br: checks
Azrarn: checks
*** RIVER *** [4s Qs 4d Ts] [Qc]
Brama Br: bets $6
Azrarn: folds
Uncalled bet ($6) returned to Brama Br
Brama Br collected $17.64 from pot
Brama Br: doesn't show hand
*** SUMMARY ***
Total pot $18 | Rake $0.36
Board [4s Qs 4d Ts Qc]
Seat 3: Azrarn (button) (small blind) folded on the River
Seat 6: Brama Br (big blind) collected ($17.64)


PokerStars Hand #159671463705:  Hold'em Limit ($3/$6 USD) - 2016/10/08 22:53:38 ET
Table 'Izsak' 6-max Seat #6 is the button
Seat 3: Azrarn ($129.50 in chips)
Seat 6: Brama Br ($109.64 in chips)
Brama Br: posts small blind $1
Azrarn: posts big blind $3
*** HOLE CARDS ***
Brama Br: raises $3 to $6
Azrarn: calls $3
*** FLOP *** [8c Ks 5s]
Azrarn: checks
Brama Br: bets $3
Azrarn: raises $3 to $6
Brama Br: calls $3
*** TURN *** [8c Ks 5s] [Ts]
Azrarn: checks
Brama Br: checks
*** RIVER *** [8c Ks 5s Ts] [Qd]
Azrarn: checks
Brama Br: bets $6
Azrarn: calls $6
*** SHOW DOWN ***
Brama Br: shows [Kh Qs] (two pair, Kings and Queens)
Azrarn: mucks hand
Brama Br collected $35.50 from pot
*** SUMMARY ***
Total pot $36 | Rake $0.50
Board [8c Ks 5s Ts Qd]
Seat 3: Azrarn (big blind) mucked
Seat 6: Brama Br (button) (small blind) showed [Kh Qs] and won ($35.50) with two pair, Kings and Queens


PokerStars Hand #159671461672:  Hold'em Limit ($3/$6 USD) - 2016/10/08 22:53:32 ET
Table 'Izsak' 6-max Seat #3 is the button
Seat 3: Azrarn ($126.50 in chips)
Seat 6: Brama Br ($112.64 in chips)
Azrarn: posts small blind $1
Brama Br: posts big blind $3
*** HOLE CARDS ***
Azrarn: raises $3 to $6
Brama Br: folds
Uncalled bet ($3) returned to Azrarn
Azrarn collected $6 from pot
*** SUMMARY ***
Total pot $6 | Rake $0
Seat 3: Azrarn (button) (small blind) collected ($6)
Seat 6: Brama Br (big blind) folded before Flop


PokerStars Hand #159671496536:  Hold'em Limit ($3/$6 USD) - 2016/10/08 22:55:24 ET
Table 'Izsak' 6-max Seat #6 is the button
Seat 3: Azrarn ($158.50 in chips)
Seat 6: Brama Br ($79.14 in chips)
Brama Br: posts small blind $1
Azrarn: posts big blind $3
*** HOLE CARDS ***
Brama Br: raises $3 to $6
Azrarn: folds
Uncalled bet ($3) returned to Brama Br
Brama Br collected $6 from pot
Brama Br: doesn't show hand
*** SUMMARY ***
Total pot $6 | Rake $0
Seat 3: Azrarn (big blind) folded before Flop
Seat 6: Brama Br (button) (small blind) collected ($6)


PokerStars Hand #159671483019:  Hold'em Limit ($3/$6 USD) - 2016/10/08 22:54:39 ET
Table 'Izsak' 6-max Seat #6 is the button
Seat 3: Azrarn ($132 in chips)
Seat 6: Brama Br ($106.14 in chips)
Brama Br: posts small blind $1
Azrarn: posts big blind $3
*** HOLE CARDS ***
Brama Br: raises $3 to $6
Azrarn: folds
Uncalled bet ($3) returned to Brama Br
Brama Br collected $6 from pot
Brama Br: doesn't show hand
*** SUMMARY ***
Total pot $6 | Rake $0
Seat 3: Azrarn (big blind) folded before Flop
Seat 6: Brama Br (button) (small blind) collected ($6)


PokerStars Hand #159671470299:  Hold'em Limit ($3/$6 USD) - 2016/10/08 22:53:59 ET
Table 'Izsak' 6-max Seat #3 is the button
Seat 3: Azrarn ($111.50 in chips)
Seat 6: Brama Br ($127.14 in chips)
Azrarn: posts small blind $1
Brama Br: posts big blind $3
*** HOLE CARDS ***
Azrarn: raises $3 to $6
Brama Br: calls $3
*** FLOP *** [2h 7h 2s]
Brama Br: checks
Azrarn: bets $3
Brama Br: calls $3
*** TURN *** [2h 7h 2s] [8c]
Brama Br: checks
Azrarn: bets $6
Brama Br: calls $6
*** RIVER *** [2h 7h 2s 8c] [2c]
Brama Br: checks
Azrarn: bets $6
Brama Br: calls $6
*** SHOW DOWN ***
Azrarn: shows [Ah 9h] (three of a kind, Deuces)
Brama Br: mucks hand
Azrarn collected $41.50 from pot
*** SUMMARY ***
Total pot $42 | Rake $0.50
Board [2h 7h 2s 8c 2c]
Seat 3: Azrarn (button) (small blind) showed [Ah 9h] and won ($41.50) with three of a kind, Deuces
Seat 6: Brama Br (big blind) mucked


PokerStars Hand #159671486423:  Hold'em Limit ($3/$6 USD) - 2016/10/08 22:54:50 ET
Table 'Izsak' 6-max Seat #3 is the button
Seat 3: Azrarn ($129 in chips)
Seat 6: Brama Br ($109.14 in chips)
Azrarn: posts small blind $1
Brama Br: posts big blind $3
*** HOLE CARDS ***
Azrarn: raises $3 to $6
Brama Br: calls $3
*** FLOP *** [5d 2s 7c]
Brama Br: checks
Azrarn: bets $3
Brama Br: raises $3 to $6
Azrarn: calls $3
*** TURN *** [5d 2s 7c] [5s]
Brama Br: bets $6
Azrarn: raises $6 to $12
Brama Br: calls $6
*** RIVER *** [5d 2s 7c 5s] [Kd]
Brama Br: checks
Azrarn: bets $6
Brama Br: calls $6
*** SHOW DOWN ***
Azrarn: shows [5c 8s] (three of a kind, Fives)
Brama Br: mucks hand
Azrarn collected $59.50 from pot
*** SUMMARY ***
Total pot $60 | Rake $0.50
Board [5d 2s 7c 5s Kd]
Seat 3: Azrarn (button) (small blind) showed [5c 8s] and won ($59.50) with three of a kind, Fives
Seat 6: Brama Br (big blind) mucked


PokerStars Hand #159671498663:  Hold'em Limit ($3/$6 USD) - 2016/10/08 22:55:32 ET
Table 'Izsak' 6-max Seat #3 is the button
Seat 3: Azrarn ($155.50 in chips)
Seat 6: Brama Br ($82.14 in chips)
Azrarn: posts small blind $1
Brama Br: posts big blind $3
*** HOLE CARDS ***
Azrarn: raises $3 to $6
Brama Br: calls $3
*** FLOP *** [3d 2s 8c]
Brama Br: checks
Azrarn: bets $3
Brama Br: calls $3
*** TURN *** [3d 2s 8c] [Js]
Brama Br: checks
Azrarn: bets $6
Brama Br: calls $6
*** RIVER *** [3d 2s 8c Js] [8s]
Brama Br: checks
Azrarn: bets $6
Brama Br: calls $6
*** SHOW DOWN ***
Azrarn: shows [9d 9c] (two pair, Nines and Eights)
Brama Br: mucks hand
Azrarn collected $41.50 from pot
*** SUMMARY ***
Total pot $42 | Rake $0.50
Board [3d 2s 8c Js 8s]
Seat 3: Azrarn (button) (small blind) showed [9d 9c] and won ($41.50) with two pair, Nines and Eights
Seat 6: Brama Br (big blind) mucked


PokerStars Hand #159671517014:  Hold'em Limit ($3/$6 USD) - 2016/10/08 22:56:39 ET
Table 'Izsak' 6-max Seat #3 is the button
Seat 3: Azrarn ($155 in chips)
Seat 6: Brama Br ($81.64 in chips)
Azrarn: posts small blind $1
Brama Br: posts big blind $3
*** HOLE CARDS ***
Azrarn: folds
Uncalled bet ($2) returned to Brama Br
Brama Br collected $2 from pot
Brama Br: doesn't show hand
*** SUMMARY ***
Total pot $2 | Rake $0
Seat 3: Azrarn (button) (small blind) folded before Flop
Seat 6: Brama Br (big blind) collected ($2)


PokerStars Hand #159671530530:  Hold'em Limit ($3/$6 USD) - 2016/10/08 22:57:29 ET
Table 'Izsak' 6-max Seat #3 is the button
Seat 3: Azrarn ($168.50 in chips)
Seat 6: Brama Br ($67.64 in chips)
Azrarn: posts small blind $1
Brama Br: posts big blind $3
*** HOLE CARDS ***
Azrarn: raises $3 to $6
Brama Br: folds
Uncalled bet ($3) returned to Azrarn
Azrarn collected $6 from pot
*** SUMMARY ***
Total pot $6 | Rake $0
Seat 3: Azrarn (button) (small blind) collected ($6)
Seat 6: Brama Br (big blind) folded before Flop


PokerStars Hand #159671522051:  Hold'em Limit ($3/$6 USD) - 2016/10/08 22:56:58 ET
Table 'Izsak' 6-max Seat #6 is the button
Seat 3: Azrarn ($154 in chips)
Seat 6: Brama Br ($82.64 in chips)
Brama Br: posts small blind $1
Azrarn: posts big blind $3
*** HOLE CARDS ***
Brama Br: raises $3 to $6
Azrarn: raises $3 to $9
Brama Br: raises $3 to $12
Betting is capped
Azrarn: calls $3
*** FLOP *** [Ah 6s 6d]
Azrarn: bets $3
Brama Br: calls $3
*** TURN *** [Ah 6s 6d] [9c]
Azrarn: checks
Brama Br: checks
*** RIVER *** [Ah 6s 6d 9c] [9h]
Azrarn: bets $6
Brama Br: folds
Uncalled bet ($6) returned to Azrarn
Azrarn collected $29.50 from pot
*** SUMMARY ***
Total pot $30 | Rake $0.50
Board [Ah 6s 6d 9c 9h]
Seat 3: Azrarn (big blind) collected ($29.50)
Seat 6: Brama Br (button) (small blind) folded on the River


PokerStars Hand #159671532265:  Hold'em Limit ($3/$6 USD) - 2016/10/08 22:57:35 ET
Table 'Izsak' 6-max Seat #6 is the button
Seat 3: Azrarn ($171.50 in chips)
Seat 6: Brama Br ($64.64 in chips)
Brama Br: posts small blind $1
Azrarn: posts big blind $3
*** HOLE CARDS ***
Brama Br: raises $3 to $6
Azrarn: calls $3
*** FLOP *** [Jd Qh 2s]
Azrarn: checks
Brama Br: bets $3
Azrarn: folds
Uncalled bet ($3) returned to Brama Br
Brama Br collected $11.76 from pot
Brama Br: doesn't show hand
*** SUMMARY ***
Total pot $12 | Rake $0.24
Board [Jd Qh 2s]
Seat 3: Azrarn (big blind) folded on the Flop
Seat 6: Brama Br (button) (small blind) collected ($11.76)


PokerStars Hand #159671537891:  Hold'em Limit ($3/$6 USD) - 2016/10/08 22:57:56 ET
Table 'Izsak' 6-max Seat #3 is the button
Seat 3: Azrarn ($165.50 in chips)
Seat 6: Brama Br ($234.58 in chips)
Azrarn: posts small blind $1
Brama Br: posts big blind $3
*** HOLE CARDS ***
Azrarn: raises $3 to $6
Brama Br: calls $3
*** FLOP *** [7h 8s 5h]
Brama Br: checks
Azrarn: bets $3
Brama Br: raises $3 to $6
Azrarn: calls $3
*** TURN *** [7h 8s 5h] [Ad]
Brama Br: bets $6
Azrarn: raises $6 to $12
Brama Br: raises $6 to $18
Azrarn: raises $6 to $24
Betting is capped
Brama Br: calls $6
*** RIVER *** [7h 8s 5h Ad] [Jh]
Brama Br: checks
Azrarn: bets $6
Brama Br: calls $6
*** SHOW DOWN ***
Azrarn: shows [6h 9h] (a flush, Jack high)
Brama Br: mucks hand
Azrarn collected $83.50 from pot
*** SUMMARY ***
Total pot $84 | Rake $0.50
Board [7h 8s 5h Ad Jh]
Seat 3: Azrarn (button) (small blind) showed [6h 9h] and won ($83.50) with a flush, Jack high
Seat 6: Brama Br (big blind) mucked


PokerStars Hand #159671563872:  Hold'em Limit ($3/$6 USD) - 2016/10/08 22:59:31 ET
Table 'Izsak' 6-max Seat #3 is the button
Seat 3: Azrarn ($221.50 in chips)
Seat 6: Brama Br ($177.58 in chips)
Azrarn: posts small blind $1
Brama Br: posts big blind $3
*** HOLE CARDS ***
Azrarn: folds
Uncalled bet ($2) returned to Brama Br
Brama Br collected $2 from pot
Brama Br said, "alguem doente na lfamilia"
Brama Br: doesn't show hand
*** SUMMARY ***
Total pot $2 | Rake $0
Seat 3: Azrarn (button) (small blind) folded before Flop
Seat 6: Brama Br (big blind) collected ($2)


PokerStars Hand #159671554251:  Hold'em Limit ($3/$6 USD) - 2016/10/08 22:58:56 ET
Table 'Izsak' 6-max Seat #6 is the button
Seat 3: Azrarn ($207 in chips)
Seat 6: Brama Br ($192.58 in chips)
Brama Br: posts small blind $1
Azrarn: posts big blind $3
*** HOLE CARDS ***
Brama Br: raises $3 to $6
Azrarn: calls $3
*** FLOP *** [Jd 5h 2c]
Azrarn: checks
Brama Br said, "fenomeno"
Brama Br: bets $3
Azrarn said, "(smirk)"
Azrarn: calls $3
*** TURN *** [Jd 5h 2c] [Ac]
Azrarn: checks
Brama Br: checks
*** RIVER *** [Jd 5h 2c Ac] [9c]
Azrarn: checks
Brama Br: bets $6
Azrarn: raises $6 to $12
Brama Br: folds
Uncalled bet ($6) returned to Azrarn
Azrarn collected $29.50 from pot
*** SUMMARY ***
Total pot $30 | Rake $0.50
Board [Jd 5h 2c Ac 9c]
Seat 3: Azrarn (big blind) collected ($29.50)
Seat 6: Brama Br (button) (small blind) folded on the River


PokerStars Hand #159671572603:  Hold'em Limit ($3/$6 USD) - 2016/10/08 23:00:03 ET
Table 'Izsak' 6-max Seat #6 is the button
Seat 3: Azrarn ($241 in chips)
Seat 6: Brama Br ($157.58 in chips)
Brama Br: posts small blind $1
Azrarn: posts big blind $3
*** HOLE CARDS ***
Brama Br: raises $3 to $6
Azrarn: calls $3
*** FLOP *** [5h Jh Ks]
Azrarn: checks
Brama Br: checks
*** TURN *** [5h Jh Ks] [Ts]
Azrarn: bets $6
Brama Br: calls $6
*** RIVER *** [5h Jh Ks Ts] [7s]
Azrarn: bets $6
Brama Br: calls $6
*** SHOW DOWN ***
Azrarn: shows [Kh 8s] (a pair of Kings)
Brama Br: mucks hand
Azrarn collected $35.50 from pot
*** SUMMARY ***
Total pot $36 | Rake $0.50
Board [5h Jh Ks Ts 7s]
Seat 3: Azrarn (big blind) showed [Kh 8s] and won ($35.50) with a pair of Kings
Seat 6: Brama Br (button) (small blind) mucked


PokerStars Hand #159671578099:  Hold'em Limit ($3/$6 USD) - 2016/10/08 23:00:23 ET
Table 'Izsak' 6-max Seat #3 is the button
Seat 3: Azrarn ($258.50 in chips)
Seat 6: Brama Br ($139.58 in chips)
Azrarn: posts small blind $1
Brama Br: posts big blind $3
*** HOLE CARDS ***
Azrarn: folds
Uncalled bet ($2) returned to Brama Br
Brama Br collected $2 from pot
Brama Br: doesn't show hand
*** SUMMARY ***
Total pot $2 | Rake $0
Seat 3: Azrarn (button) (small blind) folded before Flop
Seat 6: Brama Br (big blind) collected ($2)


PokerStars Hand #159671567222:  Hold'em Limit ($3/$6 USD) - 2016/10/08 22:59:43 ET
Table 'Izsak' 6-max Seat #3 is the button
Seat 3: Azrarn ($217.50 in chips)
Seat 6: Brama Br ($181.58 in chips)
Azrarn: posts small blind $1
Brama Br: posts big blind $3
*** HOLE CARDS ***
Azrarn: raises $3 to $6
Brama Br: calls $3
*** FLOP *** [3s 8c Ks]
Brama Br: checks
Azrarn: bets $3
Brama Br: raises $3 to $6
Azrarn: calls $3
*** TURN *** [3s 8c Ks] [5s]
Brama Br: bets $6
Azrarn: calls $6
*** RIVER *** [3s 8c Ks 5s] [Qd]
Brama Br: bets $6
Azrarn: calls $6
*** SHOW DOWN ***
Brama Br: shows [Td 7s] (high card King)
Azrarn: shows [Qh As] (a pair of Queens)
Azrarn collected $47.50 from pot
*** SUMMARY ***
Total pot $48 | Rake $0.50
Board [3s 8c Ks 5s Qd]
Seat 3: Azrarn (button) (small blind) showed [Qh As] and won ($47.50) with a pair of Queens
Seat 6: Brama Br (big blind) showed [Td 7s] and lost with high card King


PokerStars Hand #159671565184:  Hold'em Limit ($3/$6 USD) - 2016/10/08 22:59:36 ET
Table 'Izsak' 6-max Seat #6 is the button
Seat 3: Azrarn ($220.50 in chips)
Seat 6: Brama Br ($178.58 in chips)
Brama Br: posts small blind $1
Azrarn: posts big blind $3
*** HOLE CARDS ***
Brama Br: raises $3 to $6
Azrarn: folds
Uncalled bet ($3) returned to Brama Br
Brama Br collected $6 from pot
Brama Br: doesn't show hand
*** SUMMARY ***
Total pot $6 | Rake $0
Seat 3: Azrarn (big blind) folded before Flop
Seat 6: Brama Br (button) (small blind) collected ($6)


PokerStars Hand #159671580182:  Hold'em Limit ($3/$6 USD) - 2016/10/08 23:00:30 ET
Table 'Izsak' 6-max Seat #6 is the button
Seat 3: Azrarn ($257.50 in chips)
Seat 6: Brama Br ($140.58 in chips)
Brama Br: posts small blind $1
Azrarn: posts big blind $3
*** HOLE CARDS ***
Brama Br: raises $3 to $6
Azrarn: calls $3
*** FLOP *** [Ac 4d 5d]
Azrarn: checks
Brama Br: bets $3
Azrarn: calls $3
*** TURN *** [Ac 4d 5d] [6h]
Azrarn: checks
Brama Br: bets $6
Azrarn: folds
Uncalled bet ($6) returned to Brama Br
Brama Br collected $17.64 from pot
Brama Br: doesn't show hand
*** SUMMARY ***
Total pot $18 | Rake $0.36
Board [Ac 4d 5d 6h]
Seat 3: Azrarn (big blind) folded on the Turn
Seat 6: Brama Br (button) (small blind) collected ($17.64)


PokerStars Hand #159671591113:  Hold'em Limit ($3/$6 USD) - 2016/10/08 23:01:08 ET
Table 'Izsak' 6-max Seat #6 is the button
Seat 3: Azrarn ($281 in chips)
Seat 6: Brama Br ($116.22 in chips)
Brama Br: posts small blind $1
Azrarn: posts big blind $3
*** HOLE CARDS ***
Brama Br: raises $3 to $6
Azrarn: folds
Uncalled bet ($3) returned to Brama Br
Brama Br collected $6 from pot
Brama Br: doesn't show hand
*** SUMMARY ***
Total pot $6 | Rake $0
Seat 3: Azrarn (big blind) folded before Flop
Seat 6: Brama Br (button) (small blind) collected ($6)


PokerStars Hand #159671584449:  Hold'em Limit ($3/$6 USD) - 2016/10/08 23:00:45 ET
Table 'Izsak' 6-max Seat #3 is the button
Seat 3: Azrarn ($248.50 in chips)
Seat 6: Brama Br ($149.22 in chips)
Azrarn: posts small blind $1
Brama Br: posts big blind $3
*** HOLE CARDS ***
Azrarn: raises $3 to $6
Brama Br: calls $3
*** FLOP *** [Th 9c 6c]
Brama Br: checks
Azrarn: bets $3
Brama Br: calls $3
*** TURN *** [Th 9c 6c] [Ts]
Brama Br: checks
Azrarn: bets $6
Brama Br: raises $6 to $12
Azrarn: raises $6 to $18
Brama Br: calls $6
*** RIVER *** [Th 9c 6c Ts] [2c]
Brama Br: bets $6
Azrarn: calls $6
*** SHOW DOWN ***
Brama Br: shows [8h Kh] (a pair of Tens)
Azrarn: shows [Td 7s] (three of a kind, Tens)
Azrarn collected $65.50 from pot
*** SUMMARY ***
Total pot $66 | Rake $0.50
Board [Th 9c 6c Ts 2c]
Seat 3: Azrarn (button) (small blind) showed [Td 7s] and won ($65.50) with three of a kind, Tens
Seat 6: Brama Br (big blind) showed [8h Kh] and lost with a pair of Tens


PokerStars Hand #159671593197:  Hold'em Limit ($3/$6 USD) - 2016/10/08 23:01:15 ET
Table 'Izsak' 6-max Seat #3 is the button
Seat 3: Azrarn ($278 in chips)
Seat 6: Brama Br ($119.22 in chips)
Azrarn: posts small blind $1
Brama Br: posts big blind $3
*** HOLE CARDS ***
Brama Br said, "isso eh doença"
Azrarn: raises $3 to $6
Brama Br: calls $3
*** FLOP *** [Qc 5s 4c]
Brama Br: checks
Azrarn said, "^^"
Azrarn: bets $3
Brama Br: calls $3
*** TURN *** [Qc 5s 4c] [Td]
Brama Br: checks
Azrarn: checks
*** RIVER *** [Qc 5s 4c Td] [Ah]
Brama Br: checks
Azrarn: checks
*** SHOW DOWN ***
Brama Br: shows [5h 3h] (a pair of Fives)
Azrarn: mucks hand
Brama Br collected $17.64 from pot
*** SUMMARY ***
Total pot $18 | Rake $0.36
Board [Qc 5s 4c Td Ah]
Seat 3: Azrarn (button) (small blind) mucked
Seat 6: Brama Br (big blind) showed [5h 3h] and won ($17.64) with a pair of Fives


PokerStars Hand #159671607550:  Hold'em Limit ($3/$6 USD) - 2016/10/08 23:02:02 ET
Table 'Izsak' 6-max Seat #3 is the button
Seat 3: Azrarn ($286.50 in chips)
Seat 6: Brama Br ($109.86 in chips)
Azrarn: posts small blind $1
Brama Br: posts big blind $3
*** HOLE CARDS ***
Azrarn: folds
Uncalled bet ($2) returned to Brama Br
Brama Br collected $2 from pot
Brama Br: doesn't show hand
*** SUMMARY ***
Total pot $2 | Rake $0
Seat 3: Azrarn (button) (small blind) folded before Flop
Seat 6: Brama Br (big blind) collected ($2)


PokerStars Hand #159671601185:  Hold'em Limit ($3/$6 USD) - 2016/10/08 23:01:41 ET
Table 'Izsak' 6-max Seat #6 is the button
Seat 3: Azrarn ($269 in chips)
Seat 6: Brama Br ($127.86 in chips)
Brama Br: posts small blind $1
Azrarn: posts big blind $3
*** HOLE CARDS ***
Brama Br: raises $3 to $6
Azrarn: raises $3 to $9
Brama Br: calls $3
*** FLOP *** [Ah Ac 7d]
Azrarn: bets $3
Brama Br: raises $3 to $6
Azrarn: raises $3 to $9
Brama Br: calls $3
*** TURN *** [Ah Ac 7d] [6h]
Azrarn: bets $6
Brama Br: folds
Uncalled bet ($6) returned to Azrarn
Azrarn collected $35.50 from pot
*** SUMMARY ***
Total pot $36 | Rake $0.50
Board [Ah Ac 7d 6h]
Seat 3: Azrarn (big blind) collected ($35.50)
Seat 6: Brama Br (button) (small blind) folded on the Turn


PokerStars Hand #159671609099:  Hold'em Limit ($3/$6 USD) - 2016/10/08 23:02:06 ET
Table 'Izsak' 6-max Seat #6 is the button
Seat 3: Azrarn ($285.50 in chips)
Seat 6: Brama Br ($110.86 in chips)
Brama Br: posts small blind $1
Azrarn: posts big blind $3
*** HOLE CARDS ***
Brama Br said, "doente"
Brama Br: raises $3 to $6
Azrarn: calls $3
*** FLOP *** [2s As Qs]
Azrarn: checks
Brama Br: checks
*** TURN *** [2s As Qs] [6h]
Azrarn: checks
Brama Br: checks
*** RIVER *** [2s As Qs 6h] [Kd]
Azrarn: checks
Brama Br: checks
*** SHOW DOWN ***
Azrarn: shows [2h Ah] (two pair, Aces and Deuces)
Brama Br: mucks hand
Azrarn collected $11.76 from pot
*** SUMMARY ***
Total pot $12 | Rake $0.24
Board [2s As Qs 6h Kd]
Seat 3: Azrarn (big blind) showed [2h Ah] and won ($11.76) with two pair, Aces and Deuces
Seat 6: Brama Br (button) (small blind) mucked


PokerStars Hand #159671618296:  Hold'em Limit ($3/$6 USD) - 2016/10/08 23:02:37 ET
Table 'Izsak' 6-max Seat #3 is the button
Seat 3: Azrarn ($291.26 in chips)
Seat 6: Brama Br ($104.86 in chips)
Azrarn: posts small blind $1
Brama Br: posts big blind $3
*** HOLE CARDS ***
Azrarn: folds
Uncalled bet ($2) returned to Brama Br
Brama Br collected $2 from pot
Brama Br: doesn't show hand
*** SUMMARY ***
Total pot $2 | Rake $0
Seat 3: Azrarn (button) (small blind) folded before Flop
Seat 6: Brama Br (big blind) collected ($2)


PokerStars Hand #159671623410:  Hold'em Limit ($3/$6 USD) - 2016/10/08 23:02:53 ET
Table 'Izsak' 6-max Seat #3 is the button
Seat 3: Azrarn ($284.26 in chips)
Seat 6: Brama Br ($111.62 in chips)
Azrarn: posts small blind $1
Brama Br: posts big blind $3
*** HOLE CARDS ***
Azrarn: raises $3 to $6
Brama Br: calls $3
*** FLOP *** [4h 8h Qs]
Brama Br: checks
Azrarn: bets $3
Brama Br: folds
Uncalled bet ($3) returned to Azrarn
Azrarn collected $11.76 from pot
*** SUMMARY ***
Total pot $12 | Rake $0.24
Board [4h 8h Qs]
Seat 3: Azrarn (button) (small blind) collected ($11.76)
Seat 6: Brama Br (big blind) folded on the Flop


PokerStars Hand #159671620155:  Hold'em Limit ($3/$6 USD) - 2016/10/08 23:02:43 ET
Table 'Izsak' 6-max Seat #6 is the button
Seat 3: Azrarn ($290.26 in chips)
Seat 6: Brama Br ($105.86 in chips)
Brama Br: posts small blind $1
Azrarn: posts big blind $3
*** HOLE CARDS ***
Brama Br: raises $3 to $6
Azrarn: calls $3
*** FLOP *** [3h Kh 5c]
Azrarn: checks
Brama Br: bets $3
Azrarn: folds
Uncalled bet ($3) returned to Brama Br
Brama Br collected $11.76 from pot
Brama Br: doesn't show hand
*** SUMMARY ***
Total pot $12 | Rake $0.24
Board [3h Kh 5c]
Seat 3: Azrarn (big blind) folded on the Flop
Seat 6: Brama Br (button) (small blind) collected ($11.76)


PokerStars Hand #159671626808:  Hold'em Limit ($3/$6 USD) - 2016/10/08 23:03:04 ET
Table 'Izsak' 6-max Seat #6 is the button
Seat 3: Azrarn ($290.02 in chips)
Seat 6: Brama Br ($105.62 in chips)
Brama Br: posts small blind $1
Azrarn: posts big blind $3
*** HOLE CARDS ***
Brama Br: raises $3 to $6
Azrarn: calls $3
*** FLOP *** [Th Qh 7c]
Azrarn: checks
Brama Br: bets $3
Azrarn: calls $3
*** TURN *** [Th Qh 7c] [Ks]
Azrarn: checks
Brama Br: checks
*** RIVER *** [Th Qh 7c Ks] [5s]
Azrarn: checks
Brama Br: checks
*** SHOW DOWN ***
Azrarn: shows [Jc 8h] (high card King)
Brama Br: shows [5d 4d] (a pair of Fives)
Brama Br collected $17.64 from pot
*** SUMMARY ***
Total pot $18 | Rake $0.36
Board [Th Qh 7c Ks 5s]
Seat 3: Azrarn (big blind) showed [Jc 8h] and lost with high card King
Seat 6: Brama Br (button) (small blind) showed [5d 4d] and won ($17.64) with a pair of Fives


PokerStars Hand #159671634654:  Hold'em Limit ($3/$6 USD) - 2016/10/08 23:03:30 ET
Table 'Izsak' 6-max Seat #3 is the button
Seat 3: Azrarn ($281.02 in chips)
Seat 6: Brama Br ($114.26 in chips)
Azrarn: posts small blind $1
Brama Br: posts big blind $3
*** HOLE CARDS ***
Azrarn: raises $3 to $6
Brama Br: calls $3
*** FLOP *** [3d 2d 4h]
Brama Br: checks
Azrarn: bets $3
Brama Br: calls $3
*** TURN *** [3d 2d 4h] [3h]
Brama Br: checks
Azrarn: checks
*** RIVER *** [3d 2d 4h 3h] [Td]
Brama Br: checks
Azrarn: bets $6
Brama Br: folds
Uncalled bet ($6) returned to Azrarn
Azrarn collected $17.64 from pot
*** SUMMARY ***
Total pot $18 | Rake $0.36
Board [3d 2d 4h 3h Td]
Seat 3: Azrarn (button) (small blind) collected ($17.64)
Seat 6: Brama Br (big blind) folded on the River


PokerStars Hand #159671643361:  Hold'em Limit ($3/$6 USD) - 2016/10/08 23:03:58 ET
Table 'Izsak' 6-max Seat #3 is the button
Seat 3: Azrarn ($290.66 in chips)
Seat 6: Brama Br ($104.26 in chips)
Azrarn: posts small blind $1
Brama Br: posts big blind $3
*** HOLE CARDS ***
Azrarn: raises $3 to $6
Brama Br: calls $3
*** FLOP *** [2d 2h 6s]
Brama Br: checks
Azrarn: bets $3
Brama Br: raises $3 to $6
Azrarn: calls $3
*** TURN *** [2d 2h 6s] [4s]
Brama Br: bets $6
Azrarn: calls $6
*** RIVER *** [2d 2h 6s 4s] [7h]
Brama Br: bets $6
Azrarn: raises $6 to $12
Brama Br: calls $6
*** SHOW DOWN ***
Azrarn: shows [7s 3s] (two pair, Sevens and Deuces)
Brama Br: mucks hand
Azrarn collected $59.50 from pot
*** SUMMARY ***
Total pot $60 | Rake $0.50
Board [2d 2h 6s 4s 7h]
Seat 3: Azrarn (button) (small blind) showed [7s 3s] and won ($59.50) with two pair, Sevens and Deuces
Seat 6: Brama Br (big blind) mucked


PokerStars Hand #159671641281:  Hold'em Limit ($3/$6 USD) - 2016/10/08 23:03:51 ET
Table 'Izsak' 6-max Seat #6 is the button
Seat 3: Azrarn ($289.66 in chips)
Seat 6: Brama Br ($105.26 in chips)
Brama Br: posts small blind $1
Azrarn: posts big blind $3
*** HOLE CARDS ***
Brama Br: folds
Uncalled bet ($2) returned to Azrarn
Azrarn collected $2 from pot
*** SUMMARY ***
Total pot $2 | Rake $0
Seat 3: Azrarn (big blind) collected ($2)
Seat 6: Brama Br (button) (small blind) folded before Flop


PokerStars Hand #159671649701:  Hold'em Limit ($3/$6 USD) - 2016/10/08 23:04:19 ET
Table 'Izsak' 6-max Seat #6 is the button
Seat 3: Azrarn ($320.16 in chips)
Seat 6: Brama Br ($74.26 in chips)
Brama Br: posts small blind $1
Azrarn: posts big blind $3
*** HOLE CARDS ***
Brama Br: raises $3 to $6
Azrarn: calls $3
*** FLOP *** [8s Tc 7h]
Azrarn: checks
Brama Br: bets $3
Azrarn: calls $3
*** TURN *** [8s Tc 7h] [Jh]
Azrarn: checks
Brama Br: bets $6
Azrarn: folds
Uncalled bet ($6) returned to Brama Br
Brama Br collected $17.64 from pot
Brama Br: doesn't show hand
*** SUMMARY ***
Total pot $18 | Rake $0.36
Board [8s Tc 7h Jh]
Seat 3: Azrarn (big blind) folded on the Turn
Seat 6: Brama Br (button) (small blind) collected ($17.64)


PokerStars Hand #159671659706:  Hold'em Limit ($3/$6 USD) - 2016/10/08 23:04:51 ET
Table 'Izsak' 6-max Seat #6 is the button
Seat 3: Azrarn ($310.16 in chips)
Seat 6: Brama Br ($83.90 in chips)
Brama Br: posts small blind $1
Azrarn: posts big blind $3
*** HOLE CARDS ***
Brama Br: raises $3 to $6
Azrarn: calls $3
*** FLOP *** [As 6h Th]
Azrarn: checks
Brama Br: bets $3
Azrarn: folds
Uncalled bet ($3) returned to Brama Br
Brama Br collected $11.76 from pot
Brama Br: doesn't show hand
*** SUMMARY ***
Total pot $12 | Rake $0.24
Board [As 6h Th]
Seat 3: Azrarn (big blind) folded on the Flop
Seat 6: Brama Br (button) (small blind) collected ($11.76)


PokerStars Hand #159671654227:  Hold'em Limit ($3/$6 USD) - 2016/10/08 23:04:33 ET
Table 'Izsak' 6-max Seat #3 is the button
Seat 3: Azrarn ($311.16 in chips)
Seat 6: Brama Br ($82.90 in chips)
Azrarn: posts small blind $1
Brama Br: posts big blind $3
*** HOLE CARDS ***
Brama Br said, "vai doente"
Azrarn: folds
Uncalled bet ($2) returned to Brama Br
Brama Br collected $2 from pot
Brama Br: doesn't show hand
*** SUMMARY ***
Total pot $2 | Rake $0
Seat 3: Azrarn (button) (small blind) folded before Flop
Seat 6: Brama Br (big blind) collected ($2)


PokerStars Hand #159671663017:  Hold'em Limit ($3/$6 USD) - 2016/10/08 23:05:02 ET
Table 'Izsak' 6-max Seat #3 is the button
Seat 3: Azrarn ($304.16 in chips)
Seat 6: Brama Br ($89.66 in chips)
Azrarn: posts small blind $1
Brama Br: posts big blind $3
*** HOLE CARDS ***
Azrarn said, "8)"
Azrarn: raises $3 to $6
Brama Br: calls $3
*** FLOP *** [Qh Js 9c]
Brama Br: checks
Azrarn: bets $3
Brama Br: calls $3
*** TURN *** [Qh Js 9c] [Jc]
Brama Br: checks
Azrarn: bets $6
Brama Br: raises $6 to $12
Azrarn: calls $6
*** RIVER *** [Qh Js 9c Jc] [7d]
Brama Br: bets $6
Azrarn: calls $6
*** SHOW DOWN ***
Brama Br: shows [5h Jh] (three of a kind, Jacks)
Azrarn: mucks hand
Brama Br collected $53.50 from pot
*** SUMMARY ***
Total pot $54 | Rake $0.50
Board [Qh Js 9c Jc 7d]
Seat 3: Azrarn (button) (small blind) mucked
Seat 6: Brama Br (big blind) showed [5h Jh] and won ($53.50) with three of a kind, Jacks


PokerStars Hand #159671670454:  Hold'em Limit ($3/$6 USD) - 2016/10/08 23:05:26 ET
Table 'Izsak' 6-max Seat #6 is the button
Seat 3: Azrarn ($277.16 in chips)
Seat 6: Brama Br ($116.16 in chips)
Brama Br: posts small blind $1
Azrarn: posts big blind $3
*** HOLE CARDS ***
Brama Br: raises $3 to $6
Azrarn: folds
Uncalled bet ($3) returned to Brama Br
Brama Br collected $6 from pot
Brama Br: doesn't show hand
*** SUMMARY ***
Total pot $6 | Rake $0
Seat 3: Azrarn (big blind) folded before Flop
Seat 6: Brama Br (button) (small blind) collected ($6)


PokerStars Hand #159671673282:  Hold'em Limit ($3/$6 USD) - 2016/10/08 23:05:35 ET
Table 'Izsak' 6-max Seat #3 is the button
Seat 3: Azrarn ($274.16 in chips)
Seat 6: Brama Br ($119.16 in chips)
Azrarn: posts small blind $1
Brama Br: posts big blind $3
*** HOLE CARDS ***
Azrarn: raises $3 to $6
Brama Br: calls $3
*** FLOP *** [Qh 8c 2d]
Brama Br: checks
Azrarn: bets $3
Brama Br: folds
Uncalled bet ($3) returned to Azrarn
Azrarn collected $11.76 from pot
*** SUMMARY ***
Total pot $12 | Rake $0.24
Board [Qh 8c 2d]
Seat 3: Azrarn (button) (small blind) collected ($11.76)
Seat 6: Brama Br (big blind) folded on the Flop


PokerStars Hand #159671676610:  Hold'em Limit ($3/$6 USD) - 2016/10/08 23:05:46 ET
Table 'Izsak' 6-max Seat #6 is the button
Seat 3: Azrarn ($279.92 in chips)
Seat 6: Brama Br ($113.16 in chips)
Brama Br: posts small blind $1
Azrarn: posts big blind $3
*** HOLE CARDS ***
Brama Br: raises $3 to $6
Azrarn: calls $3
*** FLOP *** [Qc Ks 9h]
Azrarn: checks
Brama Br: bets $3
Azrarn: calls $3
*** TURN *** [Qc Ks 9h] [8d]
Azrarn: checks
Brama Br: checks
*** RIVER *** [Qc Ks 9h 8d] [7c]
Azrarn: checks
Brama Br: checks
*** SHOW DOWN ***
Azrarn: shows [Ac 7s] (a pair of Sevens)
Brama Br: mucks hand
Azrarn collected $17.64 from pot
*** SUMMARY ***
Total pot $18 | Rake $0.36
Board [Qc Ks 9h 8d 7c]
Seat 3: Azrarn (big blind) showed [Ac 7s] and won ($17.64) with a pair of Sevens
Seat 6: Brama Br (button) (small blind) mucked


PokerStars Hand #159671683382:  Hold'em Limit ($3/$6 USD) - 2016/10/08 23:06:08 ET
Table 'Izsak' 6-max Seat #6 is the button
Seat 3: Azrarn ($291.56 in chips)
Seat 6: Brama Br ($101.16 in chips)
Brama Br: posts small blind $1
Azrarn: posts big blind $3
*** HOLE CARDS ***
Brama Br: folds
Uncalled bet ($2) returned to Azrarn
Azrarn collected $2 from pot
*** SUMMARY ***
Total pot $2 | Rake $0
Seat 3: Azrarn (big blind) collected ($2)
Seat 6: Brama Br (button) (small blind) folded before Flop


PokerStars Hand #159671681573:  Hold'em Limit ($3/$6 USD) - 2016/10/08 23:06:02 ET
Table 'Izsak' 6-max Seat #3 is the button
Seat 3: Azrarn ($288.56 in chips)
Seat 6: Brama Br ($104.16 in chips)
Azrarn: posts small blind $1
Brama Br: posts big blind $3
*** HOLE CARDS ***
Azrarn: raises $3 to $6
Brama Br: folds
Uncalled bet ($3) returned to Azrarn
Azrarn collected $6 from pot
*** SUMMARY ***
Total pot $6 | Rake $0
Seat 3: Azrarn (button) (small blind) collected ($6)
Seat 6: Brama Br (big blind) folded before Flop


PokerStars Hand #159671685181:  Hold'em Limit ($3/$6 USD) - 2016/10/08 23:06:13 ET
Table 'Izsak' 6-max Seat #3 is the button
Seat 3: Azrarn ($292.56 in chips)
Seat 6: Brama Br ($100.16 in chips)
Azrarn: posts small blind $1
Brama Br: posts big blind $3
*** HOLE CARDS ***
cojo777 joins the table at seat #4
Azrarn: folds
Uncalled bet ($2) returned to Brama Br
Brama Br collected $2 from pot
Brama Br: doesn't show hand
*** SUMMARY ***
Total pot $2 | Rake $0
Seat 3: Azrarn (button) (small blind) folded before Flop
Seat 6: Brama Br (big blind) collected ($2)


PokerStars Hand #159671688290:  Hold'em Limit ($3/$6 USD) - 2016/10/08 23:06:23 ET
Table 'Izsak' 6-max Seat #6 is the button
Seat 3: Azrarn ($291.56 in chips)
Seat 6: Brama Br ($101.16 in chips)
Brama Br: posts small blind $1
Azrarn: posts big blind $3
*** HOLE CARDS ***
Brama Br: raises $3 to $6
Azrarn: calls $3
*** FLOP *** [7c 2s Kc]
Azrarn: checks
Brama Br: bets $3
Azrarn: folds
Uncalled bet ($3) returned to Brama Br
Brama Br collected $11.76 from pot
Brama Br: doesn't show hand
*** SUMMARY ***
Total pot $12 | Rake $0.24
Board [7c 2s Kc]
Seat 3: Azrarn (big blind) folded on the Flop
Seat 6: Brama Br (button) (small blind) collected ($11.76)


PokerStars Hand #159673183116:  Hold'em Limit ($3/$6 USD) - 2016/10/09 0:36:46 ET
Table 'Izsak' 6-max Seat #3 is the button
Seat 1: SlickDickey ($283.93 in chips)
Seat 3: byrgyi ($118.53 in chips)
byrgyi: posts small blind $1
DePokeraap: is sitting out
SlickDickey: posts big blind $3
*** HOLE CARDS ***
DePokeraap leaves the table
byrgyi: calls $2
SlickDickey: raises $3 to $6
byrgyi: calls $3
*** FLOP *** [Qd 5c 2d]
SlickDickey: bets $3
byrgyi: calls $3
*** TURN *** [Qd 5c 2d] [Td]
SlickDickey: checks
byrgyi: bets $6
SlickDickey: folds
Uncalled bet ($6) returned to byrgyi
byrgyi collected $17.64 from pot
*** SUMMARY ***
Total pot $18 | Rake $0.36
Board [Qd 5c 2d Td]
Seat 1: SlickDickey (big blind) folded on the Turn
Seat 3: byrgyi (button) (small blind) collected ($17.64)


