PokerStars Hand #148584744157:  Hold'em Limit ($3/$6 USD) - 2016/02/10 17:10:51 ET
Table 'Jabbah' 2-max Seat #2 is the button
Seat 1: elifnur2008 ($145.50 in chips)
Seat 2: beebee516 ($13.14 in chips)
beebee516: posts small blind $1
elifnur2008: posts big blind $3
*** HOLE CARDS ***
beebee516: raises $3 to $6
elifnur2008: raises $3 to $9
beebee516: calls $3
*** FLOP *** [Ts 8c Ks]
elifnur2008: bets $3
beebee516: raises $1.14 to $4.14 and is all-in
elifnur2008: calls $1.14
*** TURN *** [Ts 8c Ks] [Th]
*** RIVER *** [Ts 8c Ks Th] [9h]
*** SHOW DOWN ***
elifnur2008: shows [2c 2h] (two pair, Tens and Deuces)
beebee516: shows [Qd Kh] (two pair, Kings and Tens)
beebee516 collected $25.78 from pot
*** SUMMARY ***
Total pot $26.28 | Rake $0.50
Board [Ts 8c Ks Th 9h]
Seat 1: elifnur2008 (big blind) showed [2c 2h] and lost with two pair, Tens and Deuces
Seat 2: beebee516 (button) (small blind) showed [Qd Kh] and won ($25.78) with two pair, Kings and Tens


PokerStars Hand #148584798032:  Hold'em Limit ($3/$6 USD) - 2016/02/10 17:11:43 ET
Table 'Jabbah' 2-max Seat #1 is the button
Seat 1: elifnur2008 ($142.08 in chips)
Seat 2: beebee516 ($15.25 in chips)
elifnur2008: posts small blind $1
beebee516: posts big blind $3
*** HOLE CARDS ***
elifnur2008: folds
Uncalled bet ($2) returned to beebee516
beebee516 collected $2 from pot
beebee516: doesn't show hand
*** SUMMARY ***
Total pot $2 | Rake $0
Seat 1: elifnur2008 (button) (small blind) folded before Flop
Seat 2: beebee516 (big blind) collected ($2)


PokerStars Hand #148584783757:  Hold'em Limit ($3/$6 USD) - 2016/02/10 17:11:29 ET
Table 'Jabbah' 2-max Seat #2 is the button
Seat 1: elifnur2008 ($149.86 in chips)
Seat 2: beebee516 ($7.78 in chips)
beebee516: posts small blind $1
elifnur2008: posts big blind $3
*** HOLE CARDS ***
beebee516: raises $3 to $6
elifnur2008: raises $3 to $9
beebee516: calls $1.78 and is all-in
Uncalled bet ($1.22) returned to elifnur2008
*** FLOP *** [3d Ac 5d]
*** TURN *** [3d Ac 5d] [Kd]
*** RIVER *** [3d Ac 5d Kd] [2h]
*** SHOW DOWN ***
elifnur2008: shows [Kh Th] (a pair of Kings)
beebee516: shows [Ad 9s] (a pair of Aces)
beebee516 collected $15.25 from pot
*** SUMMARY ***
Total pot $15.56 | Rake $0.31
Board [3d Ac 5d Kd 2h]
Seat 1: elifnur2008 (big blind) showed [Kh Th] and lost with a pair of Kings
Seat 2: beebee516 (button) (small blind) showed [Ad 9s] and won ($15.25) with a pair of Aces


PokerStars Hand #148584759299:  Hold'em Limit ($3/$6 USD) - 2016/02/10 17:11:06 ET
Table 'Jabbah' 2-max Seat #1 is the button
Seat 1: elifnur2008 ($132.36 in chips)
Seat 2: beebee516 ($25.78 in chips)
elifnur2008: posts small blind $1
beebee516: posts big blind $3
*** HOLE CARDS ***
elifnur2008: raises $3 to $6
beebee516: calls $3
*** FLOP *** [2c 9c As]
beebee516: checks
elifnur2008: checks
*** TURN *** [2c 9c As] [9d]
beebee516: bets $6
elifnur2008: calls $6
*** RIVER *** [2c 9c As 9d] [6d]
beebee516: bets $6
elifnur2008: raises $6 to $12
beebee516: folds
Uncalled bet ($6) returned to elifnur2008
elifnur2008 collected $35.50 from pot
elifnur2008: doesn't show hand
*** SUMMARY ***
Total pot $36 | Rake $0.50
Board [2c 9c As 9d 6d]
Seat 1: elifnur2008 (button) (small blind) collected ($35.50)
Seat 2: beebee516 (big blind) folded on the River


PokerStars Hand #148584872149:  Hold'em Limit ($3/$6 USD) - 2016/02/10 17:12:55 ET
Table 'Jabbah' 2-max Seat #1 is the button
Seat 1: elifnur2008 ($152.34 in chips)
Seat 2: beebee516 ($3.75 in chips)
elifnur2008: posts small blind $1
beebee516: posts big blind $3
*** HOLE CARDS ***
elifnur2008: raises $3 to $6
beebee516: calls $0.75 and is all-in
Uncalled bet ($2.25) returned to elifnur2008
*** FLOP *** [Jc 9s Qc]
*** TURN *** [Jc 9s Qc] [6d]
*** RIVER *** [Jc 9s Qc 6d] [Ac]
*** SHOW DOWN ***
beebee516: shows [7d 9c] (a pair of Nines)
elifnur2008: shows [7c Qd] (a pair of Queens)
elifnur2008 collected $7.35 from pot
*** SUMMARY ***
Total pot $7.50 | Rake $0.15
Board [Jc 9s Qc 6d Ac]
Seat 1: elifnur2008 (button) (small blind) showed [7c Qd] and won ($7.35) with a pair of Queens
Seat 2: beebee516 (big blind) showed [7d 9c] and lost with a pair of Nines


PokerStars Hand #148584836931:  Hold'em Limit ($3/$6 USD) - 2016/02/10 17:12:21 ET
Table 'Jabbah' 2-max Seat #2 is the button
Seat 1: elifnur2008 ($131.84 in chips)
Seat 2: beebee516 ($24.75 in chips)
beebee516: posts small blind $1
elifnur2008: posts big blind $3
*** HOLE CARDS ***
beebee516: raises $3 to $6
elifnur2008: calls $3
*** FLOP *** [8h 5h 7s]
elifnur2008: checks
beebee516: bets $3
elifnur2008: calls $3
*** TURN *** [8h 5h 7s] [7d]
elifnur2008: checks
beebee516: bets $6
elifnur2008: calls $6
*** RIVER *** [8h 5h 7s 7d] [7c]
elifnur2008: checks
beebee516: bets $6
elifnur2008: raises $6 to $12
beebee516: folds
Uncalled bet ($6) returned to elifnur2008
elifnur2008 collected $41.50 from pot
elifnur2008: doesn't show hand
*** SUMMARY ***
Total pot $42 | Rake $0.50
Board [8h 5h 7s 7d 7c]
Seat 1: elifnur2008 (big blind) collected ($41.50)
Seat 2: beebee516 (button) (small blind) folded on the River


PokerStars Hand #148584825776:  Hold'em Limit ($3/$6 USD) - 2016/02/10 17:12:10 ET
Table 'Jabbah' 2-max Seat #1 is the button
Seat 1: elifnur2008 ($126.08 in chips)
Seat 2: beebee516 ($30.75 in chips)
elifnur2008: posts small blind $1
beebee516: posts big blind $3
*** HOLE CARDS ***
elifnur2008: raises $3 to $6
beebee516: calls $3
*** FLOP *** [Kh 2s 9d]
beebee516: checks
elifnur2008: bets $3
beebee516: folds
Uncalled bet ($3) returned to elifnur2008
elifnur2008 collected $11.76 from pot
elifnur2008: doesn't show hand
*** SUMMARY ***
Total pot $12 | Rake $0.24
Board [Kh 2s 9d]
Seat 1: elifnur2008 (button) (small blind) collected ($11.76)
Seat 2: beebee516 (big blind) folded on the Flop


PokerStars Hand #148584803800:  Hold'em Limit ($3/$6 USD) - 2016/02/10 17:11:48 ET
Table 'Jabbah' 2-max Seat #2 is the button
Seat 1: elifnur2008 ($141.08 in chips)
Seat 2: beebee516 ($16.25 in chips)
beebee516: posts small blind $1
elifnur2008: posts big blind $3
*** HOLE CARDS ***
beebee516: raises $3 to $6
elifnur2008: calls $3
*** FLOP *** [6d 9s 8c]
elifnur2008: checks
beebee516: bets $3
elifnur2008: calls $3
*** TURN *** [6d 9s 8c] [4d]
elifnur2008: checks
beebee516: checks
*** RIVER *** [6d 9s 8c 4d] [9d]
elifnur2008: bets $6
beebee516: raises $1.25 to $7.25 and is all-in
elifnur2008: folds
Uncalled bet ($1.25) returned to beebee516
beebee516 collected $29.50 from pot
beebee516: doesn't show hand
*** SUMMARY ***
Total pot $30 | Rake $0.50
Board [6d 9s 8c 4d 9d]
Seat 1: elifnur2008 (big blind) folded on the River
Seat 2: beebee516 (button) (small blind) collected ($29.50)


