PokerStars Hand #174110944043:  Hold'em Limit ($3/$6 USD) - 2017/08/09 7:41:29 ET
Table 'Jabbah' 6-max Seat #3 is the button
Seat 3: Pepperlina ($89.14 in chips)
Seat 4: VolkovDmitri ($151.75 in chips)
Pepperlina: posts small blind $1
VolkovDmitri: posts big blind $3
*** HOLE CARDS ***
Pepperlina: raises $3 to $6
VolkovDmitri: calls $3
*** FLOP *** [Tc 7h 3c]
VolkovDmitri: checks
Pepperlina: bets $3
VolkovDmitri: raises $3 to $6
Pepperlina: calls $3
*** TURN *** [Tc 7h 3c] [8h]
VolkovDmitri: bets $6
Pepperlina: calls $6
*** RIVER *** [Tc 7h 3c 8h] [8s]
VolkovDmitri: bets $6
Pepperlina: folds
Uncalled bet ($6) returned to VolkovDmitri
VolkovDmitri collected $35.50 from pot
*** SUMMARY ***
Total pot $36 | Rake $0.50
Board [Tc 7h 3c 8h 8s]
Seat 3: Pepperlina (button) (small blind) folded on the River
Seat 4: VolkovDmitri (big blind) collected ($35.50)


PokerStars Hand #174110983559:  Hold'em Limit ($3/$6 USD) - 2017/08/09 7:43:03 ET
Table 'Jabbah' 6-max Seat #3 is the button
Seat 3: Pepperlina ($50.14 in chips)
Seat 4: VolkovDmitri ($189.75 in chips)
Pepperlina: posts small blind $1
VolkovDmitri: posts big blind $3
*** HOLE CARDS ***
Pepperlina: folds
Uncalled bet ($2) returned to VolkovDmitri
VolkovDmitri collected $2 from pot
VolkovDmitri: doesn't show hand
*** SUMMARY ***
Total pot $2 | Rake $0
Seat 3: Pepperlina (button) (small blind) folded before Flop
Seat 4: VolkovDmitri (big blind) collected ($2)


PokerStars Hand #174110960756:  Hold'em Limit ($3/$6 USD) - 2017/08/09 7:42:09 ET
Table 'Jabbah' 6-max Seat #4 is the button
Seat 3: Pepperlina ($71.14 in chips)
Seat 4: VolkovDmitri ($169.25 in chips)
VolkovDmitri: posts small blind $1
Pepperlina: posts big blind $3
*** HOLE CARDS ***
VolkovDmitri: raises $3 to $6
Pepperlina: calls $3
*** FLOP *** [Tc Kd 6d]
Pepperlina: checks
VolkovDmitri: bets $3
Pepperlina: calls $3
*** TURN *** [Tc Kd 6d] [Qc]
Pepperlina: checks
VolkovDmitri: bets $6
Pepperlina: calls $6
*** RIVER *** [Tc Kd 6d Qc] [9s]
Pepperlina: checks
VolkovDmitri: bets $6
Pepperlina: calls $6
*** SHOW DOWN ***
VolkovDmitri: shows [Td Qd] (two pair, Queens and Tens)
Pepperlina: mucks hand
VolkovDmitri collected $41.50 from pot
*** SUMMARY ***
Total pot $42 | Rake $0.50
Board [Tc Kd 6d Qc 9s]
Seat 3: Pepperlina (big blind) mucked
Seat 4: VolkovDmitri (button) (small blind) showed [Td Qd] and won ($41.50) with two pair, Queens and Tens


PokerStars Hand #174110985314:  Hold'em Limit ($3/$6 USD) - 2017/08/09 7:43:07 ET
Table 'Jabbah' 6-max Seat #4 is the button
Seat 3: Pepperlina ($49.14 in chips)
Seat 4: VolkovDmitri ($190.75 in chips)
VolkovDmitri: posts small blind $1
Pepperlina: posts big blind $3
*** HOLE CARDS ***
VolkovDmitri: raises $3 to $6
Pepperlina: folds
Uncalled bet ($3) returned to VolkovDmitri
VolkovDmitri collected $6 from pot
VolkovDmitri: doesn't show hand
*** SUMMARY ***
Total pot $6 | Rake $0
Seat 3: Pepperlina (big blind) folded before Flop
Seat 4: VolkovDmitri (button) (small blind) collected ($6)


PokerStars Hand #174110987636:  Hold'em Limit ($3/$6 USD) - 2017/08/09 7:43:13 ET
Table 'Jabbah' 6-max Seat #3 is the button
Seat 3: Pepperlina ($46.14 in chips)
Seat 4: VolkovDmitri ($193.75 in chips)
Pepperlina: posts small blind $1
VolkovDmitri: posts big blind $3
*** HOLE CARDS ***
Pepperlina: raises $3 to $6
VolkovDmitri: calls $3
*** FLOP *** [Js 6c 8c]
VolkovDmitri: checks
Pepperlina: bets $3
VolkovDmitri: calls $3
*** TURN *** [Js 6c 8c] [Jh]
VolkovDmitri: checks
Pepperlina: bets $6
VolkovDmitri: calls $6
*** RIVER *** [Js 6c 8c Jh] [9h]
VolkovDmitri: checks
Pepperlina: bets $6
VolkovDmitri: calls $6
*** SHOW DOWN ***
Pepperlina: shows [9s Jd] (a full house, Jacks full of Nines)
VolkovDmitri: mucks hand
Pepperlina collected $41.50 from pot
*** SUMMARY ***
Total pot $42 | Rake $0.50
Board [Js 6c 8c Jh 9h]
Seat 3: Pepperlina (button) (small blind) showed [9s Jd] and won ($41.50) with a full house, Jacks full of Nines
Seat 4: VolkovDmitri (big blind) mucked


PokerStars Hand #174111005184:  Hold'em Limit ($3/$6 USD) - 2017/08/09 7:43:55 ET
Table 'Jabbah' 6-max Seat #4 is the button
Seat 3: Pepperlina ($66.64 in chips)
Seat 4: VolkovDmitri ($172.75 in chips)
VolkovDmitri: posts small blind $1
Pepperlina: posts big blind $3
*** HOLE CARDS ***
VolkovDmitri: raises $3 to $6
Pepperlina: calls $3
*** FLOP *** [3h As 5c]
Pepperlina: checks
VolkovDmitri: bets $3
Pepperlina: calls $3
*** TURN *** [3h As 5c] [9d]
Pepperlina: checks
VolkovDmitri: checks
*** RIVER *** [3h As 5c 9d] [9s]
Pepperlina: bets $6
VolkovDmitri: folds
Uncalled bet ($6) returned to Pepperlina
Pepperlina collected $17.64 from pot
Pepperlina: doesn't show hand
*** SUMMARY ***
Total pot $18 | Rake $0.36
Board [3h As 5c 9d 9s]
Seat 3: Pepperlina (big blind) collected ($17.64)
Seat 4: VolkovDmitri (button) (small blind) folded on the River


PokerStars Hand #174111026425:  Hold'em Limit ($3/$6 USD) - 2017/08/09 7:44:46 ET
Table 'Jabbah' 6-max Seat #3 is the button
Seat 3: Pepperlina ($75.28 in chips)
Seat 4: VolkovDmitri ($163.75 in chips)
Pepperlina: posts small blind $1
VolkovDmitri: posts big blind $3
*** HOLE CARDS ***
Pepperlina: raises $3 to $6
VolkovDmitri: calls $3
*** FLOP *** [4h Ks 7s]
VolkovDmitri: checks
Pepperlina: checks
*** TURN *** [4h Ks 7s] [Qh]
VolkovDmitri: bets $6
Pepperlina: raises $6 to $12
VolkovDmitri: folds
Uncalled bet ($6) returned to Pepperlina
Pepperlina collected $23.52 from pot
Pepperlina: doesn't show hand
*** SUMMARY ***
Total pot $24 | Rake $0.48
Board [4h Ks 7s Qh]
Seat 3: Pepperlina (button) (small blind) collected ($23.52)
Seat 4: VolkovDmitri (big blind) folded on the Turn


PokerStars Hand #174111044475:  Hold'em Limit ($3/$6 USD) - 2017/08/09 7:45:29 ET
Table 'Jabbah' 6-max Seat #4 is the button
Seat 3: Pepperlina ($86.80 in chips)
Seat 4: VolkovDmitri ($151.75 in chips)
VolkovDmitri: posts small blind $1
Pepperlina: posts big blind $3
*** HOLE CARDS ***
VolkovDmitri: raises $3 to $6
Pepperlina: calls $3
*** FLOP *** [4c Ah Qs]
Pepperlina: checks
zimin10 joins the table at seat #5
VolkovDmitri: bets $3
Pepperlina: folds
Uncalled bet ($3) returned to VolkovDmitri
VolkovDmitri collected $11.76 from pot
VolkovDmitri: doesn't show hand
*** SUMMARY ***
Total pot $12 | Rake $0.24
Board [4c Ah Qs]
Seat 3: Pepperlina (big blind) folded on the Flop
Seat 4: VolkovDmitri (button) (small blind) collected ($11.76)


PokerStars Hand #174111053292:  Hold'em Limit ($3/$6 USD) - 2017/08/09 7:45:50 ET
Table 'Jabbah' 6-max Seat #3 is the button
Seat 3: Pepperlina ($80.80 in chips)
Seat 4: VolkovDmitri ($157.51 in chips)
Pepperlina: posts small blind $1
VolkovDmitri: posts big blind $3
*** HOLE CARDS ***
Pepperlina: folds
Uncalled bet ($2) returned to VolkovDmitri
VolkovDmitri collected $2 from pot
VolkovDmitri: doesn't show hand
*** SUMMARY ***
Total pot $2 | Rake $0
Seat 3: Pepperlina (button) (small blind) folded before Flop
Seat 4: VolkovDmitri (big blind) collected ($2)


PokerStars Hand #174111054956:  Hold'em Limit ($3/$6 USD) - 2017/08/09 7:45:54 ET
Table 'Jabbah' 6-max Seat #4 is the button
Seat 3: Pepperlina ($79.80 in chips)
Seat 4: VolkovDmitri ($158.51 in chips)
VolkovDmitri: posts small blind $1
Pepperlina: posts big blind $3
*** HOLE CARDS ***
VolkovDmitri: raises $3 to $6
Pepperlina: calls $3
*** FLOP *** [Kc 6d 7h]
Pepperlina: checks
VolkovDmitri: bets $3
Pepperlina: calls $3
*** TURN *** [Kc 6d 7h] [Jd]
Pepperlina: checks
VolkovDmitri: bets $6
Pepperlina: calls $6
*** RIVER *** [Kc 6d 7h Jd] [4d]
Pepperlina: checks
VolkovDmitri: bets $6
Pepperlina: raises $6 to $12
VolkovDmitri: calls $6
*** SHOW DOWN ***
Pepperlina: shows [3d Td] (a flush, Jack high)
VolkovDmitri: mucks hand
Pepperlina collected $53.50 from pot
*** SUMMARY ***
Total pot $54 | Rake $0.50
Board [Kc 6d 7h Jd 4d]
Seat 3: Pepperlina (big blind) showed [3d Td] and won ($53.50) with a flush, Jack high
Seat 4: VolkovDmitri (button) (small blind) mucked


PokerStars Hand #174111070484:  Hold'em Limit ($3/$6 USD) - 2017/08/09 7:46:31 ET
Table 'Jabbah' 6-max Seat #3 is the button
Seat 3: Pepperlina ($106.30 in chips)
Seat 4: VolkovDmitri ($131.51 in chips)
Pepperlina: posts small blind $1
VolkovDmitri: posts big blind $3
*** HOLE CARDS ***
Pepperlina: folds
Uncalled bet ($2) returned to VolkovDmitri
VolkovDmitri collected $2 from pot
VolkovDmitri: doesn't show hand
*** SUMMARY ***
Total pot $2 | Rake $0
Seat 3: Pepperlina (button) (small blind) folded before Flop
Seat 4: VolkovDmitri (big blind) collected ($2)


PokerStars Hand #174111072774:  Hold'em Limit ($3/$6 USD) - 2017/08/09 7:46:37 ET
Table 'Jabbah' 6-max Seat #4 is the button
Seat 3: Pepperlina ($105.30 in chips)
Seat 4: VolkovDmitri ($132.51 in chips)
VolkovDmitri: posts small blind $1
Pepperlina: posts big blind $3
*** HOLE CARDS ***
VolkovDmitri: raises $3 to $6
Pepperlina: calls $3
*** FLOP *** [5h Js 9s]
Pepperlina: checks
VolkovDmitri: bets $3
Pepperlina: folds
Uncalled bet ($3) returned to VolkovDmitri
VolkovDmitri collected $11.76 from pot
VolkovDmitri: doesn't show hand
*** SUMMARY ***
Total pot $12 | Rake $0.24
Board [5h Js 9s]
Seat 3: Pepperlina (big blind) folded on the Flop
Seat 4: VolkovDmitri (button) (small blind) collected ($11.76)


PokerStars Hand #174111078837:  Hold'em Limit ($3/$6 USD) - 2017/08/09 7:46:51 ET
Table 'Jabbah' 6-max Seat #3 is the button
Seat 3: Pepperlina ($99.30 in chips)
Seat 4: VolkovDmitri ($138.27 in chips)
Pepperlina: posts small blind $1
VolkovDmitri: posts big blind $3
*** HOLE CARDS ***
Pepperlina: calls $2
VolkovDmitri: raises $3 to $6
Pepperlina: calls $3
*** FLOP *** [4h 2s 3c]
VolkovDmitri: bets $3
Pepperlina: raises $3 to $6
VolkovDmitri: raises $3 to $9
Pepperlina: calls $3
*** TURN *** [4h 2s 3c] [Js]
VolkovDmitri: bets $6
Pepperlina: calls $6
*** RIVER *** [4h 2s 3c Js] [4s]
VolkovDmitri: bets $6
Pepperlina: raises $6 to $12
VolkovDmitri: calls $6
*** SHOW DOWN ***
Pepperlina: shows [7c 4c] (three of a kind, Fours)
VolkovDmitri: shows [5h Ah] (a straight, Ace to Five)
VolkovDmitri collected $65.50 from pot
*** SUMMARY ***
Total pot $66 | Rake $0.50
Board [4h 2s 3c Js 4s]
Seat 3: Pepperlina (button) (small blind) showed [7c 4c] and lost with three of a kind, Fours
Seat 4: VolkovDmitri (big blind) showed [5h Ah] and won ($65.50) with a straight, Ace to Five


PokerStars Hand #174111099095:  Hold'em Limit ($3/$6 USD) - 2017/08/09 7:47:39 ET
Table 'Jabbah' 6-max Seat #4 is the button
Seat 3: Pepperlina ($66.30 in chips)
Seat 4: VolkovDmitri ($170.77 in chips)
VolkovDmitri: posts small blind $1
Pepperlina: posts big blind $3
*** HOLE CARDS ***
VolkovDmitri: raises $3 to $6
Pepperlina: calls $3
*** FLOP *** [5s 8d 5c]
Pepperlina: checks
VolkovDmitri: bets $3
Pepperlina: calls $3
*** TURN *** [5s 8d 5c] [Jh]
Pepperlina: checks
VolkovDmitri: checks
*** RIVER *** [5s 8d 5c Jh] [7h]
Pepperlina: bets $6
VolkovDmitri: calls $6
*** SHOW DOWN ***
Pepperlina: shows [5h 3s] (three of a kind, Fives)
VolkovDmitri: mucks hand
Pepperlina collected $29.50 from pot
*** SUMMARY ***
Total pot $30 | Rake $0.50
Board [5s 8d 5c Jh 7h]
Seat 3: Pepperlina (big blind) showed [5h 3s] and won ($29.50) with three of a kind, Fives
Seat 4: VolkovDmitri (button) (small blind) mucked


PokerStars Hand #174111115218:  Hold'em Limit ($3/$6 USD) - 2017/08/09 7:48:17 ET
Table 'Jabbah' 6-max Seat #3 is the button
Seat 3: Pepperlina ($80.80 in chips)
Seat 4: VolkovDmitri ($155.77 in chips)
Pepperlina: posts small blind $1
VolkovDmitri: posts big blind $3
*** HOLE CARDS ***
Pepperlina: raises $3 to $6
VolkovDmitri: raises $3 to $9
Pepperlina: calls $3
*** FLOP *** [2d 9h 3h]
VolkovDmitri: bets $3
Pepperlina: folds
Uncalled bet ($3) returned to VolkovDmitri
VolkovDmitri collected $17.64 from pot
VolkovDmitri: doesn't show hand
*** SUMMARY ***
Total pot $18 | Rake $0.36
Board [2d 9h 3h]
Seat 3: Pepperlina (button) (small blind) folded on the Flop
Seat 4: VolkovDmitri (big blind) collected ($17.64)


PokerStars Hand #174111123634:  Hold'em Limit ($3/$6 USD) - 2017/08/09 7:48:37 ET
Table 'Jabbah' 6-max Seat #4 is the button
Seat 3: Pepperlina ($71.80 in chips)
Seat 4: VolkovDmitri ($164.41 in chips)
VolkovDmitri: posts small blind $1
Pepperlina: posts big blind $3
*** HOLE CARDS ***
VolkovDmitri: folds
Uncalled bet ($2) returned to Pepperlina
Pepperlina collected $2 from pot
Pepperlina: doesn't show hand
*** SUMMARY ***
Total pot $2 | Rake $0
Seat 3: Pepperlina (big blind) collected ($2)
Seat 4: VolkovDmitri (button) (small blind) folded before Flop


PokerStars Hand #174111126554:  Hold'em Limit ($3/$6 USD) - 2017/08/09 7:48:44 ET
Table 'Jabbah' 6-max Seat #3 is the button
Seat 3: Pepperlina ($72.80 in chips)
Seat 4: VolkovDmitri ($163.41 in chips)
Pepperlina: posts small blind $1
VolkovDmitri: posts big blind $3
*** HOLE CARDS ***
Pepperlina: raises $3 to $6
VolkovDmitri: calls $3
*** FLOP *** [Ks 2h 8c]
VolkovDmitri: checks
Pepperlina: bets $3
VolkovDmitri: folds
Uncalled bet ($3) returned to Pepperlina
Pepperlina collected $11.76 from pot
Pepperlina: doesn't show hand
*** SUMMARY ***
Total pot $12 | Rake $0.24
Board [Ks 2h 8c]
Seat 3: Pepperlina (button) (small blind) collected ($11.76)
Seat 4: VolkovDmitri (big blind) folded on the Flop


PokerStars Hand #174111135900:  Hold'em Limit ($3/$6 USD) - 2017/08/09 7:49:06 ET
Table 'Jabbah' 6-max Seat #3 is the button
Seat 3: Pepperlina ($75.56 in chips)
Seat 4: VolkovDmitri ($160.41 in chips)
Pepperlina: posts small blind $1
VolkovDmitri: posts big blind $3
*** HOLE CARDS ***
Pepperlina: folds
Uncalled bet ($2) returned to VolkovDmitri
VolkovDmitri collected $2 from pot
VolkovDmitri: doesn't show hand
*** SUMMARY ***
Total pot $2 | Rake $0
Seat 3: Pepperlina (button) (small blind) folded before Flop
Seat 4: VolkovDmitri (big blind) collected ($2)


PokerStars Hand #174111133196:  Hold'em Limit ($3/$6 USD) - 2017/08/09 7:49:00 ET
Table 'Jabbah' 6-max Seat #4 is the button
Seat 3: Pepperlina ($78.56 in chips)
Seat 4: VolkovDmitri ($157.41 in chips)
VolkovDmitri: posts small blind $1
Pepperlina: posts big blind $3
*** HOLE CARDS ***
VolkovDmitri: raises $3 to $6
Pepperlina: folds
Uncalled bet ($3) returned to VolkovDmitri
VolkovDmitri collected $6 from pot
VolkovDmitri: doesn't show hand
*** SUMMARY ***
Total pot $6 | Rake $0
Seat 3: Pepperlina (big blind) folded before Flop
Seat 4: VolkovDmitri (button) (small blind) collected ($6)


PokerStars Hand #174111137780:  Hold'em Limit ($3/$6 USD) - 2017/08/09 7:49:11 ET
Table 'Jabbah' 6-max Seat #4 is the button
Seat 3: Pepperlina ($74.56 in chips)
Seat 4: VolkovDmitri ($161.41 in chips)
VolkovDmitri: posts small blind $1
Pepperlina: posts big blind $3
*** HOLE CARDS ***
VolkovDmitri: raises $3 to $6
Pepperlina: calls $3
*** FLOP *** [9h 4d 2h]
Pepperlina: checks
VolkovDmitri: bets $3
Pepperlina: calls $3
*** TURN *** [9h 4d 2h] [8d]
Pepperlina: checks
VolkovDmitri: bets $6
Pepperlina: calls $6
*** RIVER *** [9h 4d 2h 8d] [3d]
Pepperlina: checks
VolkovDmitri: checks
*** SHOW DOWN ***
Pepperlina: shows [7s 6d] (high card Nine)
VolkovDmitri: shows [Js 4s] (a pair of Fours)
VolkovDmitri collected $29.50 from pot
*** SUMMARY ***
Total pot $30 | Rake $0.50
Board [9h 4d 2h 8d 3d]
Seat 3: Pepperlina (big blind) showed [7s 6d] and lost with high card Nine
Seat 4: VolkovDmitri (button) (small blind) showed [Js 4s] and won ($29.50) with a pair of Fours


PokerStars Hand #174111157315:  Hold'em Limit ($3/$6 USD) - 2017/08/09 7:49:57 ET
Table 'Jabbah' 6-max Seat #3 is the button
Seat 3: Pepperlina ($59.56 in chips)
Seat 4: VolkovDmitri ($175.91 in chips)
Pepperlina: posts small blind $1
VolkovDmitri: posts big blind $3
*** HOLE CARDS ***
Pepperlina: raises $3 to $6
VolkovDmitri: calls $3
*** FLOP *** [3s 8d 6s]
VolkovDmitri: checks
Pepperlina: checks
*** TURN *** [3s 8d 6s] [3c]
VolkovDmitri: bets $6
Pepperlina: folds
Uncalled bet ($6) returned to VolkovDmitri
VolkovDmitri collected $11.76 from pot
VolkovDmitri: doesn't show hand
*** SUMMARY ***
Total pot $12 | Rake $0.24
Board [3s 8d 6s 3c]
Seat 3: Pepperlina (button) (small blind) folded on the Turn
Seat 4: VolkovDmitri (big blind) collected ($11.76)


PokerStars Hand #174111169525:  Hold'em Limit ($3/$6 USD) - 2017/08/09 7:50:26 ET
Table 'Jabbah' 6-max Seat #4 is the button
Seat 3: Pepperlina ($53.56 in chips)
Seat 4: VolkovDmitri ($181.67 in chips)
VolkovDmitri: posts small blind $1
Pepperlina: posts big blind $3
*** HOLE CARDS ***
VolkovDmitri: raises $3 to $6
Pepperlina: calls $3
*** FLOP *** [5d 8s Ks]
Pepperlina: checks
VolkovDmitri: bets $3
Pepperlina: calls $3
*** TURN *** [5d 8s Ks] [Ts]
Pepperlina: checks
VolkovDmitri: checks
*** RIVER *** [5d 8s Ks Ts] [7h]
Pepperlina: checks
VolkovDmitri: checks
*** SHOW DOWN ***
Pepperlina: shows [Qc 5c] (a pair of Fives)
VolkovDmitri: mucks hand
Pepperlina collected $17.64 from pot
*** SUMMARY ***
Total pot $18 | Rake $0.36
Board [5d 8s Ks Ts 7h]
Seat 3: Pepperlina (big blind) showed [Qc 5c] and won ($17.64) with a pair of Fives
Seat 4: VolkovDmitri (button) (small blind) mucked


PokerStars Hand #174111187494:  Hold'em Limit ($3/$6 USD) - 2017/08/09 7:51:08 ET
Table 'Jabbah' 6-max Seat #3 is the button
Seat 3: Pepperlina ($62.20 in chips)
Seat 4: VolkovDmitri ($172.67 in chips)
Pepperlina: posts small blind $1
VolkovDmitri: posts big blind $3
*** HOLE CARDS ***
Pepperlina: calls $2
VolkovDmitri: raises $3 to $6
Pepperlina: calls $3
*** FLOP *** [3s 2h 5h]
VolkovDmitri: checks
Pepperlina: bets $3
VolkovDmitri: calls $3
*** TURN *** [3s 2h 5h] [4c]
VolkovDmitri: bets $6
Pepperlina: calls $6
*** RIVER *** [3s 2h 5h 4c] [Qc]
VolkovDmitri: bets $6
Pepperlina: calls $6
*** SHOW DOWN ***
VolkovDmitri: shows [6s 7d] (a straight, Three to Seven)
Pepperlina: mucks hand
VolkovDmitri collected $41.50 from pot
*** SUMMARY ***
Total pot $42 | Rake $0.50
Board [3s 2h 5h 4c Qc]
Seat 3: Pepperlina (button) (small blind) mucked
Seat 4: VolkovDmitri (big blind) showed [6s 7d] and won ($41.50) with a straight, Three to Seven


PokerStars Hand #174111204529:  Hold'em Limit ($3/$6 USD) - 2017/08/09 7:51:48 ET
Table 'Jabbah' 6-max Seat #4 is the button
Seat 3: Pepperlina ($41.20 in chips)
Seat 4: VolkovDmitri ($193.17 in chips)
VolkovDmitri: posts small blind $1
Pepperlina: posts big blind $3
*** HOLE CARDS ***
VolkovDmitri: raises $3 to $6
Pepperlina: calls $3
*** FLOP *** [Th 4h 2h]
Pepperlina: checks
VolkovDmitri: bets $3
Pepperlina: raises $3 to $6
VolkovDmitri: calls $3
*** TURN *** [Th 4h 2h] [Ts]
Pepperlina: bets $6
VolkovDmitri: calls $6
*** RIVER *** [Th 4h 2h Ts] [6c]
Pepperlina: bets $6
VolkovDmitri: calls $6
*** SHOW DOWN ***
Pepperlina: shows [4s Ah] (two pair, Tens and Fours)
VolkovDmitri: shows [7h 6s] (two pair, Tens and Sixes)
VolkovDmitri collected $47.50 from pot
*** SUMMARY ***
Total pot $48 | Rake $0.50
Board [Th 4h 2h Ts 6c]
Seat 3: Pepperlina (big blind) showed [4s Ah] and lost with two pair, Tens and Fours
Seat 4: VolkovDmitri (button) (small blind) showed [7h 6s] and won ($47.50) with two pair, Tens and Sixes


PokerStars Hand #174111223079:  Hold'em Limit ($3/$6 USD) - 2017/08/09 7:52:32 ET
Table 'Jabbah' 6-max Seat #3 is the button
Seat 3: Pepperlina ($17.20 in chips)
Seat 4: VolkovDmitri ($216.67 in chips)
Pepperlina: posts small blind $1
VolkovDmitri: posts big blind $3
*** HOLE CARDS ***
Pepperlina: calls $2
VolkovDmitri: checks
*** FLOP *** [9h 2s 9s]
VolkovDmitri: checks
Pepperlina: checks
*** TURN *** [9h 2s 9s] [Ac]
VolkovDmitri: bets $6
Pepperlina: folds
Uncalled bet ($6) returned to VolkovDmitri
VolkovDmitri collected $5.88 from pot
VolkovDmitri: doesn't show hand
*** SUMMARY ***
Total pot $6 | Rake $0.12
Board [9h 2s 9s Ac]
Seat 3: Pepperlina (button) (small blind) folded on the Turn
Seat 4: VolkovDmitri (big blind) collected ($5.88)


