PokerStars Hand #153038153668:  Hold'em Limit ($3/$6 USD) - 2016/05/08 16:20:30 ET
Table 'Jabbah III' 6-max Seat #1 is the button
Seat 1: Velbor107 ($300 in chips)
Seat 3: NiktheDon ($120 in chips)
Velbor107: posts small blind $1
NiktheDon: posts big blind $3
*** HOLE CARDS ***
Velbor107: raises $3 to $6
NiktheDon: calls $3
*** FLOP *** [6c 4h 8s]
NiktheDon: checks
Velbor107: checks
*** TURN *** [6c 4h 8s] [7h]
NiktheDon: bets $6
Velbor107: folds
Uncalled bet ($6) returned to NiktheDon
NiktheDon collected $11.76 from pot
NiktheDon: doesn't show hand
*** SUMMARY ***
Total pot $12 | Rake $0.24
Board [6c 4h 8s 7h]
Seat 1: Velbor107 (button) (small blind) folded on the Turn
Seat 3: NiktheDon (big blind) collected ($11.76)


PokerStars Hand #153038178992:  Hold'em Limit ($3/$6 USD) - 2016/05/08 16:20:56 ET
Table 'Jabbah III' 6-max Seat #3 is the button
Seat 1: Velbor107 ($294 in chips)
Seat 3: NiktheDon ($125.76 in chips)
NiktheDon: posts small blind $1
Velbor107: posts big blind $3
*** HOLE CARDS ***
Fabulous108 joins the table at seat #4
NiktheDon: raises $3 to $6
Velbor107: calls $3
*** FLOP *** [Kc 6c 5s]
Velbor107: checks
NiktheDon: checks
*** TURN *** [Kc 6c 5s] [7c]
Velbor107: checks
NiktheDon: checks
*** RIVER *** [Kc 6c 5s 7c] [5h]
Velbor107: checks
baro881014 joins the table at seat #6
NiktheDon: bets $6
GoliafUa joins the table at seat #2
Velbor107: calls $6
*** SHOW DOWN ***
NiktheDon: shows [Ah Td] (a pair of Fives)
Velbor107: mucks hand
NiktheDon collected $23.52 from pot
*** SUMMARY ***
Total pot $24 | Rake $0.48
Board [Kc 6c 5s 7c 5h]
Seat 1: Velbor107 (big blind) mucked
Seat 3: NiktheDon (button) (small blind) showed [Ah Td] and won ($23.52) with a pair of Fives


PokerStars Hand #153038206812:  Hold'em Limit ($3/$6 USD) - 2016/05/08 16:21:24 ET
Table 'Jabbah III' 6-max Seat #1 is the button
Seat 1: Velbor107 ($282 in chips)
Seat 3: NiktheDon ($137.28 in chips)
Velbor107: posts small blind $1
NiktheDon: posts big blind $3
*** HOLE CARDS ***
Velbor107: raises $3 to $6
NiktheDon: raises $3 to $9
Velbor107: calls $3
*** FLOP *** [9s 7s Ad]
NiktheDon: checks
Velbor107: checks
*** TURN *** [9s 7s Ad] [6s]
NiktheDon: checks
buddhasway joins the table at seat #5
Velbor107: bets $6
NiktheDon: folds
Uncalled bet ($6) returned to Velbor107
Velbor107 collected $17.64 from pot
*** SUMMARY ***
Total pot $18 | Rake $0.36
Board [9s 7s Ad 6s]
Seat 1: Velbor107 (button) (small blind) collected ($17.64)
Seat 3: NiktheDon (big blind) folded on the Turn


PokerStars Hand #153039955006:  Hold'em Limit ($3/$6 USD) - 2016/05/08 16:51:46 ET
Table 'Jabbah III' 6-max Seat #4 is the button
Seat 2: lin1rabbit ($161.94 in chips)
Seat 4: Fabulous108 ($110.04 in chips)
Fabulous108: posts small blind $1
Widegermany was removed from the table for failing to post
Velbor107: is sitting out
lin1rabbit: posts big blind $3
*** HOLE CARDS ***
Velbor107 leaves the table
Fabulous108: folds
Uncalled bet ($2) returned to lin1rabbit
lin1rabbit collected $2 from pot
lin1rabbit: doesn't show hand
*** SUMMARY ***
Total pot $2 | Rake $0
Seat 2: lin1rabbit (big blind) collected ($2)
Seat 4: Fabulous108 (button) (small blind) folded before Flop


PokerStars Hand #153039963345:  Hold'em Limit ($3/$6 USD) - 2016/05/08 16:51:54 ET
Table 'Jabbah III' 6-max Seat #2 is the button
Seat 2: lin1rabbit ($162.94 in chips)
Seat 4: Fabulous108 ($109.04 in chips)
lin1rabbit: posts small blind $1
Fabulous108: posts big blind $3
*** HOLE CARDS ***
lin1rabbit: raises $3 to $6
Fabulous108: folds
Uncalled bet ($3) returned to lin1rabbit
lin1rabbit collected $6 from pot
*** SUMMARY ***
Total pot $6 | Rake $0
Seat 2: lin1rabbit (button) (small blind) collected ($6)
Seat 4: Fabulous108 (big blind) folded before Flop


