PokerStars Hand #148364676234:  Hold'em Limit ($3/$6 USD) - 2016/02/06 19:28:24 ET
Table 'Jabbah' 6-max Seat #1 is the button
Seat 1: Tibidear ($30.94 in chips)
Seat 6: skanQ ($122.19 in chips)
Tibidear: posts small blind $1
skanQ: posts big blind $3
*** HOLE CARDS ***
Tibidear: folds
Uncalled bet ($2) returned to skanQ
skanQ collected $2 from pot
skanQ: doesn't show hand
*** SUMMARY ***
Total pot $2 | Rake $0
Seat 1: Tibidear (button) (small blind) folded before Flop
Seat 6: skanQ (big blind) collected ($2)


PokerStars Hand #148364672489:  Hold'em Limit ($3/$6 USD) - 2016/02/06 19:28:18 ET
Table 'Jabbah' 6-max Seat #6 is the button
Seat 1: Tibidear ($29.94 in chips)
Seat 6: skanQ ($123.19 in chips)
skanQ: posts small blind $1
Tibidear: posts big blind $3
*** HOLE CARDS ***
skanQ: folds
Uncalled bet ($2) returned to Tibidear
Tibidear collected $2 from pot
Tibidear: shows [5c 3s] (high card Five)
*** SUMMARY ***
Total pot $2 | Rake $0
Seat 1: Tibidear (big blind) collected ($2)
Seat 6: skanQ (button) (small blind) folded before Flop


PokerStars Hand #148364668529:  Hold'em Limit ($3/$6 USD) - 2016/02/06 19:28:13 ET
Table 'Jabbah' 6-max Seat #1 is the button
Seat 1: Tibidear ($26.94 in chips)
Seat 6: skanQ ($126.19 in chips)
Tibidear: posts small blind $1
skanQ: posts big blind $3
*** HOLE CARDS ***
Tibidear: raises $3 to $6
skanQ: folds
Uncalled bet ($3) returned to Tibidear
Tibidear collected $6 from pot
Tibidear: doesn't show hand
*** SUMMARY ***
Total pot $6 | Rake $0
Seat 1: Tibidear (button) (small blind) collected ($6)
Seat 6: skanQ (big blind) folded before Flop


PokerStars Hand #148364665012:  Hold'em Limit ($3/$6 USD) - 2016/02/06 19:28:08 ET
Table 'Jabbah' 6-max Seat #6 is the button
Seat 1: Tibidear ($25.94 in chips)
Seat 6: skanQ ($127.19 in chips)
skanQ: posts small blind $1
Tibidear: posts big blind $3
*** HOLE CARDS ***
skanQ: folds
Uncalled bet ($2) returned to Tibidear
Tibidear collected $2 from pot
Tibidear: shows [7d 4s] (high card Seven)
*** SUMMARY ***
Total pot $2 | Rake $0
Seat 1: Tibidear (big blind) collected ($2)
Seat 6: skanQ (button) (small blind) folded before Flop


PokerStars Hand #148364661807:  Hold'em Limit ($3/$6 USD) - 2016/02/06 19:28:03 ET
Table 'Jabbah' 6-max Seat #1 is the button
Seat 1: Tibidear ($26.94 in chips)
Seat 6: skanQ ($126.19 in chips)
Tibidear: posts small blind $1
skanQ: posts big blind $3
*** HOLE CARDS ***
Tibidear: folds
Uncalled bet ($2) returned to skanQ
skanQ collected $2 from pot
skanQ: shows [Ah 8s] (high card Ace)
*** SUMMARY ***
Total pot $2 | Rake $0
Seat 1: Tibidear (button) (small blind) folded before Flop
Seat 6: skanQ (big blind) collected ($2)


PokerStars Hand #148364658720:  Hold'em Limit ($3/$6 USD) - 2016/02/06 19:27:59 ET
Table 'Jabbah' 6-max Seat #6 is the button
Seat 1: Tibidear ($25.94 in chips)
Seat 6: skanQ ($127.19 in chips)
skanQ: posts small blind $1
Tibidear: posts big blind $3
*** HOLE CARDS ***
skanQ: folds
Uncalled bet ($2) returned to Tibidear
Tibidear collected $2 from pot
*** SUMMARY ***
Total pot $2 | Rake $0
Seat 1: Tibidear (big blind) collected ($2)
Seat 6: skanQ (button) (small blind) folded before Flop


PokerStars Hand #148364654292:  Hold'em Limit ($3/$6 USD) - 2016/02/06 19:27:52 ET
Table 'Jabbah' 6-max Seat #1 is the button
Seat 1: Tibidear ($26.94 in chips)
Seat 6: skanQ ($126.19 in chips)
Tibidear: posts small blind $1
gazzzzzza: is sitting out
skanQ: posts big blind $3
*** HOLE CARDS ***
gazzzzzza leaves the table
Tibidear: folds
Uncalled bet ($2) returned to skanQ
skanQ collected $2 from pot
skanQ: doesn't show hand
*** SUMMARY ***
Total pot $2 | Rake $0
Seat 1: Tibidear (button) (small blind) folded before Flop
Seat 6: skanQ (big blind) collected ($2)


