PokerStars Hand #161677591519:  Hold'em Limit ($3/$6 USD) - 2016/11/20 4:56:05 ET
Table 'Jabbah II' 6-max Seat #6 is the button
Seat 5: dragon1893 ($150 in chips)
Seat 6: sinsadir ($120 in chips)
sinsadir: posts small blind $1
dragon1893: posts big blind $3
*** HOLE CARDS ***
kingj1978 joins the table at seat #4
sinsadir: raises $3 to $6
dragon1893: folds
Uncalled bet ($3) returned to sinsadir
sinsadir collected $6 from pot
sinsadir: doesn't show hand
*** SUMMARY ***
Total pot $6 | Rake $0
Seat 5: dragon1893 (big blind) folded before Flop
Seat 6: sinsadir (button) (small blind) collected ($6)


PokerStars Hand #161677598588:  Hold'em Limit ($3/$6 USD) - 2016/11/20 4:56:23 ET
Table 'Jabbah II' 6-max Seat #5 is the button
Seat 5: dragon1893 ($150 in chips)
Seat 6: sinsadir ($123 in chips)
dragon1893: posts small blind $1
sinsadir: posts big blind $3
*** HOLE CARDS ***
dragon1893: raises $3 to $6
sinsadir: calls $3
*** FLOP *** [Ad Tc 4h]
sinsadir: checks
dragon1893: bets $3
sinsadir: folds
Uncalled bet ($3) returned to dragon1893
dragon1893 collected $11.76 from pot
dragon1893: doesn't show hand
*** SUMMARY ***
Total pot $12 | Rake $0.24
Board [Ad Tc 4h]
Seat 5: dragon1893 (button) (small blind) collected ($11.76)
Seat 6: sinsadir (big blind) folded on the Flop


PokerStars Hand #161677632045:  Hold'em Limit ($3/$6 USD) - 2016/11/20 4:57:47 ET
Table 'Jabbah II' 6-max Seat #4 is the button
Seat 4: kingj1978 ($40.89 in chips)
Seat 6: sinsadir ($99 in chips)
gaojunlin28 will be allowed to play after the button
kingj1978: posts small blind $1
dragon1893: is sitting out
sinsadir: posts big blind $3
*** HOLE CARDS ***
kingj1978: raises $3 to $6
sinsadir: folds
Uncalled bet ($3) returned to kingj1978
kingj1978 collected $6 from pot
Artem111999 joins the table at seat #2
*** SUMMARY ***
Total pot $6 | Rake $0
Seat 4: kingj1978 (button) (small blind) collected ($6)
Seat 6: sinsadir (big blind) folded before Flop


PokerStars Hand #161680622988:  Hold'em Limit ($3/$6 USD) - 2016/11/20 6:37:26 ET
Table 'Jabbah II' 6-max Seat #3 is the button
Seat 2: thenuts999 ($82.04 in chips)
Seat 3: Pelurile ($109.37 in chips)
Pelurile: posts small blind $1
yoyoma7777: is sitting out
thenuts999: posts big blind $3
*** HOLE CARDS ***
Pelurile: raises $3 to $6
yoyoma7777 leaves the table
thenuts999: folds
Uncalled bet ($3) returned to Pelurile
Pelurile collected $6 from pot
Pelurile: doesn't show hand
*** SUMMARY ***
Total pot $6 | Rake $0
Seat 2: thenuts999 (big blind) folded before Flop
Seat 3: Pelurile (button) (small blind) collected ($6)


PokerStars Hand #161680631317:  Hold'em Limit ($3/$6 USD) - 2016/11/20 6:37:41 ET
Table 'Jabbah II' 6-max Seat #2 is the button
Seat 2: thenuts999 ($79.04 in chips)
Seat 3: Pelurile ($112.37 in chips)
thenuts999: posts small blind $1
Pelurile: posts big blind $3
*** HOLE CARDS ***
thenuts999: folds
Uncalled bet ($2) returned to Pelurile
Pelurile collected $2 from pot
Pelurile: doesn't show hand
*** SUMMARY ***
Total pot $2 | Rake $0
Seat 2: thenuts999 (button) (small blind) folded before Flop
Seat 3: Pelurile (big blind) collected ($2)


