PokerStars Hand #170817401009:  Hold'em Limit ($3/$6 USD) - 2017/05/23 13:59:18 ET
Table 'Jablunka' 6-max Seat #4 is the button
Seat 4: FHstyles ($64 in chips)
Seat 6: 19woody58 ($58.89 in chips)
FHstyles: posts small blind $1
19woody58: posts big blind $3
*** HOLE CARDS ***
FHstyles: raises $3 to $6
19woody58: calls $3
*** FLOP *** [6d Kh Th]
19woody58: checks
FHstyles: bets $3
19woody58: calls $3
*** TURN *** [6d Kh Th] [Jd]
19woody58: checks
FHstyles: checks
*** RIVER *** [6d Kh Th Jd] [2h]
19woody58: bets $6
FHstyles: calls $6
*** SHOW DOWN ***
19woody58: shows [4d 8d] (high card King)
FHstyles: shows [Ts 5d] (a pair of Tens)
FHstyles collected $29.50 from pot
*** SUMMARY ***
Total pot $30 | Rake $0.50
Board [6d Kh Th Jd 2h]
Seat 4: FHstyles (button) (small blind) showed [Ts 5d] and won ($29.50) with a pair of Tens
Seat 6: 19woody58 (big blind) showed [4d 8d] and lost with high card King


PokerStars Hand #170817397488:  Hold'em Limit ($3/$6 USD) - 2017/05/23 13:59:13 ET
Table 'Jablunka' 6-max Seat #6 is the button
Seat 4: FHstyles ($63 in chips)
Seat 6: 19woody58 ($59.89 in chips)
vestimokrec joins the table at seat #1
19woody58: posts small blind $1
FHstyles: posts big blind $3
*** HOLE CARDS ***
19woody58: folds
Uncalled bet ($2) returned to FHstyles
FHstyles collected $2 from pot
*** SUMMARY ***
Total pot $2 | Rake $0
Seat 4: FHstyles (big blind) collected ($2)
Seat 6: 19woody58 (button) (small blind) folded before Flop


PokerStars Hand #170817526707:  Hold'em Limit ($3/$6 USD) - 2017/05/23 14:02:23 ET
Table 'Jablunka' 6-max Seat #4 is the button
Seat 1: vestimokrec ($167.48 in chips)
Seat 4: FHstyles ($69.96 in chips)
dobber888 will be allowed to play after the button
FHstyles: posts small blind $1
vestimokrec: posts big blind $3
*** HOLE CARDS ***
FHstyles: raises $3 to $6
19woody58 leaves the table
vestimokrec: folds
Uncalled bet ($3) returned to FHstyles
FHstyles collected $6 from pot
*** SUMMARY ***
Total pot $6 | Rake $0
Seat 1: vestimokrec (big blind) folded before Flop
Seat 4: FHstyles (button) (small blind) collected ($6)


