PokerStars Hand #154144656393:  Hold'em Limit ($3/$6 USD) - 2016/06/01 12:55:26 ET
Table 'Jacchia' 6-max Seat #6 is the button
Seat 4: Actionni13 ($150 in chips)
Seat 6: 19woody58 ($120 in chips)
19woody58: posts small blind $1
Actionni13: posts big blind $3
*** HOLE CARDS ***
19woody58: calls $2
Actionni13: raises $3 to $6
19woody58: calls $3
*** FLOP *** [3d 9h 8d]
Actionni13: bets $3
19woody58: calls $3
*** TURN *** [3d 9h 8d] [Qc]
Actionni13: bets $6
19woody58: calls $6
*** RIVER *** [3d 9h 8d Qc] [8h]
Actionni13: bets $6
19woody58: folds
Uncalled bet ($6) returned to Actionni13
Actionni13 collected $29.50 from pot
Actionni13: doesn't show hand
*** SUMMARY ***
Total pot $30 | Rake $0.50
Board [3d 9h 8d Qc 8h]
Seat 4: Actionni13 (big blind) collected ($29.50)
Seat 6: 19woody58 (button) (small blind) folded on the River


PokerStars Hand #154144673434:  Hold'em Limit ($3/$6 USD) - 2016/06/01 12:55:55 ET
Table 'Jacchia' 6-max Seat #4 is the button
Seat 4: Actionni13 ($164.50 in chips)
Seat 6: 19woody58 ($105 in chips)
Actionni13: posts small blind $1
19woody58: posts big blind $3
*** HOLE CARDS ***
Actionni13: raises $3 to $6
19woody58: calls $3
*** FLOP *** [6s Js 2s]
19woody58: checks
Actionni13: bets $3
19woody58: calls $3
*** TURN *** [6s Js 2s] [3h]
19woody58: checks
Actionni13: checks
*** RIVER *** [6s Js 2s 3h] [7s]
19woody58: bets $6
Actionni13: folds
Uncalled bet ($6) returned to 19woody58
19woody58 collected $17.64 from pot
19woody58: doesn't show hand
*** SUMMARY ***
Total pot $18 | Rake $0.36
Board [6s Js 2s 3h 7s]
Seat 4: Actionni13 (button) (small blind) folded on the River
Seat 6: 19woody58 (big blind) collected ($17.64)


PokerStars Hand #154144687804:  Hold'em Limit ($3/$6 USD) - 2016/06/01 12:56:19 ET
Table 'Jacchia' 6-max Seat #6 is the button
Seat 4: Actionni13 ($155.50 in chips)
Seat 6: 19woody58 ($113.64 in chips)
19woody58: posts small blind $1
Actionni13: posts big blind $3
*** HOLE CARDS ***
19woody58: folds
Uncalled bet ($2) returned to Actionni13
Actionni13 collected $2 from pot
Actionni13: doesn't show hand
*** SUMMARY ***
Total pot $2 | Rake $0
Seat 4: Actionni13 (big blind) collected ($2)
Seat 6: 19woody58 (button) (small blind) folded before Flop


PokerStars Hand #154144690713:  Hold'em Limit ($3/$6 USD) - 2016/06/01 12:56:24 ET
Table 'Jacchia' 6-max Seat #4 is the button
Seat 4: Actionni13 ($156.50 in chips)
Seat 6: 19woody58 ($112.64 in chips)
Actionni13: posts small blind $1
19woody58: posts big blind $3
*** HOLE CARDS ***
Actionni13: raises $3 to $6
19woody58: calls $3
*** FLOP *** [8h Ac Qh]
19woody58: checks
Actionni13: bets $3
19woody58: calls $3
*** TURN *** [8h Ac Qh] [4d]
19woody58: checks
Actionni13: checks
*** RIVER *** [8h Ac Qh 4d] [6h]
19woody58: checks
Actionni13: bets $6
19woody58: calls $6
*** SHOW DOWN ***
Actionni13: shows [Js Jh] (a pair of Jacks)
19woody58: shows [Qc 3c] (a pair of Queens)
19woody58 collected $29.50 from pot
*** SUMMARY ***
Total pot $30 | Rake $0.50
Board [8h Ac Qh 4d 6h]
Seat 4: Actionni13 (button) (small blind) showed [Js Jh] and lost with a pair of Jacks
Seat 6: 19woody58 (big blind) showed [Qc 3c] and won ($29.50) with a pair of Queens


PokerStars Hand #154144706786:  Hold'em Limit ($3/$6 USD) - 2016/06/01 12:56:51 ET
Table 'Jacchia' 6-max Seat #6 is the button
Seat 4: Actionni13 ($150 in chips)
Seat 6: 19woody58 ($127.14 in chips)
19woody58: posts small blind $1
Actionni13: posts big blind $3
*** HOLE CARDS ***
19woody58: calls $2
Actionni13: checks
*** FLOP *** [Td Th Qs]
Actionni13: checks
19woody58: bets $3
Actionni13: folds
Uncalled bet ($3) returned to 19woody58
19woody58 collected $5.88 from pot
19woody58: doesn't show hand
*** SUMMARY ***
Total pot $6 | Rake $0.12
Board [Td Th Qs]
Seat 4: Actionni13 (big blind) folded on the Flop
Seat 6: 19woody58 (button) (small blind) collected ($5.88)


PokerStars Hand #154144717322:  Hold'em Limit ($3/$6 USD) - 2016/06/01 12:57:09 ET
Table 'Jacchia' 6-max Seat #4 is the button
Seat 4: Actionni13 ($150 in chips)
Seat 6: 19woody58 ($130.02 in chips)
Actionni13: posts small blind $1
19woody58: posts big blind $3
*** HOLE CARDS ***
Actionni13: raises $3 to $6
19woody58: folds
Uncalled bet ($3) returned to Actionni13
Actionni13 collected $6 from pot
Actionni13: doesn't show hand
*** SUMMARY ***
Total pot $6 | Rake $0
Seat 4: Actionni13 (button) (small blind) collected ($6)
Seat 6: 19woody58 (big blind) folded before Flop


PokerStars Hand #154144721130:  Hold'em Limit ($3/$6 USD) - 2016/06/01 12:57:15 ET
Table 'Jacchia' 6-max Seat #6 is the button
Seat 4: Actionni13 ($153 in chips)
Seat 6: 19woody58 ($127.02 in chips)
19woody58: posts small blind $1
Actionni13: posts big blind $3
*** HOLE CARDS ***
19woody58: raises $3 to $6
Actionni13: calls $3
*** FLOP *** [Ad 2c 9s]
Actionni13: checks
19woody58: checks
*** TURN *** [Ad 2c 9s] [3d]
Actionni13: checks
19woody58: checks
*** RIVER *** [Ad 2c 9s 3d] [6c]
Actionni13: checks
19woody58: checks
*** SHOW DOWN ***
Actionni13: shows [4s Ks] (high card Ace)
19woody58: shows [Kc Tc] (high card Ace - King+Ten kicker)
19woody58 collected $11.76 from pot
*** SUMMARY ***
Total pot $12 | Rake $0.24
Board [Ad 2c 9s 3d 6c]
Seat 4: Actionni13 (big blind) showed [4s Ks] and lost with high card Ace
Seat 6: 19woody58 (button) (small blind) showed [Kc Tc] and won ($11.76) with high card Ace


PokerStars Hand #154144733306:  Hold'em Limit ($3/$6 USD) - 2016/06/01 12:57:35 ET
Table 'Jacchia' 6-max Seat #4 is the button
Seat 4: Actionni13 ($150 in chips)
Seat 6: 19woody58 ($132.78 in chips)
Actionni13: posts small blind $1
19woody58: posts big blind $3
*** HOLE CARDS ***
Actionni13: raises $3 to $6
19woody58: calls $3
*** FLOP *** [Kc 9s 6h]
19woody58: checks
Actionni13: bets $3
19woody58: calls $3
*** TURN *** [Kc 9s 6h] [Qh]
19woody58: checks
Actionni13: checks
*** RIVER *** [Kc 9s 6h Qh] [7h]
19woody58: checks
Actionni13: checks
*** SHOW DOWN ***
19woody58: shows [Qc 6c] (two pair, Queens and Sixes)
Actionni13: mucks hand
19woody58 collected $17.64 from pot
*** SUMMARY ***
Total pot $18 | Rake $0.36
Board [Kc 9s 6h Qh 7h]
Seat 4: Actionni13 (button) (small blind) mucked
Seat 6: 19woody58 (big blind) showed [Qc 6c] and won ($17.64) with two pair, Queens and Sixes


PokerStars Hand #154144747446:  Hold'em Limit ($3/$6 USD) - 2016/06/01 12:57:59 ET
Table 'Jacchia' 6-max Seat #6 is the button
Seat 4: Actionni13 ($150 in chips)
Seat 6: 19woody58 ($141.42 in chips)
19woody58: posts small blind $1
Actionni13: posts big blind $3
*** HOLE CARDS ***
19woody58: calls $2
Actionni13: checks
*** FLOP *** [Tc Kd 3c]
Actionni13: bets $3
19woody58: folds
Uncalled bet ($3) returned to Actionni13
Actionni13 collected $5.88 from pot
Actionni13: doesn't show hand
*** SUMMARY ***
Total pot $6 | Rake $0.12
Board [Tc Kd 3c]
Seat 4: Actionni13 (big blind) collected ($5.88)
Seat 6: 19woody58 (button) (small blind) folded on the Flop


PokerStars Hand #154144754313:  Hold'em Limit ($3/$6 USD) - 2016/06/01 12:58:11 ET
Table 'Jacchia' 6-max Seat #4 is the button
Seat 4: Actionni13 ($152.88 in chips)
Seat 6: 19woody58 ($138.42 in chips)
Actionni13: posts small blind $1
19woody58: posts big blind $3
*** HOLE CARDS ***
Actionni13: raises $3 to $6
19woody58: calls $3
*** FLOP *** [Kd 4c Jh]
19woody58: checks
Actionni13: bets $3
19woody58: calls $3
*** TURN *** [Kd 4c Jh] [6d]
19woody58: checks
Actionni13: bets $6
19woody58: folds
Uncalled bet ($6) returned to Actionni13
Actionni13 collected $17.64 from pot
Actionni13: doesn't show hand
*** SUMMARY ***
Total pot $18 | Rake $0.36
Board [Kd 4c Jh 6d]
Seat 4: Actionni13 (button) (small blind) collected ($17.64)
Seat 6: 19woody58 (big blind) folded on the Turn


PokerStars Hand #154144764908:  Hold'em Limit ($3/$6 USD) - 2016/06/01 12:58:28 ET
Table 'Jacchia' 6-max Seat #6 is the button
Seat 4: Actionni13 ($161.52 in chips)
Seat 6: 19woody58 ($129.42 in chips)
19woody58: posts small blind $1
Actionni13: posts big blind $3
*** HOLE CARDS ***
19woody58: calls $2
Actionni13: checks
*** FLOP *** [9h 7c 6h]
Actionni13: bets $3
19woody58: calls $3
*** TURN *** [9h 7c 6h] [6d]
Actionni13: bets $6
19woody58: raises $6 to $12
Actionni13: folds
Uncalled bet ($6) returned to 19woody58
19woody58 collected $23.52 from pot
19woody58: doesn't show hand
*** SUMMARY ***
Total pot $24 | Rake $0.48
Board [9h 7c 6h 6d]
Seat 4: Actionni13 (big blind) folded on the Turn
Seat 6: 19woody58 (button) (small blind) collected ($23.52)


PokerStars Hand #154144778857:  Hold'em Limit ($3/$6 USD) - 2016/06/01 12:58:51 ET
Table 'Jacchia' 6-max Seat #6 is the button
Seat 4: Actionni13 ($153 in chips)
Seat 6: 19woody58 ($137.94 in chips)
19woody58: posts small blind $1
Actionni13: posts big blind $3
*** HOLE CARDS ***
19woody58: calls $2
Actionni13: checks
*** FLOP *** [5s 2s Th]
Actionni13: bets $3
19woody58: calls $3
*** TURN *** [5s 2s Th] [Jh]
Actionni13: bets $6
19woody58: folds
Uncalled bet ($6) returned to Actionni13
Actionni13 collected $11.76 from pot
Actionni13: doesn't show hand
*** SUMMARY ***
Total pot $12 | Rake $0.24
Board [5s 2s Th Jh]
Seat 4: Actionni13 (big blind) collected ($11.76)
Seat 6: 19woody58 (button) (small blind) folded on the Turn


PokerStars Hand #154144796676:  Hold'em Limit ($3/$6 USD) - 2016/06/01 12:59:21 ET
Table 'Jacchia' 6-max Seat #6 is the button
Seat 4: Actionni13 ($161.76 in chips)
Seat 6: 19woody58 ($128.94 in chips)
19woody58: posts small blind $1
Actionni13: posts big blind $3
*** HOLE CARDS ***
19woody58: calls $2
Actionni13: checks
*** FLOP *** [9h Jc 8d]
Actionni13: bets $3
19woody58: calls $3
*** TURN *** [9h Jc 8d] [9c]
Actionni13: bets $6
19woody58: calls $6
*** RIVER *** [9h Jc 8d 9c] [Kh]
Actionni13: bets $6
19woody58: folds
Uncalled bet ($6) returned to Actionni13
Actionni13 collected $23.52 from pot
Actionni13: doesn't show hand
*** SUMMARY ***
Total pot $24 | Rake $0.48
Board [9h Jc 8d 9c Kh]
Seat 4: Actionni13 (big blind) collected ($23.52)
Seat 6: 19woody58 (button) (small blind) folded on the River


PokerStars Hand #154144810712:  Hold'em Limit ($3/$6 USD) - 2016/06/01 12:59:44 ET
Table 'Jacchia' 6-max Seat #4 is the button
Seat 4: Actionni13 ($173.28 in chips)
Seat 6: 19woody58 ($116.94 in chips)
Actionni13: posts small blind $1
19woody58: posts big blind $3
*** HOLE CARDS ***
Actionni13: raises $3 to $6
19woody58: calls $3
*** FLOP *** [Th 9c 8c]
19woody58: checks
Actionni13: bets $3
19woody58: calls $3
*** TURN *** [Th 9c 8c] [7d]
19woody58: checks
Actionni13: checks
*** RIVER *** [Th 9c 8c 7d] [2s]
19woody58: bets $6
Actionni13: calls $6
*** SHOW DOWN ***
19woody58: shows [8d 9s] (two pair, Nines and Eights)
Actionni13: mucks hand
19woody58 collected $29.50 from pot
*** SUMMARY ***
Total pot $30 | Rake $0.50
Board [Th 9c 8c 7d 2s]
Seat 4: Actionni13 (button) (small blind) mucked
Seat 6: 19woody58 (big blind) showed [8d 9s] and won ($29.50) with two pair, Nines and Eights


PokerStars Hand #154144826494:  Hold'em Limit ($3/$6 USD) - 2016/06/01 13:00:09 ET
Table 'Jacchia' 6-max Seat #6 is the button
Seat 4: Actionni13 ($158.28 in chips)
Seat 6: 19woody58 ($131.44 in chips)
19woody58: posts small blind $1
Actionni13: posts big blind $3
*** HOLE CARDS ***
19woody58: folds
Uncalled bet ($2) returned to Actionni13
Actionni13 collected $2 from pot
Actionni13: doesn't show hand
*** SUMMARY ***
Total pot $2 | Rake $0
Seat 4: Actionni13 (big blind) collected ($2)
Seat 6: 19woody58 (button) (small blind) folded before Flop


PokerStars Hand #154144829612:  Hold'em Limit ($3/$6 USD) - 2016/06/01 13:00:14 ET
Table 'Jacchia' 6-max Seat #4 is the button
Seat 4: Actionni13 ($159.28 in chips)
Seat 6: 19woody58 ($130.44 in chips)
Actionni13: posts small blind $1
19woody58: posts big blind $3
*** HOLE CARDS ***
Actionni13: raises $3 to $6
19woody58: folds
Uncalled bet ($3) returned to Actionni13
Actionni13 collected $6 from pot
Actionni13: doesn't show hand
*** SUMMARY ***
Total pot $6 | Rake $0
Seat 4: Actionni13 (button) (small blind) collected ($6)
Seat 6: 19woody58 (big blind) folded before Flop


PokerStars Hand #154144854730:  Hold'em Limit ($3/$6 USD) - 2016/06/01 13:00:54 ET
Table 'Jacchia' 6-max Seat #4 is the button
Seat 4: Actionni13 ($159.28 in chips)
Seat 6: 19woody58 ($130.32 in chips)
Actionni13: posts small blind $1
19woody58: posts big blind $3
*** HOLE CARDS ***
Actionni13: folds
Uncalled bet ($2) returned to 19woody58
19woody58 collected $2 from pot
19woody58: doesn't show hand
*** SUMMARY ***
Total pot $2 | Rake $0
Seat 4: Actionni13 (button) (small blind) folded before Flop
Seat 6: 19woody58 (big blind) collected ($2)


PokerStars Hand #154144836249:  Hold'em Limit ($3/$6 USD) - 2016/06/01 13:00:25 ET
Table 'Jacchia' 6-max Seat #6 is the button
Seat 4: Actionni13 ($162.28 in chips)
Seat 6: 19woody58 ($127.44 in chips)
19woody58: posts small blind $1
Actionni13: posts big blind $3
*** HOLE CARDS ***
19woody58: calls $2
Actionni13: checks
*** FLOP *** [7c 4d 5d]
Actionni13: checks
19woody58: checks
*** TURN *** [7c 4d 5d] [Ts]
Actionni13: checks
19woody58: bets $6
Actionni13: folds
Uncalled bet ($6) returned to 19woody58
19woody58 collected $5.88 from pot
19woody58: doesn't show hand
*** SUMMARY ***
Total pot $6 | Rake $0.12
Board [7c 4d 5d Ts]
Seat 4: Actionni13 (big blind) folded on the Turn
Seat 6: 19woody58 (button) (small blind) collected ($5.88)


PokerStars Hand #154144862138:  Hold'em Limit ($3/$6 USD) - 2016/06/01 13:01:05 ET
Table 'Jacchia' 6-max Seat #4 is the button
Seat 4: Actionni13 ($159.28 in chips)
Seat 6: 19woody58 ($130.32 in chips)
Actionni13: posts small blind $1
19woody58: posts big blind $3
*** HOLE CARDS ***
Actionni13: raises $3 to $6
19woody58: folds
Uncalled bet ($3) returned to Actionni13
Actionni13 collected $6 from pot
Actionni13: doesn't show hand
*** SUMMARY ***
Total pot $6 | Rake $0
Seat 4: Actionni13 (button) (small blind) collected ($6)
Seat 6: 19woody58 (big blind) folded before Flop


PokerStars Hand #154144858387:  Hold'em Limit ($3/$6 USD) - 2016/06/01 13:00:59 ET
Table 'Jacchia' 6-max Seat #6 is the button
Seat 4: Actionni13 ($158.28 in chips)
Seat 6: 19woody58 ($131.32 in chips)
19woody58: posts small blind $1
Actionni13: posts big blind $3
*** HOLE CARDS ***
19woody58: folds
Uncalled bet ($2) returned to Actionni13
Actionni13 collected $2 from pot
Actionni13: doesn't show hand
*** SUMMARY ***
Total pot $2 | Rake $0
Seat 4: Actionni13 (big blind) collected ($2)
Seat 6: 19woody58 (button) (small blind) folded before Flop


PokerStars Hand #154144869822:  Hold'em Limit ($3/$6 USD) - 2016/06/01 13:01:16 ET
Table 'Jacchia' 6-max Seat #4 is the button
Seat 4: Actionni13 ($163.28 in chips)
Seat 6: 19woody58 ($126.32 in chips)
Actionni13: posts small blind $1
19woody58: posts big blind $3
*** HOLE CARDS ***
Actionni13: raises $3 to $6
19woody58: folds
Uncalled bet ($3) returned to Actionni13
Actionni13 collected $6 from pot
Actionni13: doesn't show hand
*** SUMMARY ***
Total pot $6 | Rake $0
Seat 4: Actionni13 (button) (small blind) collected ($6)
Seat 6: 19woody58 (big blind) folded before Flop


PokerStars Hand #154144866510:  Hold'em Limit ($3/$6 USD) - 2016/06/01 13:01:11 ET
Table 'Jacchia' 6-max Seat #6 is the button
Seat 4: Actionni13 ($162.28 in chips)
Seat 6: 19woody58 ($127.32 in chips)
19woody58: posts small blind $1
Actionni13: posts big blind $3
*** HOLE CARDS ***
19woody58: folds
Uncalled bet ($2) returned to Actionni13
Actionni13 collected $2 from pot
Actionni13: doesn't show hand
*** SUMMARY ***
Total pot $2 | Rake $0
Seat 4: Actionni13 (big blind) collected ($2)
Seat 6: 19woody58 (button) (small blind) folded before Flop


PokerStars Hand #154144891548:  Hold'em Limit ($3/$6 USD) - 2016/06/01 13:01:46 ET
Table 'Jacchia' 6-max Seat #4 is the button
Seat 4: Actionni13 ($172.04 in chips)
Seat 6: 19woody58 ($117.32 in chips)
Actionni13: posts small blind $1
19woody58: posts big blind $3
*** HOLE CARDS ***
Actionni13: folds
Uncalled bet ($2) returned to 19woody58
19woody58 collected $2 from pot
19woody58: doesn't show hand
*** SUMMARY ***
Total pot $2 | Rake $0
Seat 4: Actionni13 (button) (small blind) folded before Flop
Seat 6: 19woody58 (big blind) collected ($2)


PokerStars Hand #154144873481:  Hold'em Limit ($3/$6 USD) - 2016/06/01 13:01:21 ET
Table 'Jacchia' 6-max Seat #6 is the button
Seat 4: Actionni13 ($166.28 in chips)
Seat 6: 19woody58 ($123.32 in chips)
19woody58: posts small blind $1
Actionni13: posts big blind $3
*** HOLE CARDS ***
Mrnolimit86 joins the table at seat #2
19woody58: calls $2
Actionni13: checks
*** FLOP *** [Ad 7c Qs]
Actionni13: bets $3
19woody58: calls $3
*** TURN *** [Ad 7c Qs] [3h]
Actionni13: checks
19woody58: checks
*** RIVER *** [Ad 7c Qs 3h] [2h]
Actionni13: checks
19woody58: checks
*** SHOW DOWN ***
Actionni13: shows [6h 3c] (a pair of Threes)
19woody58: mucks hand
Actionni13 collected $11.76 from pot
*** SUMMARY ***
Total pot $12 | Rake $0.24
Board [Ad 7c Qs 3h 2h]
Seat 4: Actionni13 (big blind) showed [6h 3c] and won ($11.76) with a pair of Threes
Seat 6: 19woody58 (button) (small blind) mucked


PokerStars Hand #154145323032:  Hold'em Limit ($3/$6 USD) - 2016/06/01 13:11:09 ET
Table 'Jacchia' 6-max Seat #1 is the button
Seat 1: Luanto 14 ($348.72 in chips)
Seat 4: Actionni13 ($181.76 in chips)
Luanto 14: posts small blind $1
Actionni13: posts big blind $3
*** HOLE CARDS ***
Luanto 14: raises $3 to $6
Actionni13: calls $3
*** FLOP *** [Ah 7c Th]
Actionni13: checks
Luanto 14: bets $3
Actionni13: folds
Uncalled bet ($3) returned to Luanto 14
Luanto 14 collected $11.76 from pot
Luanto 14: doesn't show hand
*** SUMMARY ***
Total pot $12 | Rake $0.24
Board [Ah 7c Th]
Seat 1: Luanto 14 (button) (small blind) collected ($11.76)
Seat 4: Actionni13 (big blind) folded on the Flop


