PokerStars Hand #170379123303:  Hold'em Limit ($3/$6 USD) - 2017/05/13 17:36:13 ET
Table 'Jacchia' 6-max Seat #4 is the button
Seat 2: MadFox666 ($119.75 in chips)
Seat 4: Actionni13 ($150 in chips)
Actionni13: posts small blind $1
MadFox666: posts big blind $3
*** HOLE CARDS ***
Actionni13: raises $3 to $6
MadFox666: calls $3
*** FLOP *** [8d 8h Kh]
MadFox666: checks
Actionni13: bets $3
MadFox666: raises $3 to $6
Actionni13: calls $3
*** TURN *** [8d 8h Kh] [Kc]
MadFox666: bets $6
Actionni13: calls $6
*** RIVER *** [8d 8h Kh Kc] [Tc]
MadFox666: bets $6
Actionni13: raises $6 to $12
MadFox666: folds
Uncalled bet ($6) returned to Actionni13
Actionni13 collected $47.50 from pot
Actionni13: doesn't show hand
*** SUMMARY ***
Total pot $48 | Rake $0.50
Board [8d 8h Kh Kc Tc]
Seat 2: MadFox666 (big blind) folded on the River
Seat 4: Actionni13 (button) (small blind) collected ($47.50)


PokerStars Hand #170379175839:  Hold'em Limit ($3/$6 USD) - 2017/05/13 17:37:18 ET
Table 'Jacchia' 6-max Seat #2 is the button
Seat 2: MadFox666 ($122.25 in chips)
Seat 4: Actionni13 ($153 in chips)
MadFox666: posts small blind $1
Actionni13: posts big blind $3
*** HOLE CARDS ***
MadFox666: raises $3 to $6
Actionni13: calls $3
*** FLOP *** [6h Ks 2h]
Actionni13: checks
MadFox666: bets $3
Actionni13: calls $3
*** TURN *** [6h Ks 2h] [3s]
Actionni13: checks
MadFox666: bets $6
Actionni13: folds
Uncalled bet ($6) returned to MadFox666
MadFox666 collected $17.64 from pot
MadFox666: doesn't show hand
*** SUMMARY ***
Total pot $18 | Rake $0.36
Board [6h Ks 2h 3s]
Seat 2: MadFox666 (button) (small blind) collected ($17.64)
Seat 4: Actionni13 (big blind) folded on the Turn


PokerStars Hand #170379197291:  Hold'em Limit ($3/$6 USD) - 2017/05/13 17:37:46 ET
Table 'Jacchia' 6-max Seat #2 is the button
Seat 2: MadFox666 ($131.89 in chips)
Seat 4: Actionni13 ($150 in chips)
MadFox666: posts small blind $1
Actionni13: posts big blind $3
*** HOLE CARDS ***
MadFox666: raises $3 to $6
Actionni13: folds
Uncalled bet ($3) returned to MadFox666
MadFox666 collected $6 from pot
MadFox666: doesn't show hand
*** SUMMARY ***
Total pot $6 | Rake $0
Seat 2: MadFox666 (button) (small blind) collected ($6)
Seat 4: Actionni13 (big blind) folded before Flop


PokerStars Hand #170379190346:  Hold'em Limit ($3/$6 USD) - 2017/05/13 17:37:37 ET
Table 'Jacchia' 6-max Seat #4 is the button
Seat 2: MadFox666 ($130.89 in chips)
Seat 4: Actionni13 ($150 in chips)
Actionni13: posts small blind $1
MadFox666: posts big blind $3
*** HOLE CARDS ***
Actionni13: folds
Uncalled bet ($2) returned to MadFox666
MadFox666 collected $2 from pot
MadFox666: doesn't show hand
*** SUMMARY ***
Total pot $2 | Rake $0
Seat 2: MadFox666 (big blind) collected ($2)
Seat 4: Actionni13 (button) (small blind) folded before Flop


PokerStars Hand #170379149875:  Hold'em Limit ($3/$6 USD) - 2017/05/13 17:36:46 ET
Table 'Jacchia' 6-max Seat #2 is the button
Seat 2: MadFox666 ($95.75 in chips)
Seat 4: Actionni13 ($173.50 in chips)
MadFox666: posts small blind $1
Actionni13: posts big blind $3
*** HOLE CARDS ***
MadFox666: raises $3 to $6
Actionni13: calls $3
*** FLOP *** [8s As 8c]
Actionni13: checks
MadFox666: bets $3
Actionni13: raises $3 to $6
MadFox666: calls $3
*** TURN *** [8s As 8c] [6s]
Actionni13: bets $6
MadFox666: raises $6 to $12
Actionni13: calls $6
*** RIVER *** [8s As 8c 6s] [Kh]
Actionni13: checks
MadFox666: bets $6
Actionni13: calls $6
*** SHOW DOWN ***
MadFox666: shows [Ac Kc] (two pair, Aces and Kings)
Actionni13: mucks hand
MadFox666 collected $59.50 from pot
*** SUMMARY ***
Total pot $60 | Rake $0.50
Board [8s As 8c 6s Kh]
Seat 2: MadFox666 (button) (small blind) showed [Ac Kc] and won ($59.50) with two pair, Aces and Kings
Seat 4: Actionni13 (big blind) mucked


PokerStars Hand #170379167999:  Hold'em Limit ($3/$6 USD) - 2017/05/13 17:37:09 ET
Table 'Jacchia' 6-max Seat #4 is the button
Seat 2: MadFox666 ($125.25 in chips)
Seat 4: Actionni13 ($150 in chips)
Actionni13: posts small blind $1
MadFox666: posts big blind $3
*** HOLE CARDS ***
Actionni13: raises $3 to $6
MadFox666: folds
Uncalled bet ($3) returned to Actionni13
Actionni13 collected $6 from pot
Actionni13: doesn't show hand
*** SUMMARY ***
Total pot $6 | Rake $0
Seat 2: MadFox666 (big blind) folded before Flop
Seat 4: Actionni13 (button) (small blind) collected ($6)


PokerStars Hand #170379211391:  Hold'em Limit ($3/$6 USD) - 2017/05/13 17:38:03 ET
Table 'Jacchia' 6-max Seat #2 is the button
Seat 2: MadFox666 ($140.65 in chips)
Seat 4: Actionni13 ($150 in chips)
MadFox666: posts small blind $1
Actionni13: posts big blind $3
*** HOLE CARDS ***
MadFox666: folds
Uncalled bet ($2) returned to Actionni13
Actionni13 collected $2 from pot
Actionni13: doesn't show hand
*** SUMMARY ***
Total pot $2 | Rake $0
Seat 2: MadFox666 (button) (small blind) folded before Flop
Seat 4: Actionni13 (big blind) collected ($2)


PokerStars Hand #170379201514:  Hold'em Limit ($3/$6 USD) - 2017/05/13 17:37:51 ET
Table 'Jacchia' 6-max Seat #4 is the button
Seat 2: MadFox666 ($134.89 in chips)
Seat 4: Actionni13 ($150 in chips)
Actionni13: posts small blind $1
MadFox666: posts big blind $3
*** HOLE CARDS ***
Actionni13: raises $3 to $6
MadFox666: calls $3
*** FLOP *** [5c Kd 6h]
MadFox666: checks
Actionni13: checks
*** TURN *** [5c Kd 6h] [Jd]
MadFox666: bets $6
Actionni13: folds
Uncalled bet ($6) returned to MadFox666
MadFox666 collected $11.76 from pot
MadFox666: doesn't show hand
*** SUMMARY ***
Total pot $12 | Rake $0.24
Board [5c Kd 6h Jd]
Seat 2: MadFox666 (big blind) collected ($11.76)
Seat 4: Actionni13 (button) (small blind) folded on the Turn


PokerStars Hand #170379216562:  Hold'em Limit ($3/$6 USD) - 2017/05/13 17:38:10 ET
Table 'Jacchia' 6-max Seat #4 is the button
Seat 2: MadFox666 ($139.65 in chips)
Seat 4: Actionni13 ($151 in chips)
Actionni13: posts small blind $1
MadFox666: posts big blind $3
*** HOLE CARDS ***
Actionni13: raises $3 to $6
MadFox666: calls $3
*** FLOP *** [9s Tc 2h]
MadFox666: checks
Actionni13: bets $3
MadFox666: raises $3 to $6
Actionni13: raises $3 to $9
MadFox666: calls $3
*** TURN *** [9s Tc 2h] [9h]
MadFox666: checks
Actionni13: bets $6
MadFox666: calls $6
*** RIVER *** [9s Tc 2h 9h] [8d]
MadFox666: checks
Actionni13: bets $6
MadFox666: calls $6
*** SHOW DOWN ***
Actionni13: shows [9d 8s] (a full house, Nines full of Eights)
MadFox666: mucks hand
Actionni13 collected $53.50 from pot
*** SUMMARY ***
Total pot $54 | Rake $0.50
Board [9s Tc 2h 9h 8d]
Seat 2: MadFox666 (big blind) mucked
Seat 4: Actionni13 (button) (small blind) showed [9d 8s] and won ($53.50) with a full house, Nines full of Eights


PokerStars Hand #170379234085:  Hold'em Limit ($3/$6 USD) - 2017/05/13 17:38:31 ET
Table 'Jacchia' 6-max Seat #2 is the button
Seat 2: MadFox666 ($112.65 in chips)
Seat 4: Actionni13 ($177.50 in chips)
MadFox666: posts small blind $1
Actionni13: posts big blind $3
*** HOLE CARDS ***
MadFox666: raises $3 to $6
Actionni13: folds
Uncalled bet ($3) returned to MadFox666
MadFox666 collected $6 from pot
MadFox666: doesn't show hand
*** SUMMARY ***
Total pot $6 | Rake $0
Seat 2: MadFox666 (button) (small blind) collected ($6)
Seat 4: Actionni13 (big blind) folded before Flop


PokerStars Hand #170379267525:  Hold'em Limit ($3/$6 USD) - 2017/05/13 17:39:14 ET
Table 'Jacchia' 6-max Seat #4 is the button
Seat 2: MadFox666 ($138.15 in chips)
Seat 4: Actionni13 ($151.50 in chips)
Actionni13: posts small blind $1
MadFox666: posts big blind $3
*** HOLE CARDS ***
Actionni13: raises $3 to $6
MadFox666: calls $3
*** FLOP *** [Ad 4d 5s]
MadFox666: checks
Actionni13: bets $3
MadFox666: calls $3
*** TURN *** [Ad 4d 5s] [As]
MadFox666: checks
Actionni13: checks
*** RIVER *** [Ad 4d 5s As] [4c]
MadFox666: checks
Actionni13: bets $6
MadFox666: folds
Uncalled bet ($6) returned to Actionni13
Actionni13 collected $17.64 from pot
Actionni13: doesn't show hand
*** SUMMARY ***
Total pot $18 | Rake $0.36
Board [Ad 4d 5s As 4c]
Seat 2: MadFox666 (big blind) folded on the River
Seat 4: Actionni13 (button) (small blind) collected ($17.64)


PokerStars Hand #170379260865:  Hold'em Limit ($3/$6 USD) - 2017/05/13 17:39:05 ET
Table 'Jacchia' 6-max Seat #2 is the button
Seat 2: MadFox666 ($139.15 in chips)
Seat 4: Actionni13 ($150.50 in chips)
MadFox666: posts small blind $1
Actionni13: posts big blind $3
*** HOLE CARDS ***
MadFox666: folds
Uncalled bet ($2) returned to Actionni13
Actionni13 collected $2 from pot
Actionni13: doesn't show hand
*** SUMMARY ***
Total pot $2 | Rake $0
Seat 2: MadFox666 (button) (small blind) folded before Flop
Seat 4: Actionni13 (big blind) collected ($2)


PokerStars Hand #170379241862:  Hold'em Limit ($3/$6 USD) - 2017/05/13 17:38:41 ET
Table 'Jacchia' 6-max Seat #4 is the button
Seat 2: MadFox666 ($115.65 in chips)
Seat 4: Actionni13 ($174.50 in chips)
Actionni13: posts small blind $1
MadFox666: posts big blind $3
*** HOLE CARDS ***
Actionni13: raises $3 to $6
MadFox666: calls $3
*** FLOP *** [Qc 4c Jc]
MadFox666: checks
Actionni13: bets $3
MadFox666: raises $3 to $6
Actionni13: calls $3
*** TURN *** [Qc 4c Jc] [8s]
MadFox666: bets $6
Actionni13: raises $6 to $12
MadFox666: calls $6
*** RIVER *** [Qc 4c Jc 8s] [9d]
MadFox666: checks
Actionni13: checks
*** SHOW DOWN ***
MadFox666: shows [5s Qd] (a pair of Queens)
Actionni13: mucks hand
MadFox666 collected $47.50 from pot
*** SUMMARY ***
Total pot $48 | Rake $0.50
Board [Qc 4c Jc 8s 9d]
Seat 2: MadFox666 (big blind) showed [5s Qd] and won ($47.50) with a pair of Queens
Seat 4: Actionni13 (button) (small blind) mucked


PokerStars Hand #170379298912:  Hold'em Limit ($3/$6 USD) - 2017/05/13 17:39:53 ET
Table 'Jacchia' 6-max Seat #4 is the button
Seat 2: MadFox666 ($143.65 in chips)
Seat 4: Actionni13 ($150 in chips)
Actionni13: posts small blind $1
MadFox666: posts big blind $3
*** HOLE CARDS ***
Actionni13: raises $3 to $6
MadFox666: calls $3
*** FLOP *** [6d Qd 5h]
MadFox666: checks
Actionni13: bets $3
MadFox666: raises $3 to $6
Actionni13: calls $3
*** TURN *** [6d Qd 5h] [Tc]
MadFox666: bets $6
Actionni13: raises $6 to $12
MadFox666: calls $6
*** RIVER *** [6d Qd 5h Tc] [7d]
MadFox666: checks
Actionni13: checks
*** SHOW DOWN ***
MadFox666: shows [4c 6h] (a pair of Sixes)
Actionni13: shows [8s Td] (a pair of Tens)
Actionni13 collected $47.50 from pot
*** SUMMARY ***
Total pot $48 | Rake $0.50
Board [6d Qd 5h Tc 7d]
Seat 2: MadFox666 (big blind) showed [4c 6h] and lost with a pair of Sixes
Seat 4: Actionni13 (button) (small blind) showed [8s Td] and won ($47.50) with a pair of Tens


PokerStars Hand #170379280552:  Hold'em Limit ($3/$6 USD) - 2017/05/13 17:39:30 ET
Table 'Jacchia' 6-max Seat #2 is the button
Seat 2: MadFox666 ($129.15 in chips)
Seat 4: Actionni13 ($160.14 in chips)
MadFox666: posts small blind $1
Actionni13: posts big blind $3
*** HOLE CARDS ***
MadFox666: raises $3 to $6
Actionni13: raises $3 to $9
MadFox666: calls $3
*** FLOP *** [5d 9d 6s]
Actionni13: bets $3
MadFox666: raises $3 to $6
Actionni13: calls $3
*** TURN *** [5d 9d 6s] [8d]
Actionni13: checks
MadFox666: checks
*** RIVER *** [5d 9d 6s 8d] [Qd]
Actionni13: checks
MadFox666: checks
*** SHOW DOWN ***
Actionni13: shows [3c 3h] (a pair of Threes)
MadFox666: shows [2s 9s] (a pair of Nines)
MadFox666 collected $29.50 from pot
*** SUMMARY ***
Total pot $30 | Rake $0.50
Board [5d 9d 6s 8d Qd]
Seat 2: MadFox666 (button) (small blind) showed [2s 9s] and won ($29.50) with a pair of Nines
Seat 4: Actionni13 (big blind) showed [3c 3h] and lost with a pair of Threes


PokerStars Hand #170379314759:  Hold'em Limit ($3/$6 USD) - 2017/05/13 17:40:13 ET
Table 'Jacchia' 6-max Seat #2 is the button
Seat 2: MadFox666 ($119.65 in chips)
Seat 4: Actionni13 ($173.50 in chips)
MadFox666: posts small blind $1
Actionni13: posts big blind $3
*** HOLE CARDS ***
MadFox666: raises $3 to $6
Actionni13: calls $3
*** FLOP *** [Js Qd 9h]
Actionni13: checks
MadFox666: bets $3
Actionni13: raises $3 to $6
MadFox666: raises $3 to $9
Actionni13: raises $3 to $12
Betting is capped
MadFox666: calls $3
*** TURN *** [Js Qd 9h] [2d]
Actionni13: checks
MadFox666: bets $6
Actionni13: calls $6
*** RIVER *** [Js Qd 9h 2d] [Ad]
Actionni13: checks
MadFox666: bets $6
Actionni13: calls $6
*** SHOW DOWN ***
MadFox666: shows [7d Jd] (a flush, Ace high)
Actionni13: mucks hand
MadFox666 collected $59.50 from pot
*** SUMMARY ***
Total pot $60 | Rake $0.50
Board [Js Qd 9h 2d Ad]
Seat 2: MadFox666 (button) (small blind) showed [7d Jd] and won ($59.50) with a flush, Ace high
Seat 4: Actionni13 (big blind) mucked


PokerStars Hand #170379351511:  Hold'em Limit ($3/$6 USD) - 2017/05/13 17:40:53 ET
Table 'Jacchia' 6-max Seat #4 is the button
Seat 2: MadFox666 ($149.15 in chips)
Seat 4: Actionni13 ($150 in chips)
Actionni13: posts small blind $1
MadFox666: posts big blind $3
*** HOLE CARDS ***
Actionni13: raises $3 to $6
MadFox666: raises $3 to $9
Actionni13: calls $3
*** FLOP *** [Qc Kc Jc]
MadFox666: bets $3
Actionni13: calls $3
*** TURN *** [Qc Kc Jc] [Tc]
MadFox666: bets $6
Actionni13: raises $6 to $12
MadFox666: calls $6
*** RIVER *** [Qc Kc Jc Tc] [2h]
MadFox666: checks
Actionni13: checks
*** SHOW DOWN ***
MadFox666: shows [Ks Qh] (two pair, Kings and Queens)
Actionni13: shows [Ah 6h] (a straight, Ten to Ace)
Actionni13 collected $47.50 from pot
*** SUMMARY ***
Total pot $48 | Rake $0.50
Board [Qc Kc Jc Tc 2h]
Seat 2: MadFox666 (big blind) showed [Ks Qh] and lost with two pair, Kings and Queens
Seat 4: Actionni13 (button) (small blind) showed [Ah 6h] and won ($47.50) with a straight, Ten to Ace


PokerStars Hand #170379381558:  Hold'em Limit ($3/$6 USD) - 2017/05/13 17:41:31 ET
Table 'Jacchia' 6-max Seat #2 is the button
Seat 2: MadFox666 ($125.15 in chips)
Seat 4: Actionni13 ($173.50 in chips)
MadFox666: posts small blind $1
Actionni13: posts big blind $3
*** HOLE CARDS ***
MadFox666: raises $3 to $6
Actionni13: calls $3
*** FLOP *** [Kh 8h Js]
Actionni13: checks
MadFox666: bets $3
Actionni13: calls $3
*** TURN *** [Kh 8h Js] [Jh]
Actionni13: bets $6
MadFox666: folds
Uncalled bet ($6) returned to Actionni13
Actionni13 collected $17.64 from pot
Actionni13: doesn't show hand
*** SUMMARY ***
Total pot $18 | Rake $0.36
Board [Kh 8h Js Jh]
Seat 2: MadFox666 (button) (small blind) folded on the Turn
Seat 4: Actionni13 (big blind) collected ($17.64)


PokerStars Hand #170379377071:  Hold'em Limit ($3/$6 USD) - 2017/05/13 17:41:25 ET
Table 'Jacchia' 6-max Seat #4 is the button
Seat 2: MadFox666 ($124.15 in chips)
Seat 4: Actionni13 ($174.50 in chips)
Actionni13: posts small blind $1
MadFox666: posts big blind $3
*** HOLE CARDS ***
Actionni13: folds
Uncalled bet ($2) returned to MadFox666
MadFox666 collected $2 from pot
MadFox666: doesn't show hand
*** SUMMARY ***
Total pot $2 | Rake $0
Seat 2: MadFox666 (big blind) collected ($2)
Seat 4: Actionni13 (button) (small blind) folded before Flop


PokerStars Hand #170379373369:  Hold'em Limit ($3/$6 USD) - 2017/05/13 17:41:21 ET
Table 'Jacchia' 6-max Seat #2 is the button
Seat 2: MadFox666 ($125.15 in chips)
Seat 4: Actionni13 ($173.50 in chips)
MadFox666: posts small blind $1
Actionni13: posts big blind $3
*** HOLE CARDS ***
MadFox666: folds
Uncalled bet ($2) returned to Actionni13
Actionni13 collected $2 from pot
Actionni13: doesn't show hand
*** SUMMARY ***
Total pot $2 | Rake $0
Seat 2: MadFox666 (button) (small blind) folded before Flop
Seat 4: Actionni13 (big blind) collected ($2)


PokerStars Hand #170379422090:  Hold'em Limit ($3/$6 USD) - 2017/05/13 17:42:22 ET
Table 'Jacchia' 6-max Seat #2 is the button
Seat 2: MadFox666 ($125.65 in chips)
Seat 4: Actionni13 ($171.90 in chips)
MadFox666: posts small blind $1
Actionni13: posts big blind $3
*** HOLE CARDS ***
MadFox666: raises $3 to $6
Actionni13: calls $3
*** FLOP *** [5s Td 7d]
Actionni13: checks
MadFox666: bets $3
Actionni13: calls $3
*** TURN *** [5s Td 7d] [6c]
Actionni13: checks
MadFox666: bets $6
Actionni13: calls $6
*** RIVER *** [5s Td 7d 6c] [7c]
Actionni13: bets $6
MadFox666: folds
Uncalled bet ($6) returned to Actionni13
Actionni13 collected $29.50 from pot
Actionni13: doesn't show hand
*** SUMMARY ***
Total pot $30 | Rake $0.50
Board [5s Td 7d 6c 7c]
Seat 2: MadFox666 (button) (small blind) folded on the River
Seat 4: Actionni13 (big blind) collected ($29.50)


PokerStars Hand #170379396614:  Hold'em Limit ($3/$6 USD) - 2017/05/13 17:41:50 ET
Table 'Jacchia' 6-max Seat #4 is the button
Seat 2: MadFox666 ($116.15 in chips)
Seat 4: Actionni13 ($182.14 in chips)
Actionni13: posts small blind $1
MadFox666: posts big blind $3
*** HOLE CARDS ***
Actionni13: folds
Uncalled bet ($2) returned to MadFox666
MadFox666 collected $2 from pot
MadFox666: doesn't show hand
*** SUMMARY ***
Total pot $2 | Rake $0
Seat 2: MadFox666 (big blind) collected ($2)
Seat 4: Actionni13 (button) (small blind) folded before Flop


PokerStars Hand #170379414714:  Hold'em Limit ($3/$6 USD) - 2017/05/13 17:42:13 ET
Table 'Jacchia' 6-max Seat #4 is the button
Seat 2: MadFox666 ($131.65 in chips)
Seat 4: Actionni13 ($166.14 in chips)
Actionni13: posts small blind $1
MadFox666: posts big blind $3
*** HOLE CARDS ***
Actionni13: raises $3 to $6
MadFox666: calls $3
*** FLOP *** [Kd 6s Tc]
MadFox666: checks
Actionni13: bets $3
MadFox666: folds
Uncalled bet ($3) returned to Actionni13
Actionni13 collected $11.76 from pot
Actionni13: doesn't show hand
*** SUMMARY ***
Total pot $12 | Rake $0.24
Board [Kd 6s Tc]
Seat 2: MadFox666 (big blind) folded on the Flop
Seat 4: Actionni13 (button) (small blind) collected ($11.76)


PokerStars Hand #170379400079:  Hold'em Limit ($3/$6 USD) - 2017/05/13 17:41:55 ET
Table 'Jacchia' 6-max Seat #2 is the button
Seat 2: MadFox666 ($117.15 in chips)
Seat 4: Actionni13 ($181.14 in chips)
MadFox666: posts small blind $1
Actionni13: posts big blind $3
*** HOLE CARDS ***
MadFox666: raises $3 to $6
Actionni13: raises $3 to $9
MadFox666: calls $3
*** FLOP *** [Ts 3h Ks]
Actionni13: bets $3
MadFox666: raises $3 to $6
Actionni13: calls $3
*** TURN *** [Ts 3h Ks] [3d]
Actionni13: checks
MadFox666: bets $6
Actionni13: folds
Uncalled bet ($6) returned to MadFox666
MadFox666 collected $29.50 from pot
MadFox666: doesn't show hand
*** SUMMARY ***
Total pot $30 | Rake $0.50
Board [Ts 3h Ks 3d]
Seat 2: MadFox666 (button) (small blind) collected ($29.50)
Seat 4: Actionni13 (big blind) folded on the Turn


PokerStars Hand #170379481941:  Hold'em Limit ($3/$6 USD) - 2017/05/13 17:43:38 ET
Table 'Jacchia' 6-max Seat #4 is the button
Seat 2: MadFox666 ($109.15 in chips)
Seat 4: Actionni13 ($186.80 in chips)
Actionni13: posts small blind $1
MadFox666: posts big blind $3
*** HOLE CARDS ***
Actionni13: folds
Uncalled bet ($2) returned to MadFox666
MadFox666 collected $2 from pot
MadFox666: doesn't show hand
*** SUMMARY ***
Total pot $2 | Rake $0
Seat 2: MadFox666 (big blind) collected ($2)
Seat 4: Actionni13 (button) (small blind) folded before Flop


PokerStars Hand #170379472179:  Hold'em Limit ($3/$6 USD) - 2017/05/13 17:43:26 ET
Table 'Jacchia' 6-max Seat #2 is the button
Seat 2: MadFox666 ($118.15 in chips)
Seat 4: Actionni13 ($178.16 in chips)
MadFox666: posts small blind $1
Actionni13: posts big blind $3
*** HOLE CARDS ***
MadFox666: raises $3 to $6
Actionni13: raises $3 to $9
MadFox666: calls $3
*** FLOP *** [4c Ad Ks]
Actionni13: bets $3
MadFox666: folds
Uncalled bet ($3) returned to Actionni13
Actionni13 collected $17.64 from pot
Actionni13: doesn't show hand
*** SUMMARY ***
Total pot $18 | Rake $0.36
Board [4c Ad Ks]
Seat 2: MadFox666 (button) (small blind) folded on the Flop
Seat 4: Actionni13 (big blind) collected ($17.64)


PokerStars Hand #170379444181:  Hold'em Limit ($3/$6 USD) - 2017/05/13 17:42:50 ET
Table 'Jacchia' 6-max Seat #4 is the button
Seat 2: MadFox666 ($110.65 in chips)
Seat 4: Actionni13 ($186.40 in chips)
Actionni13: posts small blind $1
MadFox666: posts big blind $3
*** HOLE CARDS ***
Actionni13: raises $3 to $6
MadFox666: calls $3
*** FLOP *** [Jc 5c Ac]
MadFox666: checks
Actionni13: bets $3
MadFox666: raises $3 to $6
Actionni13: raises $3 to $9
MadFox666: calls $3
*** TURN *** [Jc 5c Ac] [Kd]
MadFox666: checks
Actionni13: checks
*** RIVER *** [Jc 5c Ac Kd] [Ah]
MadFox666: bets $6
Actionni13: folds
Uncalled bet ($6) returned to MadFox666
MadFox666 collected $29.50 from pot
MadFox666: doesn't show hand
*** SUMMARY ***
Total pot $30 | Rake $0.50
Board [Jc 5c Ac Kd Ah]
Seat 2: MadFox666 (big blind) collected ($29.50)
Seat 4: Actionni13 (button) (small blind) folded on the River


PokerStars Hand #170379458595:  Hold'em Limit ($3/$6 USD) - 2017/05/13 17:43:08 ET
Table 'Jacchia' 6-max Seat #2 is the button
Seat 2: MadFox666 ($125.15 in chips)
Seat 4: Actionni13 ($171.40 in chips)
MadFox666: posts small blind $1
Actionni13: posts big blind $3
*** HOLE CARDS ***
MadFox666: folds
Uncalled bet ($2) returned to Actionni13
Actionni13 collected $2 from pot
Actionni13: doesn't show hand
*** SUMMARY ***
Total pot $2 | Rake $0
Seat 2: MadFox666 (button) (small blind) folded before Flop
Seat 4: Actionni13 (big blind) collected ($2)


PokerStars Hand #170379462416:  Hold'em Limit ($3/$6 USD) - 2017/05/13 17:43:13 ET
Table 'Jacchia' 6-max Seat #4 is the button
Seat 2: MadFox666 ($124.15 in chips)
Seat 4: Actionni13 ($172.40 in chips)
Actionni13: posts small blind $1
MadFox666: posts big blind $3
*** HOLE CARDS ***
Actionni13: raises $3 to $6
MadFox666: calls $3
*** FLOP *** [Kd 5d Js]
MadFox666: checks
Actionni13: checks
*** TURN *** [Kd 5d Js] [5c]
MadFox666: checks
Actionni13: bets $6
MadFox666: folds
Uncalled bet ($6) returned to Actionni13
Actionni13 collected $11.76 from pot
Actionni13: doesn't show hand
*** SUMMARY ***
Total pot $12 | Rake $0.24
Board [Kd 5d Js 5c]
Seat 2: MadFox666 (big blind) folded on the Turn
Seat 4: Actionni13 (button) (small blind) collected ($11.76)


PokerStars Hand #170379496679:  Hold'em Limit ($3/$6 USD) - 2017/05/13 17:43:57 ET
Table 'Jacchia' 6-max Seat #4 is the button
Seat 2: MadFox666 ($101.15 in chips)
Seat 4: Actionni13 ($194.44 in chips)
Actionni13: posts small blind $1
MadFox666: posts big blind $3
*** HOLE CARDS ***
Actionni13: raises $3 to $6
MadFox666: folds
Uncalled bet ($3) returned to Actionni13
Actionni13 collected $6 from pot
Actionni13: doesn't show hand
*** SUMMARY ***
Total pot $6 | Rake $0
Seat 2: MadFox666 (big blind) folded before Flop
Seat 4: Actionni13 (button) (small blind) collected ($6)


PokerStars Hand #170379485656:  Hold'em Limit ($3/$6 USD) - 2017/05/13 17:43:43 ET
Table 'Jacchia' 6-max Seat #2 is the button
Seat 2: MadFox666 ($110.15 in chips)
Seat 4: Actionni13 ($185.80 in chips)
MadFox666: posts small blind $1
Actionni13: posts big blind $3
*** HOLE CARDS ***
MadFox666: raises $3 to $6
Actionni13: raises $3 to $9
MadFox666: calls $3
*** FLOP *** [Qd 8s Ks]
Actionni13: bets $3
MadFox666: folds
Uncalled bet ($3) returned to Actionni13
Actionni13 collected $17.64 from pot
Actionni13: doesn't show hand
*** SUMMARY ***
Total pot $18 | Rake $0.36
Board [Qd 8s Ks]
Seat 2: MadFox666 (button) (small blind) folded on the Flop
Seat 4: Actionni13 (big blind) collected ($17.64)


PokerStars Hand #170379526665:  Hold'em Limit ($3/$6 USD) - 2017/05/13 17:44:35 ET
Table 'Jacchia' 6-max Seat #2 is the button
Seat 2: MadFox666 ($121.65 in chips)
Seat 4: Actionni13 ($173.20 in chips)
MadFox666: posts small blind $1
Actionni13: posts big blind $3
*** HOLE CARDS ***
MadFox666: folds
Uncalled bet ($2) returned to Actionni13
Actionni13 collected $2 from pot
Actionni13: doesn't show hand
*** SUMMARY ***
Total pot $2 | Rake $0
Seat 2: MadFox666 (button) (small blind) folded before Flop
Seat 4: Actionni13 (big blind) collected ($2)


PokerStars Hand #170379516542:  Hold'em Limit ($3/$6 USD) - 2017/05/13 17:44:22 ET
Table 'Jacchia' 6-max Seat #4 is the button
Seat 2: MadFox666 ($127.65 in chips)
Seat 4: Actionni13 ($167.44 in chips)
Actionni13: posts small blind $1
MadFox666: posts big blind $3
*** HOLE CARDS ***
Actionni13: raises $3 to $6
MadFox666: calls $3
*** FLOP *** [Ah 7h Qh]
MadFox666: checks
Actionni13: bets $3
MadFox666: folds
Uncalled bet ($3) returned to Actionni13
Actionni13 collected $11.76 from pot
Actionni13: doesn't show hand
*** SUMMARY ***
Total pot $12 | Rake $0.24
Board [Ah 7h Qh]
Seat 2: MadFox666 (big blind) folded on the Flop
Seat 4: Actionni13 (button) (small blind) collected ($11.76)


PokerStars Hand #170379500694:  Hold'em Limit ($3/$6 USD) - 2017/05/13 17:44:02 ET
Table 'Jacchia' 6-max Seat #2 is the button
Seat 2: MadFox666 ($98.15 in chips)
Seat 4: Actionni13 ($197.44 in chips)
MadFox666: posts small blind $1
Actionni13: posts big blind $3
*** HOLE CARDS ***
MadFox666: raises $3 to $6
Actionni13: raises $3 to $9
MadFox666: calls $3
*** FLOP *** [3h 4d 9h]
Actionni13: bets $3
MadFox666: calls $3
*** TURN *** [3h 4d 9h] [5h]
Actionni13: bets $6
MadFox666: raises $6 to $12
Actionni13: calls $6
*** RIVER *** [3h 4d 9h 5h] [Qh]
Actionni13: checks
MadFox666: bets $6
Actionni13: calls $6
*** SHOW DOWN ***
MadFox666: shows [8c Ah] (a flush, Ace high)
Actionni13: mucks hand
MadFox666 collected $59.50 from pot
*** SUMMARY ***
Total pot $60 | Rake $0.50
Board [3h 4d 9h 5h Qh]
Seat 2: MadFox666 (button) (small blind) showed [8c Ah] and won ($59.50) with a flush, Ace high
Seat 4: Actionni13 (big blind) mucked


PokerStars Hand #170379530406:  Hold'em Limit ($3/$6 USD) - 2017/05/13 17:44:40 ET
Table 'Jacchia' 6-max Seat #4 is the button
Seat 2: MadFox666 ($120.65 in chips)
Seat 4: Actionni13 ($174.20 in chips)
Actionni13: posts small blind $1
MadFox666: posts big blind $3
*** HOLE CARDS ***
Actionni13: folds
Uncalled bet ($2) returned to MadFox666
MadFox666 collected $2 from pot
MadFox666: doesn't show hand
*** SUMMARY ***
Total pot $2 | Rake $0
Seat 2: MadFox666 (big blind) collected ($2)
Seat 4: Actionni13 (button) (small blind) folded before Flop


PokerStars Hand #170379541253:  Hold'em Limit ($3/$6 USD) - 2017/05/13 17:44:54 ET
Table 'Jacchia' 6-max Seat #4 is the button
Seat 2: MadFox666 ($127.41 in chips)
Seat 4: Actionni13 ($167.20 in chips)
Actionni13: posts small blind $1
MadFox666: posts big blind $3
*** HOLE CARDS ***
Actionni13: folds
Uncalled bet ($2) returned to MadFox666
MadFox666 collected $2 from pot
MadFox666: doesn't show hand
*** SUMMARY ***
Total pot $2 | Rake $0
Seat 2: MadFox666 (big blind) collected ($2)
Seat 4: Actionni13 (button) (small blind) folded before Flop


PokerStars Hand #170379533929:  Hold'em Limit ($3/$6 USD) - 2017/05/13 17:44:44 ET
Table 'Jacchia' 6-max Seat #2 is the button
Seat 2: MadFox666 ($121.65 in chips)
Seat 4: Actionni13 ($173.20 in chips)
MadFox666: posts small blind $1
Actionni13: posts big blind $3
*** HOLE CARDS ***
MadFox666: raises $3 to $6
Actionni13: calls $3
*** FLOP *** [6d Ad 4h]
Actionni13: checks
MadFox666: bets $3
Actionni13: folds
Uncalled bet ($3) returned to MadFox666
MadFox666 collected $11.76 from pot
MadFox666: doesn't show hand
*** SUMMARY ***
Total pot $12 | Rake $0.24
Board [6d Ad 4h]
Seat 2: MadFox666 (button) (small blind) collected ($11.76)
Seat 4: Actionni13 (big blind) folded on the Flop


PokerStars Hand #170379572703:  Hold'em Limit ($3/$6 USD) - 2017/05/13 17:45:33 ET
Table 'Jacchia' 6-max Seat #4 is the button
Seat 2: MadFox666 ($104.41 in chips)
Seat 4: Actionni13 ($189.70 in chips)
Actionni13: posts small blind $1
MadFox666: posts big blind $3
*** HOLE CARDS ***
Actionni13: raises $3 to $6
MadFox666: calls $3
*** FLOP *** [Qc Th As]
MadFox666: checks
Actionni13: bets $3
MadFox666: raises $3 to $6
Actionni13: raises $3 to $9
MadFox666: calls $3
*** TURN *** [Qc Th As] [Ad]
MadFox666: bets $6
Actionni13: calls $6
*** RIVER *** [Qc Th As Ad] [Ah]
MadFox666: bets $6
Actionni13: calls $6
*** SHOW DOWN ***
MadFox666: shows [Qh 8d] (a full house, Aces full of Queens)
Actionni13: shows [Qs 8h] (a full house, Aces full of Queens)
MadFox666 collected $26.75 from pot
Actionni13 collected $26.75 from pot
*** SUMMARY ***
Total pot $54 | Rake $0.50
Board [Qc Th As Ad Ah]
Seat 2: MadFox666 (big blind) showed [Qh 8d] and won ($26.75) with a full house, Aces full of Queens
Seat 4: Actionni13 (button) (small blind) showed [Qs 8h] and won ($26.75) with a full house, Aces full of Queens


PokerStars Hand #170379549494:  Hold'em Limit ($3/$6 USD) - 2017/05/13 17:45:04 ET
Table 'Jacchia' 6-max Seat #4 is the button
Seat 2: MadFox666 ($131.41 in chips)
Seat 4: Actionni13 ($163.20 in chips)
Actionni13: posts small blind $1
MadFox666: posts big blind $3
*** HOLE CARDS ***
Actionni13: raises $3 to $6
MadFox666: raises $3 to $9
Actionni13: calls $3
*** FLOP *** [7h Qh Qs]
MadFox666: bets $3
Actionni13: calls $3
*** TURN *** [7h Qh Qs] [7s]
MadFox666: bets $6
Actionni13: calls $6
*** RIVER *** [7h Qh Qs 7s] [2h]
MadFox666: bets $6
Actionni13: raises $6 to $12
MadFox666: calls $6
*** SHOW DOWN ***
Actionni13: shows [9c 9d] (two pair, Queens and Nines)
MadFox666: mucks hand
Actionni13 collected $59.50 from pot
*** SUMMARY ***
Total pot $60 | Rake $0.50
Board [7h Qh Qs 7s 2h]
Seat 2: MadFox666 (big blind) mucked
Seat 4: Actionni13 (button) (small blind) showed [9c 9d] and won ($59.50) with two pair, Queens and Nines


PokerStars Hand #170379588771:  Hold'em Limit ($3/$6 USD) - 2017/05/13 17:45:54 ET
Table 'Jacchia' 6-max Seat #2 is the button
Seat 2: MadFox666 ($104.16 in chips)
Seat 4: Actionni13 ($189.45 in chips)
MadFox666: posts small blind $1
Actionni13: posts big blind $3
*** HOLE CARDS ***
MadFox666: raises $3 to $6
Actionni13: raises $3 to $9
MadFox666: calls $3
*** FLOP *** [Tc 9d Jc]
Actionni13: bets $3
MadFox666: raises $3 to $6
Actionni13: raises $3 to $9
MadFox666: calls $3
*** TURN *** [Tc 9d Jc] [Kc]
Actionni13: bets $6
MadFox666: raises $6 to $12
Actionni13: calls $6
*** RIVER *** [Tc 9d Jc Kc] [Ks]
Actionni13: checks
MadFox666: bets $6
Actionni13: raises $6 to $12
MadFox666: calls $6
*** SHOW DOWN ***
Actionni13: shows [Th Kh] (a full house, Kings full of Tens)
MadFox666: mucks hand
karpik1992 joins the table at seat #3
Actionni13 collected $83.50 from pot
*** SUMMARY ***
Total pot $84 | Rake $0.50
Board [Tc 9d Jc Kc Ks]
Seat 2: MadFox666 (button) (small blind) mucked
Seat 4: Actionni13 (big blind) showed [Th Kh] and won ($83.50) with a full house, Kings full of Tens


PokerStars Hand #170379608891:  Hold'em Limit ($3/$6 USD) - 2017/05/13 17:46:19 ET
Table 'Jacchia' 6-max Seat #4 is the button
Seat 2: MadFox666 ($62.16 in chips)
Seat 4: Actionni13 ($230.95 in chips)
Actionni13: posts small blind $1
MadFox666: posts big blind $3
*** HOLE CARDS ***
Actionni13: raises $3 to $6
MadFox666: calls $3
*** FLOP *** [5s 6c Qh]
MadFox666: checks
Actionni13: bets $3
MadFox666: calls $3
*** TURN *** [5s 6c Qh] [Qd]
MadFox666: checks
Actionni13: checks
*** RIVER *** [5s 6c Qh Qd] [8c]
MadFox666: checks
Actionni13: checks
*** SHOW DOWN ***
MadFox666: shows [3h 2h] (a pair of Queens)
Actionni13: shows [Jc 4s] (a pair of Queens - Jack kicker)
Actionni13 collected $17.64 from pot
*** SUMMARY ***
Total pot $18 | Rake $0.36
Board [5s 6c Qh Qd 8c]
Seat 2: MadFox666 (big blind) showed [3h 2h] and lost with a pair of Queens
Seat 4: Actionni13 (button) (small blind) showed [Jc 4s] and won ($17.64) with a pair of Queens


PokerStars Hand #170379830089:  Hold'em Limit ($3/$6 USD) - 2017/05/13 17:51:06 ET
Table 'Jacchia' 6-max Seat #4 is the button
Seat 2: MadFox666 ($191.59 in chips)
Seat 4: Actionni13 ($153.18 in chips)
Actionni13: posts small blind $1
MadFox666: posts big blind $3
*** HOLE CARDS ***
Actionni13: raises $3 to $6
MadFox666: calls $3
*** FLOP *** [Ac Tc 6c]
MadFox666: checks
Actionni13: bets $3
MadFox666: folds
Uncalled bet ($3) returned to Actionni13
Actionni13 collected $11.76 from pot
Actionni13: doesn't show hand
*** SUMMARY ***
Total pot $12 | Rake $0.24
Board [Ac Tc 6c]
Seat 2: MadFox666 (big blind) folded on the Flop
Seat 4: Actionni13 (button) (small blind) collected ($11.76)


PokerStars Hand #170379809060:  Hold'em Limit ($3/$6 USD) - 2017/05/13 17:50:38 ET
Table 'Jacchia' 6-max Seat #4 is the button
Seat 2: MadFox666 ($183.09 in chips)
Seat 4: Actionni13 ($162.42 in chips)
Actionni13: posts small blind $1
MadFox666: posts big blind $3
*** HOLE CARDS ***
Actionni13: raises $3 to $6
MadFox666: calls $3
*** FLOP *** [Kd 9d 9c]
MadFox666: checks
Actionni13: bets $3
MadFox666: folds
Uncalled bet ($3) returned to Actionni13
Actionni13 collected $11.76 from pot
Actionni13: doesn't show hand
*** SUMMARY ***
Total pot $12 | Rake $0.24
Board [Kd 9d 9c]
Seat 2: MadFox666 (big blind) folded on the Flop
Seat 4: Actionni13 (button) (small blind) collected ($11.76)


PokerStars Hand #170379854704:  Hold'em Limit ($3/$6 USD) - 2017/05/13 17:51:38 ET
Table 'Jacchia' 6-max Seat #2 is the button
Seat 2: MadFox666 ($200.09 in chips)
Seat 4: Actionni13 ($153 in chips)
MadFox666: posts small blind $1
Actionni13: posts big blind $3
*** HOLE CARDS ***
MadFox666: folds
Uncalled bet ($2) returned to Actionni13
Actionni13 collected $2 from pot
Actionni13: doesn't show hand
*** SUMMARY ***
Total pot $2 | Rake $0
Seat 2: MadFox666 (button) (small blind) folded before Flop
Seat 4: Actionni13 (big blind) collected ($2)


PokerStars Hand #170379850683:  Hold'em Limit ($3/$6 USD) - 2017/05/13 17:51:33 ET
Table 'Jacchia' 6-max Seat #4 is the button
Seat 2: MadFox666 ($203.09 in chips)
Seat 4: Actionni13 ($150 in chips)
Actionni13: posts small blind $1
MadFox666: posts big blind $3
*** HOLE CARDS ***
Actionni13: raises $3 to $6
MadFox666: folds
Uncalled bet ($3) returned to Actionni13
Actionni13 collected $6 from pot
Actionni13: doesn't show hand
*** SUMMARY ***
Total pot $6 | Rake $0
Seat 2: MadFox666 (big blind) folded before Flop
Seat 4: Actionni13 (button) (small blind) collected ($6)


PokerStars Hand #170379817878:  Hold'em Limit ($3/$6 USD) - 2017/05/13 17:50:50 ET
Table 'Jacchia' 6-max Seat #2 is the button
Seat 2: MadFox666 ($177.09 in chips)
Seat 4: Actionni13 ($168.18 in chips)
MadFox666: posts small blind $1
Actionni13: posts big blind $3
*** HOLE CARDS ***
MadFox666: raises $3 to $6
Actionni13: calls $3
*** FLOP *** [4d 2d Jc]
Actionni13: checks
MadFox666: bets $3
Actionni13: calls $3
*** TURN *** [4d 2d Jc] [8c]
Actionni13: bets $6
MadFox666: raises $6 to $12
Actionni13: folds
Uncalled bet ($6) returned to MadFox666
MadFox666 collected $29.50 from pot
MadFox666: doesn't show hand
*** SUMMARY ***
Total pot $30 | Rake $0.50
Board [4d 2d Jc 8c]
Seat 2: MadFox666 (button) (small blind) collected ($29.50)
Seat 4: Actionni13 (big blind) folded on the Turn


PokerStars Hand #170379862042:  Hold'em Limit ($3/$6 USD) - 2017/05/13 17:51:48 ET
Table 'Jacchia' 6-max Seat #2 is the button
Seat 2: MadFox666 ($196.09 in chips)
Seat 4: Actionni13 ($157 in chips)
MadFox666: posts small blind $1
Actionni13: posts big blind $3
*** HOLE CARDS ***
MadFox666: raises $3 to $6
Actionni13: calls $3
*** FLOP *** [6d 5s 8d]
Actionni13: checks
MadFox666: bets $3
Actionni13: calls $3
*** TURN *** [6d 5s 8d] [2h]
Actionni13: checks
MadFox666: bets $6
Actionni13: calls $6
*** RIVER *** [6d 5s 8d 2h] [3h]
Actionni13: bets $6
MadFox666: calls $6
*** SHOW DOWN ***
Actionni13: shows [3s 7c] (a pair of Threes)
MadFox666: mucks hand
Actionni13 collected $41.50 from pot
*** SUMMARY ***
Total pot $42 | Rake $0.50
Board [6d 5s 8d 2h 3h]
Seat 2: MadFox666 (button) (small blind) mucked
Seat 4: Actionni13 (big blind) showed [3s 7c] and won ($41.50) with a pair of Threes


PokerStars Hand #170379858332:  Hold'em Limit ($3/$6 USD) - 2017/05/13 17:51:43 ET
Table 'Jacchia' 6-max Seat #4 is the button
Seat 2: MadFox666 ($199.09 in chips)
Seat 4: Actionni13 ($154 in chips)
Actionni13: posts small blind $1
MadFox666: posts big blind $3
*** HOLE CARDS ***
Actionni13: raises $3 to $6
MadFox666: folds
Uncalled bet ($3) returned to Actionni13
Actionni13 collected $6 from pot
Actionni13: doesn't show hand
*** SUMMARY ***
Total pot $6 | Rake $0
Seat 2: MadFox666 (big blind) folded before Flop
Seat 4: Actionni13 (button) (small blind) collected ($6)


PokerStars Hand #170379888123:  Hold'em Limit ($3/$6 USD) - 2017/05/13 17:52:22 ET
Table 'Jacchia' 6-max Seat #4 is the button
Seat 2: MadFox666 ($171.09 in chips)
Seat 4: Actionni13 ($181.50 in chips)
Actionni13: posts small blind $1
MadFox666: posts big blind $3
*** HOLE CARDS ***
Actionni13: raises $3 to $6
MadFox666: calls $3
*** FLOP *** [6h 7h 4h]
MadFox666: checks
Actionni13: checks
*** TURN *** [6h 7h 4h] [Jc]
MadFox666: checks
Actionni13: bets $6
MadFox666: folds
Uncalled bet ($6) returned to Actionni13
Actionni13 collected $11.76 from pot
Actionni13: doesn't show hand
*** SUMMARY ***
Total pot $12 | Rake $0.24
Board [6h 7h 4h Jc]
Seat 2: MadFox666 (big blind) folded on the Turn
Seat 4: Actionni13 (button) (small blind) collected ($11.76)


PokerStars Hand #170379884602:  Hold'em Limit ($3/$6 USD) - 2017/05/13 17:52:17 ET
Table 'Jacchia' 6-max Seat #2 is the button
Seat 2: MadFox666 ($172.09 in chips)
Seat 4: Actionni13 ($180.50 in chips)
MadFox666: posts small blind $1
Actionni13: posts big blind $3
*** HOLE CARDS ***
MadFox666: folds
Uncalled bet ($2) returned to Actionni13
Actionni13 collected $2 from pot
Actionni13: doesn't show hand
*** SUMMARY ***
Total pot $2 | Rake $0
Seat 2: MadFox666 (button) (small blind) folded before Flop
Seat 4: Actionni13 (big blind) collected ($2)


PokerStars Hand #170379880594:  Hold'em Limit ($3/$6 USD) - 2017/05/13 17:52:12 ET
Table 'Jacchia' 6-max Seat #4 is the button
Seat 2: MadFox666 ($175.09 in chips)
Seat 4: Actionni13 ($177.50 in chips)
Actionni13: posts small blind $1
MadFox666: posts big blind $3
*** HOLE CARDS ***
Actionni13: raises $3 to $6
MadFox666: folds
Uncalled bet ($3) returned to Actionni13
Actionni13 collected $6 from pot
Actionni13: doesn't show hand
*** SUMMARY ***
Total pot $6 | Rake $0
Seat 2: MadFox666 (big blind) folded before Flop
Seat 4: Actionni13 (button) (small blind) collected ($6)


PokerStars Hand #170379897609:  Hold'em Limit ($3/$6 USD) - 2017/05/13 17:52:34 ET
Table 'Jacchia' 6-max Seat #2 is the button
Seat 2: MadFox666 ($165.09 in chips)
Seat 4: Actionni13 ($187.26 in chips)
MadFox666: posts small blind $1
Actionni13: posts big blind $3
*** HOLE CARDS ***
MadFox666: raises $3 to $6
Actionni13: calls $3
*** FLOP *** [Td Jd 6h]
Actionni13: checks
MadFox666: bets $3
Actionni13: calls $3
*** TURN *** [Td Jd 6h] [Jc]
Actionni13: checks
MadFox666: bets $6
Actionni13: calls $6
*** RIVER *** [Td Jd 6h Jc] [6c]
Actionni13: bets $6
MadFox666: raises $6 to $12
Actionni13: calls $6
*** SHOW DOWN ***
MadFox666: shows [9h Qc] (two pair, Jacks and Sixes)
Actionni13: shows [Th Kd] (two pair, Jacks and Tens)
Actionni13 collected $53.50 from pot
*** SUMMARY ***
Total pot $54 | Rake $0.50
Board [Td Jd 6h Jc 6c]
Seat 2: MadFox666 (button) (small blind) showed [9h Qc] and lost with two pair, Jacks and Sixes
Seat 4: Actionni13 (big blind) showed [Th Kd] and won ($53.50) with two pair, Jacks and Tens


PokerStars Hand #170379916242:  Hold'em Limit ($3/$6 USD) - 2017/05/13 17:52:59 ET
Table 'Jacchia' 6-max Seat #2 is the button
Seat 2: MadFox666 ($135.09 in chips)
Seat 4: Actionni13 ($216.76 in chips)
MadFox666: posts small blind $1
Actionni13: posts big blind $3
*** HOLE CARDS ***
MadFox666: folds
Uncalled bet ($2) returned to Actionni13
Actionni13 collected $2 from pot
Actionni13: doesn't show hand
*** SUMMARY ***
Total pot $2 | Rake $0
Seat 2: MadFox666 (button) (small blind) folded before Flop
Seat 4: Actionni13 (big blind) collected ($2)


PokerStars Hand #170379912271:  Hold'em Limit ($3/$6 USD) - 2017/05/13 17:52:54 ET
Table 'Jacchia' 6-max Seat #4 is the button
Seat 2: MadFox666 ($138.09 in chips)
Seat 4: Actionni13 ($213.76 in chips)
Actionni13: posts small blind $1
MadFox666: posts big blind $3
*** HOLE CARDS ***
Actionni13: raises $3 to $6
MadFox666: folds
Uncalled bet ($3) returned to Actionni13
Actionni13 collected $6 from pot
Actionni13: doesn't show hand
*** SUMMARY ***
Total pot $6 | Rake $0
Seat 2: MadFox666 (big blind) folded before Flop
Seat 4: Actionni13 (button) (small blind) collected ($6)


PokerStars Hand #170379970200:  Hold'em Limit ($3/$6 USD) - 2017/05/13 17:54:11 ET
Table 'Jacchia' 6-max Seat #4 is the button
Seat 2: MadFox666 ($153.35 in chips)
Seat 4: Actionni13 ($197.76 in chips)
Actionni13: posts small blind $1
MadFox666: posts big blind $3
*** HOLE CARDS ***
Actionni13: folds
Uncalled bet ($2) returned to MadFox666
MadFox666 collected $2 from pot
MadFox666: doesn't show hand
*** SUMMARY ***
Total pot $2 | Rake $0
Seat 2: MadFox666 (big blind) collected ($2)
Seat 4: Actionni13 (button) (small blind) folded before Flop


PokerStars Hand #170379966788:  Hold'em Limit ($3/$6 USD) - 2017/05/13 17:54:06 ET
Table 'Jacchia' 6-max Seat #2 is the button
Seat 2: MadFox666 ($154.35 in chips)
Seat 4: Actionni13 ($196.76 in chips)
MadFox666: posts small blind $1
Actionni13: posts big blind $3
*** HOLE CARDS ***
MadFox666: folds
Uncalled bet ($2) returned to Actionni13
Actionni13 collected $2 from pot
Actionni13: doesn't show hand
*** SUMMARY ***
Total pot $2 | Rake $0
Seat 2: MadFox666 (button) (small blind) folded before Flop
Seat 4: Actionni13 (big blind) collected ($2)


PokerStars Hand #170379977529:  Hold'em Limit ($3/$6 USD) - 2017/05/13 17:54:20 ET
Table 'Jacchia' 6-max Seat #4 is the button
Seat 2: MadFox666 ($153.35 in chips)
Seat 4: Actionni13 ($197.76 in chips)
Actionni13: posts small blind $1
MadFox666: posts big blind $3
*** HOLE CARDS ***
Actionni13: raises $3 to $6
MadFox666: folds
Uncalled bet ($3) returned to Actionni13
Actionni13 collected $6 from pot
Actionni13: doesn't show hand
*** SUMMARY ***
Total pot $6 | Rake $0
Seat 2: MadFox666 (big blind) folded before Flop
Seat 4: Actionni13 (button) (small blind) collected ($6)


PokerStars Hand #170379974062:  Hold'em Limit ($3/$6 USD) - 2017/05/13 17:54:16 ET
Table 'Jacchia' 6-max Seat #2 is the button
Seat 2: MadFox666 ($154.35 in chips)
Seat 4: Actionni13 ($196.76 in chips)
MadFox666: posts small blind $1
Actionni13: posts big blind $3
*** HOLE CARDS ***
MadFox666: folds
Uncalled bet ($2) returned to Actionni13
Actionni13 collected $2 from pot
Actionni13: doesn't show hand
*** SUMMARY ***
Total pot $2 | Rake $0
Seat 2: MadFox666 (button) (small blind) folded before Flop
Seat 4: Actionni13 (big blind) collected ($2)


PokerStars Hand #170379958253:  Hold'em Limit ($3/$6 USD) - 2017/05/13 17:53:55 ET
Table 'Jacchia' 6-max Seat #4 is the button
Seat 2: MadFox666 ($148.59 in chips)
Seat 4: Actionni13 ($202.76 in chips)
Actionni13: posts small blind $1
MadFox666: posts big blind $3
*** HOLE CARDS ***
Actionni13: raises $3 to $6
MadFox666: calls $3
*** FLOP *** [7h Jh Kd]
MadFox666: checks
Actionni13: checks
*** TURN *** [7h Jh Kd] [Tc]
MadFox666: bets $6
Actionni13: folds
Uncalled bet ($6) returned to MadFox666
MadFox666 collected $11.76 from pot
MadFox666: doesn't show hand
*** SUMMARY ***
Total pot $12 | Rake $0.24
Board [7h Jh Kd Tc]
Seat 2: MadFox666 (big blind) collected ($11.76)
Seat 4: Actionni13 (button) (small blind) folded on the Turn


PokerStars Hand #170379926302:  Hold'em Limit ($3/$6 USD) - 2017/05/13 17:53:12 ET
Table 'Jacchia' 6-max Seat #2 is the button
Seat 2: MadFox666 ($131.09 in chips)
Seat 4: Actionni13 ($220.76 in chips)
MadFox666: posts small blind $1
Actionni13: posts big blind $3
*** HOLE CARDS ***
MadFox666: raises $3 to $6
Actionni13: calls $3
*** FLOP *** [3s Qh 5s]
Actionni13: checks
MadFox666: checks
*** TURN *** [3s Qh 5s] [6h]
Actionni13: bets $6
MadFox666: raises $6 to $12
Actionni13: calls $6
*** RIVER *** [3s Qh 5s 6h] [3h]
Actionni13: checks
MadFox666: bets $6
Actionni13: folds
Uncalled bet ($6) returned to MadFox666
MadFox666 collected $35.50 from pot
MadFox666: doesn't show hand
*** SUMMARY ***
Total pot $36 | Rake $0.50
Board [3s Qh 5s 6h 3h]
Seat 2: MadFox666 (button) (small blind) collected ($35.50)
Seat 4: Actionni13 (big blind) folded on the River


PokerStars Hand #170379981627:  Hold'em Limit ($3/$6 USD) - 2017/05/13 17:54:26 ET
Table 'Jacchia' 6-max Seat #2 is the button
Seat 2: MadFox666 ($150.35 in chips)
Seat 4: Actionni13 ($200.76 in chips)
MadFox666: posts small blind $1
Actionni13: posts big blind $3
*** HOLE CARDS ***
MadFox666: raises $3 to $6
Actionni13: calls $3
*** FLOP *** [6d Ad 6h]
Actionni13: checks
MadFox666: bets $3
Actionni13: raises $3 to $6
MadFox666: calls $3
*** TURN *** [6d Ad 6h] [Qs]
Actionni13: bets $6
MadFox666: raises $6 to $12
Actionni13: calls $6
*** RIVER *** [6d Ad 6h Qs] [Qh]
Actionni13: checks
MadFox666: checks
*** SHOW DOWN ***
Actionni13: shows [6c Td] (a full house, Sixes full of Queens)
MadFox666: mucks hand
Actionni13 collected $47.50 from pot
*** SUMMARY ***
Total pot $48 | Rake $0.50
Board [6d Ad 6h Qs Qh]
Seat 2: MadFox666 (button) (small blind) mucked
Seat 4: Actionni13 (big blind) showed [6c Td] and won ($47.50) with a full house, Sixes full of Queens


PokerStars Hand #170380010314:  Hold'em Limit ($3/$6 USD) - 2017/05/13 17:55:04 ET
Table 'Jacchia' 6-max Seat #4 is the button
Seat 2: MadFox666 ($126.35 in chips)
Seat 4: Actionni13 ($224.26 in chips)
Actionni13: posts small blind $1
MadFox666: posts big blind $3
*** HOLE CARDS ***
Actionni13: raises $3 to $6
MadFox666: calls $3
*** FLOP *** [2s Kh Ah]
MadFox666: checks
Actionni13: checks
*** TURN *** [2s Kh Ah] [Js]
MadFox666: checks
Actionni13: bets $6
MadFox666: calls $6
*** RIVER *** [2s Kh Ah Js] [8h]
MadFox666: checks
Actionni13: checks
*** SHOW DOWN ***
MadFox666: shows [3c 2h] (a pair of Deuces)
Actionni13: shows [2c Qc] (a pair of Deuces - Ace+King+Queen kicker)
Actionni13 collected $23.52 from pot
*** SUMMARY ***
Total pot $24 | Rake $0.48
Board [2s Kh Ah Js 8h]
Seat 2: MadFox666 (big blind) showed [3c 2h] and lost with a pair of Deuces
Seat 4: Actionni13 (button) (small blind) showed [2c Qc] and won ($23.52) with a pair of Deuces


PokerStars Hand #170380006031:  Hold'em Limit ($3/$6 USD) - 2017/05/13 17:54:58 ET
Table 'Jacchia' 6-max Seat #2 is the button
Seat 2: MadFox666 ($123.35 in chips)
Seat 4: Actionni13 ($227.26 in chips)
MadFox666: posts small blind $1
Actionni13: posts big blind $3
*** HOLE CARDS ***
MadFox666: raises $3 to $6
Actionni13: folds
Uncalled bet ($3) returned to MadFox666
MadFox666 collected $6 from pot
MadFox666: doesn't show hand
*** SUMMARY ***
Total pot $6 | Rake $0
Seat 2: MadFox666 (button) (small blind) collected ($6)
Seat 4: Actionni13 (big blind) folded before Flop


PokerStars Hand #170380001529:  Hold'em Limit ($3/$6 USD) - 2017/05/13 17:54:52 ET
Table 'Jacchia' 6-max Seat #4 is the button
Seat 2: MadFox666 ($126.35 in chips)
Seat 4: Actionni13 ($224.26 in chips)
Actionni13: posts small blind $1
MadFox666: posts big blind $3
*** HOLE CARDS ***
Actionni13: raises $3 to $6
MadFox666: folds
Uncalled bet ($3) returned to Actionni13
Actionni13 collected $6 from pot
Actionni13: doesn't show hand
*** SUMMARY ***
Total pot $6 | Rake $0
Seat 2: MadFox666 (big blind) folded before Flop
Seat 4: Actionni13 (button) (small blind) collected ($6)


PokerStars Hand #170380053606:  Hold'em Limit ($3/$6 USD) - 2017/05/13 17:56:16 ET
Table 'Jacchia' 6-max Seat #2 is the button
Seat 2: MadFox666 ($104.85 in chips)
Seat 4: Actionni13 ($244.28 in chips)
MadFox666: posts small blind $1
Actionni13: posts big blind $3
*** HOLE CARDS ***
MadFox666: raises $3 to $6
Actionni13: calls $3
*** FLOP *** [2c 4h 8d]
Actionni13: checks
MadFox666: bets $3
Actionni13: calls $3
*** TURN *** [2c 4h 8d] [9s]
Actionni13: checks
MadFox666: checks
*** RIVER *** [2c 4h 8d 9s] [Jc]
Actionni13: checks
MadFox666: checks
*** SHOW DOWN ***
Actionni13: shows [5h Ah] (high card Ace)
MadFox666: mucks hand
Actionni13 collected $17.64 from pot
*** SUMMARY ***
Total pot $18 | Rake $0.36
Board [2c 4h 8d 9s Jc]
Seat 2: MadFox666 (button) (small blind) mucked
Seat 4: Actionni13 (big blind) showed [5h Ah] and won ($17.64) with high card Ace


PokerStars Hand #170380029070:  Hold'em Limit ($3/$6 USD) - 2017/05/13 17:55:35 ET
Table 'Jacchia' 6-max Seat #2 is the button
Seat 2: MadFox666 ($114.35 in chips)
Seat 4: Actionni13 ($235.78 in chips)
MadFox666: posts small blind $1
Actionni13: posts big blind $3
*** HOLE CARDS ***
MadFox666: raises $3 to $6
Actionni13: raises $3 to $9
MadFox666: calls $3
*** FLOP *** [Kd 8c 5h]
Actionni13: bets $3
MadFox666: calls $3
*** TURN *** [Kd 8c 5h] [Jd]
Actionni13: bets $6
MadFox666: calls $6
*** RIVER *** [Kd 8c 5h Jd] [Qs]
Actionni13: bets $6
MadFox666: calls $6
*** SHOW DOWN ***
Actionni13: shows [Kh Ad] (a pair of Kings)
MadFox666: mucks hand
Actionni13 collected $47.50 from pot
*** SUMMARY ***
Total pot $48 | Rake $0.50
Board [Kd 8c 5h Jd Qs]
Seat 2: MadFox666 (button) (small blind) mucked
Seat 4: Actionni13 (big blind) showed [Kh Ad] and won ($47.50) with a pair of Kings


PokerStars Hand #170380038996:  Hold'em Limit ($3/$6 USD) - 2017/05/13 17:55:52 ET
Table 'Jacchia' 6-max Seat #4 is the button
Seat 2: MadFox666 ($90.35 in chips)
Seat 4: Actionni13 ($259.28 in chips)
Actionni13: posts small blind $1
MadFox666: posts big blind $3
*** HOLE CARDS ***
sussie118 joins the table at seat #1
Actionni13: raises $3 to $6
MadFox666: calls $3
*** FLOP *** [Th 4s 7c]
MadFox666: checks
Actionni13: bets $3
MadFox666: raises $3 to $6
Actionni13: raises $3 to $9
MadFox666: calls $3
*** TURN *** [Th 4s 7c] [8d]
gertjan75 joins the table at seat #6
MadFox666: checks
Actionni13: checks
*** RIVER *** [Th 4s 7c 8d] [Tc]
MadFox666: bets $6
Actionni13: folds
Uncalled bet ($6) returned to MadFox666
MadFox666 collected $29.50 from pot
MadFox666: doesn't show hand
*** SUMMARY ***
Total pot $30 | Rake $0.50
Board [Th 4s 7c 8d Tc]
Seat 2: MadFox666 (big blind) collected ($29.50)
Seat 4: Actionni13 (button) (small blind) folded on the River


