PokerStars Hand #156535010756:  Hold'em Limit ($3/$6 USD) - 2016/07/27 22:06:11 ET
Table 'Jakoba' 10-max Seat #3 is the button
Seat 2: Brama Br ($249.46 in chips)
Seat 3: Masqb ($106.86 in chips)
Masqb: posts small blind $1
Necromadx: is sitting out
plummgg: is sitting out
Brama Br: posts big blind $3
*** HOLE CARDS ***
Necromadx leaves the table
Masqb: folds
Uncalled bet ($2) returned to Brama Br
Brama Br collected $2 from pot
Brama Br: doesn't show hand
*** SUMMARY ***
Total pot $2 | Rake $0
Seat 2: Brama Br (big blind) collected ($2)
Seat 3: Masqb (button) (small blind) folded before Flop


PokerStars Hand #156535013921:  Hold'em Limit ($3/$6 USD) - 2016/07/27 22:06:20 ET
Table 'Jakoba' 10-max Seat #2 is the button
Seat 2: Brama Br ($250.46 in chips)
Seat 3: Masqb ($105.86 in chips)
Brama Br: posts small blind $1
Masqb: posts big blind $3
*** HOLE CARDS ***
plummgg leaves the table
Brama Br: raises $3 to $6
Masqb: calls $3
*** FLOP *** [Kd Jc 9h]
Masqb: checks
Brama Br: bets $3
Masqb: raises $3 to $6
Brama Br: raises $3 to $9
Masqb: calls $3
*** TURN *** [Kd Jc 9h] [5h]
Masqb: checks
Brama Br: bets $6
Masqb: calls $6
*** RIVER *** [Kd Jc 9h 5h] [Qd]
Masqb: checks
Brama Br: checks
*** SHOW DOWN ***
Masqb: shows [6d Js] (a pair of Jacks)
Brama Br: shows [Kh Kc] (three of a kind, Kings)
Brama Br collected $41.50 from pot
*** SUMMARY ***
Total pot $42 | Rake $0.50
Board [Kd Jc 9h 5h Qd]
Seat 2: Brama Br (button) (small blind) showed [Kh Kc] and won ($41.50) with three of a kind, Kings
Seat 3: Masqb (big blind) showed [6d Js] and lost with a pair of Jacks


PokerStars Hand #156535033171:  Hold'em Limit ($3/$6 USD) - 2016/07/27 22:07:17 ET
Table 'Jakoba' 10-max Seat #2 is the button
Seat 2: Brama Br ($264.96 in chips)
Seat 3: Masqb ($90.62 in chips)
Brama Br: posts small blind $1
Masqb: posts big blind $3
*** HOLE CARDS ***
Brama Br: raises $3 to $6
Masqb: folds
Uncalled bet ($3) returned to Brama Br
Brama Br collected $6 from pot
Brama Br: doesn't show hand
*** SUMMARY ***
Total pot $6 | Rake $0
Seat 2: Brama Br (button) (small blind) collected ($6)
Seat 3: Masqb (big blind) folded before Flop


PokerStars Hand #156535027171:  Hold'em Limit ($3/$6 USD) - 2016/07/27 22:06:59 ET
Table 'Jakoba' 10-max Seat #3 is the button
Seat 2: Brama Br ($270.96 in chips)
Seat 3: Masqb ($84.86 in chips)
Masqb: posts small blind $1
Brama Br: posts big blind $3
*** HOLE CARDS ***
Masqb: raises $3 to $6
Brama Br: calls $3
*** FLOP *** [3h 3c 5c]
Brama Br: checks
Masqb: bets $3
Brama Br: folds
Uncalled bet ($3) returned to Masqb
Masqb collected $11.76 from pot
Masqb: doesn't show hand
*** SUMMARY ***
Total pot $12 | Rake $0.24
Board [3h 3c 5c]
Seat 2: Brama Br (big blind) folded on the Flop
Seat 3: Masqb (button) (small blind) collected ($11.76)


PokerStars Hand #156535036294:  Hold'em Limit ($3/$6 USD) - 2016/07/27 22:07:26 ET
Table 'Jakoba' 10-max Seat #3 is the button
Seat 2: Brama Br ($267.96 in chips)
Seat 3: Masqb ($87.62 in chips)
Masqb: posts small blind $1
Brama Br: posts big blind $3
*** HOLE CARDS ***
Masqb: raises $3 to $6
Brama Br: calls $3
*** FLOP *** [8s Kd 8c]
Brama Br: checks
Masqb: bets $3
Brama Br: raises $3 to $6
Masqb: calls $3
*** TURN *** [8s Kd 8c] [6h]
Brama Br: bets $6
Masqb: folds
Uncalled bet ($6) returned to Brama Br
Brama Br collected $23.52 from pot
Brama Br: doesn't show hand
*** SUMMARY ***
Total pot $24 | Rake $0.48
Board [8s Kd 8c 6h]
Seat 2: Brama Br (big blind) collected ($23.52)
Seat 3: Masqb (button) (small blind) folded on the Turn


PokerStars Hand #156535064628:  Hold'em Limit ($3/$6 USD) - 2016/07/27 22:08:50 ET
Table 'Jakoba' 10-max Seat #3 is the button
Seat 2: Brama Br ($263.48 in chips)
Seat 3: Masqb ($91.14 in chips)
Masqb: posts small blind $1
Brama Br: posts big blind $3
*** HOLE CARDS ***
Masqb: raises $3 to $6
Brama Br: calls $3
*** FLOP *** [Ad Qd Ah]
Brama Br: checks
Masqb: bets $3
Brama Br: calls $3
*** TURN *** [Ad Qd Ah] [2c]
Brama Br: checks
Masqb: checks
*** RIVER *** [Ad Qd Ah 2c] [Qs]
Brama Br: bets $6
Masqb: folds
Uncalled bet ($6) returned to Brama Br
Brama Br collected $17.64 from pot
Brama Br: doesn't show hand
*** SUMMARY ***
Total pot $18 | Rake $0.36
Board [Ad Qd Ah 2c Qs]
Seat 2: Brama Br (big blind) collected ($17.64)
Seat 3: Masqb (button) (small blind) folded on the River


PokerStars Hand #156535062905:  Hold'em Limit ($3/$6 USD) - 2016/07/27 22:08:44 ET
Table 'Jakoba' 10-max Seat #2 is the button
Seat 2: Brama Br ($264.48 in chips)
Seat 3: Masqb ($90.14 in chips)
Brama Br: posts small blind $1
Masqb: posts big blind $3
*** HOLE CARDS ***
Brama Br: folds
Uncalled bet ($2) returned to Masqb
Masqb collected $2 from pot
Masqb: doesn't show hand
*** SUMMARY ***
Total pot $2 | Rake $0
Seat 2: Brama Br (button) (small blind) folded before Flop
Seat 3: Masqb (big blind) collected ($2)


PokerStars Hand #156535060514:  Hold'em Limit ($3/$6 USD) - 2016/07/27 22:08:37 ET
Table 'Jakoba' 10-max Seat #3 is the button
Seat 2: Brama Br ($267.48 in chips)
Seat 3: Masqb ($87.14 in chips)
Masqb: posts small blind $1
Brama Br: posts big blind $3
*** HOLE CARDS ***
Masqb: raises $3 to $6
Brama Br: folds
Uncalled bet ($3) returned to Masqb
Masqb collected $6 from pot
Masqb: doesn't show hand
*** SUMMARY ***
Total pot $6 | Rake $0
Seat 2: Brama Br (big blind) folded before Flop
Seat 3: Masqb (button) (small blind) collected ($6)


PokerStars Hand #156535045996:  Hold'em Limit ($3/$6 USD) - 2016/07/27 22:07:55 ET
Table 'Jakoba' 10-max Seat #2 is the button
Seat 2: Brama Br ($279.48 in chips)
Seat 3: Masqb ($75.62 in chips)
Brama Br: posts small blind $1
Masqb: posts big blind $3
*** HOLE CARDS ***
Brama Br: raises $3 to $6
Masqb: raises $3 to $9
Brama Br: raises $3 to $12
Betting is capped
Masqb: calls $3
*** FLOP *** [Jc 6h 7s]
Masqb: checks
Brama Br: checks
*** TURN *** [Jc 6h 7s] [Ks]
Masqb: checks
Brama Br: checks
*** RIVER *** [Jc 6h 7s Ks] [Kd]
Masqb: checks
Brama Br: checks
*** SHOW DOWN ***
Masqb: shows [6d 9d] (two pair, Kings and Sixes)
Brama Br: mucks hand
Masqb collected $23.52 from pot
*** SUMMARY ***
Total pot $24 | Rake $0.48
Board [Jc 6h 7s Ks Kd]
Seat 2: Brama Br (button) (small blind) mucked
Seat 3: Masqb (big blind) showed [6d 9d] and won ($23.52) with two pair, Kings and Sixes


PokerStars Hand #156535090274:  Hold'em Limit ($3/$6 USD) - 2016/07/27 22:10:05 ET
Table 'Jakoba' 10-max Seat #2 is the button
Seat 2: Brama Br ($292.62 in chips)
Seat 3: Masqb ($61.14 in chips)
Brama Br: posts small blind $1
Masqb: posts big blind $3
*** HOLE CARDS ***
Brama Br: raises $3 to $6
Masqb: folds
Uncalled bet ($3) returned to Brama Br
Brama Br collected $6 from pot
Brama Br: doesn't show hand
*** SUMMARY ***
Total pot $6 | Rake $0
Seat 2: Brama Br (button) (small blind) collected ($6)
Seat 3: Masqb (big blind) folded before Flop


PokerStars Hand #156535075572:  Hold'em Limit ($3/$6 USD) - 2016/07/27 22:09:22 ET
Table 'Jakoba' 10-max Seat #3 is the button
Seat 2: Brama Br ($275.12 in chips)
Seat 3: Masqb ($79.14 in chips)
Masqb: posts small blind $1
Brama Br: posts big blind $3
*** HOLE CARDS ***
Masqb: raises $3 to $6
Brama Br: raises $3 to $9
Masqb: calls $3
*** FLOP *** [3s 7c 7h]
Brama Br: bets $3
Masqb: calls $3
*** TURN *** [3s 7c 7h] [Ad]
Brama Br: checks
Masqb: checks
*** RIVER *** [3s 7c 7h Ad] [9d]
Brama Br: bets $6
Masqb: calls $6
*** SHOW DOWN ***
Brama Br: shows [Tc Ts] (two pair, Tens and Sevens)
Masqb: mucks hand
Brama Br collected $35.50 from pot
*** SUMMARY ***
Total pot $36 | Rake $0.50
Board [3s 7c 7h Ad 9d]
Seat 2: Brama Br (big blind) showed [Tc Ts] and won ($35.50) with two pair, Tens and Sevens
Seat 3: Masqb (button) (small blind) mucked


PokerStars Hand #156535073393:  Hold'em Limit ($3/$6 USD) - 2016/07/27 22:09:15 ET
Table 'Jakoba' 10-max Seat #2 is the button
Seat 2: Brama Br ($272.12 in chips)
Seat 3: Masqb ($82.14 in chips)
Brama Br: posts small blind $1
Masqb: posts big blind $3
*** HOLE CARDS ***
Brama Br: raises $3 to $6
Masqb: folds
Uncalled bet ($3) returned to Brama Br
Brama Br collected $6 from pot
Brama Br: doesn't show hand
*** SUMMARY ***
Total pot $6 | Rake $0
Seat 2: Brama Br (button) (small blind) collected ($6)
Seat 3: Masqb (big blind) folded before Flop


PokerStars Hand #156535104211:  Hold'em Limit ($3/$6 USD) - 2016/07/27 22:10:46 ET
Table 'Jakoba' 10-max Seat #2 is the button
Seat 2: Brama Br ($300.26 in chips)
Seat 3: Masqb ($75 in chips)
Brama Br: posts small blind $1
Masqb: posts big blind $3
*** HOLE CARDS ***
Brama Br: raises $3 to $6
Masqb: calls $3
*** FLOP *** [9s Ac 9d]
Masqb: checks
Brama Br: bets $3
Masqb: raises $3 to $6
Brama Br: calls $3
*** TURN *** [9s Ac 9d] [2c]
Masqb: bets $6
Brama Br: calls $6
*** RIVER *** [9s Ac 9d 2c] [2d]
Masqb: bets $6
Brama Br: calls $6
*** SHOW DOWN ***
Masqb: shows [Tc 9h] (a full house, Nines full of Deuces)
Brama Br: mucks hand
Masqb collected $47.50 from pot
*** SUMMARY ***
Total pot $48 | Rake $0.50
Board [9s Ac 9d 2c 2d]
Seat 2: Brama Br (button) (small blind) mucked
Seat 3: Masqb (big blind) showed [Tc 9h] and won ($47.50) with a full house, Nines full of Deuces


PokerStars Hand #156535101877:  Hold'em Limit ($3/$6 USD) - 2016/07/27 22:10:39 ET
Table 'Jakoba' 10-max Seat #3 is the button
Seat 2: Brama Br ($303.26 in chips)
Seat 3: Masqb ($72 in chips)
Masqb: posts small blind $1
Brama Br: posts big blind $3
*** HOLE CARDS ***
Masqb: raises $3 to $6
Brama Br: folds
Uncalled bet ($3) returned to Masqb
Masqb collected $6 from pot
Masqb: doesn't show hand
*** SUMMARY ***
Total pot $6 | Rake $0
Seat 2: Brama Br (big blind) folded before Flop
Seat 3: Masqb (button) (small blind) collected ($6)


PokerStars Hand #156535100068:  Hold'em Limit ($3/$6 USD) - 2016/07/27 22:10:34 ET
Table 'Jakoba' 10-max Seat #2 is the button
Seat 2: Brama Br ($304.26 in chips)
Seat 3: Masqb ($71 in chips)
Brama Br: posts small blind $1
Masqb: posts big blind $3
*** HOLE CARDS ***
Brama Br: folds
Uncalled bet ($2) returned to Masqb
Masqb collected $2 from pot
Masqb: doesn't show hand
*** SUMMARY ***
Total pot $2 | Rake $0
Seat 2: Brama Br (button) (small blind) folded before Flop
Seat 3: Masqb (big blind) collected ($2)


PokerStars Hand #156535093363:  Hold'em Limit ($3/$6 USD) - 2016/07/27 22:10:14 ET
Table 'Jakoba' 10-max Seat #3 is the button
Seat 2: Brama Br ($295.62 in chips)
Seat 3: Masqb ($80 in chips)
Masqb: posts small blind $1
Brama Br: posts big blind $3
*** HOLE CARDS ***
Masqb: raises $3 to $6
Brama Br: raises $3 to $9
Masqb: calls $3
*** FLOP *** [7d Ts Ks]
Brama Br: bets $3
Masqb: folds
Uncalled bet ($3) returned to Brama Br
Brama Br collected $17.64 from pot
Brama Br: doesn't show hand
*** SUMMARY ***
Total pot $18 | Rake $0.36
Board [7d Ts Ks]
Seat 2: Brama Br (big blind) collected ($17.64)
Seat 3: Masqb (button) (small blind) folded on the Flop


PokerStars Hand #156535128286:  Hold'em Limit ($3/$6 USD) - 2016/07/27 22:11:56 ET
Table 'Jakoba' 10-max Seat #3 is the button
Seat 2: Brama Br ($299.54 in chips)
Seat 3: Masqb ($74.50 in chips)
Masqb: posts small blind $1
Brama Br: posts big blind $3
*** HOLE CARDS ***
Masqb: folds
Uncalled bet ($2) returned to Brama Br
Brama Br collected $2 from pot
Brama Br: doesn't show hand
*** SUMMARY ***
Total pot $2 | Rake $0
Seat 2: Brama Br (big blind) collected ($2)
Seat 3: Masqb (button) (small blind) folded before Flop


PokerStars Hand #156535125564:  Hold'em Limit ($3/$6 USD) - 2016/07/27 22:11:48 ET
Table 'Jakoba' 10-max Seat #2 is the button
Seat 2: Brama Br ($296.54 in chips)
Seat 3: Masqb ($77.50 in chips)
Brama Br: posts small blind $1
Masqb: posts big blind $3
*** HOLE CARDS ***
Brama Br: raises $3 to $6
Masqb: folds
Uncalled bet ($3) returned to Brama Br
Brama Br collected $6 from pot
Brama Br: doesn't show hand
*** SUMMARY ***
Total pot $6 | Rake $0
Seat 2: Brama Br (button) (small blind) collected ($6)
Seat 3: Masqb (big blind) folded before Flop


PokerStars Hand #156535119671:  Hold'em Limit ($3/$6 USD) - 2016/07/27 22:11:31 ET
Table 'Jakoba' 10-max Seat #3 is the button
Seat 2: Brama Br ($287.90 in chips)
Seat 3: Masqb ($86.50 in chips)
Masqb: posts small blind $1
Brama Br: posts big blind $3
*** HOLE CARDS ***
Masqb: raises $3 to $6
Brama Br: calls $3
*** FLOP *** [Qc 9s Qh]
Brama Br: checks
Masqb: bets $3
Brama Br: raises $3 to $6
Masqb: folds
Uncalled bet ($3) returned to Brama Br
Brama Br collected $17.64 from pot
Brama Br: doesn't show hand
*** SUMMARY ***
Total pot $18 | Rake $0.36
Board [Qc 9s Qh]
Seat 2: Brama Br (big blind) collected ($17.64)
Seat 3: Masqb (button) (small blind) folded on the Flop


PokerStars Hand #156535113143:  Hold'em Limit ($3/$6 USD) - 2016/07/27 22:11:12 ET
Table 'Jakoba' 10-max Seat #3 is the button
Seat 2: Brama Br ($276.26 in chips)
Seat 3: Masqb ($98.50 in chips)
Masqb: posts small blind $1
Brama Br: posts big blind $3
*** HOLE CARDS ***
Masqb: raises $3 to $6
Brama Br: raises $3 to $9
Masqb: calls $3
*** FLOP *** [6h Jh 3s]
Brama Br: bets $3
Masqb: folds
Uncalled bet ($3) returned to Brama Br
Brama Br collected $17.64 from pot
Brama Br: doesn't show hand
*** SUMMARY ***
Total pot $18 | Rake $0.36
Board [6h Jh 3s]
Seat 2: Brama Br (big blind) collected ($17.64)
Seat 3: Masqb (button) (small blind) folded on the Flop


PokerStars Hand #156535131042:  Hold'em Limit ($3/$6 USD) - 2016/07/27 22:12:04 ET
Table 'Jakoba' 10-max Seat #2 is the button
Seat 2: Brama Br ($300.54 in chips)
Seat 3: Masqb ($73.50 in chips)
Brama Br: posts small blind $1
Masqb: posts big blind $3
*** HOLE CARDS ***
Brama Br: raises $3 to $6
Masqb: folds
Uncalled bet ($3) returned to Brama Br
Brama Br collected $6 from pot
Brama Br: doesn't show hand
*** SUMMARY ***
Total pot $6 | Rake $0
Seat 2: Brama Br (button) (small blind) collected ($6)
Seat 3: Masqb (big blind) folded before Flop


PokerStars Hand #156535117240:  Hold'em Limit ($3/$6 USD) - 2016/07/27 22:11:24 ET
Table 'Jakoba' 10-max Seat #2 is the button
Seat 2: Brama Br ($284.90 in chips)
Seat 3: Masqb ($89.50 in chips)
Brama Br: posts small blind $1
Masqb: posts big blind $3
*** HOLE CARDS ***
Brama Br: raises $3 to $6
Masqb: folds
Uncalled bet ($3) returned to Brama Br
Brama Br collected $6 from pot
Brama Br: doesn't show hand
*** SUMMARY ***
Total pot $6 | Rake $0
Seat 2: Brama Br (button) (small blind) collected ($6)
Seat 3: Masqb (big blind) folded before Flop


PokerStars Hand #156535136457:  Hold'em Limit ($3/$6 USD) - 2016/07/27 22:12:20 ET
Table 'Jakoba' 10-max Seat #2 is the button
Seat 2: Brama Br ($304.54 in chips)
Seat 3: Masqb ($69.50 in chips)
Brama Br: posts small blind $1
Masqb: posts big blind $3
*** HOLE CARDS ***
Brama Br: folds
Uncalled bet ($2) returned to Masqb
Masqb collected $2 from pot
Masqb: doesn't show hand
*** SUMMARY ***
Total pot $2 | Rake $0
Seat 2: Brama Br (button) (small blind) folded before Flop
Seat 3: Masqb (big blind) collected ($2)


PokerStars Hand #156535133766:  Hold'em Limit ($3/$6 USD) - 2016/07/27 22:12:12 ET
Table 'Jakoba' 10-max Seat #3 is the button
Seat 2: Brama Br ($303.54 in chips)
Seat 3: Masqb ($70.50 in chips)
Masqb: posts small blind $1
Brama Br: posts big blind $3
*** HOLE CARDS ***
Masqb: folds
Uncalled bet ($2) returned to Brama Br
Brama Br collected $2 from pot
Brama Br: doesn't show hand
*** SUMMARY ***
Total pot $2 | Rake $0
Seat 2: Brama Br (big blind) collected ($2)
Seat 3: Masqb (button) (small blind) folded before Flop


PokerStars Hand #156535149552:  Hold'em Limit ($3/$6 USD) - 2016/07/27 22:12:58 ET
Table 'Jakoba' 10-max Seat #2 is the button
Seat 2: Brama Br ($312.18 in chips)
Seat 3: Masqb ($61.50 in chips)
Brama Br: posts small blind $1
Masqb: posts big blind $3
*** HOLE CARDS ***
Brama Br: folds
Uncalled bet ($2) returned to Masqb
Masqb collected $2 from pot
Masqb: doesn't show hand
*** SUMMARY ***
Total pot $2 | Rake $0
Seat 2: Brama Br (button) (small blind) folded before Flop
Seat 3: Masqb (big blind) collected ($2)


PokerStars Hand #156535138185:  Hold'em Limit ($3/$6 USD) - 2016/07/27 22:12:25 ET
Table 'Jakoba' 10-max Seat #3 is the button
Seat 2: Brama Br ($303.54 in chips)
Seat 3: Masqb ($70.50 in chips)
Masqb: posts small blind $1
FabronxRJ joins the table at seat #4
Brama Br: posts big blind $3
*** HOLE CARDS ***
Masqb: raises $3 to $6
Brama Br: calls $3
*** FLOP *** [8h Ac 2h]
Brama Br: checks
Masqb: bets $3
Brama Br: calls $3
*** TURN *** [8h Ac 2h] [Jd]
Brama Br: checks
Masqb: checks
*** RIVER *** [8h Ac 2h Jd] [Kc]
Brama Br: checks
Masqb: checks
*** SHOW DOWN ***
Brama Br: shows [Qs 8s] (a pair of Eights)
Masqb: mucks hand
Brama Br collected $17.64 from pot
*** SUMMARY ***
Total pot $18 | Rake $0.36
Board [8h Ac 2h Jd Kc]
Seat 2: Brama Br (big blind) showed [Qs 8s] and won ($17.64) with a pair of Eights
Seat 3: Masqb (button) (small blind) mucked


PokerStars Hand #156535220453:  Hold'em Limit ($3/$6 USD) - 2016/07/27 22:16:28 ET
Table 'Jakoba' 10-max Seat #2 is the button
Seat 2: Brama Br ($287.18 in chips)
Seat 3: Masqb ($113.93 in chips)
Brama Br: posts small blind $1
Masqb: posts big blind $3
*** HOLE CARDS ***
Brama Br: folds
Uncalled bet ($2) returned to Masqb
Masqb collected $2 from pot
Masqb: doesn't show hand
*** SUMMARY ***
Total pot $2 | Rake $0
Seat 2: Brama Br (button) (small blind) folded before Flop
Seat 3: Masqb (big blind) collected ($2)


PokerStars Hand #156535218270:  Hold'em Limit ($3/$6 USD) - 2016/07/27 22:16:22 ET
Table 'Jakoba' 10-max Seat #3 is the button
Seat 2: Brama Br ($286.18 in chips)
Seat 3: Masqb ($114.93 in chips)
Masqb: posts small blind $1
Brama Br: posts big blind $3
*** HOLE CARDS ***
Masqb: folds
Uncalled bet ($2) returned to Brama Br
Brama Br collected $2 from pot
Brama Br: doesn't show hand
*** SUMMARY ***
Total pot $2 | Rake $0
Seat 2: Brama Br (big blind) collected ($2)
Seat 3: Masqb (button) (small blind) folded before Flop


PokerStars Hand #156535228470:  Hold'em Limit ($3/$6 USD) - 2016/07/27 22:16:52 ET
Table 'Jakoba' 10-max Seat #2 is the button
Seat 2: Brama Br ($294.82 in chips)
Seat 3: Masqb ($105.93 in chips)
Brama Br: posts small blind $1
Masqb: posts big blind $3
*** HOLE CARDS ***
Brama Br: folds
Uncalled bet ($2) returned to Masqb
Masqb collected $2 from pot
Masqb: doesn't show hand
*** SUMMARY ***
Total pot $2 | Rake $0
Seat 2: Brama Br (button) (small blind) folded before Flop
Seat 3: Masqb (big blind) collected ($2)


PokerStars Hand #156535223096:  Hold'em Limit ($3/$6 USD) - 2016/07/27 22:16:36 ET
Table 'Jakoba' 10-max Seat #3 is the button
Seat 2: Brama Br ($286.18 in chips)
Seat 3: Masqb ($114.93 in chips)
Masqb: posts small blind $1
Brama Br: posts big blind $3
*** HOLE CARDS ***
Masqb: raises $3 to $6
Brama Br: raises $3 to $9
Masqb: calls $3
*** FLOP *** [6c 8c Qc]
Brama Br: bets $3
Masqb: folds
Uncalled bet ($3) returned to Brama Br
Brama Br collected $17.64 from pot
Brama Br: doesn't show hand
*** SUMMARY ***
Total pot $18 | Rake $0.36
Board [6c 8c Qc]
Seat 2: Brama Br (big blind) collected ($17.64)
Seat 3: Masqb (button) (small blind) folded on the Flop


PokerStars Hand #156535243275:  Hold'em Limit ($3/$6 USD) - 2016/07/27 22:17:36 ET
Table 'Jakoba' 10-max Seat #2 is the button
Seat 2: Brama Br ($317.32 in chips)
Seat 3: Masqb ($82.93 in chips)
Brama Br: posts small blind $1
Masqb: posts big blind $3
*** HOLE CARDS ***
Brama Br: raises $3 to $6
Masqb: raises $3 to $9
Brama Br: calls $3
*** FLOP *** [5s Kh 6h]
Masqb: bets $3
Brama Br: calls $3
*** TURN *** [5s Kh 6h] [3c]
Masqb: checks
Brama Br: checks
*** RIVER *** [5s Kh 6h 3c] [7d]
Masqb: checks
Brama Br: checks
*** SHOW DOWN ***
Masqb: shows [Qh Jc] (high card King)
Brama Br: shows [Js Qc] (high card King)
Masqb collected $11.76 from pot
Brama Br collected $11.76 from pot
*** SUMMARY ***
Total pot $24 | Rake $0.48
Board [5s Kh 6h 3c 7d]
Seat 2: Brama Br (button) (small blind) showed [Js Qc] and won ($11.76) with high card King
Seat 3: Masqb (big blind) showed [Qh Jc] and won ($11.76) with high card King


PokerStars Hand #156535751313:  Hold'em Limit ($3/$6 USD) - 2016/07/27 22:42:57 ET
Table 'Jakoba' 10-max Seat #2 is the button
Seat 2: Brama Br ($127.37 in chips)
Seat 3: Masqb ($267.64 in chips)
Brama Br: posts small blind $1
Masqb: posts big blind $3
*** HOLE CARDS ***
Brama Br: raises $3 to $6
Masqb: folds
Uncalled bet ($3) returned to Brama Br
Brama Br collected $6 from pot
Brama Br: doesn't show hand
*** SUMMARY ***
Total pot $6 | Rake $0
Seat 2: Brama Br (button) (small blind) collected ($6)
Seat 3: Masqb (big blind) folded before Flop


