PokerStars Hand #171674345222:  Hold'em Limit ($3/$6 USD) - 2017/06/12 7:58:24 ET
Table 'Jakoba' 6-max Seat #1 is the button
Seat 1: popesxxx ($23.75 in chips)
Seat 2: Whatze Phuck ($128.39 in chips)
popesxxx: posts small blind $1
Whatze Phuck: posts big blind $3
*** HOLE CARDS ***
popesxxx: folds
Uncalled bet ($2) returned to Whatze Phuck
Whatze Phuck collected $2 from pot
Whatze Phuck: doesn't show hand
*** SUMMARY ***
Total pot $2 | Rake $0
Seat 1: popesxxx (button) (small blind) folded before Flop
Seat 2: Whatze Phuck (big blind) collected ($2)


PokerStars Hand #171674339276:  Hold'em Limit ($3/$6 USD) - 2017/06/12 7:58:08 ET
Table 'Jakoba' 6-max Seat #2 is the button
Seat 1: popesxxx ($24 in chips)
Seat 2: Whatze Phuck ($128.64 in chips)
Whatze Phuck: posts small blind $1
popesxxx: posts big blind $3
*** HOLE CARDS ***
Whatze Phuck: raises $3 to $6
popesxxx: calls $3
*** FLOP *** [3d 2d Jd]
popesxxx: checks
Whatze Phuck: bets $3
popesxxx: calls $3
*** TURN *** [3d 2d Jd] [Td]
popesxxx: checks
Whatze Phuck: checks
*** RIVER *** [3d 2d Jd Td] [8d]
popesxxx: bets $6
Whatze Phuck: calls $6
*** SHOW DOWN ***
popesxxx: shows [Th 3h] (a flush, Jack high)
Whatze Phuck: shows [Qh 7c] (a flush, Jack high)
popesxxx collected $14.75 from pot
Whatze Phuck collected $14.75 from pot
*** SUMMARY ***
Total pot $30 | Rake $0.50
Board [3d 2d Jd Td 8d]
Seat 1: popesxxx (big blind) showed [Th 3h] and won ($14.75) with a flush, Jack high
Seat 2: Whatze Phuck (button) (small blind) showed [Qh 7c] and won ($14.75) with a flush, Jack high


PokerStars Hand #171674337460:  Hold'em Limit ($3/$6 USD) - 2017/06/12 7:58:04 ET
Table 'Jakoba' 6-max Seat #1 is the button
Seat 1: popesxxx ($25 in chips)
Seat 2: Whatze Phuck ($127.64 in chips)
popesxxx: posts small blind $1
Whatze Phuck: posts big blind $3
*** HOLE CARDS ***
popesxxx: folds
Uncalled bet ($2) returned to Whatze Phuck
Whatze Phuck collected $2 from pot
Whatze Phuck: doesn't show hand
*** SUMMARY ***
Total pot $2 | Rake $0
Seat 1: popesxxx (button) (small blind) folded before Flop
Seat 2: Whatze Phuck (big blind) collected ($2)


PokerStars Hand #171674335544:  Hold'em Limit ($3/$6 USD) - 2017/06/12 7:57:59 ET
Table 'Jakoba' 6-max Seat #2 is the button
Seat 1: popesxxx ($24 in chips)
Seat 2: Whatze Phuck ($128.64 in chips)
Whatze Phuck: posts small blind $1
popesxxx: posts big blind $3
*** HOLE CARDS ***
Whatze Phuck: folds
Uncalled bet ($2) returned to popesxxx
popesxxx collected $2 from pot
*** SUMMARY ***
Total pot $2 | Rake $0
Seat 1: popesxxx (big blind) collected ($2)
Seat 2: Whatze Phuck (button) (small blind) folded before Flop


PokerStars Hand #171674328203:  Hold'em Limit ($3/$6 USD) - 2017/06/12 7:57:40 ET
Table 'Jakoba' 6-max Seat #1 is the button
Seat 1: popesxxx ($33 in chips)
Seat 2: Whatze Phuck ($120 in chips)
popesxxx: posts small blind $1
Whatze Phuck: posts big blind $3
*** HOLE CARDS ***
popesxxx: calls $2
Whatze Phuck: raises $3 to $6
popesxxx: calls $3
*** FLOP *** [4h 4d 5c]
Whatze Phuck: bets $3
popesxxx: calls $3
*** TURN *** [4h 4d 5c] [8d]
Whatze Phuck: checks
popesxxx: checks
*** RIVER *** [4h 4d 5c 8d] [4s]
Whatze Phuck: bets $6
popesxxx: folds
Uncalled bet ($6) returned to Whatze Phuck
Whatze Phuck collected $17.64 from pot
Whatze Phuck: doesn't show hand
*** SUMMARY ***
Total pot $18 | Rake $0.36
Board [4h 4d 5c 8d 4s]
Seat 1: popesxxx (button) (small blind) folded on the River
Seat 2: Whatze Phuck (big blind) collected ($17.64)


PokerStars Hand #171674366363:  Hold'em Limit ($3/$6 USD) - 2017/06/12 7:59:17 ET
Table 'Jakoba' 6-max Seat #2 is the button
Seat 1: popesxxx ($46.52 in chips)
Seat 2: Whatze Phuck ($139.64 in chips)
Whatze Phuck: posts small blind $1
popesxxx: posts big blind $3
*** HOLE CARDS ***
Whatze Phuck: raises $3 to $6
popesxxx: calls $3
*** FLOP *** [5d 8d 8h]
popesxxx: checks
Whatze Phuck: bets $3
popesxxx: folds
Uncalled bet ($3) returned to Whatze Phuck
Whatze Phuck collected $11.76 from pot
Whatze Phuck: doesn't show hand
*** SUMMARY ***
Total pot $12 | Rake $0.24
Board [5d 8d 8h]
Seat 1: popesxxx (big blind) folded on the Flop
Seat 2: Whatze Phuck (button) (small blind) collected ($11.76)


PokerStars Hand #171674360247:  Hold'em Limit ($3/$6 USD) - 2017/06/12 7:59:01 ET
Table 'Jakoba' 6-max Seat #1 is the button
Seat 1: popesxxx ($35 in chips)
Seat 2: Whatze Phuck ($151.64 in chips)
popesxxx: posts small blind $1
Whatze Phuck: posts big blind $3
*** HOLE CARDS ***
popesxxx: raises $3 to $6
Whatze Phuck: raises $3 to $9
popesxxx: calls $3
*** FLOP *** [3s As 7s]
Whatze Phuck: bets $3
popesxxx: calls $3
*** TURN *** [3s As 7s] [4s]
Whatze Phuck: checks
popesxxx: bets $6
Whatze Phuck: folds
Uncalled bet ($6) returned to popesxxx
popesxxx collected $23.52 from pot
*** SUMMARY ***
Total pot $24 | Rake $0.48
Board [3s As 7s 4s]
Seat 1: popesxxx (button) (small blind) collected ($23.52)
Seat 2: Whatze Phuck (big blind) folded on the Turn


PokerStars Hand #171674347096:  Hold'em Limit ($3/$6 USD) - 2017/06/12 7:58:28 ET
Table 'Jakoba' 6-max Seat #2 is the button
Seat 1: popesxxx ($22.75 in chips)
Seat 2: Whatze Phuck ($129.39 in chips)
Whatze Phuck: posts small blind $1
popesxxx: posts big blind $3
*** HOLE CARDS ***
Whatze Phuck: raises $3 to $6
popesxxx: calls $3
*** FLOP *** [As Kd 3h]
popesxxx: checks
Whatze Phuck: checks
*** TURN *** [As Kd 3h] [3s]
popesxxx: bets $6
Whatze Phuck: raises $6 to $12
popesxxx: raises $4.75 to $16.75 and is all-in
Whatze Phuck: calls $4.75
*** RIVER *** [As Kd 3h 3s] [4h]
*** SHOW DOWN ***
popesxxx: shows [Js 4d] (two pair, Fours and Threes)
Whatze Phuck: shows [Ah Qh] (two pair, Aces and Threes)
Whatze Phuck collected $45 from pot
*** SUMMARY ***
Total pot $45.50 | Rake $0.50
Board [As Kd 3h 3s 4h]
Seat 1: popesxxx (big blind) showed [Js 4d] and lost with two pair, Fours and Threes
Seat 2: Whatze Phuck (button) (small blind) showed [Ah Qh] and won ($45) with two pair, Aces and Threes


PokerStars Hand #171674395253:  Hold'em Limit ($3/$6 USD) - 2017/06/12 8:00:29 ET
Table 'Jakoba' 6-max Seat #2 is the button
Seat 1: popesxxx ($30.04 in chips)
Seat 2: Whatze Phuck ($154.66 in chips)
Whatze Phuck: posts small blind $1
popesxxx: posts big blind $3
*** HOLE CARDS ***
Whatze Phuck: folds
Uncalled bet ($2) returned to popesxxx
popesxxx collected $2 from pot
*** SUMMARY ***
Total pot $2 | Rake $0
Seat 1: popesxxx (big blind) collected ($2)
Seat 2: Whatze Phuck (button) (small blind) folded before Flop


PokerStars Hand #171674393382:  Hold'em Limit ($3/$6 USD) - 2017/06/12 8:00:24 ET
Table 'Jakoba' 6-max Seat #1 is the button
Seat 1: popesxxx ($31.04 in chips)
Seat 2: Whatze Phuck ($153.66 in chips)
popesxxx: posts small blind $1
Whatze Phuck: posts big blind $3
*** HOLE CARDS ***
popesxxx: folds
Uncalled bet ($2) returned to Whatze Phuck
Whatze Phuck collected $2 from pot
Whatze Phuck: doesn't show hand
*** SUMMARY ***
Total pot $2 | Rake $0
Seat 1: popesxxx (button) (small blind) folded before Flop
Seat 2: Whatze Phuck (big blind) collected ($2)


PokerStars Hand #171674385257:  Hold'em Limit ($3/$6 USD) - 2017/06/12 8:00:05 ET
Table 'Jakoba' 6-max Seat #2 is the button
Seat 1: popesxxx ($46.04 in chips)
Seat 2: Whatze Phuck ($139.16 in chips)
Whatze Phuck: posts small blind $1
popesxxx: posts big blind $3
*** HOLE CARDS ***
Whatze Phuck: raises $3 to $6
popesxxx: calls $3
*** FLOP *** [8d 9s As]
popesxxx: checks
Whatze Phuck: bets $3
popesxxx: calls $3
*** TURN *** [8d 9s As] [4d]
popesxxx: checks
Whatze Phuck: checks
*** RIVER *** [8d 9s As 4d] [7d]
popesxxx: checks
Whatze Phuck: bets $6
popesxxx: calls $6
*** SHOW DOWN ***
Whatze Phuck: shows [Tc 6c] (a straight, Six to Ten)
popesxxx: mucks hand
Whatze Phuck collected $29.50 from pot
*** SUMMARY ***
Total pot $30 | Rake $0.50
Board [8d 9s As 4d 7d]
Seat 1: popesxxx (big blind) mucked
Seat 2: Whatze Phuck (button) (small blind) showed [Tc 6c] and won ($29.50) with a straight, Six to Ten


PokerStars Hand #171674378326:  Hold'em Limit ($3/$6 USD) - 2017/06/12 7:59:47 ET
Table 'Jakoba' 6-max Seat #1 is the button
Seat 1: popesxxx ($37.40 in chips)
Seat 2: Whatze Phuck ($148.16 in chips)
popesxxx: posts small blind $1
Whatze Phuck: posts big blind $3
*** HOLE CARDS ***
popesxxx: calls $2
Whatze Phuck: raises $3 to $6
popesxxx: calls $3
*** FLOP *** [Kd 2h Jc]
Whatze Phuck: bets $3
popesxxx: calls $3
*** TURN *** [Kd 2h Jc] [Ts]
Whatze Phuck: checks
popesxxx: checks
*** RIVER *** [Kd 2h Jc Ts] [9d]
Whatze Phuck: checks
popesxxx: bets $6
Whatze Phuck: folds
Uncalled bet ($6) returned to popesxxx
popesxxx collected $17.64 from pot
*** SUMMARY ***
Total pot $18 | Rake $0.36
Board [Kd 2h Jc Ts 9d]
Seat 1: popesxxx (button) (small blind) collected ($17.64)
Seat 2: Whatze Phuck (big blind) folded on the River


PokerStars Hand #171674374941:  Hold'em Limit ($3/$6 USD) - 2017/06/12 7:59:39 ET
Table 'Jakoba' 6-max Seat #2 is the button
Seat 1: popesxxx ($43.40 in chips)
Seat 2: Whatze Phuck ($142.40 in chips)
Whatze Phuck: posts small blind $1
popesxxx: posts big blind $3
*** HOLE CARDS ***
Whatze Phuck: raises $3 to $6
popesxxx: calls $3
*** FLOP *** [Kh 3d Ad]
popesxxx: checks
Whatze Phuck: bets $3
popesxxx: folds
Uncalled bet ($3) returned to Whatze Phuck
Whatze Phuck collected $11.76 from pot
Whatze Phuck: doesn't show hand
*** SUMMARY ***
Total pot $12 | Rake $0.24
Board [Kh 3d Ad]
Seat 1: popesxxx (big blind) folded on the Flop
Seat 2: Whatze Phuck (button) (small blind) collected ($11.76)


PokerStars Hand #171674369802:  Hold'em Limit ($3/$6 USD) - 2017/06/12 7:59:25 ET
Table 'Jakoba' 6-max Seat #1 is the button
Seat 1: popesxxx ($40.52 in chips)
Seat 2: Whatze Phuck ($145.40 in chips)
popesxxx: posts small blind $1
Whatze Phuck: posts big blind $3
*** HOLE CARDS ***
popesxxx: calls $2
Whatze Phuck: checks
*** FLOP *** [9d 7h 6h]
Whatze Phuck: checks
popesxxx: checks
*** TURN *** [9d 7h 6h] [Ks]
Whatze Phuck: checks
popesxxx: checks
*** RIVER *** [9d 7h 6h Ks] [2h]
Whatze Phuck: checks
popesxxx: checks
*** SHOW DOWN ***
Whatze Phuck: shows [5d 2s] (a pair of Deuces)
popesxxx: shows [6s 8c] (a pair of Sixes)
popesxxx collected $5.88 from pot
*** SUMMARY ***
Total pot $6 | Rake $0.12
Board [9d 7h 6h Ks 2h]
Seat 1: popesxxx (button) (small blind) showed [6s 8c] and won ($5.88) with a pair of Sixes
Seat 2: Whatze Phuck (big blind) showed [5d 2s] and lost with a pair of Deuces


PokerStars Hand #171674417065:  Hold'em Limit ($3/$6 USD) - 2017/06/12 8:01:20 ET
Table 'Jakoba' 6-max Seat #2 is the button
Seat 1: popesxxx ($59.04 in chips)
Seat 2: Whatze Phuck ($124.66 in chips)
Whatze Phuck: posts small blind $1
popesxxx: posts big blind $3
*** HOLE CARDS ***
Whatze Phuck: raises $3 to $6
popesxxx: calls $3
*** FLOP *** [Ac 8h 7h]
popesxxx: checks
Whatze Phuck: bets $3
popesxxx: calls $3
*** TURN *** [Ac 8h 7h] [6h]
popesxxx: checks
Whatze Phuck: checks
*** RIVER *** [Ac 8h 7h 6h] [Qs]
popesxxx: checks
Whatze Phuck: checks
*** SHOW DOWN ***
popesxxx: shows [8s Ah] (two pair, Aces and Eights)
Whatze Phuck: mucks hand
popesxxx collected $17.64 from pot
*** SUMMARY ***
Total pot $18 | Rake $0.36
Board [Ac 8h 7h 6h Qs]
Seat 1: popesxxx (big blind) showed [8s Ah] and won ($17.64) with two pair, Aces and Eights
Seat 2: Whatze Phuck (button) (small blind) mucked


PokerStars Hand #171674414900:  Hold'em Limit ($3/$6 USD) - 2017/06/12 8:01:15 ET
Table 'Jakoba' 6-max Seat #1 is the button
Seat 1: popesxxx ($60.04 in chips)
Seat 2: Whatze Phuck ($123.66 in chips)
popesxxx: posts small blind $1
Whatze Phuck: posts big blind $3
*** HOLE CARDS ***
popesxxx: folds
Uncalled bet ($2) returned to Whatze Phuck
Whatze Phuck collected $2 from pot
Whatze Phuck: doesn't show hand
*** SUMMARY ***
Total pot $2 | Rake $0
Seat 1: popesxxx (button) (small blind) folded before Flop
Seat 2: Whatze Phuck (big blind) collected ($2)


PokerStars Hand #171674410257:  Hold'em Limit ($3/$6 USD) - 2017/06/12 8:01:04 ET
Table 'Jakoba' 6-max Seat #1 is the button
Seat 1: popesxxx ($60.04 in chips)
Seat 2: Whatze Phuck ($123.66 in chips)
popesxxx: posts small blind $1
Whatze Phuck: posts big blind $3
*** HOLE CARDS ***
popesxxx: folds
Uncalled bet ($2) returned to Whatze Phuck
Whatze Phuck collected $2 from pot
Whatze Phuck: doesn't show hand
*** SUMMARY ***
Total pot $2 | Rake $0
Seat 1: popesxxx (button) (small blind) folded before Flop
Seat 2: Whatze Phuck (big blind) collected ($2)


PokerStars Hand #171674403515:  Hold'em Limit ($3/$6 USD) - 2017/06/12 8:00:48 ET
Table 'Jakoba' 6-max Seat #2 is the button
Seat 1: popesxxx ($45.54 in chips)
Seat 2: Whatze Phuck ($138.66 in chips)
Whatze Phuck: posts small blind $1
popesxxx: posts big blind $3
*** HOLE CARDS ***
Whatze Phuck: raises $3 to $6
popesxxx: calls $3
*** FLOP *** [2h 3d 3s]
popesxxx: checks
Whatze Phuck: bets $3
popesxxx: calls $3
*** TURN *** [2h 3d 3s] [Qd]
popesxxx: checks
Whatze Phuck: bets $6
popesxxx: calls $6
*** RIVER *** [2h 3d 3s Qd] [6d]
popesxxx: checks
Whatze Phuck: checks
*** SHOW DOWN ***
popesxxx: shows [Qh 6c] (two pair, Queens and Sixes)
Whatze Phuck: mucks hand
popesxxx collected $29.50 from pot
*** SUMMARY ***
Total pot $30 | Rake $0.50
Board [2h 3d 3s Qd 6d]
Seat 1: popesxxx (big blind) showed [Qh 6c] and won ($29.50) with two pair, Queens and Sixes
Seat 2: Whatze Phuck (button) (small blind) mucked


PokerStars Hand #171674397356:  Hold'em Limit ($3/$6 USD) - 2017/06/12 8:00:34 ET
Table 'Jakoba' 6-max Seat #1 is the button
Seat 1: popesxxx ($31.04 in chips)
Seat 2: Whatze Phuck ($153.66 in chips)
popesxxx: posts small blind $1
Whatze Phuck: posts big blind $3
*** HOLE CARDS ***
popesxxx: calls $2
Whatze Phuck: raises $3 to $6
popesxxx: calls $3
*** FLOP *** [4h Qh 8s]
Whatze Phuck: bets $3
popesxxx: calls $3
*** TURN *** [4h Qh 8s] [7h]
Whatze Phuck: checks
popesxxx: checks
*** RIVER *** [4h Qh 8s 7h] [4s]
Whatze Phuck: bets $6
popesxxx: calls $6
*** SHOW DOWN ***
Whatze Phuck: shows [7s Ah] (two pair, Sevens and Fours)
popesxxx: shows [8c 6h] (two pair, Eights and Fours)
popesxxx collected $29.50 from pot
*** SUMMARY ***
Total pot $30 | Rake $0.50
Board [4h Qh 8s 7h 4s]
Seat 1: popesxxx (button) (small blind) showed [8c 6h] and won ($29.50) with two pair, Eights and Fours
Seat 2: Whatze Phuck (big blind) showed [7s Ah] and lost with two pair, Sevens and Fours


PokerStars Hand #171674442137:  Hold'em Limit ($3/$6 USD) - 2017/06/12 8:02:17 ET
Table 'Jakoba' 6-max Seat #2 is the button
Seat 1: popesxxx ($74.20 in chips)
Seat 2: Whatze Phuck ($121 in chips)
Whatze Phuck: posts small blind $1
popesxxx: posts big blind $3
*** HOLE CARDS ***
Whatze Phuck: raises $3 to $6
popesxxx: folds
Uncalled bet ($3) returned to Whatze Phuck
Whatze Phuck collected $6 from pot
Whatze Phuck: doesn't show hand
*** SUMMARY ***
Total pot $6 | Rake $0
Seat 1: popesxxx (big blind) folded before Flop
Seat 2: Whatze Phuck (button) (small blind) collected ($6)


PokerStars Hand #171674439024:  Hold'em Limit ($3/$6 USD) - 2017/06/12 8:02:10 ET
Table 'Jakoba' 6-max Seat #1 is the button
Seat 1: popesxxx ($75.20 in chips)
Seat 2: Whatze Phuck ($120 in chips)
popesxxx: posts small blind $1
Whatze Phuck: posts big blind $3
*** HOLE CARDS ***
popesxxx: folds
Uncalled bet ($2) returned to Whatze Phuck
Whatze Phuck collected $2 from pot
Whatze Phuck: doesn't show hand
*** SUMMARY ***
Total pot $2 | Rake $0
Seat 1: popesxxx (button) (small blind) folded before Flop
Seat 2: Whatze Phuck (big blind) collected ($2)


PokerStars Hand #171674432962:  Hold'em Limit ($3/$6 USD) - 2017/06/12 8:01:56 ET
Table 'Jakoba' 6-max Seat #2 is the button
Seat 1: popesxxx ($66.56 in chips)
Seat 2: Whatze Phuck ($124 in chips)
Whatze Phuck: posts small blind $1
popesxxx: posts big blind $3
*** HOLE CARDS ***
Whatze Phuck: raises $3 to $6
popesxxx: calls $3
*** FLOP *** [2s 5h Jc]
popesxxx: checks
Whatze Phuck: bets $3
popesxxx: calls $3
*** TURN *** [2s 5h Jc] [Kh]
popesxxx: checks
Whatze Phuck: checks
*** RIVER *** [2s 5h Jc Kh] [2h]
popesxxx: checks
Whatze Phuck: checks
*** SHOW DOWN ***
popesxxx: shows [Qc As] (a pair of Deuces)
Whatze Phuck: mucks hand
popesxxx collected $17.64 from pot
*** SUMMARY ***
Total pot $18 | Rake $0.36
Board [2s 5h Jc Kh 2h]
Seat 1: popesxxx (big blind) showed [Qc As] and won ($17.64) with a pair of Deuces
Seat 2: Whatze Phuck (button) (small blind) mucked


PokerStars Hand #171674430811:  Hold'em Limit ($3/$6 USD) - 2017/06/12 8:01:51 ET
Table 'Jakoba' 6-max Seat #1 is the button
Seat 1: popesxxx ($67.56 in chips)
Seat 2: Whatze Phuck ($123 in chips)
popesxxx: posts small blind $1
Whatze Phuck: posts big blind $3
*** HOLE CARDS ***
popesxxx: folds
Uncalled bet ($2) returned to Whatze Phuck
Whatze Phuck collected $2 from pot
Whatze Phuck: doesn't show hand
*** SUMMARY ***
Total pot $2 | Rake $0
Seat 1: popesxxx (button) (small blind) folded before Flop
Seat 2: Whatze Phuck (big blind) collected ($2)


PokerStars Hand #171674428732:  Hold'em Limit ($3/$6 USD) - 2017/06/12 8:01:47 ET
Table 'Jakoba' 6-max Seat #2 is the button
Seat 1: popesxxx ($70.56 in chips)
Seat 2: Whatze Phuck ($120 in chips)
Whatze Phuck: posts small blind $1
popesxxx: posts big blind $3
*** HOLE CARDS ***
Whatze Phuck: raises $3 to $6
popesxxx: folds
Uncalled bet ($3) returned to Whatze Phuck
Whatze Phuck collected $6 from pot
Whatze Phuck: doesn't show hand
*** SUMMARY ***
Total pot $6 | Rake $0
Seat 1: popesxxx (big blind) folded before Flop
Seat 2: Whatze Phuck (button) (small blind) collected ($6)


PokerStars Hand #171674423491:  Hold'em Limit ($3/$6 USD) - 2017/06/12 8:01:35 ET
Table 'Jakoba' 6-max Seat #1 is the button
Seat 1: popesxxx ($67.68 in chips)
Seat 2: Whatze Phuck ($120 in chips)
popesxxx: posts small blind $1
Whatze Phuck: posts big blind $3
*** HOLE CARDS ***
popesxxx: calls $2
Whatze Phuck: checks
*** FLOP *** [Th Qh Td]
Whatze Phuck: checks
popesxxx: checks
*** TURN *** [Th Qh Td] [9s]
Whatze Phuck: checks
popesxxx: bets $6
Whatze Phuck: folds
Uncalled bet ($6) returned to popesxxx
popesxxx collected $5.88 from pot
*** SUMMARY ***
Total pot $6 | Rake $0.12
Board [Th Qh Td 9s]
Seat 1: popesxxx (button) (small blind) collected ($5.88)
Seat 2: Whatze Phuck (big blind) folded on the Turn


PokerStars Hand #171674465930:  Hold'em Limit ($3/$6 USD) - 2017/06/12 8:03:11 ET
Table 'Jakoba' 6-max Seat #2 is the button
Seat 1: popesxxx ($102.98 in chips)
Seat 2: Whatze Phuck ($120 in chips)
Whatze Phuck: posts small blind $1
popesxxx: posts big blind $3
*** HOLE CARDS ***
Whatze Phuck: raises $3 to $6
popesxxx: calls $3
*** FLOP *** [5c 2h 4h]
popesxxx: checks
Whatze Phuck: bets $3
popesxxx: calls $3
*** TURN *** [5c 2h 4h] [Ad]
popesxxx: checks
Whatze Phuck: bets $6
popesxxx: folds
Uncalled bet ($6) returned to Whatze Phuck
Whatze Phuck collected $17.64 from pot
Whatze Phuck: doesn't show hand
*** SUMMARY ***
Total pot $18 | Rake $0.36
Board [5c 2h 4h Ad]
Seat 1: popesxxx (big blind) folded on the Turn
Seat 2: Whatze Phuck (button) (small blind) collected ($17.64)


PokerStars Hand #171674457260:  Hold'em Limit ($3/$6 USD) - 2017/06/12 8:02:51 ET
Table 'Jakoba' 6-max Seat #1 is the button
Seat 1: popesxxx ($94.34 in chips)
Seat 2: Whatze Phuck ($120 in chips)
popesxxx: posts small blind $1
Whatze Phuck: posts big blind $3
*** HOLE CARDS ***
popesxxx: calls $2
Whatze Phuck: raises $3 to $6
popesxxx: calls $3
*** FLOP *** [Qh Jh Tc]
Whatze Phuck: bets $3
popesxxx: calls $3
*** TURN *** [Qh Jh Tc] [3h]
Whatze Phuck: checks
popesxxx: checks
*** RIVER *** [Qh Jh Tc 3h] [6h]
Whatze Phuck: checks
popesxxx: bets $6
Whatze Phuck: folds
Uncalled bet ($6) returned to popesxxx
popesxxx collected $17.64 from pot
*** SUMMARY ***
Total pot $18 | Rake $0.36
Board [Qh Jh Tc 3h 6h]
Seat 1: popesxxx (button) (small blind) collected ($17.64)
Seat 2: Whatze Phuck (big blind) folded on the River


PokerStars Hand #171674450821:  Hold'em Limit ($3/$6 USD) - 2017/06/12 8:02:37 ET
Table 'Jakoba' 6-max Seat #2 is the button
Seat 1: popesxxx ($79.84 in chips)
Seat 2: Whatze Phuck ($120 in chips)
Whatze Phuck: posts small blind $1
popesxxx: posts big blind $3
*** HOLE CARDS ***
Whatze Phuck: raises $3 to $6
popesxxx: calls $3
*** FLOP *** [8h Ac Kh]
popesxxx: checks
Whatze Phuck: bets $3
popesxxx: calls $3
*** TURN *** [8h Ac Kh] [7c]
popesxxx: checks
Whatze Phuck: checks
*** RIVER *** [8h Ac Kh 7c] [4c]
popesxxx: bets $6
Whatze Phuck: calls $6
*** SHOW DOWN ***
popesxxx: shows [Ks 5h] (a pair of Kings)
Whatze Phuck: mucks hand
popesxxx collected $29.50 from pot
*** SUMMARY ***
Total pot $30 | Rake $0.50
Board [8h Ac Kh 7c 4c]
Seat 1: popesxxx (big blind) showed [Ks 5h] and won ($29.50) with a pair of Kings
Seat 2: Whatze Phuck (button) (small blind) mucked


PokerStars Hand #171674444519:  Hold'em Limit ($3/$6 USD) - 2017/06/12 8:02:23 ET
Table 'Jakoba' 6-max Seat #1 is the button
Seat 1: popesxxx ($71.20 in chips)
Seat 2: Whatze Phuck ($124 in chips)
popesxxx: posts small blind $1
Whatze Phuck: posts big blind $3
*** HOLE CARDS ***
popesxxx: calls $2
Whatze Phuck: checks
*** FLOP *** [6s 6d 7h]
Whatze Phuck: checks
popesxxx: checks
*** TURN *** [6s 6d 7h] [Ts]
Whatze Phuck: checks
popesxxx: checks
*** RIVER *** [6s 6d 7h Ts] [8d]
Whatze Phuck: checks
popesxxx: bets $6
Whatze Phuck: calls $6
*** SHOW DOWN ***
popesxxx: shows [4h 9h] (a straight, Six to Ten)
Whatze Phuck: mucks hand
popesxxx collected $17.64 from pot
*** SUMMARY ***
Total pot $18 | Rake $0.36
Board [6s 6d 7h Ts 8d]
Seat 1: popesxxx (button) (small blind) showed [4h 9h] and won ($17.64) with a straight, Six to Ten
Seat 2: Whatze Phuck (big blind) mucked


PokerStars Hand #171674500109:  Hold'em Limit ($3/$6 USD) - 2017/06/12 8:04:27 ET
Table 'Jakoba' 6-max Seat #2 is the button
Seat 1: popesxxx ($84.50 in chips)
Seat 2: Whatze Phuck ($137.14 in chips)
Whatze Phuck: posts small blind $1
popesxxx: posts big blind $3
*** HOLE CARDS ***
Whatze Phuck: folds
Uncalled bet ($2) returned to popesxxx
popesxxx collected $2 from pot
popesxxx: shows [Jc Js] (a pair of Jacks)
*** SUMMARY ***
Total pot $2 | Rake $0
Seat 1: popesxxx (big blind) collected ($2)
Seat 2: Whatze Phuck (button) (small blind) folded before Flop


PokerStars Hand #171674491088:  Hold'em Limit ($3/$6 USD) - 2017/06/12 8:04:07 ET
Table 'Jakoba' 6-max Seat #1 is the button
Seat 1: popesxxx ($81.62 in chips)
Seat 2: Whatze Phuck ($140.14 in chips)
popesxxx: posts small blind $1
Whatze Phuck: posts big blind $3
*** HOLE CARDS ***
popesxxx: calls $2
Whatze Phuck: checks
*** FLOP *** [6h Qd Ad]
Whatze Phuck: checks
popesxxx: checks
*** TURN *** [6h Qd Ad] [4d]
Whatze Phuck: checks
popesxxx: checks
*** RIVER *** [6h Qd Ad 4d] [5d]
Whatze Phuck: checks
popesxxx: checks
*** SHOW DOWN ***
Whatze Phuck: shows [5s Jh] (a pair of Fives)
popesxxx: shows [Td 9h] (a flush, Ace high)
popesxxx collected $5.88 from pot
*** SUMMARY ***
Total pot $6 | Rake $0.12
Board [6h Qd Ad 4d 5d]
Seat 1: popesxxx (button) (small blind) showed [Td 9h] and won ($5.88) with a flush, Ace high
Seat 2: Whatze Phuck (big blind) showed [5s Jh] and lost with a pair of Fives


PokerStars Hand #171674479854:  Hold'em Limit ($3/$6 USD) - 2017/06/12 8:03:42 ET
Table 'Jakoba' 6-max Seat #2 is the button
Seat 1: popesxxx ($72.98 in chips)
Seat 2: Whatze Phuck ($149.14 in chips)
Whatze Phuck: posts small blind $1
popesxxx: posts big blind $3
*** HOLE CARDS ***
Whatze Phuck: raises $3 to $6
popesxxx: raises $3 to $9
Whatze Phuck: calls $3
*** FLOP *** [Ah Jc 9c]
popesxxx: checks
Whatze Phuck: checks
*** TURN *** [Ah Jc 9c] [8h]
popesxxx: bets $6
Whatze Phuck: folds
Uncalled bet ($6) returned to popesxxx
popesxxx collected $17.64 from pot
*** SUMMARY ***
Total pot $18 | Rake $0.36
Board [Ah Jc 9c 8h]
Seat 1: popesxxx (big blind) collected ($17.64)
Seat 2: Whatze Phuck (button) (small blind) folded on the Turn


PokerStars Hand #171674471241:  Hold'em Limit ($3/$6 USD) - 2017/06/12 8:03:23 ET
Table 'Jakoba' 6-max Seat #1 is the button
Seat 1: popesxxx ($93.98 in chips)
Seat 2: Whatze Phuck ($128.64 in chips)
popesxxx: posts small blind $1
Whatze Phuck: posts big blind $3
*** HOLE CARDS ***
popesxxx: calls $2
Whatze Phuck: raises $3 to $6
popesxxx: calls $3
*** FLOP *** [Ah 9h 5d]
Whatze Phuck: bets $3
popesxxx: calls $3
*** TURN *** [Ah 9h 5d] [6c]
Whatze Phuck: bets $6
popesxxx: calls $6
*** RIVER *** [Ah 9h 5d 6c] [Ad]
Whatze Phuck: bets $6
popesxxx: calls $6
*** SHOW DOWN ***
Whatze Phuck: shows [As Th] (three of a kind, Aces)
popesxxx: mucks hand
Whatze Phuck collected $41.50 from pot
*** SUMMARY ***
Total pot $42 | Rake $0.50
Board [Ah 9h 5d 6c Ad]
Seat 1: popesxxx (button) (small blind) mucked
Seat 2: Whatze Phuck (big blind) showed [As Th] and won ($41.50) with three of a kind, Aces


PokerStars Hand #171674520048:  Hold'em Limit ($3/$6 USD) - 2017/06/12 8:05:11 ET
Table 'Jakoba' 6-max Seat #1 is the button
Seat 1: popesxxx ($93.14 in chips)
Seat 2: Whatze Phuck ($128.14 in chips)
popesxxx: posts small blind $1
Whatze Phuck: posts big blind $3
*** HOLE CARDS ***
popesxxx: raises $3 to $6
Whatze Phuck: calls $3
*** FLOP *** [2d 5c 9s]
Whatze Phuck: checks
popesxxx: bets $3
Whatze Phuck: calls $3
*** TURN *** [2d 5c 9s] [3s]
Whatze Phuck: checks
popesxxx: bets $6
Whatze Phuck: folds
Uncalled bet ($6) returned to popesxxx
popesxxx collected $17.64 from pot
*** SUMMARY ***
Total pot $18 | Rake $0.36
Board [2d 5c 9s 3s]
Seat 1: popesxxx (button) (small blind) collected ($17.64)
Seat 2: Whatze Phuck (big blind) folded on the Turn


PokerStars Hand #171674517814:  Hold'em Limit ($3/$6 USD) - 2017/06/12 8:05:06 ET
Table 'Jakoba' 6-max Seat #2 is the button
Seat 1: popesxxx ($92.14 in chips)
Seat 2: Whatze Phuck ($129.14 in chips)
Whatze Phuck: posts small blind $1
popesxxx: posts big blind $3
*** HOLE CARDS ***
Whatze Phuck: folds
Uncalled bet ($2) returned to popesxxx
popesxxx collected $2 from pot
*** SUMMARY ***
Total pot $2 | Rake $0
Seat 1: popesxxx (big blind) collected ($2)
Seat 2: Whatze Phuck (button) (small blind) folded before Flop


PokerStars Hand #171674515397:  Hold'em Limit ($3/$6 USD) - 2017/06/12 8:05:01 ET
Table 'Jakoba' 6-max Seat #1 is the button
Seat 1: popesxxx ($93.14 in chips)
Seat 2: Whatze Phuck ($128.14 in chips)
popesxxx: posts small blind $1
Whatze Phuck: posts big blind $3
*** HOLE CARDS ***
popesxxx: folds
Uncalled bet ($2) returned to Whatze Phuck
Whatze Phuck collected $2 from pot
Whatze Phuck: doesn't show hand
*** SUMMARY ***
Total pot $2 | Rake $0
Seat 1: popesxxx (button) (small blind) folded before Flop
Seat 2: Whatze Phuck (big blind) collected ($2)


PokerStars Hand #171674508519:  Hold'em Limit ($3/$6 USD) - 2017/06/12 8:04:45 ET
Table 'Jakoba' 6-max Seat #2 is the button
Seat 1: popesxxx ($84.50 in chips)
Seat 2: Whatze Phuck ($137.14 in chips)
Whatze Phuck: posts small blind $1
popesxxx: posts big blind $3
*** HOLE CARDS ***
Whatze Phuck: raises $3 to $6
popesxxx: calls $3
*** FLOP *** [7d 5s Kh]
popesxxx: checks
Whatze Phuck: bets $3
popesxxx: calls $3
*** TURN *** [7d 5s Kh] [3s]
popesxxx: checks
Whatze Phuck: checks
*** RIVER *** [7d 5s Kh 3s] [9d]
popesxxx: checks
Whatze Phuck: checks
*** SHOW DOWN ***
popesxxx: shows [8s 5d] (a pair of Fives)
Whatze Phuck: mucks hand
popesxxx collected $17.64 from pot
*** SUMMARY ***
Total pot $18 | Rake $0.36
Board [7d 5s Kh 3s 9d]
Seat 1: popesxxx (big blind) showed [8s 5d] and won ($17.64) with a pair of Fives
Seat 2: Whatze Phuck (button) (small blind) mucked


PokerStars Hand #171674506487:  Hold'em Limit ($3/$6 USD) - 2017/06/12 8:04:41 ET
Table 'Jakoba' 6-max Seat #1 is the button
Seat 1: popesxxx ($85.50 in chips)
Seat 2: Whatze Phuck ($136.14 in chips)
popesxxx: posts small blind $1
Whatze Phuck: posts big blind $3
*** HOLE CARDS ***
popesxxx: folds
Uncalled bet ($2) returned to Whatze Phuck
Whatze Phuck collected $2 from pot
Whatze Phuck: doesn't show hand
*** SUMMARY ***
Total pot $2 | Rake $0
Seat 1: popesxxx (button) (small blind) folded before Flop
Seat 2: Whatze Phuck (big blind) collected ($2)


PokerStars Hand #171674504310:  Hold'em Limit ($3/$6 USD) - 2017/06/12 8:04:36 ET
Table 'Jakoba' 6-max Seat #2 is the button
Seat 1: popesxxx ($84.50 in chips)
Seat 2: Whatze Phuck ($137.14 in chips)
Whatze Phuck: posts small blind $1
popesxxx: posts big blind $3
*** HOLE CARDS ***
Whatze Phuck: folds
Uncalled bet ($2) returned to popesxxx
popesxxx collected $2 from pot
*** SUMMARY ***
Total pot $2 | Rake $0
Seat 1: popesxxx (big blind) collected ($2)
Seat 2: Whatze Phuck (button) (small blind) folded before Flop


PokerStars Hand #171674502301:  Hold'em Limit ($3/$6 USD) - 2017/06/12 8:04:32 ET
Table 'Jakoba' 6-max Seat #1 is the button
Seat 1: popesxxx ($85.50 in chips)
Seat 2: Whatze Phuck ($136.14 in chips)
popesxxx: posts small blind $1
Whatze Phuck: posts big blind $3
*** HOLE CARDS ***
popesxxx: folds
Uncalled bet ($2) returned to Whatze Phuck
Whatze Phuck collected $2 from pot
Whatze Phuck: doesn't show hand
*** SUMMARY ***
Total pot $2 | Rake $0
Seat 1: popesxxx (button) (small blind) folded before Flop
Seat 2: Whatze Phuck (big blind) collected ($2)


PokerStars Hand #171674547539:  Hold'em Limit ($3/$6 USD) - 2017/06/12 8:06:12 ET
Table 'Jakoba' 6-max Seat #1 is the button
Seat 1: popesxxx ($113.16 in chips)
Seat 2: Whatze Phuck ($125.76 in chips)
popesxxx: posts small blind $1
Whatze Phuck: posts big blind $3
*** HOLE CARDS ***
popesxxx: calls $2
Whatze Phuck: checks
*** FLOP *** [Ah 7s 6h]
Whatze Phuck: checks
popesxxx: checks
*** TURN *** [Ah 7s 6h] [2h]
Whatze Phuck: bets $6
popesxxx: calls $6
*** RIVER *** [Ah 7s 6h 2h] [Js]
Whatze Phuck: checks
popesxxx: bets $6
Whatze Phuck: calls $6
*** SHOW DOWN ***
popesxxx: shows [8s 9c] (high card Ace)
Whatze Phuck: shows [3s 7d] (a pair of Sevens)
Whatze Phuck collected $29.50 from pot
*** SUMMARY ***
Total pot $30 | Rake $0.50
Board [Ah 7s 6h 2h Js]
Seat 1: popesxxx (button) (small blind) showed [8s 9c] and lost with high card Ace
Seat 2: Whatze Phuck (big blind) showed [3s 7d] and won ($29.50) with a pair of Sevens


PokerStars Hand #171674527420:  Hold'em Limit ($3/$6 USD) - 2017/06/12 8:05:27 ET
Table 'Jakoba' 6-max Seat #2 is the button
Seat 1: popesxxx ($101.78 in chips)
Seat 2: Whatze Phuck ($120 in chips)
Whatze Phuck: posts small blind $1
popesxxx: posts big blind $3
*** HOLE CARDS ***
Whatze Phuck: raises $3 to $6
popesxxx: calls $3
*** FLOP *** [6d 8d 9c]
popesxxx: checks
Whatze Phuck: bets $3
popesxxx: calls $3
*** TURN *** [6d 8d 9c] [Th]
popesxxx: checks
Whatze Phuck: bets $6
popesxxx: calls $6
*** RIVER *** [6d 8d 9c Th] [Jc]
popesxxx: checks
Whatze Phuck: checks
*** SHOW DOWN ***
popesxxx: shows [6s 8s] (two pair, Eights and Sixes)
Whatze Phuck: mucks hand
popesxxx collected $29.50 from pot
*** SUMMARY ***
Total pot $30 | Rake $0.50
Board [6d 8d 9c Th Jc]
Seat 1: popesxxx (big blind) showed [6s 8s] and won ($29.50) with two pair, Eights and Sixes
Seat 2: Whatze Phuck (button) (small blind) mucked


PokerStars Hand #171674535634:  Hold'em Limit ($3/$6 USD) - 2017/06/12 8:05:45 ET
Table 'Jakoba' 6-max Seat #1 is the button
Seat 1: popesxxx ($116.28 in chips)
Seat 2: Whatze Phuck ($120 in chips)
popesxxx: posts small blind $1
Whatze Phuck: posts big blind $3
*** HOLE CARDS ***
popesxxx: calls $2
Whatze Phuck: checks
*** FLOP *** [9h Ac Jd]
Whatze Phuck: checks
popesxxx: checks
*** TURN *** [9h Ac Jd] [Qs]
Whatze Phuck: checks
popesxxx: checks
*** RIVER *** [9h Ac Jd Qs] [4d]
Whatze Phuck: checks
popesxxx: checks
*** SHOW DOWN ***
Whatze Phuck: shows [7c 8s] (high card Ace)
popesxxx: shows [9c Tc] (a pair of Nines)
popesxxx collected $5.88 from pot
*** SUMMARY ***
Total pot $6 | Rake $0.12
Board [9h Ac Jd Qs 4d]
Seat 1: popesxxx (button) (small blind) showed [9c Tc] and won ($5.88) with a pair of Nines
Seat 2: Whatze Phuck (big blind) showed [7c 8s] and lost with high card Ace


PokerStars Hand #171674542278:  Hold'em Limit ($3/$6 USD) - 2017/06/12 8:06:00 ET
Table 'Jakoba' 6-max Seat #2 is the button
Seat 1: popesxxx ($119.16 in chips)
Seat 2: Whatze Phuck ($120 in chips)
Whatze Phuck: posts small blind $1
popesxxx: posts big blind $3
*** HOLE CARDS ***
Whatze Phuck: raises $3 to $6
popesxxx: calls $3
*** FLOP *** [2h 5h 9h]
popesxxx: checks
Whatze Phuck: bets $3
popesxxx: folds
Uncalled bet ($3) returned to Whatze Phuck
Whatze Phuck collected $11.76 from pot
Whatze Phuck: doesn't show hand
*** SUMMARY ***
Total pot $12 | Rake $0.24
Board [2h 5h 9h]
Seat 1: popesxxx (big blind) folded on the Flop
Seat 2: Whatze Phuck (button) (small blind) collected ($11.76)


PokerStars Hand #171674573404:  Hold'em Limit ($3/$6 USD) - 2017/06/12 8:07:09 ET
Table 'Jakoba' 6-max Seat #1 is the button
Seat 1: popesxxx ($89.04 in chips)
Seat 2: Whatze Phuck ($148.78 in chips)
popesxxx: posts small blind $1
Whatze Phuck: posts big blind $3
*** HOLE CARDS ***
popesxxx: raises $3 to $6
Whatze Phuck: calls $3
*** FLOP *** [7c 5c 7h]
Whatze Phuck: checks
popesxxx: checks
*** TURN *** [7c 5c 7h] [Ts]
Whatze Phuck: checks
popesxxx: checks
*** RIVER *** [7c 5c 7h Ts] [3d]
Whatze Phuck: bets $6
popesxxx: calls $6
*** SHOW DOWN ***
Whatze Phuck: shows [Td 8s] (two pair, Tens and Sevens)
popesxxx: mucks hand
Whatze Phuck collected $23.52 from pot
*** SUMMARY ***
Total pot $24 | Rake $0.48
Board [7c 5c 7h Ts 3d]
Seat 1: popesxxx (button) (small blind) mucked
Seat 2: Whatze Phuck (big blind) showed [Td 8s] and won ($23.52) with two pair, Tens and Sevens


PokerStars Hand #171674555395:  Hold'em Limit ($3/$6 USD) - 2017/06/12 8:06:29 ET
Table 'Jakoba' 6-max Seat #2 is the button
Seat 1: popesxxx ($98.16 in chips)
Seat 2: Whatze Phuck ($140.26 in chips)
Whatze Phuck: posts small blind $1
popesxxx: posts big blind $3
*** HOLE CARDS ***
Whatze Phuck: raises $3 to $6
popesxxx: calls $3
*** FLOP *** [5c Ad 5s]
popesxxx: checks
Whatze Phuck: bets $3
popesxxx: folds
Uncalled bet ($3) returned to Whatze Phuck
Whatze Phuck collected $11.76 from pot
Whatze Phuck: doesn't show hand
*** SUMMARY ***
Total pot $12 | Rake $0.24
Board [5c Ad 5s]
Seat 1: popesxxx (big blind) folded on the Flop
Seat 2: Whatze Phuck (button) (small blind) collected ($11.76)


PokerStars Hand #171674559880:  Hold'em Limit ($3/$6 USD) - 2017/06/12 8:06:39 ET
Table 'Jakoba' 6-max Seat #1 is the button
Seat 1: popesxxx ($92.16 in chips)
Seat 2: Whatze Phuck ($146.02 in chips)
popesxxx: posts small blind $1
Whatze Phuck: posts big blind $3
*** HOLE CARDS ***
popesxxx: calls $2
Whatze Phuck: checks
*** FLOP *** [3s Ad Qc]
Whatze Phuck: checks
popesxxx: checks
*** TURN *** [3s Ad Qc] [9h]
Whatze Phuck: checks
popesxxx: checks
*** RIVER *** [3s Ad Qc 9h] [As]
Whatze Phuck: checks
popesxxx: bets $6
Whatze Phuck: folds
Uncalled bet ($6) returned to popesxxx
popesxxx collected $5.88 from pot
*** SUMMARY ***
Total pot $6 | Rake $0.12
Board [3s Ad Qc 9h As]
Seat 1: popesxxx (button) (small blind) collected ($5.88)
Seat 2: Whatze Phuck (big blind) folded on the River


PokerStars Hand #171674567768:  Hold'em Limit ($3/$6 USD) - 2017/06/12 8:06:56 ET
Table 'Jakoba' 6-max Seat #2 is the button
Seat 1: popesxxx ($95.04 in chips)
Seat 2: Whatze Phuck ($143.02 in chips)
Whatze Phuck: posts small blind $1
popesxxx: posts big blind $3
*** HOLE CARDS ***
Whatze Phuck: raises $3 to $6
popesxxx: calls $3
*** FLOP *** [4s 9d As]
popesxxx: checks
Whatze Phuck: bets $3
popesxxx: folds
Uncalled bet ($3) returned to Whatze Phuck
Whatze Phuck collected $11.76 from pot
Whatze Phuck: doesn't show hand
*** SUMMARY ***
Total pot $12 | Rake $0.24
Board [4s 9d As]
Seat 1: popesxxx (big blind) folded on the Flop
Seat 2: Whatze Phuck (button) (small blind) collected ($11.76)


PokerStars Hand #171674598740:  Hold'em Limit ($3/$6 USD) - 2017/06/12 8:08:04 ET
Table 'Jakoba' 6-max Seat #2 is the button
Seat 1: popesxxx ($30 in chips)
Seat 2: Whatze Phuck ($167.06 in chips)
Whatze Phuck: posts small blind $1
popesxxx: posts big blind $3
*** HOLE CARDS ***
Whatze Phuck: raises $3 to $6
popesxxx: calls $3
*** FLOP *** [2d Kh 5d]
popesxxx: checks
Whatze Phuck: bets $3
popesxxx: calls $3
*** TURN *** [2d Kh 5d] [5s]
popesxxx: checks
Whatze Phuck: bets $6
popesxxx: calls $6
*** RIVER *** [2d Kh 5d 5s] [7h]
popesxxx: checks
Whatze Phuck: bets $6
popesxxx: folds
Uncalled bet ($6) returned to Whatze Phuck
Whatze Phuck collected $29.50 from pot
Whatze Phuck: doesn't show hand
*** SUMMARY ***
Total pot $30 | Rake $0.50
Board [2d Kh 5d 5s 7h]
Seat 1: popesxxx (big blind) folded on the River
Seat 2: Whatze Phuck (button) (small blind) collected ($29.50)


PokerStars Hand #171674581336:  Hold'em Limit ($3/$6 USD) - 2017/06/12 8:07:26 ET
Table 'Jakoba' 6-max Seat #2 is the button
Seat 1: popesxxx ($77.04 in chips)
Seat 2: Whatze Phuck ($160.30 in chips)
Whatze Phuck: posts small blind $1
popesxxx: posts big blind $3
*** HOLE CARDS ***
Whatze Phuck: raises $3 to $6
popesxxx: calls $3
*** FLOP *** [Qc Th 9c]
popesxxx: checks
Whatze Phuck: bets $3
popesxxx: folds
Uncalled bet ($3) returned to Whatze Phuck
popesxxx leaves the table
Whatze Phuck collected $11.76 from pot
Whatze Phuck: doesn't show hand
*** SUMMARY ***
Total pot $12 | Rake $0.24
Board [Qc Th 9c]
Seat 1: popesxxx (big blind) folded on the Flop
Seat 2: Whatze Phuck (button) (small blind) collected ($11.76)


PokerStars Hand #171674596494:  Hold'em Limit ($3/$6 USD) - 2017/06/12 8:07:59 ET
Table 'Jakoba' 6-max Seat #1 is the button
Seat 1: popesxxx ($31 in chips)
Seat 2: Whatze Phuck ($166.06 in chips)
popesxxx: posts small blind $1
Whatze Phuck: posts big blind $3
*** HOLE CARDS ***
popesxxx: folds
Uncalled bet ($2) returned to Whatze Phuck
Whatze Phuck collected $2 from pot
Whatze Phuck: doesn't show hand
*** SUMMARY ***
Total pot $2 | Rake $0
Seat 1: popesxxx (button) (small blind) folded before Flop
Seat 2: Whatze Phuck (big blind) collected ($2)


PokerStars Hand #171674615066:  Hold'em Limit ($3/$6 USD) - 2017/06/12 8:08:41 ET
Table 'Jakoba' 6-max Seat #1 is the button
Seat 1: popesxxx ($21.76 in chips)
Seat 2: Whatze Phuck ($174.56 in chips)
popesxxx: posts small blind $1
Whatze Phuck: posts big blind $3
*** HOLE CARDS ***
popesxxx: folds
Uncalled bet ($2) returned to Whatze Phuck
Whatze Phuck collected $2 from pot
Whatze Phuck: doesn't show hand
*** SUMMARY ***
Total pot $2 | Rake $0
Seat 1: popesxxx (button) (small blind) folded before Flop
Seat 2: Whatze Phuck (big blind) collected ($2)


PokerStars Hand #171674613019:  Hold'em Limit ($3/$6 USD) - 2017/06/12 8:08:36 ET
Table 'Jakoba' 6-max Seat #2 is the button
Seat 1: popesxxx ($20.76 in chips)
Seat 2: Whatze Phuck ($175.56 in chips)
Whatze Phuck: posts small blind $1
popesxxx: posts big blind $3
*** HOLE CARDS ***
Whatze Phuck: folds
Uncalled bet ($2) returned to popesxxx
popesxxx collected $2 from pot
*** SUMMARY ***
Total pot $2 | Rake $0
Seat 1: popesxxx (big blind) collected ($2)
Seat 2: Whatze Phuck (button) (small blind) folded before Flop


PokerStars Hand #171674606281:  Hold'em Limit ($3/$6 USD) - 2017/06/12 8:08:21 ET
Table 'Jakoba' 6-max Seat #1 is the button
Seat 1: popesxxx ($15 in chips)
Seat 2: Whatze Phuck ($181.56 in chips)
popesxxx: posts small blind $1
Whatze Phuck: posts big blind $3
*** HOLE CARDS ***
popesxxx: raises $3 to $6
Whatze Phuck: calls $3
*** FLOP *** [5c Jh 2d]
Whatze Phuck: checks
popesxxx: checks
*** TURN *** [5c Jh 2d] [6c]
Whatze Phuck: checks
popesxxx: checks
*** RIVER *** [5c Jh 2d 6c] [8c]
Whatze Phuck: checks
popesxxx: bets $6
Whatze Phuck: folds
Uncalled bet ($6) returned to popesxxx
popesxxx collected $11.76 from pot
*** SUMMARY ***
Total pot $12 | Rake $0.24
Board [5c Jh 2d 6c 8c]
Seat 1: popesxxx (button) (small blind) collected ($11.76)
Seat 2: Whatze Phuck (big blind) folded on the River


PokerStars Hand #171674617105:  Hold'em Limit ($3/$6 USD) - 2017/06/12 8:08:45 ET
Table 'Jakoba' 6-max Seat #2 is the button
Seat 1: popesxxx ($20.76 in chips)
Seat 2: Whatze Phuck ($175.56 in chips)
Whatze Phuck: posts small blind $1
popesxxx: posts big blind $3
*** HOLE CARDS ***
Whatze Phuck: raises $3 to $6
popesxxx: calls $3
*** FLOP *** [4d Qs Td]
popesxxx: checks
Whatze Phuck: bets $3
popesxxx: calls $3
*** TURN *** [4d Qs Td] [3s]
popesxxx: checks
Whatze Phuck: checks
*** RIVER *** [4d Qs Td 3s] [6c]
popesxxx: bets $6
Whatze Phuck: folds
Uncalled bet ($6) returned to popesxxx
popesxxx collected $17.64 from pot
*** SUMMARY ***
Total pot $18 | Rake $0.36
Board [4d Qs Td 3s 6c]
Seat 1: popesxxx (big blind) collected ($17.64)
Seat 2: Whatze Phuck (button) (small blind) folded on the River


PokerStars Hand #171674624946:  Hold'em Limit ($3/$6 USD) - 2017/06/12 8:09:02 ET
Table 'Jakoba' 6-max Seat #1 is the button
Seat 1: popesxxx ($29.40 in chips)
Seat 2: Whatze Phuck ($166.56 in chips)
popesxxx: posts small blind $1
Whatze Phuck: posts big blind $3
*** HOLE CARDS ***
popesxxx: folds
Uncalled bet ($2) returned to Whatze Phuck
Whatze Phuck collected $2 from pot
Whatze Phuck: doesn't show hand
*** SUMMARY ***
Total pot $2 | Rake $0
Seat 1: popesxxx (button) (small blind) folded before Flop
Seat 2: Whatze Phuck (big blind) collected ($2)


PokerStars Hand #171674631302:  Hold'em Limit ($3/$6 USD) - 2017/06/12 8:09:16 ET
Table 'Jakoba' 6-max Seat #1 is the button
Seat 1: popesxxx ($22.40 in chips)
Seat 2: Whatze Phuck ($173.32 in chips)
popesxxx: posts small blind $1
Whatze Phuck: posts big blind $3
*** HOLE CARDS ***
popesxxx: folds
Uncalled bet ($2) returned to Whatze Phuck
Whatze Phuck collected $2 from pot
Whatze Phuck: doesn't show hand
*** SUMMARY ***
Total pot $2 | Rake $0
Seat 1: popesxxx (button) (small blind) folded before Flop
Seat 2: Whatze Phuck (big blind) collected ($2)


PokerStars Hand #171674626926:  Hold'em Limit ($3/$6 USD) - 2017/06/12 8:09:07 ET
Table 'Jakoba' 6-max Seat #2 is the button
Seat 1: popesxxx ($28.40 in chips)
Seat 2: Whatze Phuck ($167.56 in chips)
Whatze Phuck: posts small blind $1
popesxxx: posts big blind $3
*** HOLE CARDS ***
Whatze Phuck: raises $3 to $6
popesxxx: calls $3
*** FLOP *** [Ks 6d 9h]
popesxxx: checks
Whatze Phuck: bets $3
popesxxx: folds
Uncalled bet ($3) returned to Whatze Phuck
Whatze Phuck collected $11.76 from pot
Whatze Phuck: doesn't show hand
*** SUMMARY ***
Total pot $12 | Rake $0.24
Board [Ks 6d 9h]
Seat 1: popesxxx (big blind) folded on the Flop
Seat 2: Whatze Phuck (button) (small blind) collected ($11.76)


PokerStars Hand #171674633293:  Hold'em Limit ($3/$6 USD) - 2017/06/12 8:09:21 ET
Table 'Jakoba' 6-max Seat #2 is the button
Seat 1: popesxxx ($21.40 in chips)
Seat 2: Whatze Phuck ($174.32 in chips)
Whatze Phuck: posts small blind $1
popesxxx: posts big blind $3
*** HOLE CARDS ***
Whatze Phuck: raises $3 to $6
popesxxx: calls $3
*** FLOP *** [Js Ac 9c]
popesxxx: checks
Whatze Phuck: bets $3
popesxxx: folds
Uncalled bet ($3) returned to Whatze Phuck
Whatze Phuck collected $11.76 from pot
Whatze Phuck: doesn't show hand
*** SUMMARY ***
Total pot $12 | Rake $0.24
Board [Js Ac 9c]
Seat 1: popesxxx (big blind) folded on the Flop
Seat 2: Whatze Phuck (button) (small blind) collected ($11.76)


PokerStars Hand #171674637776:  Hold'em Limit ($3/$6 USD) - 2017/06/12 8:09:31 ET
Table 'Jakoba' 6-max Seat #1 is the button
Seat 1: popesxxx ($15.40 in chips)
Seat 2: Whatze Phuck ($180.08 in chips)
popesxxx: posts small blind $1
Whatze Phuck: posts big blind $3
*** HOLE CARDS ***
popesxxx: raises $3 to $6
Whatze Phuck: calls $3
*** FLOP *** [Kd 4d 6c]
Whatze Phuck: checks
popesxxx: checks
*** TURN *** [Kd 4d 6c] [3c]
Whatze Phuck: checks
popesxxx: bets $6
Whatze Phuck: folds
Uncalled bet ($6) returned to popesxxx
popesxxx collected $11.76 from pot
*** SUMMARY ***
Total pot $12 | Rake $0.24
Board [Kd 4d 6c 3c]
Seat 1: popesxxx (button) (small blind) collected ($11.76)
Seat 2: Whatze Phuck (big blind) folded on the Turn


PokerStars Hand #171674643425:  Hold'em Limit ($3/$6 USD) - 2017/06/12 8:09:43 ET
Table 'Jakoba' 6-max Seat #2 is the button
Seat 1: popesxxx ($21.16 in chips)
Seat 2: Whatze Phuck ($174.08 in chips)
Whatze Phuck: posts small blind $1
popesxxx: posts big blind $3
*** HOLE CARDS ***
Whatze Phuck: raises $3 to $6
popesxxx: calls $3
*** FLOP *** [8s Jd 2c]
popesxxx: checks
Whatze Phuck: bets $3
popesxxx: calls $3
*** TURN *** [8s Jd 2c] [Kh]
popesxxx: checks
Whatze Phuck: checks
*** RIVER *** [8s Jd 2c Kh] [2d]
popesxxx: checks
Whatze Phuck: checks
*** SHOW DOWN ***
popesxxx: shows [4c 4s] (two pair, Fours and Deuces)
Whatze Phuck: mucks hand
popesxxx collected $17.64 from pot
*** SUMMARY ***
Total pot $18 | Rake $0.36
Board [8s Jd 2c Kh 2d]
Seat 1: popesxxx (big blind) showed [4c 4s] and won ($17.64) with two pair, Fours and Deuces
Seat 2: Whatze Phuck (button) (small blind) mucked


PokerStars Hand #171674656122:  Hold'em Limit ($3/$6 USD) - 2017/06/12 8:10:08 ET
Table 'Jakoba' 6-max Seat #2 is the button
Seat 1: popesxxx ($32.80 in chips)
Seat 2: Whatze Phuck ($162.08 in chips)
Whatze Phuck: posts small blind $1
popesxxx: posts big blind $3
*** HOLE CARDS ***
Whatze Phuck: folds
Uncalled bet ($2) returned to popesxxx
popesxxx collected $2 from pot
*** SUMMARY ***
Total pot $2 | Rake $0
Seat 1: popesxxx (big blind) collected ($2)
Seat 2: Whatze Phuck (button) (small blind) folded before Flop


PokerStars Hand #171674652814:  Hold'em Limit ($3/$6 USD) - 2017/06/12 8:10:01 ET
Table 'Jakoba' 6-max Seat #1 is the button
Seat 1: popesxxx ($29.80 in chips)
Seat 2: Whatze Phuck ($165.08 in chips)
popesxxx: posts small blind $1
Whatze Phuck: posts big blind $3
*** HOLE CARDS ***
popesxxx: raises $3 to $6
Whatze Phuck: folds
Uncalled bet ($3) returned to popesxxx
popesxxx collected $6 from pot
*** SUMMARY ***
Total pot $6 | Rake $0
Seat 1: popesxxx (button) (small blind) collected ($6)
Seat 2: Whatze Phuck (big blind) folded before Flop


PokerStars Hand #171674658717:  Hold'em Limit ($3/$6 USD) - 2017/06/12 8:10:13 ET
Table 'Jakoba' 6-max Seat #1 is the button
Seat 1: popesxxx ($33.80 in chips)
Seat 2: Whatze Phuck ($161.08 in chips)
popesxxx: posts small blind $1
Whatze Phuck: posts big blind $3
*** HOLE CARDS ***
popesxxx: folds
Uncalled bet ($2) returned to Whatze Phuck
Whatze Phuck collected $2 from pot
Whatze Phuck: doesn't show hand
*** SUMMARY ***
Total pot $2 | Rake $0
Seat 1: popesxxx (button) (small blind) folded before Flop
Seat 2: Whatze Phuck (big blind) collected ($2)


PokerStars Hand #171674660780:  Hold'em Limit ($3/$6 USD) - 2017/06/12 8:10:18 ET
Table 'Jakoba' 6-max Seat #2 is the button
Seat 1: popesxxx ($32.80 in chips)
Seat 2: Whatze Phuck ($162.08 in chips)
Whatze Phuck: posts small blind $1
popesxxx: posts big blind $3
*** HOLE CARDS ***
Whatze Phuck: raises $3 to $6
popesxxx: calls $3
*** FLOP *** [As 5c Ad]
popesxxx: checks
Whatze Phuck: bets $3
popesxxx: calls $3
*** TURN *** [As 5c Ad] [7s]
popesxxx: checks
Whatze Phuck: checks
*** RIVER *** [As 5c Ad 7s] [3d]
popesxxx: checks
Whatze Phuck: bets $6
popesxxx: folds
Uncalled bet ($6) returned to Whatze Phuck
Whatze Phuck collected $17.64 from pot
Whatze Phuck: doesn't show hand
*** SUMMARY ***
Total pot $18 | Rake $0.36
Board [As 5c Ad 7s 3d]
Seat 1: popesxxx (big blind) folded on the River
Seat 2: Whatze Phuck (button) (small blind) collected ($17.64)


PokerStars Hand #171674669563:  Hold'em Limit ($3/$6 USD) - 2017/06/12 8:10:37 ET
Table 'Jakoba' 6-max Seat #1 is the button
Seat 1: popesxxx ($23.80 in chips)
Seat 2: Whatze Phuck ($170.72 in chips)
popesxxx: posts small blind $1
Whatze Phuck: posts big blind $3
*** HOLE CARDS ***
popesxxx: raises $3 to $6
Whatze Phuck: calls $3
*** FLOP *** [8c 7d Jh]
Whatze Phuck: checks
popesxxx: checks
*** TURN *** [8c 7d Jh] [7c]
Whatze Phuck: checks
popesxxx: checks
*** RIVER *** [8c 7d Jh 7c] [8s]
Whatze Phuck: checks
popesxxx: bets $6
Whatze Phuck: folds
Uncalled bet ($6) returned to popesxxx
popesxxx collected $11.76 from pot
*** SUMMARY ***
Total pot $12 | Rake $0.24
Board [8c 7d Jh 7c 8s]
Seat 1: popesxxx (button) (small blind) collected ($11.76)
Seat 2: Whatze Phuck (big blind) folded on the River


PokerStars Hand #171674676721:  Hold'em Limit ($3/$6 USD) - 2017/06/12 8:10:53 ET
Table 'Jakoba' 6-max Seat #2 is the button
Seat 1: popesxxx ($29.56 in chips)
Seat 2: Whatze Phuck ($164.72 in chips)
Whatze Phuck: posts small blind $1
popesxxx: posts big blind $3
*** HOLE CARDS ***
Whatze Phuck: raises $3 to $6
popesxxx: calls $3
*** FLOP *** [5d 8h 6c]
popesxxx: checks
Whatze Phuck: bets $3
popesxxx: calls $3
*** TURN *** [5d 8h 6c] [Ks]
popesxxx: checks
Whatze Phuck: checks
*** RIVER *** [5d 8h 6c Ks] [2s]
popesxxx: bets $6
Whatze Phuck: raises $6 to $12
popesxxx: raises $6 to $18
Whatze Phuck: calls $6
*** SHOW DOWN ***
popesxxx: shows [9c Qd] (high card King)
Whatze Phuck: shows [4h 3h] (a straight, Deuce to Six)
Whatze Phuck collected $53.50 from pot
*** SUMMARY ***
Total pot $54 | Rake $0.50
Board [5d 8h 6c Ks 2s]
Seat 1: popesxxx (big blind) showed [9c Qd] and lost with high card King
Seat 2: Whatze Phuck (button) (small blind) showed [4h 3h] and won ($53.50) with a straight, Deuce to Six


PokerStars Hand #171674694062:  Hold'em Limit ($3/$6 USD) - 2017/06/12 8:11:30 ET
Table 'Jakoba' 6-max Seat #1 is the button
Seat 1: popesxxx ($32.56 in chips)
Seat 2: Whatze Phuck ($191.22 in chips)
popesxxx: posts small blind $1
Whatze Phuck: posts big blind $3
*** HOLE CARDS ***
popesxxx: raises $3 to $6
Whatze Phuck: raises $3 to $9
popesxxx: raises $3 to $12
Betting is capped
Whatze Phuck: calls $3
*** FLOP *** [Qd Qh 5c]
Whatze Phuck: checks
popesxxx: checks
*** TURN *** [Qd Qh 5c] [9s]
Whatze Phuck: checks
popesxxx: bets $6
Whatze Phuck: calls $6
*** RIVER *** [Qd Qh 5c 9s] [Kc]
Whatze Phuck: checks
popesxxx: bets $6
Whatze Phuck: calls $6
*** SHOW DOWN ***
popesxxx: shows [6s 6d] (two pair, Queens and Sixes)
Whatze Phuck: mucks hand
popesxxx collected $47.50 from pot
*** SUMMARY ***
Total pot $48 | Rake $0.50
Board [Qd Qh 5c 9s Kc]
Seat 1: popesxxx (button) (small blind) showed [6s 6d] and won ($47.50) with two pair, Queens and Sixes
Seat 2: Whatze Phuck (big blind) mucked


PokerStars Hand #171674706794:  Hold'em Limit ($3/$6 USD) - 2017/06/12 8:11:58 ET
Table 'Jakoba' 6-max Seat #1 is the button
Seat 1: popesxxx ($57.06 in chips)
Seat 2: Whatze Phuck ($166.22 in chips)
popesxxx: posts small blind $1
Whatze Phuck: posts big blind $3
*** HOLE CARDS ***
popesxxx: folds
Uncalled bet ($2) returned to Whatze Phuck
Whatze Phuck collected $2 from pot
Whatze Phuck: doesn't show hand
*** SUMMARY ***
Total pot $2 | Rake $0
Seat 1: popesxxx (button) (small blind) folded before Flop
Seat 2: Whatze Phuck (big blind) collected ($2)


PokerStars Hand #171674703827:  Hold'em Limit ($3/$6 USD) - 2017/06/12 8:11:52 ET
Table 'Jakoba' 6-max Seat #2 is the button
Seat 1: popesxxx ($56.06 in chips)
Seat 2: Whatze Phuck ($167.22 in chips)
Whatze Phuck: posts small blind $1
popesxxx: posts big blind $3
*** HOLE CARDS ***
Whatze Phuck: folds
Uncalled bet ($2) returned to popesxxx
popesxxx collected $2 from pot
*** SUMMARY ***
Total pot $2 | Rake $0
Seat 1: popesxxx (big blind) collected ($2)
Seat 2: Whatze Phuck (button) (small blind) folded before Flop


PokerStars Hand #171674709065:  Hold'em Limit ($3/$6 USD) - 2017/06/12 8:12:03 ET
Table 'Jakoba' 6-max Seat #2 is the button
Seat 1: popesxxx ($56.06 in chips)
Seat 2: Whatze Phuck ($167.22 in chips)
Whatze Phuck: posts small blind $1
popesxxx: posts big blind $3
*** HOLE CARDS ***
Whatze Phuck: raises $3 to $6
popesxxx: raises $3 to $9
Whatze Phuck: calls $3
*** FLOP *** [6s 2h 9s]
popesxxx: checks
Whatze Phuck: checks
*** TURN *** [6s 2h 9s] [Td]
popesxxx: checks
Whatze Phuck: checks
*** RIVER *** [6s 2h 9s Td] [3s]
popesxxx: checks
Whatze Phuck: bets $6
popesxxx: calls $6
*** SHOW DOWN ***
Whatze Phuck: shows [3d 8d] (a pair of Threes)
popesxxx: mucks hand
Whatze Phuck collected $29.50 from pot
*** SUMMARY ***
Total pot $30 | Rake $0.50
Board [6s 2h 9s Td 3s]
Seat 1: popesxxx (big blind) mucked
Seat 2: Whatze Phuck (button) (small blind) showed [3d 8d] and won ($29.50) with a pair of Threes


PokerStars Hand #171674719212:  Hold'em Limit ($3/$6 USD) - 2017/06/12 8:12:25 ET
Table 'Jakoba' 6-max Seat #1 is the button
Seat 1: popesxxx ($41.06 in chips)
Seat 2: Whatze Phuck ($181.72 in chips)
popesxxx: posts small blind $1
Whatze Phuck: posts big blind $3
*** HOLE CARDS ***
popesxxx: calls $2
Whatze Phuck: checks
*** FLOP *** [Js Jh Qc]
Whatze Phuck: checks
popesxxx: checks
*** TURN *** [Js Jh Qc] [6h]
Whatze Phuck: checks
popesxxx: checks
*** RIVER *** [Js Jh Qc 6h] [Qd]
Whatze Phuck: checks
popesxxx: bets $6
Whatze Phuck: folds
Uncalled bet ($6) returned to popesxxx
popesxxx collected $5.88 from pot
*** SUMMARY ***
Total pot $6 | Rake $0.12
Board [Js Jh Qc 6h Qd]
Seat 1: popesxxx (button) (small blind) collected ($5.88)
Seat 2: Whatze Phuck (big blind) folded on the River


PokerStars Hand #171674730244:  Hold'em Limit ($3/$6 USD) - 2017/06/12 8:12:49 ET
Table 'Jakoba' 6-max Seat #1 is the button
Seat 1: popesxxx ($40.94 in chips)
Seat 2: Whatze Phuck ($181.72 in chips)
popesxxx: posts small blind $1
Whatze Phuck: posts big blind $3
*** HOLE CARDS ***
popesxxx: raises $3 to $6
Whatze Phuck: folds
Uncalled bet ($3) returned to popesxxx
popesxxx collected $6 from pot
*** SUMMARY ***
Total pot $6 | Rake $0
Seat 1: popesxxx (button) (small blind) collected ($6)
Seat 2: Whatze Phuck (big blind) folded before Flop


PokerStars Hand #171674727005:  Hold'em Limit ($3/$6 USD) - 2017/06/12 8:12:42 ET
Table 'Jakoba' 6-max Seat #2 is the button
Seat 1: popesxxx ($43.94 in chips)
Seat 2: Whatze Phuck ($178.72 in chips)
Whatze Phuck: posts small blind $1
popesxxx: posts big blind $3
*** HOLE CARDS ***
Whatze Phuck: raises $3 to $6
popesxxx: folds
Uncalled bet ($3) returned to Whatze Phuck
Whatze Phuck collected $6 from pot
Whatze Phuck: doesn't show hand
*** SUMMARY ***
Total pot $6 | Rake $0
Seat 1: popesxxx (big blind) folded before Flop
Seat 2: Whatze Phuck (button) (small blind) collected ($6)


PokerStars Hand #171674732935:  Hold'em Limit ($3/$6 USD) - 2017/06/12 8:12:55 ET
Table 'Jakoba' 6-max Seat #2 is the button
Seat 1: popesxxx ($43.94 in chips)
Seat 2: Whatze Phuck ($178.72 in chips)
Whatze Phuck: posts small blind $1
popesxxx: posts big blind $3
*** HOLE CARDS ***
Whatze Phuck: raises $3 to $6
popesxxx: folds
Uncalled bet ($3) returned to Whatze Phuck
Whatze Phuck collected $6 from pot
Whatze Phuck: doesn't show hand
*** SUMMARY ***
Total pot $6 | Rake $0
Seat 1: popesxxx (big blind) folded before Flop
Seat 2: Whatze Phuck (button) (small blind) collected ($6)


PokerStars Hand #171674737678:  Hold'em Limit ($3/$6 USD) - 2017/06/12 8:13:05 ET
Table 'Jakoba' 6-max Seat #2 is the button
Seat 1: popesxxx ($39.94 in chips)
Seat 2: Whatze Phuck ($182.72 in chips)
Whatze Phuck: posts small blind $1
popesxxx: posts big blind $3
*** HOLE CARDS ***
HAL9QQQ joins the table at seat #5
Whatze Phuck: raises $3 to $6
popesxxx: raises $3 to $9
Whatze Phuck: calls $3
*** FLOP *** [5h 8s Ad]
popesxxx: checks
Whatze Phuck: checks
*** TURN *** [5h 8s Ad] [7h]
popesxxx: checks
Whatze Phuck: checks
*** RIVER *** [5h 8s Ad 7h] [Ks]
popesxxx: bets $6
Whatze Phuck: calls $6
*** SHOW DOWN ***
popesxxx: shows [Ts Ac] (a pair of Aces)
Whatze Phuck: mucks hand
popesxxx collected $29.50 from pot
*** SUMMARY ***
Total pot $30 | Rake $0.50
Board [5h 8s Ad 7h Ks]
Seat 1: popesxxx (big blind) showed [Ts Ac] and won ($29.50) with a pair of Aces
Seat 2: Whatze Phuck (button) (small blind) mucked


PokerStars Hand #171674745015:  Hold'em Limit ($3/$6 USD) - 2017/06/12 8:13:21 ET
Table 'Jakoba' 6-max Seat #1 is the button
Seat 1: popesxxx ($54.44 in chips)
Seat 2: Whatze Phuck ($167.72 in chips)
popesxxx: posts small blind $1
Whatze Phuck: posts big blind $3
*** HOLE CARDS ***
popesxxx: raises $3 to $6
Whatze Phuck: folds
Uncalled bet ($3) returned to popesxxx
popesxxx collected $6 from pot
*** SUMMARY ***
Total pot $6 | Rake $0
Seat 1: popesxxx (button) (small blind) collected ($6)
Seat 2: Whatze Phuck (big blind) folded before Flop


PokerStars Hand #171674832068:  Hold'em Limit ($3/$6 USD) - 2017/06/12 8:16:31 ET
Table 'Jakoba' 6-max Seat #5 is the button
Seat 1: popesxxx ($25.34 in chips)
Seat 5: HAL9QQQ ($181.28 in chips)
HAL9QQQ: posts small blind $1
popesxxx: posts big blind $3
*** HOLE CARDS ***
HAL9QQQ: raises $3 to $6
popesxxx: folds
Uncalled bet ($3) returned to HAL9QQQ
HAL9QQQ collected $6 from pot
HAL9QQQ: doesn't show hand
*** SUMMARY ***
Total pot $6 | Rake $0
Seat 1: popesxxx (big blind) folded before Flop
Seat 5: HAL9QQQ (button) (small blind) collected ($6)


PokerStars Hand #171674823399:  Hold'em Limit ($3/$6 USD) - 2017/06/12 8:16:12 ET
Table 'Jakoba' 6-max Seat #1 is the button
Seat 1: popesxxx ($52.34 in chips)
Seat 5: HAL9QQQ ($154.78 in chips)
popesxxx: posts small blind $1
Whatze Phuck: is sitting out
HAL9QQQ: posts big blind $3
*** HOLE CARDS ***
popesxxx: calls $2
HAL9QQQ: raises $3 to $6
popesxxx: calls $3
*** FLOP *** [Jd 8c 4h]
HAL9QQQ: bets $3
popesxxx: calls $3
*** TURN *** [Jd 8c 4h] [Tc]
HAL9QQQ: bets $6
popesxxx: calls $6
*** RIVER *** [Jd 8c 4h Tc] [Jh]
HAL9QQQ: bets $6
popesxxx: raises $6 to $12
HAL9QQQ: calls $6
*** SHOW DOWN ***
popesxxx: shows [Ks 9d] (a pair of Jacks)
HAL9QQQ: shows [Ts Qd] (two pair, Jacks and Tens)
HAL9QQQ collected $53.50 from pot
*** SUMMARY ***
Total pot $54 | Rake $0.50
Board [Jd 8c 4h Tc Jh]
Seat 1: popesxxx (button) (small blind) showed [Ks 9d] and lost with a pair of Jacks
Seat 5: HAL9QQQ (big blind) showed [Ts Qd] and won ($53.50) with two pair, Jacks and Tens


PokerStars Hand #171674928700:  Hold'em Limit ($3/$6 USD) - 2017/06/12 8:19:59 ET
Table 'Jakoba' 6-max Seat #1 is the button
Seat 1: popesxxx ($13.31 in chips)
Seat 2: Whatze Phuck ($221.42 in chips)
popesxxx: posts small blind $1
Whatze Phuck: posts big blind $3
*** HOLE CARDS ***
popesxxx: folds
Uncalled bet ($2) returned to Whatze Phuck
Whatze Phuck collected $2 from pot
Whatze Phuck: doesn't show hand
*** SUMMARY ***
Total pot $2 | Rake $0
Seat 1: popesxxx (button) (small blind) folded before Flop
Seat 2: Whatze Phuck (big blind) collected ($2)


PokerStars Hand #171674922791:  Hold'em Limit ($3/$6 USD) - 2017/06/12 8:19:46 ET
Table 'Jakoba' 6-max Seat #2 is the button
Seat 1: popesxxx ($22.31 in chips)
Seat 2: Whatze Phuck ($212.78 in chips)
Whatze Phuck: posts small blind $1
HAL9QQQ: is sitting out
popesxxx: posts big blind $3
*** HOLE CARDS ***
Whatze Phuck: raises $3 to $6
popesxxx: calls $3
*** FLOP *** [Tc 9s 8c]
popesxxx: checks
Whatze Phuck: bets $3
popesxxx: calls $3
*** TURN *** [Tc 9s 8c] [4d]
popesxxx: checks
Whatze Phuck: bets $6
popesxxx: folds
Uncalled bet ($6) returned to Whatze Phuck
Whatze Phuck collected $17.64 from pot
Whatze Phuck: doesn't show hand
*** SUMMARY ***
Total pot $18 | Rake $0.36
Board [Tc 9s 8c 4d]
Seat 1: popesxxx (big blind) folded on the Turn
Seat 2: Whatze Phuck (button) (small blind) collected ($17.64)


PokerStars Hand #171674930769:  Hold'em Limit ($3/$6 USD) - 2017/06/12 8:20:03 ET
Table 'Jakoba' 6-max Seat #2 is the button
Seat 1: popesxxx ($12.31 in chips)
Seat 2: Whatze Phuck ($222.42 in chips)
Whatze Phuck: posts small blind $1
popesxxx: posts big blind $3
*** HOLE CARDS ***
Whatze Phuck: raises $3 to $6
popesxxx: raises $3 to $9
Whatze Phuck: calls $3
*** FLOP *** [5s Jd 7s]
popesxxx: bets $3
Whatze Phuck: raises $3 to $6
popesxxx: calls $0.31 and is all-in
Uncalled bet ($2.69) returned to Whatze Phuck
*** TURN *** [5s Jd 7s] [Kh]
*** RIVER *** [5s Jd 7s Kh] [Qs]
*** SHOW DOWN ***
popesxxx: shows [7d Ad] (a pair of Sevens)
Whatze Phuck: shows [Jc Qh] (two pair, Queens and Jacks)
Whatze Phuck collected $24.13 from pot
*** SUMMARY ***
Total pot $24.62 | Rake $0.49
Board [5s Jd 7s Kh Qs]
Seat 1: popesxxx (big blind) showed [7d Ad] and lost with a pair of Sevens
Seat 2: Whatze Phuck (button) (small blind) showed [Jc Qh] and won ($24.13) with two pair, Queens and Jacks


PokerStars Hand #171674959082:  Hold'em Limit ($3/$6 USD) - 2017/06/12 8:21:04 ET
Table 'Jakoba' 6-max Seat #2 is the button
Seat 1: popesxxx ($35.76 in chips)
Seat 2: Whatze Phuck ($228.24 in chips)
Whatze Phuck: posts small blind $1
popesxxx: posts big blind $3
*** HOLE CARDS ***
Whatze Phuck: raises $3 to $6
popesxxx: folds
Uncalled bet ($3) returned to Whatze Phuck
Whatze Phuck collected $6 from pot
Whatze Phuck: doesn't show hand
*** SUMMARY ***
Total pot $6 | Rake $0
Seat 1: popesxxx (big blind) folded before Flop
Seat 2: Whatze Phuck (button) (small blind) collected ($6)


PokerStars Hand #171674952693:  Hold'em Limit ($3/$6 USD) - 2017/06/12 8:20:51 ET
Table 'Jakoba' 6-max Seat #1 is the button
Seat 1: popesxxx ($30 in chips)
Seat 2: Whatze Phuck ($234.24 in chips)
popesxxx: posts small blind $1
Whatze Phuck: posts big blind $3
*** HOLE CARDS ***
popesxxx: raises $3 to $6
Whatze Phuck: calls $3
*** FLOP *** [Qh 6s 9d]
Whatze Phuck: checks
popesxxx: checks
*** TURN *** [Qh 6s 9d] [Jc]
Whatze Phuck: checks
popesxxx: checks
*** RIVER *** [Qh 6s 9d Jc] [Qs]
Whatze Phuck: checks
popesxxx: checks
*** SHOW DOWN ***
Whatze Phuck: shows [7h Td] (a pair of Queens)
popesxxx: shows [Kd 7d] (a pair of Queens - King kicker)
popesxxx collected $11.76 from pot
*** SUMMARY ***
Total pot $12 | Rake $0.24
Board [Qh 6s 9d Jc Qs]
Seat 1: popesxxx (button) (small blind) showed [Kd 7d] and won ($11.76) with a pair of Queens
Seat 2: Whatze Phuck (big blind) showed [7h Td] and lost with a pair of Queens


PokerStars Hand #171674961604:  Hold'em Limit ($3/$6 USD) - 2017/06/12 8:21:10 ET
Table 'Jakoba' 6-max Seat #1 is the button
Seat 1: popesxxx ($32.76 in chips)
Seat 2: Whatze Phuck ($231.24 in chips)
popesxxx: posts small blind $1
Whatze Phuck: posts big blind $3
*** HOLE CARDS ***
popesxxx: calls $2
Whatze Phuck: checks
*** FLOP *** [Tc Kh Ks]
Whatze Phuck: checks
popesxxx: checks
*** TURN *** [Tc Kh Ks] [6h]
Whatze Phuck: checks
popesxxx: checks
*** RIVER *** [Tc Kh Ks 6h] [5h]
Whatze Phuck: bets $6
popesxxx: raises $6 to $12
Whatze Phuck: folds
Uncalled bet ($6) returned to popesxxx
popesxxx collected $17.64 from pot
*** SUMMARY ***
Total pot $18 | Rake $0.36
Board [Tc Kh Ks 6h 5h]
Seat 1: popesxxx (button) (small blind) collected ($17.64)
Seat 2: Whatze Phuck (big blind) folded on the River


PokerStars Hand #171674992502:  Hold'em Limit ($3/$6 USD) - 2017/06/12 8:22:15 ET
Table 'Jakoba' 6-max Seat #2 is the button
Seat 1: popesxxx ($55.80 in chips)
Seat 2: Whatze Phuck ($207.24 in chips)
Whatze Phuck: posts small blind $1
popesxxx: posts big blind $3
*** HOLE CARDS ***
Whatze Phuck: raises $3 to $6
popesxxx: calls $3
*** FLOP *** [Td Kc 2s]
popesxxx: checks
Whatze Phuck: bets $3
popesxxx: calls $3
*** TURN *** [Td Kc 2s] [9h]
popesxxx: checks
Whatze Phuck: bets $6
popesxxx: calls $6
*** RIVER *** [Td Kc 2s 9h] [3s]
popesxxx: checks
Whatze Phuck: bets $6
popesxxx: calls $6
*** SHOW DOWN ***
Whatze Phuck: shows [8d Th] (a pair of Tens)
popesxxx: shows [Ks 7d] (a pair of Kings)
popesxxx collected $41.50 from pot
*** SUMMARY ***
Total pot $42 | Rake $0.50
Board [Td Kc 2s 9h 3s]
Seat 1: popesxxx (big blind) showed [Ks 7d] and won ($41.50) with a pair of Kings
Seat 2: Whatze Phuck (button) (small blind) showed [8d Th] and lost with a pair of Tens


PokerStars Hand #171674986799:  Hold'em Limit ($3/$6 USD) - 2017/06/12 8:22:03 ET
Table 'Jakoba' 6-max Seat #1 is the button
Seat 1: popesxxx ($50.04 in chips)
Seat 2: Whatze Phuck ($213.24 in chips)
popesxxx: posts small blind $1
Whatze Phuck: posts big blind $3
*** HOLE CARDS ***
popesxxx: raises $3 to $6
Whatze Phuck: calls $3
*** FLOP *** [Ad 2s 4s]
Whatze Phuck: checks
popesxxx: checks
*** TURN *** [Ad 2s 4s] [Qd]
Whatze Phuck: checks
popesxxx: bets $6
Whatze Phuck: folds
Uncalled bet ($6) returned to popesxxx
popesxxx collected $11.76 from pot
*** SUMMARY ***
Total pot $12 | Rake $0.24
Board [Ad 2s 4s Qd]
Seat 1: popesxxx (button) (small blind) collected ($11.76)
Seat 2: Whatze Phuck (big blind) folded on the Turn


PokerStars Hand #171674977812:  Hold'em Limit ($3/$6 USD) - 2017/06/12 8:21:44 ET
Table 'Jakoba' 6-max Seat #2 is the button
Seat 1: popesxxx ($41.40 in chips)
Seat 2: Whatze Phuck ($222.24 in chips)
Whatze Phuck: posts small blind $1
popesxxx: posts big blind $3
*** HOLE CARDS ***
Whatze Phuck: raises $3 to $6
popesxxx: calls $3
*** FLOP *** [Jh 7c 2s]
popesxxx: checks
Whatze Phuck: bets $3
popesxxx: calls $3
*** TURN *** [Jh 7c 2s] [8d]
popesxxx: checks
Whatze Phuck: checks
*** RIVER *** [Jh 7c 2s 8d] [3s]
popesxxx: checks
Whatze Phuck: checks
*** SHOW DOWN ***
popesxxx: shows [9s 7h] (a pair of Sevens)
Whatze Phuck: mucks hand
popesxxx collected $17.64 from pot
*** SUMMARY ***
Total pot $18 | Rake $0.36
Board [Jh 7c 2s 8d 3s]
Seat 1: popesxxx (big blind) showed [9s 7h] and won ($17.64) with a pair of Sevens
Seat 2: Whatze Phuck (button) (small blind) mucked


PokerStars Hand #171675000997:  Hold'em Limit ($3/$6 USD) - 2017/06/12 8:22:33 ET
Table 'Jakoba' 6-max Seat #1 is the button
Seat 1: popesxxx ($76.30 in chips)
Seat 2: Whatze Phuck ($186.24 in chips)
popesxxx: posts small blind $1
Whatze Phuck: posts big blind $3
*** HOLE CARDS ***
popesxxx: calls $2
Whatze Phuck: raises $3 to $6
popesxxx: calls $3
*** FLOP *** [Qd 9c 8h]
Whatze Phuck: bets $3
popesxxx: calls $3
*** TURN *** [Qd 9c 8h] [Kh]
Whatze Phuck: bets $6
popesxxx: calls $6
*** RIVER *** [Qd 9c 8h Kh] [6s]
Whatze Phuck: bets $6
popesxxx: calls $6
*** SHOW DOWN ***
Whatze Phuck: shows [4c Kc] (a pair of Kings)
popesxxx: mucks hand
Whatze Phuck collected $41.50 from pot
*** SUMMARY ***
Total pot $42 | Rake $0.50
Board [Qd 9c 8h Kh 6s]
Seat 1: popesxxx (button) (small blind) mucked
Seat 2: Whatze Phuck (big blind) showed [4c Kc] and won ($41.50) with a pair of Kings


PokerStars Hand #171675020005:  Hold'em Limit ($3/$6 USD) - 2017/06/12 8:23:14 ET
Table 'Jakoba' 6-max Seat #1 is the button
Seat 1: popesxxx ($46.30 in chips)
Seat 2: Whatze Phuck ($215.38 in chips)
popesxxx: posts small blind $1
Whatze Phuck: posts big blind $3
*** HOLE CARDS ***
popesxxx: calls $2
Whatze Phuck: checks
*** FLOP *** [8c Jc 4s]
Whatze Phuck: checks
popesxxx: checks
*** TURN *** [8c Jc 4s] [5s]
Whatze Phuck: checks
popesxxx: checks
*** RIVER *** [8c Jc 4s 5s] [As]
Whatze Phuck: checks
popesxxx: checks
*** SHOW DOWN ***
Whatze Phuck: shows [6h 3c] (high card Ace)
popesxxx: shows [Kh 2h] (high card Ace - King kicker)
popesxxx collected $5.88 from pot
*** SUMMARY ***
Total pot $6 | Rake $0.12
Board [8c Jc 4s 5s As]
Seat 1: popesxxx (button) (small blind) showed [Kh 2h] and won ($5.88) with high card Ace
Seat 2: Whatze Phuck (big blind) showed [6h 3c] and lost with high card Ace


PokerStars Hand #171675010429:  Hold'em Limit ($3/$6 USD) - 2017/06/12 8:22:53 ET
Table 'Jakoba' 6-max Seat #2 is the button
Seat 1: popesxxx ($55.30 in chips)
Seat 2: Whatze Phuck ($206.74 in chips)
Whatze Phuck: posts small blind $1
popesxxx: posts big blind $3
*** HOLE CARDS ***
Whatze Phuck: raises $3 to $6
popesxxx: calls $3
*** FLOP *** [8c 3c 4h]
HAL9QQQ joins the table at seat #5
popesxxx: checks
Whatze Phuck: bets $3
popesxxx: calls $3
*** TURN *** [8c 3c 4h] [2s]
popesxxx: checks
Whatze Phuck: checks
*** RIVER *** [8c 3c 4h 2s] [9d]
popesxxx: checks
Whatze Phuck: bets $6
popesxxx: folds
Uncalled bet ($6) returned to Whatze Phuck
Whatze Phuck collected $17.64 from pot
Whatze Phuck: doesn't show hand
*** SUMMARY ***
Total pot $18 | Rake $0.36
Board [8c 3c 4h 2s 9d]
Seat 1: popesxxx (big blind) folded on the River
Seat 2: Whatze Phuck (button) (small blind) collected ($17.64)


PokerStars Hand #171675125851:  Hold'em Limit ($3/$6 USD) - 2017/06/12 8:26:57 ET
Table 'Jakoba' 6-max Seat #5 is the button
Seat 2: Whatze Phuck ($271.94 in chips)
Seat 5: HAL9QQQ ($120 in chips)
HAL9QQQ: posts small blind $1
Whatze Phuck: posts big blind $3
*** HOLE CARDS ***
HAL9QQQ: raises $3 to $6
popesxxx leaves the table
Whatze Phuck: raises $3 to $9
HAL9QQQ: raises $3 to $12
Betting is capped
Whatze Phuck: calls $3
*** FLOP *** [Kh 8d 3c]
Whatze Phuck: checks
HAL9QQQ: bets $3
Whatze Phuck: calls $3
*** TURN *** [Kh 8d 3c] [2d]
Whatze Phuck: checks
HAL9QQQ: bets $6
popesxxx joins the table at seat #1
Whatze Phuck: calls $6
*** RIVER *** [Kh 8d 3c 2d] [8c]
Whatze Phuck: checks
HAL9QQQ: bets $6
Whatze Phuck: folds
Uncalled bet ($6) returned to HAL9QQQ
HAL9QQQ collected $41.50 from pot
HAL9QQQ: doesn't show hand
*** SUMMARY ***
Total pot $42 | Rake $0.50
Board [Kh 8d 3c 2d 8c]
Seat 2: Whatze Phuck (big blind) folded on the River
Seat 5: HAL9QQQ (button) (small blind) collected ($41.50)


PokerStars Hand #171675792386:  Hold'em Limit ($3/$6 USD) - 2017/06/12 8:50:04 ET
Table 'Jakoba' 6-max Seat #5 is the button
Seat 1: hookonhook ($143.65 in chips)
Seat 5: HAL9QQQ ($120 in chips)
HAL9QQQ: posts small blind $1
makimaki: is sitting out
hookonhook: posts big blind $3
*** HOLE CARDS ***
HAL9QQQ: folds
Uncalled bet ($2) returned to hookonhook
hookonhook collected $2 from pot
*** SUMMARY ***
Total pot $2 | Rake $0
Seat 1: hookonhook (big blind) collected ($2)
Seat 5: HAL9QQQ (button) (small blind) folded before Flop


