PokerStars Hand #173552936233:  Hold'em Limit ($3/$6 USD) - 2017/07/26 18:28:07 ET
Table 'Jakoba' 6-max Seat #5 is the button
Seat 1: B_loJkl ($115.25 in chips)
Seat 5: Verti1325 ($155.53 in chips)
loukis0902 will be allowed to play after the button
Verti1325: posts small blind $1
FTotti333: is sitting out
B_loJkl: posts big blind $3
*** HOLE CARDS ***
Verti1325: raises $3 to $6
B_loJkl: folds
Uncalled bet ($3) returned to Verti1325
Verti1325 collected $6 from pot
Verti1325: doesn't show hand
*** SUMMARY ***
Total pot $6 | Rake $0
Seat 1: B_loJkl (big blind) folded before Flop
Seat 5: Verti1325 (button) (small blind) collected ($6)


PokerStars Hand #173553047022:  Hold'em Limit ($3/$6 USD) - 2017/07/26 18:30:55 ET
Table 'Jakoba' 6-max Seat #4 is the button
Seat 1: B_loJkl ($167.36 in chips)
Seat 4: loukis0902 ($50 in chips)
loukis0902: posts small blind $1
B_loJkl: posts big blind $3
*** HOLE CARDS ***
loukis0902: raises $3 to $6
B_loJkl: calls $3
*** FLOP *** [2c Kc 4d]
B_loJkl: checks
loukis0902: bets $3
B_loJkl: folds
Uncalled bet ($3) returned to loukis0902
loukis0902 collected $11.76 from pot
loukis0902: doesn't show hand
*** SUMMARY ***
Total pot $12 | Rake $0.24
Board [2c Kc 4d]
Seat 1: B_loJkl (big blind) folded on the Flop
Seat 4: loukis0902 (button) (small blind) collected ($11.76)


PokerStars Hand #173553033709:  Hold'em Limit ($3/$6 USD) - 2017/07/26 18:30:35 ET
Table 'Jakoba' 6-max Seat #1 is the button
Seat 1: B_loJkl ($143.86 in chips)
Seat 4: loukis0902 ($74 in chips)
B_loJkl: posts small blind $1
Mr_steals: is sitting out
loukis0902: posts big blind $3
*** HOLE CARDS ***
B_loJkl: raises $3 to $6
loukis0902: calls $3
*** FLOP *** [Tc 8c 2s]
loukis0902: checks
B_loJkl: bets $3
loukis0902: raises $3 to $6
B_loJkl: calls $3
*** TURN *** [Tc 8c 2s] [6h]
loukis0902: bets $6
B_loJkl: calls $6
*** RIVER *** [Tc 8c 2s 6h] [9h]
loukis0902: checks
B_loJkl: bets $6
loukis0902: calls $6
*** SHOW DOWN ***
B_loJkl: shows [8h 9s] (two pair, Nines and Eights)
loukis0902: mucks hand
B_loJkl collected $47.50 from pot
*** SUMMARY ***
Total pot $48 | Rake $0.50
Board [Tc 8c 2s 6h 9h]
Seat 1: B_loJkl (button) (small blind) showed [8h 9s] and won ($47.50) with two pair, Nines and Eights
Seat 4: loukis0902 (big blind) mucked


PokerStars Hand #173553086122:  Hold'em Limit ($3/$6 USD) - 2017/07/26 18:31:55 ET
Table 'Jakoba' 6-max Seat #4 is the button
Seat 1: B_loJkl ($175.86 in chips)
Seat 4: loukis0902 ($40.76 in chips)
loukis0902: posts small blind $1
B_loJkl: posts big blind $3
*** HOLE CARDS ***
loukis0902: folds
Uncalled bet ($2) returned to B_loJkl
B_loJkl collected $2 from pot
B_loJkl: doesn't show hand
*** SUMMARY ***
Total pot $2 | Rake $0
Seat 1: B_loJkl (big blind) collected ($2)
Seat 4: loukis0902 (button) (small blind) folded before Flop


PokerStars Hand #173553057365:  Hold'em Limit ($3/$6 USD) - 2017/07/26 18:31:11 ET
Table 'Jakoba' 6-max Seat #1 is the button
Seat 1: B_loJkl ($161.36 in chips)
Seat 4: loukis0902 ($55.76 in chips)
B_loJkl: posts small blind $1
Iseethelight was removed from the table for failing to post
loukis0902: posts big blind $3
*** HOLE CARDS ***
B_loJkl: raises $3 to $6
loukis0902: calls $3
*** FLOP *** [6h 5s 2h]
loukis0902: checks
B_loJkl: bets $3
loukis0902: calls $3
*** TURN *** [6h 5s 2h] [5d]
loukis0902: checks
B_loJkl: bets $6
loukis0902: calls $6
*** RIVER *** [6h 5s 2h 5d] [6d]
loukis0902: checks
Mr_steals leaves the table
B_loJkl: bets $6
loukis0902: folds
Uncalled bet ($6) returned to B_loJkl
B_loJkl collected $29.50 from pot
B_loJkl: doesn't show hand
*** SUMMARY ***
Total pot $30 | Rake $0.50
Board [6h 5s 2h 5d 6d]
Seat 1: B_loJkl (button) (small blind) collected ($29.50)
Seat 4: loukis0902 (big blind) folded on the River


PokerStars Hand #173553099919:  Hold'em Limit ($3/$6 USD) - 2017/07/26 18:32:17 ET
Table 'Jakoba' 6-max Seat #4 is the button
Seat 1: B_loJkl ($167.86 in chips)
Seat 4: loukis0902 ($48.40 in chips)
loukis0902: posts small blind $1
B_loJkl: posts big blind $3
*** HOLE CARDS ***
loukis0902: calls $2
B_loJkl: checks
*** FLOP *** [Tc 8d 4h]
B_loJkl: checks
loukis0902: checks
*** TURN *** [Tc 8d 4h] [Th]
B_loJkl: bets $6
loukis0902: folds
Uncalled bet ($6) returned to B_loJkl
B_loJkl collected $5.88 from pot
B_loJkl: doesn't show hand
*** SUMMARY ***
Total pot $6 | Rake $0.12
Board [Tc 8d 4h Th]
Seat 1: B_loJkl (big blind) collected ($5.88)
Seat 4: loukis0902 (button) (small blind) folded on the Turn


PokerStars Hand #173553089733:  Hold'em Limit ($3/$6 USD) - 2017/07/26 18:32:01 ET
Table 'Jakoba' 6-max Seat #1 is the button
Seat 1: B_loJkl ($176.86 in chips)
Seat 4: loukis0902 ($39.76 in chips)
B_loJkl: posts small blind $1
loukis0902: posts big blind $3
*** HOLE CARDS ***
B_loJkl: raises $3 to $6
loukis0902: raises $3 to $9
B_loJkl: calls $3
*** FLOP *** [6c 6s Kh]
loukis0902: bets $3
B_loJkl: folds
Uncalled bet ($3) returned to loukis0902
loukis0902 collected $17.64 from pot
loukis0902: doesn't show hand
*** SUMMARY ***
Total pot $18 | Rake $0.36
Board [6c 6s Kh]
Seat 1: B_loJkl (button) (small blind) folded on the Flop
Seat 4: loukis0902 (big blind) collected ($17.64)


PokerStars Hand #173553145191:  Hold'em Limit ($3/$6 USD) - 2017/07/26 18:33:27 ET
Table 'Jakoba' 6-max Seat #4 is the button
Seat 1: B_loJkl ($156.50 in chips)
Seat 4: loukis0902 ($58.90 in chips)
loukis0902: posts small blind $1
B_loJkl: posts big blind $3
*** HOLE CARDS ***
loukis0902: folds
Uncalled bet ($2) returned to B_loJkl
B_loJkl collected $2 from pot
B_loJkl: doesn't show hand
*** SUMMARY ***
Total pot $2 | Rake $0
Seat 1: B_loJkl (big blind) collected ($2)
Seat 4: loukis0902 (button) (small blind) folded before Flop


PokerStars Hand #173553129049:  Hold'em Limit ($3/$6 USD) - 2017/07/26 18:33:02 ET
Table 'Jakoba' 6-max Seat #1 is the button
Seat 1: B_loJkl ($150.74 in chips)
Seat 4: loukis0902 ($64.90 in chips)
B_loJkl: posts small blind $1
loukis0902: posts big blind $3
*** HOLE CARDS ***
B_loJkl: raises $3 to $6
loukis0902: calls $3
*** FLOP *** [6d 4s Qs]
loukis0902: checks
B_loJkl: bets $3
loukis0902: folds
Uncalled bet ($3) returned to B_loJkl
B_loJkl collected $11.76 from pot
B_loJkl: doesn't show hand
*** SUMMARY ***
Total pot $12 | Rake $0.24
Board [6d 4s Qs]
Seat 1: B_loJkl (button) (small blind) collected ($11.76)
Seat 4: loukis0902 (big blind) folded on the Flop


PokerStars Hand #173553125720:  Hold'em Limit ($3/$6 USD) - 2017/07/26 18:32:57 ET
Table 'Jakoba' 6-max Seat #4 is the button
Seat 1: B_loJkl ($149.74 in chips)
Seat 4: loukis0902 ($65.90 in chips)
loukis0902: posts small blind $1
B_loJkl: posts big blind $3
*** HOLE CARDS ***
loukis0902: folds
Uncalled bet ($2) returned to B_loJkl
B_loJkl collected $2 from pot
B_loJkl: doesn't show hand
*** SUMMARY ***
Total pot $2 | Rake $0
Seat 1: B_loJkl (big blind) collected ($2)
Seat 4: loukis0902 (button) (small blind) folded before Flop


PokerStars Hand #173553111286:  Hold'em Limit ($3/$6 USD) - 2017/07/26 18:32:34 ET
Table 'Jakoba' 6-max Seat #1 is the button
Seat 1: B_loJkl ($170.74 in chips)
Seat 4: loukis0902 ($45.40 in chips)
B_loJkl: posts small blind $1
loukis0902: posts big blind $3
*** HOLE CARDS ***
B_loJkl: raises $3 to $6
loukis0902: raises $3 to $9
B_loJkl: calls $3
*** FLOP *** [Jc 3s 8d]
loukis0902: bets $3
B_loJkl: raises $3 to $6
loukis0902: calls $3
*** TURN *** [Jc 3s 8d] [9c]
loukis0902: checks
B_loJkl: bets $6
loukis0902: calls $6
*** RIVER *** [Jc 3s 8d 9c] [Qd]
loukis0902: checks
B_loJkl: checks
*** SHOW DOWN ***
loukis0902: shows [Ac 8s] (a pair of Eights)
B_loJkl: mucks hand
loukis0902 collected $41.50 from pot
*** SUMMARY ***
Total pot $42 | Rake $0.50
Board [Jc 3s 8d 9c Qd]
Seat 1: B_loJkl (button) (small blind) mucked
Seat 4: loukis0902 (big blind) showed [Ac 8s] and won ($41.50) with a pair of Eights


PokerStars Hand #173553168572:  Hold'em Limit ($3/$6 USD) - 2017/07/26 18:34:03 ET
Table 'Jakoba' 6-max Seat #1 is the button
Seat 1: B_loJkl ($143.50 in chips)
Seat 4: loukis0902 ($71.40 in chips)
B_loJkl: posts small blind $1
loukis0902: posts big blind $3
*** HOLE CARDS ***
B_loJkl: raises $3 to $6
loukis0902: calls $3
*** FLOP *** [5s 3c Jh]
loukis0902: checks
B_loJkl: bets $3
loukis0902: folds
Uncalled bet ($3) returned to B_loJkl
B_loJkl collected $11.76 from pot
B_loJkl: doesn't show hand
*** SUMMARY ***
Total pot $12 | Rake $0.24
Board [5s 3c Jh]
Seat 1: B_loJkl (button) (small blind) collected ($11.76)
Seat 4: loukis0902 (big blind) folded on the Flop


PokerStars Hand #173553179661:  Hold'em Limit ($3/$6 USD) - 2017/07/26 18:34:20 ET
Table 'Jakoba' 6-max Seat #4 is the button
Seat 1: B_loJkl ($149.26 in chips)
Seat 4: loukis0902 ($65.40 in chips)
loukis0902: posts small blind $1
B_loJkl: posts big blind $3
*** HOLE CARDS ***
loukis0902: folds
Uncalled bet ($2) returned to B_loJkl
Humtum81 joins the table at seat #2
B_loJkl collected $2 from pot
B_loJkl: doesn't show hand
*** SUMMARY ***
Total pot $2 | Rake $0
Seat 1: B_loJkl (big blind) collected ($2)
Seat 4: loukis0902 (button) (small blind) folded before Flop


PokerStars Hand #173553165193:  Hold'em Limit ($3/$6 USD) - 2017/07/26 18:33:58 ET
Table 'Jakoba' 6-max Seat #4 is the button
Seat 1: B_loJkl ($142.50 in chips)
Seat 4: loukis0902 ($72.40 in chips)
loukis0902: posts small blind $1
B_loJkl: posts big blind $3
*** HOLE CARDS ***
loukis0902: folds
Uncalled bet ($2) returned to B_loJkl
B_loJkl collected $2 from pot
B_loJkl: doesn't show hand
*** SUMMARY ***
Total pot $2 | Rake $0
Seat 1: B_loJkl (big blind) collected ($2)
Seat 4: loukis0902 (button) (small blind) folded before Flop


PokerStars Hand #173553148523:  Hold'em Limit ($3/$6 USD) - 2017/07/26 18:33:32 ET
Table 'Jakoba' 6-max Seat #1 is the button
Seat 1: B_loJkl ($157.50 in chips)
Seat 4: loukis0902 ($57.90 in chips)
B_loJkl: posts small blind $1
loukis0902: posts big blind $3
*** HOLE CARDS ***
B_loJkl: raises $3 to $6
loukis0902: calls $3
*** FLOP *** [2d 3d Th]
loukis0902: checks
B_loJkl: bets $3
loukis0902: calls $3
*** TURN *** [2d 3d Th] [8s]
loukis0902: checks
B_loJkl: bets $6
loukis0902: calls $6
*** RIVER *** [2d 3d Th 8s] [6h]
loukis0902: checks
B_loJkl: checks
*** SHOW DOWN ***
loukis0902: shows [6c 7h] (a pair of Sixes)
B_loJkl: mucks hand
loukis0902 collected $29.50 from pot
*** SUMMARY ***
Total pot $30 | Rake $0.50
Board [2d 3d Th 8s 6h]
Seat 1: B_loJkl (button) (small blind) mucked
Seat 4: loukis0902 (big blind) showed [6c 7h] and won ($29.50) with a pair of Sixes


PokerStars Hand #173553229546:  Hold'em Limit ($3/$6 USD) - 2017/07/26 18:35:38 ET
Table 'Jakoba' 6-max Seat #5 is the button
Seat 4: loukis0902 ($111.62 in chips)
Seat 5: Bonkman05 ($94 in chips)
Bonkman05: posts small blind $1
B_loJkl: is sitting out
loukis0902: posts big blind $3
*** HOLE CARDS ***
Bonkman05: folds
Uncalled bet ($2) returned to loukis0902
loukis0902 collected $2 from pot
loukis0902: doesn't show hand
*** SUMMARY ***
Total pot $2 | Rake $0
Seat 4: loukis0902 (big blind) collected ($2)
Seat 5: Bonkman05 (button) (small blind) folded before Flop


PokerStars Hand #173553233159:  Hold'em Limit ($3/$6 USD) - 2017/07/26 18:35:43 ET
Table 'Jakoba' 6-max Seat #4 is the button
Seat 4: loukis0902 ($112.62 in chips)
Seat 5: Bonkman05 ($93 in chips)
loukis0902: posts small blind $1
Bonkman05: posts big blind $3
*** HOLE CARDS ***
loukis0902: folds
Uncalled bet ($2) returned to Bonkman05
Bonkman05 collected $2 from pot
Bonkman05: doesn't show hand
*** SUMMARY ***
Total pot $2 | Rake $0
Seat 4: loukis0902 (button) (small blind) folded before Flop
Seat 5: Bonkman05 (big blind) collected ($2)


PokerStars Hand #173553236727:  Hold'em Limit ($3/$6 USD) - 2017/07/26 18:35:49 ET
Table 'Jakoba' 6-max Seat #5 is the button
Seat 4: loukis0902 ($111.62 in chips)
Seat 5: Bonkman05 ($94 in chips)
Bonkman05: posts small blind $1
loukis0902: posts big blind $3
*** HOLE CARDS ***
Bonkman05: raises $3 to $6
loukis0902: calls $3
*** FLOP *** [2s Jc Ac]
loukis0902: checks
Bonkman05: bets $3
loukis0902: calls $3
*** TURN *** [2s Jc Ac] [9s]
loukis0902: checks
Bonkman05: bets $6
loukis0902: calls $6
*** RIVER *** [2s Jc Ac 9s] [4d]
loukis0902: checks
Bonkman05: bets $6
loukis0902: folds
Uncalled bet ($6) returned to Bonkman05
Bonkman05 collected $29.50 from pot
Bonkman05: doesn't show hand
*** SUMMARY ***
Total pot $30 | Rake $0.50
Board [2s Jc Ac 9s 4d]
Seat 4: loukis0902 (big blind) folded on the River
Seat 5: Bonkman05 (button) (small blind) collected ($29.50)


PokerStars Hand #173553255850:  Hold'em Limit ($3/$6 USD) - 2017/07/26 18:36:18 ET
Table 'Jakoba' 6-max Seat #4 is the button
Seat 4: loukis0902 ($96.62 in chips)
Seat 5: Bonkman05 ($108.50 in chips)
loukis0902: posts small blind $1
Bonkman05: posts big blind $3
*** HOLE CARDS ***
loukis0902: calls $2
Bonkman05: checks
*** FLOP *** [5c 7c Qc]
Bonkman05: checks
loukis0902: checks
*** TURN *** [5c 7c Qc] [Jh]
Bonkman05: bets $6
loukis0902: folds
Uncalled bet ($6) returned to Bonkman05
Bonkman05 collected $5.88 from pot
Bonkman05: doesn't show hand
*** SUMMARY ***
Total pot $6 | Rake $0.12
Board [5c 7c Qc Jh]
Seat 4: loukis0902 (button) (small blind) folded on the Turn
Seat 5: Bonkman05 (big blind) collected ($5.88)


PokerStars Hand #173553269974:  Hold'em Limit ($3/$6 USD) - 2017/07/26 18:36:40 ET
Table 'Jakoba' 6-max Seat #5 is the button
Seat 4: loukis0902 ($93.62 in chips)
Seat 5: Bonkman05 ($111.38 in chips)
Bonkman05: posts small blind $1
loukis0902: posts big blind $3
*** HOLE CARDS ***
Bonkman05: raises $3 to $6
loukis0902: folds
Uncalled bet ($3) returned to Bonkman05
Bonkman05 collected $6 from pot
Bonkman05: doesn't show hand
*** SUMMARY ***
Total pot $6 | Rake $0
Seat 4: loukis0902 (big blind) folded before Flop
Seat 5: Bonkman05 (button) (small blind) collected ($6)


PokerStars Hand #173553274349:  Hold'em Limit ($3/$6 USD) - 2017/07/26 18:36:47 ET
Table 'Jakoba' 6-max Seat #4 is the button
Seat 4: loukis0902 ($90.62 in chips)
Seat 5: Bonkman05 ($114.38 in chips)
loukis0902: posts small blind $1
Bonkman05: posts big blind $3
*** HOLE CARDS ***
loukis0902: raises $3 to $6
Bonkman05: calls $3
*** FLOP *** [9c 6d 4s]
Bonkman05: checks
loukis0902: bets $3
Bonkman05: folds
Uncalled bet ($3) returned to loukis0902
loukis0902 collected $11.76 from pot
loukis0902: doesn't show hand
*** SUMMARY ***
Total pot $12 | Rake $0.24
Board [9c 6d 4s]
Seat 4: loukis0902 (button) (small blind) collected ($11.76)
Seat 5: Bonkman05 (big blind) folded on the Flop


PokerStars Hand #173553289070:  Hold'em Limit ($3/$6 USD) - 2017/07/26 18:37:10 ET
Table 'Jakoba' 6-max Seat #5 is the button
Seat 4: loukis0902 ($96.38 in chips)
Seat 5: Bonkman05 ($108.38 in chips)
Bonkman05: posts small blind $1
loukis0902: posts big blind $3
*** HOLE CARDS ***
Bonkman05: raises $3 to $6
loukis0902: calls $3
*** FLOP *** [5s Kc Ks]
loukis0902: checks
Bonkman05: bets $3
loukis0902: calls $3
*** TURN *** [5s Kc Ks] [4h]
loukis0902: checks
Bonkman05: bets $6
loukis0902: calls $6
*** RIVER *** [5s Kc Ks 4h] [7h]
loukis0902: checks
Bonkman05: bets $6
loukis0902: calls $6
*** SHOW DOWN ***
Bonkman05: shows [Jh 5h] (two pair, Kings and Fives)
loukis0902: mucks hand
Bonkman05 collected $41.50 from pot
*** SUMMARY ***
Total pot $42 | Rake $0.50
Board [5s Kc Ks 4h 7h]
Seat 4: loukis0902 (big blind) mucked
Seat 5: Bonkman05 (button) (small blind) showed [Jh 5h] and won ($41.50) with two pair, Kings and Fives


PokerStars Hand #173553318758:  Hold'em Limit ($3/$6 USD) - 2017/07/26 18:37:56 ET
Table 'Jakoba' 6-max Seat #4 is the button
Seat 4: loukis0902 ($75.38 in chips)
Seat 5: Bonkman05 ($128.88 in chips)
loukis0902: posts small blind $1
Bonkman05: posts big blind $3
*** HOLE CARDS ***
loukis0902: raises $3 to $6
Bonkman05: calls $3
*** FLOP *** [3h 2c 2d]
Bonkman05: checks
loukis0902: bets $3
Bonkman05: calls $3
*** TURN *** [3h 2c 2d] [7h]
Bonkman05: checks
loukis0902: bets $6
Bonkman05: calls $6
*** RIVER *** [3h 2c 2d 7h] [6d]
Bonkman05: bets $6
loukis0902: calls $6
*** SHOW DOWN ***
Bonkman05: shows [Jh 9d] (a pair of Deuces)
loukis0902: shows [As Kc] (a pair of Deuces - Ace kicker)
loukis0902 collected $41.50 from pot
*** SUMMARY ***
Total pot $42 | Rake $0.50
Board [3h 2c 2d 7h 6d]
Seat 4: loukis0902 (button) (small blind) showed [As Kc] and won ($41.50) with a pair of Deuces
Seat 5: Bonkman05 (big blind) showed [Jh 9d] and lost with a pair of Deuces


PokerStars Hand #173553343874:  Hold'em Limit ($3/$6 USD) - 2017/07/26 18:38:20 ET
Table 'Jakoba' 6-max Seat #5 is the button
Seat 4: loukis0902 ($95.88 in chips)
Seat 5: Bonkman05 ($107.88 in chips)
Bonkman05: posts small blind $1
loukis0902: posts big blind $3
*** HOLE CARDS ***
Bonkman05: raises $3 to $6
loukis0902: calls $3
*** FLOP *** [3h 8h Kh]
loukis0902: checks
Bonkman05: bets $3
loukis0902: calls $3
*** TURN *** [3h 8h Kh] [6c]
loukis0902: checks
Bonkman05: bets $6
loukis0902: calls $6
*** RIVER *** [3h 8h Kh 6c] [4h]
loukis0902: checks
Bonkman05: bets $6
loukis0902: calls $6
*** SHOW DOWN ***
Bonkman05: shows [4c Ah] (a flush, Ace high)
loukis0902: mucks hand
Bonkman05 collected $41.50 from pot
*** SUMMARY ***
Total pot $42 | Rake $0.50
Board [3h 8h Kh 6c 4h]
Seat 4: loukis0902 (big blind) mucked
Seat 5: Bonkman05 (button) (small blind) showed [4c Ah] and won ($41.50) with a flush, Ace high


PokerStars Hand #173553377467:  Hold'em Limit ($3/$6 USD) - 2017/07/26 18:39:13 ET
Table 'Jakoba' 6-max Seat #5 is the button
Seat 4: loukis0902 ($80.64 in chips)
Seat 5: Bonkman05 ($122.38 in chips)
Bonkman05: posts small blind $1
loukis0902: posts big blind $3
*** HOLE CARDS ***
Bonkman05: raises $3 to $6
loukis0902: calls $3
*** FLOP *** [8c 5d 6h]
loukis0902: checks
Bonkman05: bets $3
loukis0902: calls $3
*** TURN *** [8c 5d 6h] [Ac]
loukis0902: checks
Bonkman05: bets $6
loukis0902: raises $6 to $12
Bonkman05: calls $6
*** RIVER *** [8c 5d 6h Ac] [As]
loukis0902: bets $6
Bonkman05: calls $6
*** SHOW DOWN ***
loukis0902: shows [Ah 2d] (three of a kind, Aces)
Bonkman05: mucks hand
loukis0902 collected $53.50 from pot
*** SUMMARY ***
Total pot $54 | Rake $0.50
Board [8c 5d 6h Ac As]
Seat 4: loukis0902 (big blind) showed [Ah 2d] and won ($53.50) with three of a kind, Aces
Seat 5: Bonkman05 (button) (small blind) mucked


PokerStars Hand #173553390854:  Hold'em Limit ($3/$6 USD) - 2017/07/26 18:39:34 ET
Table 'Jakoba' 6-max Seat #4 is the button
Seat 4: loukis0902 ($107.14 in chips)
Seat 5: Bonkman05 ($95.38 in chips)
loukis0902: posts small blind $1
Bonkman05: posts big blind $3
*** HOLE CARDS ***
loukis0902: folds
Uncalled bet ($2) returned to Bonkman05
Bonkman05 collected $2 from pot
Bonkman05: doesn't show hand
*** SUMMARY ***
Total pot $2 | Rake $0
Seat 4: loukis0902 (button) (small blind) folded before Flop
Seat 5: Bonkman05 (big blind) collected ($2)


PokerStars Hand #173553366299:  Hold'em Limit ($3/$6 USD) - 2017/07/26 18:38:55 ET
Table 'Jakoba' 6-max Seat #4 is the button
Seat 4: loukis0902 ($74.88 in chips)
Seat 5: Bonkman05 ($128.38 in chips)
loukis0902: posts small blind $1
Bonkman05: posts big blind $3
*** HOLE CARDS ***
loukis0902: raises $3 to $6
Bonkman05: calls $3
*** FLOP *** [Qs 4h Ah]
Bonkman05: checks
loukis0902: bets $3
Bonkman05: folds
Uncalled bet ($3) returned to loukis0902
loukis0902 collected $11.76 from pot
loukis0902: doesn't show hand
*** SUMMARY ***
Total pot $12 | Rake $0.24
Board [Qs 4h Ah]
Seat 4: loukis0902 (button) (small blind) collected ($11.76)
Seat 5: Bonkman05 (big blind) folded on the Flop


PokerStars Hand #173553423747:  Hold'em Limit ($3/$6 USD) - 2017/07/26 18:40:26 ET
Table 'Jakoba' 6-max Seat #4 is the button
Seat 4: loukis0902 ($76.14 in chips)
Seat 5: Bonkman05 ($125.88 in chips)
loukis0902: posts small blind $1
Bonkman05: posts big blind $3
*** HOLE CARDS ***
loukis0902: calls $2
Bonkman05: checks
*** FLOP *** [8d 9d Ks]
Bonkman05: checks
loukis0902: checks
*** TURN *** [8d 9d Ks] [9c]
Bonkman05: bets $6
loukis0902: folds
Uncalled bet ($6) returned to Bonkman05
Bonkman05 collected $5.88 from pot
Bonkman05: doesn't show hand
*** SUMMARY ***
Total pot $6 | Rake $0.12
Board [8d 9d Ks 9c]
Seat 4: loukis0902 (button) (small blind) folded on the Turn
Seat 5: Bonkman05 (big blind) collected ($5.88)


PokerStars Hand #173553393930:  Hold'em Limit ($3/$6 USD) - 2017/07/26 18:39:39 ET
Table 'Jakoba' 6-max Seat #5 is the button
Seat 4: loukis0902 ($106.14 in chips)
Seat 5: Bonkman05 ($96.38 in chips)
Bonkman05: posts small blind $1
loukis0902: posts big blind $3
*** HOLE CARDS ***
Bonkman05: raises $3 to $6
loukis0902: calls $3
*** FLOP *** [3c 9c 4c]
loukis0902: checks
Bonkman05: bets $3
loukis0902: raises $3 to $6
Bonkman05: calls $3
*** TURN *** [3c 9c 4c] [2h]
loukis0902: bets $6
Bonkman05: raises $6 to $12
loukis0902: calls $6
*** RIVER *** [3c 9c 4c 2h] [6h]
loukis0902: checks
Bonkman05: bets $6
loukis0902: calls $6
*** SHOW DOWN ***
Bonkman05: shows [6c 5d] (a straight, Deuce to Six)
loukis0902: mucks hand
Bonkman05 collected $59.50 from pot
*** SUMMARY ***
Total pot $60 | Rake $0.50
Board [3c 9c 4c 2h 6h]
Seat 4: loukis0902 (big blind) mucked
Seat 5: Bonkman05 (button) (small blind) showed [6c 5d] and won ($59.50) with a straight, Deuce to Six


PokerStars Hand #173553432915:  Hold'em Limit ($3/$6 USD) - 2017/07/26 18:40:41 ET
Table 'Jakoba' 6-max Seat #5 is the button
Seat 4: loukis0902 ($73.14 in chips)
Seat 5: Bonkman05 ($128.76 in chips)
Bonkman05: posts small blind $1
loukis0902: posts big blind $3
*** HOLE CARDS ***
Bonkman05: raises $3 to $6
loukis0902: calls $3
*** FLOP *** [7s 4h Tc]
loukis0902: checks
Bonkman05: bets $3
loukis0902: folds
Uncalled bet ($3) returned to Bonkman05
Bonkman05 collected $11.76 from pot
Bonkman05: doesn't show hand
*** SUMMARY ***
Total pot $12 | Rake $0.24
Board [7s 4h Tc]
Seat 4: loukis0902 (big blind) folded on the Flop
Seat 5: Bonkman05 (button) (small blind) collected ($11.76)


PokerStars Hand #173553463232:  Hold'em Limit ($3/$6 USD) - 2017/07/26 18:41:29 ET
Table 'Jakoba' 6-max Seat #5 is the button
Seat 4: loukis0902 ($70.02 in chips)
Seat 5: Bonkman05 ($131.52 in chips)
Bonkman05: posts small blind $1
loukis0902: posts big blind $3
*** HOLE CARDS ***
Bonkman05: raises $3 to $6
loukis0902: calls $3
*** FLOP *** [As Ad 9s]
loukis0902: checks
Bonkman05: bets $3
loukis0902: folds
Uncalled bet ($3) returned to Bonkman05
Bonkman05 collected $11.76 from pot
Bonkman05: doesn't show hand
*** SUMMARY ***
Total pot $12 | Rake $0.24
Board [As Ad 9s]
Seat 4: loukis0902 (big blind) folded on the Flop
Seat 5: Bonkman05 (button) (small blind) collected ($11.76)


PokerStars Hand #173553459947:  Hold'em Limit ($3/$6 USD) - 2017/07/26 18:41:24 ET
Table 'Jakoba' 6-max Seat #4 is the button
Seat 4: loukis0902 ($71.02 in chips)
Seat 5: Bonkman05 ($130.52 in chips)
loukis0902: posts small blind $1
Bonkman05: posts big blind $3
*** HOLE CARDS ***
loukis0902: folds
Uncalled bet ($2) returned to Bonkman05
Bonkman05 collected $2 from pot
Bonkman05: doesn't show hand
*** SUMMARY ***
Total pot $2 | Rake $0
Seat 4: loukis0902 (button) (small blind) folded before Flop
Seat 5: Bonkman05 (big blind) collected ($2)


PokerStars Hand #173553452376:  Hold'em Limit ($3/$6 USD) - 2017/07/26 18:41:12 ET
Table 'Jakoba' 6-max Seat #5 is the button
Seat 4: loukis0902 ($70.02 in chips)
Seat 5: Bonkman05 ($131.52 in chips)
Bonkman05: posts small blind $1
loukis0902: posts big blind $3
*** HOLE CARDS ***
Bonkman05: folds
Uncalled bet ($2) returned to loukis0902
loukis0902 collected $2 from pot
loukis0902: doesn't show hand
*** SUMMARY ***
Total pot $2 | Rake $0
Seat 4: loukis0902 (big blind) collected ($2)
Seat 5: Bonkman05 (button) (small blind) folded before Flop


PokerStars Hand #173553442033:  Hold'em Limit ($3/$6 USD) - 2017/07/26 18:40:55 ET
Table 'Jakoba' 6-max Seat #4 is the button
Seat 4: loukis0902 ($67.14 in chips)
Seat 5: Bonkman05 ($134.52 in chips)
loukis0902: posts small blind $1
Bonkman05: posts big blind $3
*** HOLE CARDS ***
loukis0902: calls $2
Bonkman05: checks
*** FLOP *** [Js Ah Ts]
Bonkman05: checks
loukis0902: bets $3
Bonkman05: folds
Uncalled bet ($3) returned to loukis0902
loukis0902 collected $5.88 from pot
loukis0902: doesn't show hand
*** SUMMARY ***
Total pot $6 | Rake $0.12
Board [Js Ah Ts]
Seat 4: loukis0902 (button) (small blind) collected ($5.88)
Seat 5: Bonkman05 (big blind) folded on the Flop


PokerStars Hand #173553471618:  Hold'em Limit ($3/$6 USD) - 2017/07/26 18:41:43 ET
Table 'Jakoba' 6-max Seat #4 is the button
Seat 4: loukis0902 ($64.02 in chips)
Seat 5: Bonkman05 ($137.28 in chips)
loukis0902: posts small blind $1
Bonkman05: posts big blind $3
*** HOLE CARDS ***
loukis0902: raises $3 to $6
Bonkman05: calls $3
*** FLOP *** [4c Qc 3s]
Bonkman05: bets $3
loukis0902: calls $3
*** TURN *** [4c Qc 3s] [4h]
Humtum81 joins the table at seat #3
Bonkman05: bets $6
loukis0902: calls $6
*** RIVER *** [4c Qc 3s 4h] [3d]
Bonkman05: bets $6
loukis0902: raises $6 to $12
hairy1961 joins the table at seat #2
Bonkman05: raises $6 to $18
loukis0902: raises $6 to $24
Betting is capped
Bonkman05: calls $6
*** SHOW DOWN ***
loukis0902: shows [As 4d] (a full house, Fours full of Threes)
Bonkman05: shows [Kh 4s] (a full house, Fours full of Threes)
Bonkman05 collected $38.75 from pot
loukis0902 collected $38.75 from pot
*** SUMMARY ***
Total pot $78 | Rake $0.50
Board [4c Qc 3s 4h 3d]
Seat 4: loukis0902 (button) (small blind) showed [As 4d] and won ($38.75) with a full house, Fours full of Threes
Seat 5: Bonkman05 (big blind) showed [Kh 4s] and won ($38.75) with a full house, Fours full of Threes


PokerStars Hand #173554546269:  Hold'em Limit ($3/$6 USD) - 2017/07/26 19:12:38 ET
Table 'Jakoba' 6-max Seat #6 is the button
Seat 4: loukis0902 ($140.72 in chips)
Seat 6: Mr_steals ($49.03 in chips)
B_loJkl will be allowed to play after the button
Mr_steals: posts small blind $1
loukis0902: posts big blind $3
*** HOLE CARDS ***
Mr_steals: folds
Uncalled bet ($2) returned to loukis0902
loukis0902 collected $2 from pot
loukis0902: doesn't show hand
*** SUMMARY ***
Total pot $2 | Rake $0
Seat 4: loukis0902 (big blind) collected ($2)
Seat 6: Mr_steals (button) (small blind) folded before Flop


