PokerStars Hand #160790115592:  Hold'em Limit ($3/$6 USD) - 2016/11/02 11:21:54 ET
Table 'Jakoba' 6-max Seat #4 is the button
Seat 4: Agrotait ($72 in chips)
Seat 5: JoeBlack1982 ($108 in chips)
B_loJkl will be allowed to play after the button
zizonmusang will be allowed to play after the button
Agrotait: posts small blind $1
JoeBlack1982: posts big blind $3
*** HOLE CARDS ***
robertass84 leaves the table
Agrotait: folds
Uncalled bet ($2) returned to JoeBlack1982
JoeBlack1982 collected $2 from pot
JoeBlack1982: doesn't show hand
*** SUMMARY ***
Total pot $2 | Rake $0
Seat 4: Agrotait (button) (small blind) folded before Flop
Seat 5: JoeBlack1982 (big blind) collected ($2)


PokerStars Hand #160790761582:  Hold'em Limit ($3/$6 USD) - 2016/11/02 11:37:42 ET
Table 'Jakoba' 6-max Seat #3 is the button
Seat 3: Apanage ($77.50 in chips)
Seat 6: B_loJkl ($276.93 in chips)
Apanage: posts small blind $1
B_loJkl: posts big blind $3
*** HOLE CARDS ***
kolaz03 joins the table at seat #4
kolaz03 leaves the table
Apanage: raises $3 to $6
B_loJkl: folds
Uncalled bet ($3) returned to Apanage
Apanage collected $6 from pot
Apanage: doesn't show hand
*** SUMMARY ***
Total pot $6 | Rake $0
Seat 3: Apanage (button) (small blind) collected ($6)
Seat 6: B_loJkl (big blind) folded before Flop


PokerStars Hand #160791050174:  Hold'em Limit ($3/$6 USD) - 2016/11/02 11:44:35 ET
Table 'Jakoba' 6-max Seat #6 is the button
Seat 5: JoeBlack1982 ($119.16 in chips)
Seat 6: kolaz03 ($113.90 in chips)
kolaz03: posts small blind $1
sinsadir: is sitting out
JoeBlack1982: posts big blind $3
*** HOLE CARDS ***
kolaz03: raises $3 to $6
JoeBlack1982: raises $3 to $9
kolaz03: calls $3
*** FLOP *** [6s 6c 8c]
sinsadir leaves the table
JoeBlack1982: bets $3
kolaz03: calls $3
*** TURN *** [6s 6c 8c] [6d]
JoeBlack1982: bets $6
kolaz03: folds
Uncalled bet ($6) returned to JoeBlack1982
JoeBlack1982 collected $23.52 from pot
JoeBlack1982: doesn't show hand
*** SUMMARY ***
Total pot $24 | Rake $0.48
Board [6s 6c 8c 6d]
Seat 5: JoeBlack1982 (big blind) collected ($23.52)
Seat 6: kolaz03 (button) (small blind) folded on the Turn


PokerStars Hand #160791063245:  Hold'em Limit ($3/$6 USD) - 2016/11/02 11:44:54 ET
Table 'Jakoba' 6-max Seat #5 is the button
Seat 5: JoeBlack1982 ($130.68 in chips)
Seat 6: kolaz03 ($101.90 in chips)
JoeBlack1982: posts small blind $1
kolaz03: posts big blind $3
*** HOLE CARDS ***
JoeBlack1982: folds
Uncalled bet ($2) returned to kolaz03
kolaz03 collected $2 from pot
kolaz03: doesn't show hand
*** SUMMARY ***
Total pot $2 | Rake $0
Seat 5: JoeBlack1982 (button) (small blind) folded before Flop
Seat 6: kolaz03 (big blind) collected ($2)


PokerStars Hand #160791068417:  Hold'em Limit ($3/$6 USD) - 2016/11/02 11:45:01 ET
Table 'Jakoba' 6-max Seat #6 is the button
Seat 5: JoeBlack1982 ($129.68 in chips)
Seat 6: kolaz03 ($102.90 in chips)
kolaz03: posts small blind $1
JoeBlack1982: posts big blind $3
*** HOLE CARDS ***
kolaz03: raises $3 to $6
JoeBlack1982: calls $3
*** FLOP *** [8s Jh 4s]
JoeBlack1982: checks
kolaz03: bets $3
JoeBlack1982: calls $3
*** TURN *** [8s Jh 4s] [Ks]
JoeBlack1982: checks
kolaz03: bets $6
JoeBlack1982: calls $6
*** RIVER *** [8s Jh 4s Ks] [8h]
JoeBlack1982: checks
kolaz03: bets $6
JoeBlack1982: calls $6
*** SHOW DOWN ***
kolaz03: shows [8c 9d] (three of a kind, Eights)
JoeBlack1982: mucks hand
kolaz03 collected $41.50 from pot
*** SUMMARY ***
Total pot $42 | Rake $0.50
Board [8s Jh 4s Ks 8h]
Seat 5: JoeBlack1982 (big blind) mucked
Seat 6: kolaz03 (button) (small blind) showed [8c 9d] and won ($41.50) with three of a kind, Eights


PokerStars Hand #160791089193:  Hold'em Limit ($3/$6 USD) - 2016/11/02 11:45:31 ET
Table 'Jakoba' 6-max Seat #5 is the button
Seat 5: JoeBlack1982 ($108.68 in chips)
Seat 6: kolaz03 ($123.40 in chips)
JoeBlack1982: posts small blind $1
kolaz03: posts big blind $3
*** HOLE CARDS ***
JoeBlack1982: raises $3 to $6
kolaz03: raises $3 to $9
JoeBlack1982: raises $3 to $12
Betting is capped
kolaz03: calls $3
*** FLOP *** [Jh 6s 8h]
kolaz03: checks
JoeBlack1982: bets $3
kolaz03: calls $3
*** TURN *** [Jh 6s 8h] [7d]
kolaz03: checks
JoeBlack1982: checks
*** RIVER *** [Jh 6s 8h 7d] [4d]
kolaz03: checks
JoeBlack1982: checks
*** SHOW DOWN ***
kolaz03: shows [Th Ad] (high card Ace)
JoeBlack1982: mucks hand
kolaz03 collected $29.50 from pot
*** SUMMARY ***
Total pot $30 | Rake $0.50
Board [Jh 6s 8h 7d 4d]
Seat 5: JoeBlack1982 (button) (small blind) mucked
Seat 6: kolaz03 (big blind) showed [Th Ad] and won ($29.50) with high card Ace


PokerStars Hand #160791107642:  Hold'em Limit ($3/$6 USD) - 2016/11/02 11:45:58 ET
Table 'Jakoba' 6-max Seat #6 is the button
Seat 5: JoeBlack1982 ($93.68 in chips)
Seat 6: kolaz03 ($137.90 in chips)
kolaz03: posts small blind $1
JoeBlack1982: posts big blind $3
*** HOLE CARDS ***
kolaz03: folds
Uncalled bet ($2) returned to JoeBlack1982
JoeBlack1982 collected $2 from pot
JoeBlack1982: doesn't show hand
*** SUMMARY ***
Total pot $2 | Rake $0
Seat 5: JoeBlack1982 (big blind) collected ($2)
Seat 6: kolaz03 (button) (small blind) folded before Flop


PokerStars Hand #160791115623:  Hold'em Limit ($3/$6 USD) - 2016/11/02 11:46:09 ET
Table 'Jakoba' 6-max Seat #5 is the button
Seat 5: JoeBlack1982 ($94.68 in chips)
Seat 6: kolaz03 ($136.90 in chips)
JoeBlack1982: posts small blind $1
kolaz03: posts big blind $3
*** HOLE CARDS ***
JoeBlack1982: folds
Uncalled bet ($2) returned to kolaz03
kolaz03 collected $2 from pot
kolaz03: doesn't show hand
*** SUMMARY ***
Total pot $2 | Rake $0
Seat 5: JoeBlack1982 (button) (small blind) folded before Flop
Seat 6: kolaz03 (big blind) collected ($2)


PokerStars Hand #160791126463:  Hold'em Limit ($3/$6 USD) - 2016/11/02 11:46:24 ET
Table 'Jakoba' 6-max Seat #5 is the button
Seat 5: JoeBlack1982 ($87.68 in chips)
Seat 6: kolaz03 ($143.66 in chips)
JoeBlack1982: posts small blind $1
kolaz03: posts big blind $3
*** HOLE CARDS ***
JoeBlack1982: folds
Uncalled bet ($2) returned to kolaz03
kolaz03 collected $2 from pot
kolaz03: doesn't show hand
*** SUMMARY ***
Total pot $2 | Rake $0
Seat 5: JoeBlack1982 (button) (small blind) folded before Flop
Seat 6: kolaz03 (big blind) collected ($2)


PokerStars Hand #160791118783:  Hold'em Limit ($3/$6 USD) - 2016/11/02 11:46:13 ET
Table 'Jakoba' 6-max Seat #6 is the button
Seat 5: JoeBlack1982 ($93.68 in chips)
Seat 6: kolaz03 ($137.90 in chips)
kolaz03: posts small blind $1
JoeBlack1982: posts big blind $3
*** HOLE CARDS ***
kolaz03: raises $3 to $6
JoeBlack1982: calls $3
*** FLOP *** [6c Js 9h]
JoeBlack1982: folds
kolaz03 collected $11.76 from pot
kolaz03: doesn't show hand
*** SUMMARY ***
Total pot $12 | Rake $0.24
Board [6c Js 9h]
Seat 5: JoeBlack1982 (big blind) folded on the Flop
Seat 6: kolaz03 (button) (small blind) collected ($11.76)


PokerStars Hand #160791133350:  Hold'em Limit ($3/$6 USD) - 2016/11/02 11:46:34 ET
Table 'Jakoba' 6-max Seat #5 is the button
Seat 5: JoeBlack1982 ($87.68 in chips)
Seat 6: kolaz03 ($143.66 in chips)
JoeBlack1982: posts small blind $1
kolaz03: posts big blind $3
*** HOLE CARDS ***
JoeBlack1982: folds
Uncalled bet ($2) returned to kolaz03
kolaz03 collected $2 from pot
kolaz03: doesn't show hand
*** SUMMARY ***
Total pot $2 | Rake $0
Seat 5: JoeBlack1982 (button) (small blind) folded before Flop
Seat 6: kolaz03 (big blind) collected ($2)


PokerStars Hand #160791129893:  Hold'em Limit ($3/$6 USD) - 2016/11/02 11:46:29 ET
Table 'Jakoba' 6-max Seat #6 is the button
Seat 5: JoeBlack1982 ($86.68 in chips)
Seat 6: kolaz03 ($144.66 in chips)
kolaz03: posts small blind $1
JoeBlack1982: posts big blind $3
*** HOLE CARDS ***
kolaz03: folds
Uncalled bet ($2) returned to JoeBlack1982
JoeBlack1982 collected $2 from pot
JoeBlack1982: doesn't show hand
*** SUMMARY ***
Total pot $2 | Rake $0
Seat 5: JoeBlack1982 (big blind) collected ($2)
Seat 6: kolaz03 (button) (small blind) folded before Flop


PokerStars Hand #160791136736:  Hold'em Limit ($3/$6 USD) - 2016/11/02 11:46:39 ET
Table 'Jakoba' 6-max Seat #6 is the button
Seat 5: JoeBlack1982 ($86.68 in chips)
Seat 6: kolaz03 ($144.66 in chips)
kolaz03: posts small blind $1
JoeBlack1982: posts big blind $3
*** HOLE CARDS ***
kolaz03: raises $3 to $6
JoeBlack1982: folds
Uncalled bet ($3) returned to kolaz03
kolaz03 collected $6 from pot
kolaz03: doesn't show hand
*** SUMMARY ***
Total pot $6 | Rake $0
Seat 5: JoeBlack1982 (big blind) folded before Flop
Seat 6: kolaz03 (button) (small blind) collected ($6)


PokerStars Hand #160791158578:  Hold'em Limit ($3/$6 USD) - 2016/11/02 11:47:10 ET
Table 'Jakoba' 6-max Seat #6 is the button
Seat 5: JoeBlack1982 ($68.68 in chips)
Seat 6: kolaz03 ($162.16 in chips)
kolaz03: posts small blind $1
JoeBlack1982: posts big blind $3
*** HOLE CARDS ***
kolaz03: raises $3 to $6
JoeBlack1982: folds
Uncalled bet ($3) returned to kolaz03
JoeBlack1982 leaves the table
kolaz03 collected $6 from pot
kolaz03: doesn't show hand
*** SUMMARY ***
Total pot $6 | Rake $0
Seat 5: JoeBlack1982 (big blind) folded before Flop
Seat 6: kolaz03 (button) (small blind) collected ($6)


PokerStars Hand #160791141454:  Hold'em Limit ($3/$6 USD) - 2016/11/02 11:46:46 ET
Table 'Jakoba' 6-max Seat #5 is the button
Seat 5: JoeBlack1982 ($83.68 in chips)
Seat 6: kolaz03 ($147.66 in chips)
JoeBlack1982: posts small blind $1
kolaz03: posts big blind $3
*** HOLE CARDS ***
JoeBlack1982: raises $3 to $6
kolaz03: calls $3
*** FLOP *** [9c Tc Qs]
kolaz03: checks
JoeBlack1982: bets $3
kolaz03: calls $3
*** TURN *** [9c Tc Qs] [4c]
kolaz03: checks
JoeBlack1982: bets $6
kolaz03: calls $6
*** RIVER *** [9c Tc Qs 4c] [5d]
kolaz03: checks
JoeBlack1982: checks
*** SHOW DOWN ***
kolaz03: shows [6d Td] (a pair of Tens)
JoeBlack1982: mucks hand
kolaz03 collected $29.50 from pot
*** SUMMARY ***
Total pot $30 | Rake $0.50
Board [9c Tc Qs 4c 5d]
Seat 5: JoeBlack1982 (button) (small blind) mucked
Seat 6: kolaz03 (big blind) showed [6d Td] and won ($29.50) with a pair of Tens


