PokerStars Hand #170980845834:  Hold'em Limit ($3/$6 USD) - 2017/05/27 9:56:48 ET
Table 'Janacek' 6-max Seat #6 is the button
Seat 4: sir-scrat ($21.46 in chips)
Seat 6: nedo1414 ($111 in chips)
nedo1414: posts small blind $1
sir-scrat: posts big blind $3
*** HOLE CARDS ***
nedo1414: folds
Uncalled bet ($2) returned to sir-scrat
LifeisagameX leaves the table
sir-scrat collected $2 from pot
sir-scrat: doesn't show hand
*** SUMMARY ***
Total pot $2 | Rake $0
Seat 4: sir-scrat (big blind) collected ($2)
Seat 6: nedo1414 (button) (small blind) folded before Flop


PokerStars Hand #170980843674:  Hold'em Limit ($3/$6 USD) - 2017/05/27 9:56:44 ET
Table 'Janacek' 6-max Seat #4 is the button
Seat 4: sir-scrat ($22.46 in chips)
Seat 6: nedo1414 ($110 in chips)
sir-scrat: posts small blind $1
nedo1414: posts big blind $3
*** HOLE CARDS ***
sir-scrat: folds
Uncalled bet ($2) returned to nedo1414
nedo1414 collected $2 from pot
nedo1414: doesn't show hand
*** SUMMARY ***
Total pot $2 | Rake $0
Seat 4: sir-scrat (button) (small blind) folded before Flop
Seat 6: nedo1414 (big blind) collected ($2)


PokerStars Hand #170980805192:  Hold'em Limit ($3/$6 USD) - 2017/05/27 9:55:25 ET
Table 'Janacek' 6-max Seat #1 is the button
Seat 1: LifeisagameX ($30 in chips)
Seat 4: sir-scrat ($30 in chips)
LifeisagameX: posts small blind $1
sir-scrat: posts big blind $3
*** HOLE CARDS ***
nedo1414 joins the table at seat #6
LifeisagameX: raises $3 to $6
sir-scrat: calls $3
*** FLOP *** [9c Th 5c]
sir-scrat: bets $3
LifeisagameX: calls $3
*** TURN *** [9c Th 5c] [4d]
sir-scrat: bets $6
LifeisagameX: calls $6
*** RIVER *** [9c Th 5c 4d] [3h]
sir-scrat: bets $6
LifeisagameX: calls $6
*** SHOW DOWN ***
sir-scrat: shows [4s Kd] (a pair of Fours)
LifeisagameX: shows [8d 5d] (a pair of Fives)
LifeisagameX collected $41.50 from pot
*** SUMMARY ***
Total pot $42 | Rake $0.50
Board [9c Th 5c 4d 3h]
Seat 1: LifeisagameX (button) (small blind) showed [8d 5d] and won ($41.50) with a pair of Fives
Seat 4: sir-scrat (big blind) showed [4s Kd] and lost with a pair of Fours


PokerStars Hand #170980852950:  Hold'em Limit ($3/$6 USD) - 2017/05/27 9:57:03 ET
Table 'Janacek' 6-max Seat #4 is the button
Seat 4: sir-scrat ($22.46 in chips)
Seat 6: nedo1414 ($110 in chips)
sir-scrat: posts small blind $1
nedo1414: posts big blind $3
*** HOLE CARDS ***
sir-scrat: raises $3 to $6
nedo1414: calls $3
*** FLOP *** [4h 6d 3s]
nedo1414: checks
sir-scrat: checks
*** TURN *** [4h 6d 3s] [2c]
nedo1414: bets $6
sir-scrat: folds
Uncalled bet ($6) returned to nedo1414
nedo1414 collected $11.76 from pot
nedo1414: doesn't show hand
*** SUMMARY ***
Total pot $12 | Rake $0.24
Board [4h 6d 3s 2c]
Seat 4: sir-scrat (button) (small blind) folded on the Turn
Seat 6: nedo1414 (big blind) collected ($11.76)


PokerStars Hand #170980850423:  Hold'em Limit ($3/$6 USD) - 2017/05/27 9:56:58 ET
Table 'Janacek' 6-max Seat #6 is the button
Seat 4: sir-scrat ($25.46 in chips)
Seat 6: nedo1414 ($107 in chips)
nedo1414: posts small blind $1
sir-scrat: posts big blind $3
*** HOLE CARDS ***
nedo1414: raises $3 to $6
sir-scrat: folds
Uncalled bet ($3) returned to nedo1414
nedo1414 collected $6 from pot
nedo1414: doesn't show hand
*** SUMMARY ***
Total pot $6 | Rake $0
Seat 4: sir-scrat (big blind) folded before Flop
Seat 6: nedo1414 (button) (small blind) collected ($6)


PokerStars Hand #170980848260:  Hold'em Limit ($3/$6 USD) - 2017/05/27 9:56:53 ET
Table 'Janacek' 6-max Seat #4 is the button
Seat 4: sir-scrat ($22.46 in chips)
Seat 6: nedo1414 ($110 in chips)
sir-scrat: posts small blind $1
nedo1414: posts big blind $3
*** HOLE CARDS ***
sir-scrat: raises $3 to $6
nedo1414: folds
Uncalled bet ($3) returned to sir-scrat
sir-scrat collected $6 from pot
sir-scrat: doesn't show hand
*** SUMMARY ***
Total pot $6 | Rake $0
Seat 4: sir-scrat (button) (small blind) collected ($6)
Seat 6: nedo1414 (big blind) folded before Flop


PokerStars Hand #170980897792:  Hold'em Limit ($3/$6 USD) - 2017/05/27 9:58:36 ET
Table 'Janacek' 6-max Seat #1 is the button
Seat 1: Rednaxela05 ($95.50 in chips)
Seat 6: nedo1414 ($91.76 in chips)
Rednaxela05: posts small blind $1
nedo1414: posts big blind $3
*** HOLE CARDS ***
Rednaxela05: raises $3 to $6
nedo1414: raises $3 to $9
Rednaxela05: calls $3
*** FLOP *** [4c 8c 8d]
nedo1414: bets $3
Rednaxela05: calls $3
*** TURN *** [4c 8c 8d] [Qh]
nedo1414: checks
Rednaxela05: checks
*** RIVER *** [4c 8c 8d Qh] [5d]
nedo1414: checks
MTails joins the table at seat #2
Rednaxela05: checks
*** SHOW DOWN ***
nedo1414: shows [Kc Jd] (a pair of Eights)
Rednaxela05: shows [Kh Jc] (a pair of Eights)
nedo1414 collected $11.76 from pot
Rednaxela05 collected $11.76 from pot
*** SUMMARY ***
Total pot $24 | Rake $0.48
Board [4c 8c 8d Qh 5d]
Seat 1: Rednaxela05 (button) (small blind) showed [Kh Jc] and won ($11.76) with a pair of Eights
Seat 6: nedo1414 (big blind) showed [Kc Jd] and won ($11.76) with a pair of Eights


PokerStars Hand #170980891513:  Hold'em Limit ($3/$6 USD) - 2017/05/27 9:58:23 ET
Table 'Janacek' 6-max Seat #6 is the button
Seat 1: Rednaxela05 ($72 in chips)
Seat 6: nedo1414 ($115.76 in chips)
nedo1414: posts small blind $1
Rednaxela05: posts big blind $3
*** HOLE CARDS ***
nedo1414: raises $3 to $6
Rednaxela05: raises $3 to $9
nedo1414: calls $3
*** FLOP *** [Qs 8c 3s]
Rednaxela05: bets $3
nedo1414: calls $3
*** TURN *** [Qs 8c 3s] [Th]
Rednaxela05: bets $6
nedo1414: calls $6
*** RIVER *** [Qs 8c 3s Th] [5c]
Rednaxela05: bets $6
nedo1414: calls $6
*** SHOW DOWN ***
Rednaxela05: shows [8h As] (a pair of Eights)
nedo1414: mucks hand
Rednaxela05 collected $47.50 from pot
*** SUMMARY ***
Total pot $48 | Rake $0.50
Board [Qs 8c 3s Th 5c]
Seat 1: Rednaxela05 (big blind) showed [8h As] and won ($47.50) with a pair of Eights
Seat 6: nedo1414 (button) (small blind) mucked


PokerStars Hand #170980905632:  Hold'em Limit ($3/$6 USD) - 2017/05/27 9:58:52 ET
Table 'Janacek' 6-max Seat #6 is the button
Seat 1: Rednaxela05 ($95.26 in chips)
Seat 6: nedo1414 ($91.52 in chips)
nedo1414: posts small blind $1
Rednaxela05: posts big blind $3
*** HOLE CARDS ***
nedo1414: raises $3 to $6
Rednaxela05: folds
Uncalled bet ($3) returned to nedo1414
nedo1414 collected $6 from pot
nedo1414: doesn't show hand
*** SUMMARY ***
Total pot $6 | Rake $0
Seat 1: Rednaxela05 (big blind) folded before Flop
Seat 6: nedo1414 (button) (small blind) collected ($6)


PokerStars Hand #170981820722:  Hold'em Limit ($3/$6 USD) - 2017/05/27 10:25:29 ET
Table 'Janacek' 6-max Seat #3 is the button
Seat 1: Rednaxela05 ($284.95 in chips)
Seat 3: Bird87bird ($179.12 in chips)
Bird87bird: posts small blind $1
MTails: is sitting out
perten: is sitting out
Rednaxela05: posts big blind $3
*** HOLE CARDS ***
Bird87bird: raises $3 to $6
Rednaxela05: calls $3
*** FLOP *** [9h 2c Ks]
Rednaxela05: checks
Bird87bird: bets $3
Rednaxela05: calls $3
*** TURN *** [9h 2c Ks] [6h]
Rednaxela05: checks
Bird87bird: bets $6
Rednaxela05: folds
Uncalled bet ($6) returned to Bird87bird
Bird87bird collected $17.64 from pot
Bird87bird: doesn't show hand
*** SUMMARY ***
Total pot $18 | Rake $0.36
Board [9h 2c Ks 6h]
Seat 1: Rednaxela05 (big blind) folded on the Turn
Seat 3: Bird87bird (button) (small blind) collected ($17.64)


PokerStars Hand #170981832934:  Hold'em Limit ($3/$6 USD) - 2017/05/27 10:25:50 ET
Table 'Janacek' 6-max Seat #3 is the button
Seat 1: Rednaxela05 ($278.95 in chips)
Seat 3: Bird87bird ($184.76 in chips)
Bird87bird: posts small blind $1
Rednaxela05: posts big blind $3
*** HOLE CARDS ***
Bird87bird: calls $2
Rednaxela05: raises $3 to $6
Bird87bird: calls $3
*** FLOP *** [Ts Td Tc]
Rednaxela05: bets $3
Bird87bird: calls $3
*** TURN *** [Ts Td Tc] [6d]
Rednaxela05: bets $6
Bird87bird: calls $6
*** RIVER *** [Ts Td Tc 6d] [3s]
Rednaxela05: bets $6
Bird87bird: folds
Uncalled bet ($6) returned to Rednaxela05
Rednaxela05 collected $29.50 from pot
*** SUMMARY ***
Total pot $30 | Rake $0.50
Board [Ts Td Tc 6d 3s]
Seat 1: Rednaxela05 (big blind) collected ($29.50)
Seat 3: Bird87bird (button) (small blind) folded on the River


PokerStars Hand #170981829379:  Hold'em Limit ($3/$6 USD) - 2017/05/27 10:25:44 ET
Table 'Janacek' 6-max Seat #1 is the button
Seat 1: Rednaxela05 ($275.95 in chips)
Seat 3: Bird87bird ($187.76 in chips)
Rednaxela05: posts small blind $1
Bird87bird: posts big blind $3
*** HOLE CARDS ***
Rednaxela05: raises $3 to $6
Bird87bird: folds
Uncalled bet ($3) returned to Rednaxela05
perten leaves the table
Rednaxela05 collected $6 from pot
*** SUMMARY ***
Total pot $6 | Rake $0
Seat 1: Rednaxela05 (button) (small blind) collected ($6)
Seat 3: Bird87bird (big blind) folded before Flop


PokerStars Hand #170981855555:  Hold'em Limit ($3/$6 USD) - 2017/05/27 10:26:29 ET
Table 'Janacek' 6-max Seat #3 is the button
Seat 1: Rednaxela05 ($302.09 in chips)
Seat 3: Bird87bird ($160.76 in chips)
Bird87bird: posts small blind $1
Rednaxela05: posts big blind $3
*** HOLE CARDS ***
Bird87bird: raises $3 to $6
Rednaxela05: folds
Uncalled bet ($3) returned to Bird87bird
Bird87bird collected $6 from pot
Bird87bird: doesn't show hand
*** SUMMARY ***
Total pot $6 | Rake $0
Seat 1: Rednaxela05 (big blind) folded before Flop
Seat 3: Bird87bird (button) (small blind) collected ($6)


PokerStars Hand #170981844266:  Hold'em Limit ($3/$6 USD) - 2017/05/27 10:26:09 ET
Table 'Janacek' 6-max Seat #1 is the button
Seat 1: Rednaxela05 ($293.45 in chips)
Seat 3: Bird87bird ($169.76 in chips)
Rednaxela05: posts small blind $1
Bird87bird: posts big blind $3
*** HOLE CARDS ***
Rednaxela05: raises $3 to $6
Bird87bird: calls $3
*** FLOP *** [7d 8s Ad]
Bird87bird: checks
Rednaxela05: bets $3
Bird87bird: calls $3
*** TURN *** [7d 8s Ad] [8d]
Bird87bird: checks
Rednaxela05: checks
*** RIVER *** [7d 8s Ad 8d] [Tc]
Bird87bird: checks
Rednaxela05: bets $6
Bird87bird: folds
Uncalled bet ($6) returned to Rednaxela05
Rednaxela05 collected $17.64 from pot
Rednaxela05: doesn't show hand
*** SUMMARY ***
Total pot $18 | Rake $0.36
Board [7d 8s Ad 8d Tc]
Seat 1: Rednaxela05 (button) (small blind) collected ($17.64)
Seat 3: Bird87bird (big blind) folded on the River


PokerStars Hand #170981884426:  Hold'em Limit ($3/$6 USD) - 2017/05/27 10:27:18 ET
Table 'Janacek' 6-max Seat #3 is the button
Seat 1: Rednaxela05 ($268.09 in chips)
Seat 3: Bird87bird ($194.26 in chips)
Bird87bird: posts small blind $1
Rednaxela05: posts big blind $3
*** HOLE CARDS ***
Bird87bird: raises $3 to $6
Rednaxela05: calls $3
*** FLOP *** [4d 2d Kd]
Rednaxela05: checks
Bird87bird: bets $3
Rednaxela05: folds
Uncalled bet ($3) returned to Bird87bird
Chrisgalo33 joins the table at seat #5
Bird87bird collected $11.76 from pot
Bird87bird: doesn't show hand
*** SUMMARY ***
Total pot $12 | Rake $0.24
Board [4d 2d Kd]
Seat 1: Rednaxela05 (big blind) folded on the Flop
Seat 3: Bird87bird (button) (small blind) collected ($11.76)


PokerStars Hand #170981870710:  Hold'em Limit ($3/$6 USD) - 2017/05/27 10:26:54 ET
Table 'Janacek' 6-max Seat #1 is the button
Seat 1: Rednaxela05 ($295.09 in chips)
Seat 3: Bird87bird ($167.76 in chips)
Rednaxela05: posts small blind $1
Bird87bird: posts big blind $3
*** HOLE CARDS ***
Rednaxela05: raises $3 to $6
Bird87bird: raises $3 to $9
Rednaxela05: raises $3 to $12
Betting is capped
Bird87bird: calls $3
*** FLOP *** [6d 2s Kd]
Bird87bird: checks
Rednaxela05: bets $3
Bird87bird: calls $3
*** TURN *** [6d 2s Kd] [3d]
Bird87bird: checks
Rednaxela05: bets $6
Bird87bird: calls $6
*** RIVER *** [6d 2s Kd 3d] [8s]
Bird87bird: checks
Rednaxela05: bets $6
Bird87bird: calls $6
*** SHOW DOWN ***
Rednaxela05: shows [9h 9c] (a pair of Nines)
Bird87bird: shows [Th Tc] (a pair of Tens)
Bird87bird collected $53.50 from pot
*** SUMMARY ***
Total pot $54 | Rake $0.50
Board [6d 2s Kd 3d 8s]
Seat 1: Rednaxela05 (button) (small blind) showed [9h 9c] and lost with a pair of Nines
Seat 3: Bird87bird (big blind) showed [Th Tc] and won ($53.50) with a pair of Tens


PokerStars Hand #170981867222:  Hold'em Limit ($3/$6 USD) - 2017/05/27 10:26:48 ET
Table 'Janacek' 6-max Seat #3 is the button
Seat 1: Rednaxela05 ($298.09 in chips)
Seat 3: Bird87bird ($164.76 in chips)
Bird87bird: posts small blind $1
Rednaxela05: posts big blind $3
*** HOLE CARDS ***
Bird87bird: raises $3 to $6
Rednaxela05: folds
Uncalled bet ($3) returned to Bird87bird
Bird87bird collected $6 from pot
Bird87bird: doesn't show hand
*** SUMMARY ***
Total pot $6 | Rake $0
Seat 1: Rednaxela05 (big blind) folded before Flop
Seat 3: Bird87bird (button) (small blind) collected ($6)


PokerStars Hand #170981864754:  Hold'em Limit ($3/$6 USD) - 2017/05/27 10:26:44 ET
Table 'Janacek' 6-max Seat #1 is the button
Seat 1: Rednaxela05 ($299.09 in chips)
Seat 3: Bird87bird ($163.76 in chips)
Rednaxela05: posts small blind $1
Bird87bird: posts big blind $3
*** HOLE CARDS ***
Rednaxela05: folds
Uncalled bet ($2) returned to Bird87bird
Bird87bird collected $2 from pot
Bird87bird: doesn't show hand
*** SUMMARY ***
Total pot $2 | Rake $0
Seat 1: Rednaxela05 (button) (small blind) folded before Flop
Seat 3: Bird87bird (big blind) collected ($2)


PokerStars Hand #170981861717:  Hold'em Limit ($3/$6 USD) - 2017/05/27 10:26:39 ET
Table 'Janacek' 6-max Seat #3 is the button
Seat 1: Rednaxela05 ($298.09 in chips)
Seat 3: Bird87bird ($164.76 in chips)
Bird87bird: posts small blind $1
Rednaxela05: posts big blind $3
*** HOLE CARDS ***
Bird87bird: folds
Uncalled bet ($2) returned to Rednaxela05
Rednaxela05 collected $2 from pot
Rednaxela05: doesn't show hand
*** SUMMARY ***
Total pot $2 | Rake $0
Seat 1: Rednaxela05 (big blind) collected ($2)
Seat 3: Bird87bird (button) (small blind) folded before Flop


PokerStars Hand #170981859028:  Hold'em Limit ($3/$6 USD) - 2017/05/27 10:26:35 ET
Table 'Janacek' 6-max Seat #1 is the button
Seat 1: Rednaxela05 ($299.09 in chips)
Seat 3: Bird87bird ($163.76 in chips)
Rednaxela05: posts small blind $1
Bird87bird: posts big blind $3
*** HOLE CARDS ***
Rednaxela05: folds
Uncalled bet ($2) returned to Bird87bird
Bird87bird collected $2 from pot
Bird87bird: doesn't show hand
*** SUMMARY ***
Total pot $2 | Rake $0
Seat 1: Rednaxela05 (button) (small blind) folded before Flop
Seat 3: Bird87bird (big blind) collected ($2)


PokerStars Hand #170981889921:  Hold'em Limit ($3/$6 USD) - 2017/05/27 10:27:27 ET
Table 'Janacek' 6-max Seat #1 is the button
Seat 1: Rednaxela05 ($262.09 in chips)
Seat 3: Bird87bird ($200.02 in chips)
Rednaxela05: posts small blind $1
Bird87bird: posts big blind $3
*** HOLE CARDS ***
Rednaxela05: folds
Uncalled bet ($2) returned to Bird87bird
Bird87bird collected $2 from pot
Bird87bird: doesn't show hand
*** SUMMARY ***
Total pot $2 | Rake $0
Seat 1: Rednaxela05 (button) (small blind) folded before Flop
Seat 3: Bird87bird (big blind) collected ($2)


PokerStars Hand #170982749609:  Hold'em Limit ($3/$6 USD) - 2017/05/27 10:51:44 ET
Table 'Janacek' 6-max Seat #6 is the button
Seat 5: mistere3 ($43.01 in chips)
Seat 6: Sagar_7 ($99.71 in chips)
Sagar_7: posts small blind $1
mistere3: posts big blind $3
*** HOLE CARDS ***
Sagar_7: raises $3 to $6
mistere3: folds
Uncalled bet ($3) returned to Sagar_7
Sagar_7 collected $6 from pot
Sagar_7: doesn't show hand
*** SUMMARY ***
Total pot $6 | Rake $0
Seat 5: mistere3 (big blind) folded before Flop
Seat 6: Sagar_7 (button) (small blind) collected ($6)


PokerStars Hand #170982755187:  Hold'em Limit ($3/$6 USD) - 2017/05/27 10:51:54 ET
Table 'Janacek' 6-max Seat #5 is the button
Seat 5: mistere3 ($40.01 in chips)
Seat 6: Sagar_7 ($102.71 in chips)
mistere3: posts small blind $1
Sagar_7: posts big blind $3
*** HOLE CARDS ***
mistere3: raises $3 to $6
Sagar_7: calls $3
*** FLOP *** [2h 5s 5h]
Sagar_7: bets $3
mistere3: calls $3
*** TURN *** [2h 5s 5h] [Qs]
Sagar_7: checks
mistere3: bets $6
Sagar_7: folds
Uncalled bet ($6) returned to mistere3
mistere3 collected $17.64 from pot
mistere3: doesn't show hand
*** SUMMARY ***
Total pot $18 | Rake $0.36
Board [2h 5s 5h Qs]
Seat 5: mistere3 (button) (small blind) collected ($17.64)
Seat 6: Sagar_7 (big blind) folded on the Turn


PokerStars Hand #170982772423:  Hold'em Limit ($3/$6 USD) - 2017/05/27 10:52:23 ET
Table 'Janacek' 6-max Seat #6 is the button
Seat 5: mistere3 ($48.65 in chips)
Seat 6: Sagar_7 ($93.71 in chips)
Sagar_7: posts small blind $1
mistere3: posts big blind $3
*** HOLE CARDS ***
Sagar_7: raises $3 to $6
mistere3: folds
Uncalled bet ($3) returned to Sagar_7
Sagar_7 collected $6 from pot
Sagar_7: doesn't show hand
*** SUMMARY ***
Total pot $6 | Rake $0
Seat 5: mistere3 (big blind) folded before Flop
Seat 6: Sagar_7 (button) (small blind) collected ($6)


PokerStars Hand #170982776974:  Hold'em Limit ($3/$6 USD) - 2017/05/27 10:52:30 ET
Table 'Janacek' 6-max Seat #5 is the button
Seat 5: mistere3 ($45.65 in chips)
Seat 6: Sagar_7 ($96.71 in chips)
mistere3: posts small blind $1
Sagar_7: posts big blind $3
*** HOLE CARDS ***
mistere3: folds
Uncalled bet ($2) returned to Sagar_7
Sagar_7 collected $2 from pot
Sagar_7: doesn't show hand
*** SUMMARY ***
Total pot $2 | Rake $0
Seat 5: mistere3 (button) (small blind) folded before Flop
Seat 6: Sagar_7 (big blind) collected ($2)


PokerStars Hand #170982780194:  Hold'em Limit ($3/$6 USD) - 2017/05/27 10:52:36 ET
Table 'Janacek' 6-max Seat #6 is the button
Seat 5: mistere3 ($44.65 in chips)
Seat 6: Sagar_7 ($97.71 in chips)
Sagar_7: posts small blind $1
mistere3: posts big blind $3
*** HOLE CARDS ***
Sagar_7: folds
Uncalled bet ($2) returned to mistere3
mistere3 collected $2 from pot
mistere3: doesn't show hand
*** SUMMARY ***
Total pot $2 | Rake $0
Seat 5: mistere3 (big blind) collected ($2)
Seat 6: Sagar_7 (button) (small blind) folded before Flop


PokerStars Hand #170982787768:  Hold'em Limit ($3/$6 USD) - 2017/05/27 10:52:49 ET
Table 'Janacek' 6-max Seat #5 is the button
Seat 5: mistere3 ($45.65 in chips)
Seat 6: Sagar_7 ($96.71 in chips)
mistere3: posts small blind $1
Sagar_7: posts big blind $3
*** HOLE CARDS ***
mistere3: raises $3 to $6
Sagar_7: calls $3
*** FLOP *** [Ts 7h 4d]
Sagar_7: checks
mistere3: bets $3
Sagar_7: calls $3
*** TURN *** [Ts 7h 4d] [9c]
Sagar_7: checks
mistere3: bets $6
Sagar_7: raises $6 to $12
mistere3: calls $6
*** RIVER *** [Ts 7h 4d 9c] [6s]
Sagar_7: bets $6
mistere3: calls $6
*** SHOW DOWN ***
Sagar_7: shows [Kh Ks] (a pair of Kings)
mistere3: mucks hand
Sagar_7 collected $53.50 from pot
*** SUMMARY ***
Total pot $54 | Rake $0.50
Board [Ts 7h 4d 9c 6s]
Seat 5: mistere3 (button) (small blind) mucked
Seat 6: Sagar_7 (big blind) showed [Kh Ks] and won ($53.50) with a pair of Kings


PokerStars Hand #170982827617:  Hold'em Limit ($3/$6 USD) - 2017/05/27 10:53:57 ET
Table 'Janacek' 6-max Seat #5 is the button
Seat 5: mistere3 ($19.65 in chips)
Seat 6: Sagar_7 ($122.21 in chips)
mistere3: posts small blind $1
Sagar_7: posts big blind $3
*** HOLE CARDS ***
mistere3: raises $3 to $6
Sagar_7: folds
Uncalled bet ($3) returned to mistere3
mistere3 collected $6 from pot
mistere3: doesn't show hand
*** SUMMARY ***
Total pot $6 | Rake $0
Seat 5: mistere3 (button) (small blind) collected ($6)
Seat 6: Sagar_7 (big blind) folded before Flop


PokerStars Hand #170982822237:  Hold'em Limit ($3/$6 USD) - 2017/05/27 10:53:48 ET
Table 'Janacek' 6-max Seat #6 is the button
Seat 5: mistere3 ($18.65 in chips)
Seat 6: Sagar_7 ($123.21 in chips)
Sagar_7: posts small blind $1
mistere3: posts big blind $3
*** HOLE CARDS ***
Sagar_7: folds
Uncalled bet ($2) returned to mistere3
mistere3 collected $2 from pot
mistere3: doesn't show hand
*** SUMMARY ***
Total pot $2 | Rake $0
Seat 5: mistere3 (big blind) collected ($2)
Seat 6: Sagar_7 (button) (small blind) folded before Flop


