PokerStars Hand #154094036768:  Hold'em Limit ($3/$6 USD) - 2016/05/31 10:29:59 ET
Table 'Janacek' 6-max Seat #4 is the button
Seat 3: LolDnkaments ($141.95 in chips)
Seat 4: Johnliu ($125.26 in chips)
Johnliu: posts small blind $1
B_loJkl: is sitting out
LolDnkaments: posts big blind $3
*** HOLE CARDS ***
B_loJkl leaves the table
Johnliu: raises $3 to $6
LolDnkaments: calls $3
*** FLOP *** [Kh 3c Ts]
LolDnkaments: checks
Johnliu: checks
*** TURN *** [Kh 3c Ts] [4h]
LolDnkaments: bets $6
Johnliu: calls $6
*** RIVER *** [Kh 3c Ts 4h] [Qd]
LolDnkaments: checks
Johnliu: bets $6
LolDnkaments: calls $6
*** SHOW DOWN ***
Johnliu: shows [4s 7s] (a pair of Fours)
LolDnkaments: mucks hand
Johnliu collected $35.50 from pot
*** SUMMARY ***
Total pot $36 | Rake $0.50
Board [Kh 3c Ts 4h Qd]
Seat 3: LolDnkaments (big blind) mucked
Seat 4: Johnliu (button) (small blind) showed [4s 7s] and won ($35.50) with a pair of Fours


PokerStars Hand #154094073895:  Hold'em Limit ($3/$6 USD) - 2016/05/31 10:31:02 ET
Table 'Janacek' 6-max Seat #4 is the button
Seat 3: LolDnkaments ($141.45 in chips)
Seat 4: Johnliu ($124.76 in chips)
Johnliu: posts small blind $1
LolDnkaments: posts big blind $3
*** HOLE CARDS ***
Johnliu: raises $3 to $6
LolDnkaments: calls $3
*** FLOP *** [5c 7d 8c]
LolDnkaments: checks
Johnliu: bets $3
LolDnkaments: calls $3
*** TURN *** [5c 7d 8c] [5s]
LolDnkaments: checks
Johnliu: bets $6
LolDnkaments: calls $6
*** RIVER *** [5c 7d 8c 5s] [8s]
LolDnkaments: checks
Johnliu: bets $6
LolDnkaments: calls $6
*** SHOW DOWN ***
Johnliu: shows [4h 8h] (a full house, Eights full of Fives)
LolDnkaments: mucks hand
Johnliu collected $41.50 from pot
*** SUMMARY ***
Total pot $42 | Rake $0.50
Board [5c 7d 8c 5s 8s]
Seat 3: LolDnkaments (big blind) mucked
Seat 4: Johnliu (button) (small blind) showed [4h 8h] and won ($41.50) with a full house, Eights full of Fives


PokerStars Hand #154094054180:  Hold'em Limit ($3/$6 USD) - 2016/05/31 10:30:29 ET
Table 'Janacek' 6-max Seat #3 is the button
Seat 3: LolDnkaments ($123.95 in chips)
Seat 4: Johnliu ($142.76 in chips)
LolDnkaments: posts small blind $1
Johnliu: posts big blind $3
*** HOLE CARDS ***
LolDnkaments: raises $3 to $6
Johnliu: raises $3 to $9
LolDnkaments: calls $3
*** FLOP *** [Kh Tc Td]
Johnliu: bets $3
LolDnkaments: calls $3
*** TURN *** [Kh Tc Td] [4s]
Johnliu: bets $6
LolDnkaments: calls $6
*** RIVER *** [Kh Tc Td 4s] [7h]
Johnliu: checks
LolDnkaments: bets $6
Johnliu: folds
Uncalled bet ($6) returned to LolDnkaments
LolDnkaments collected $35.50 from pot
LolDnkaments: doesn't show hand
*** SUMMARY ***
Total pot $36 | Rake $0.50
Board [Kh Tc Td 4s 7h]
Seat 3: LolDnkaments (button) (small blind) collected ($35.50)
Seat 4: Johnliu (big blind) folded on the River


PokerStars Hand #154094097673:  Hold'em Limit ($3/$6 USD) - 2016/05/31 10:31:43 ET
Table 'Janacek' 6-max Seat #3 is the button
Seat 3: LolDnkaments ($120.45 in chips)
Seat 4: Johnliu ($145.26 in chips)
LolDnkaments: posts small blind $1
__P0o_P0o__ joins the table at seat #6
Johnliu: posts big blind $3
*** HOLE CARDS ***
LolDnkaments: folds
Uncalled bet ($2) returned to Johnliu
Johnliu collected $2 from pot
Johnliu: doesn't show hand
*** SUMMARY ***
Total pot $2 | Rake $0
Seat 3: LolDnkaments (button) (small blind) folded before Flop
Seat 4: Johnliu (big blind) collected ($2)


PokerStars Hand #154094197163:  Hold'em Limit ($3/$6 USD) - 2016/05/31 10:34:32 ET
Table 'Janacek' 6-max Seat #4 is the button
Seat 4: Johnliu ($105.75 in chips)
Seat 6: __P0o_P0o__ ($19.44 in chips)
Johnliu: posts small blind $1
__P0o_P0o__: posts big blind $3
*** HOLE CARDS ***
Johnliu: folds
Uncalled bet ($2) returned to __P0o_P0o__
__P0o_P0o__ collected $2 from pot
*** SUMMARY ***
Total pot $2 | Rake $0
Seat 4: Johnliu (button) (small blind) folded before Flop
Seat 6: __P0o_P0o__ (big blind) collected ($2)


PokerStars Hand #154094192559:  Hold'em Limit ($3/$6 USD) - 2016/05/31 10:34:24 ET
Table 'Janacek' 6-max Seat #6 is the button
Seat 4: Johnliu ($108.75 in chips)
Seat 6: __P0o_P0o__ ($16.44 in chips)
__P0o_P0o__: posts small blind $1
LolDnkaments: is sitting out
Johnliu: posts big blind $3
*** HOLE CARDS ***
LolDnkaments leaves the table
__P0o_P0o__: raises $3 to $6
Johnliu: folds
Uncalled bet ($3) returned to __P0o_P0o__
__P0o_P0o__ collected $6 from pot
*** SUMMARY ***
Total pot $6 | Rake $0
Seat 4: Johnliu (big blind) folded before Flop
Seat 6: __P0o_P0o__ (button) (small blind) collected ($6)


PokerStars Hand #154094201221:  Hold'em Limit ($3/$6 USD) - 2016/05/31 10:34:39 ET
Table 'Janacek' 6-max Seat #6 is the button
Seat 4: Johnliu ($104.75 in chips)
Seat 6: __P0o_P0o__ ($20.44 in chips)
__P0o_P0o__: posts small blind $1
Johnliu: posts big blind $3
*** HOLE CARDS ***
__P0o_P0o__: raises $3 to $6
Johnliu: calls $3
*** FLOP *** [2h 6c Kh]
Johnliu: checks
__P0o_P0o__: bets $3
Johnliu: calls $3
*** TURN *** [2h 6c Kh] [2c]
Johnliu: checks
__P0o_P0o__: bets $6
Johnliu: raises $6 to $12
__P0o_P0o__: calls $5.44 and is all-in
Uncalled bet ($0.56) returned to Johnliu
*** RIVER *** [2h 6c Kh 2c] [6d]
*** SHOW DOWN ***
Johnliu: shows [Kd 2d] (a full house, Deuces full of Kings)
__P0o_P0o__: shows [2s Qs] (a full house, Deuces full of Sixes)
Johnliu collected $40.38 from pot
*** SUMMARY ***
Total pot $40.88 | Rake $0.50
Board [2h 6c Kh 2c 6d]
Seat 4: Johnliu (big blind) showed [Kd 2d] and won ($40.38) with a full house, Deuces full of Kings
Seat 6: __P0o_P0o__ (button) (small blind) showed [2s Qs] and lost with a full house, Deuces full of Sixes


