PokerStars Hand #169751147807:  Hold'em Limit ($3/$6 USD) - 2017/04/30 4:55:11 ET
Table 'Janacek' 6-max Seat #2 is the button
Seat 2: Krazy90 ($239 in chips)
Seat 5: Mr.Buster ($148.37 in chips)
RockKillerTY will be allowed to play after the button
Ale4o will be allowed to play after the button
Krazy90: posts small blind $1
NoVebra: is sitting out
Agrotait: is sitting out
Mr.Buster: posts big blind $3
*** HOLE CARDS ***
NoVebra leaves the table
Krazy90: raises $3 to $6
Agrotait leaves the table
Mr.Buster: calls $3
*** FLOP *** [4s As 7c]
Mr.Buster: bets $3
Krazy90: calls $3
*** TURN *** [4s As 7c] [5c]
Mr.Buster: bets $6
Krazy90: raises $6 to $12
Mr.Buster: calls $6
*** RIVER *** [4s As 7c 5c] [Jh]
Mr.Buster: checks
Krazy90: bets $6
Mr.Buster: calls $6
*** SHOW DOWN ***
Krazy90: shows [Ac Ad] (three of a kind, Aces)
Mr.Buster: mucks hand
Krazy90 collected $53.50 from pot
*** SUMMARY ***
Total pot $54 | Rake $0.50
Board [4s As 7c 5c Jh]
Seat 2: Krazy90 (button) (small blind) showed [Ac Ad] and won ($53.50) with three of a kind, Aces
Seat 5: Mr.Buster (big blind) mucked


PokerStars Hand #169752685732:  Hold'em Limit ($3/$6 USD) - 2017/04/30 5:59:33 ET
Table 'Janacek' 6-max Seat #3 is the button
Seat 3: neknek165 ($221.68 in chips)
Seat 5: Ale4o ($86.82 in chips)
neknek165: posts small blind $1
Ale4o: posts big blind $3
*** HOLE CARDS ***
neknek165: raises $3 to $6
Ale4o: calls $3
*** FLOP *** [2d Th 3h]
Ale4o: checks
neknek165: bets $3
Ale4o: raises $3 to $6
neknek165: folds
Uncalled bet ($3) returned to Ale4o
Ale4o collected $17.64 from pot
Ale4o: doesn't show hand
*** SUMMARY ***
Total pot $18 | Rake $0.36
Board [2d Th 3h]
Seat 3: neknek165 (button) (small blind) folded on the Flop
Seat 5: Ale4o (big blind) collected ($17.64)


PokerStars Hand #169752666230:  Hold'em Limit ($3/$6 USD) - 2017/04/30 5:58:41 ET
Table 'Janacek' 6-max Seat #3 is the button
Seat 3: neknek165 ($189.68 in chips)
Seat 5: Ale4o ($119.82 in chips)
neknek165: posts small blind $1
Ale4o: posts big blind $3
*** HOLE CARDS ***
neknek165: raises $3 to $6
Ale4o: calls $3
*** FLOP *** [Ad Ks Kd]
Ale4o: checks
neknek165: bets $3
Ale4o: calls $3
*** TURN *** [Ad Ks Kd] [As]
Ale4o: checks
neknek165: bets $6
Ale4o: calls $6
*** RIVER *** [Ad Ks Kd As] [Tc]
Ale4o: checks
neknek165: bets $6
Ale4o: folds
Uncalled bet ($6) returned to neknek165
neknek165 collected $29.50 from pot
neknek165: doesn't show hand
*** SUMMARY ***
Total pot $30 | Rake $0.50
Board [Ad Ks Kd As Tc]
Seat 3: neknek165 (button) (small blind) collected ($29.50)
Seat 5: Ale4o (big blind) folded on the River


PokerStars Hand #169752678757:  Hold'em Limit ($3/$6 USD) - 2017/04/30 5:59:14 ET
Table 'Janacek' 6-max Seat #5 is the button
Seat 3: neknek165 ($204.18 in chips)
Seat 5: Ale4o ($104.82 in chips)
Ale4o: posts small blind $1
neknek165: posts big blind $3
*** HOLE CARDS ***
Ale4o: raises $3 to $6
neknek165: calls $3
*** FLOP *** [Kh Qh Th]
neknek165: checks
Ale4o: checks
*** TURN *** [Kh Qh Th] [Qs]
neknek165: bets $6
Ale4o: calls $6
*** RIVER *** [Kh Qh Th Qs] [4h]
neknek165: bets $6
Ale4o: calls $6
*** SHOW DOWN ***
neknek165: shows [9c Jh] (a flush, King high)
Ale4o: mucks hand
neknek165 collected $35.50 from pot
*** SUMMARY ***
Total pot $36 | Rake $0.50
Board [Kh Qh Th Qs 4h]
Seat 3: neknek165 (big blind) showed [9c Jh] and won ($35.50) with a flush, King high
Seat 5: Ale4o (button) (small blind) mucked


PokerStars Hand #169752692357:  Hold'em Limit ($3/$6 USD) - 2017/04/30 5:59:50 ET
Table 'Janacek' 6-max Seat #5 is the button
Seat 3: neknek165 ($212.68 in chips)
Seat 5: Ale4o ($95.46 in chips)
Ale4o: posts small blind $1
neknek165: posts big blind $3
*** HOLE CARDS ***
Ale4o: raises $3 to $6
neknek165: calls $3
*** FLOP *** [3h 3c 5s]
neknek165: checks
Ale4o: checks
*** TURN *** [3h 3c 5s] [Kd]
neknek165: checks
Ale4o: bets $6
neknek165: raises $6 to $12
Ale4o: folds
Uncalled bet ($6) returned to neknek165
neknek165 collected $23.52 from pot
neknek165: doesn't show hand
*** SUMMARY ***
Total pot $24 | Rake $0.48
Board [3h 3c 5s Kd]
Seat 3: neknek165 (big blind) collected ($23.52)
Seat 5: Ale4o (button) (small blind) folded on the Turn


PokerStars Hand #169752704947:  Hold'em Limit ($3/$6 USD) - 2017/04/30 6:00:23 ET
Table 'Janacek' 6-max Seat #3 is the button
Seat 3: neknek165 ($224.20 in chips)
Seat 5: Ale4o ($83.46 in chips)
neknek165: posts small blind $1
Ale4o: posts big blind $3
*** HOLE CARDS ***
neknek165: raises $3 to $6
Ale4o: calls $3
*** FLOP *** [7c 8s 7d]
Ale4o: checks
neknek165: bets $3
Ale4o: raises $3 to $6
neknek165: calls $3
*** TURN *** [7c 8s 7d] [5s]
Ale4o: bets $6
neknek165: calls $6
*** RIVER *** [7c 8s 7d 5s] [4d]
Ale4o: bets $6
neknek165: calls $6
*** SHOW DOWN ***
Ale4o: shows [6c Ts] (a straight, Four to Eight)
neknek165: mucks hand
Ale4o collected $47.50 from pot
*** SUMMARY ***
Total pot $48 | Rake $0.50
Board [7c 8s 7d 5s 4d]
Seat 3: neknek165 (button) (small blind) mucked
Seat 5: Ale4o (big blind) showed [6c Ts] and won ($47.50) with a straight, Four to Eight


PokerStars Hand #169752724131:  Hold'em Limit ($3/$6 USD) - 2017/04/30 6:01:10 ET
Table 'Janacek' 6-max Seat #3 is the button
Seat 3: neknek165 ($223.70 in chips)
Seat 5: Ale4o ($82.96 in chips)
neknek165: posts small blind $1
Ale4o: posts big blind $3
*** HOLE CARDS ***
neknek165: raises $3 to $6
Ale4o: calls $3
*** FLOP *** [Td 6c 3h]
Ale4o: checks
neknek165: bets $3
Ale4o: raises $3 to $6
neknek165: folds
Uncalled bet ($3) returned to Ale4o
Ale4o collected $17.64 from pot
Ale4o: doesn't show hand
*** SUMMARY ***
Total pot $18 | Rake $0.36
Board [Td 6c 3h]
Seat 3: neknek165 (button) (small blind) folded on the Flop
Seat 5: Ale4o (big blind) collected ($17.64)


PokerStars Hand #169752715384:  Hold'em Limit ($3/$6 USD) - 2017/04/30 6:00:50 ET
Table 'Janacek' 6-max Seat #5 is the button
Seat 3: neknek165 ($200.20 in chips)
Seat 5: Ale4o ($106.96 in chips)
Ale4o: posts small blind $1
neknek165: posts big blind $3
*** HOLE CARDS ***
Ale4o: raises $3 to $6
neknek165: raises $3 to $9
Ale4o: calls $3
*** FLOP *** [Js Ad 4c]
neknek165: bets $3
Ale4o: calls $3
*** TURN *** [Js Ad 4c] [As]
neknek165: bets $6
Ale4o: calls $6
*** RIVER *** [Js Ad 4c As] [3d]
neknek165: bets $6
Ale4o: calls $6
*** SHOW DOWN ***
neknek165: shows [Ah Qd] (three of a kind, Aces)
Ale4o: mucks hand
neknek165 collected $47.50 from pot
*** SUMMARY ***
Total pot $48 | Rake $0.50
Board [Js Ad 4c As 3d]
Seat 3: neknek165 (big blind) showed [Ah Qd] and won ($47.50) with three of a kind, Aces
Seat 5: Ale4o (button) (small blind) mucked


PokerStars Hand #169752729527:  Hold'em Limit ($3/$6 USD) - 2017/04/30 6:01:24 ET
Table 'Janacek' 6-max Seat #5 is the button
Seat 3: neknek165 ($214.70 in chips)
Seat 5: Ale4o ($91.60 in chips)
Ale4o: posts small blind $1
neknek165: posts big blind $3
*** HOLE CARDS ***
Ale4o: folds
Uncalled bet ($2) returned to neknek165
neknek165 collected $2 from pot
neknek165: doesn't show hand
*** SUMMARY ***
Total pot $2 | Rake $0
Seat 3: neknek165 (big blind) collected ($2)
Seat 5: Ale4o (button) (small blind) folded before Flop


PokerStars Hand #169752731319:  Hold'em Limit ($3/$6 USD) - 2017/04/30 6:01:28 ET
Table 'Janacek' 6-max Seat #3 is the button
Seat 3: neknek165 ($215.70 in chips)
Seat 5: Ale4o ($90.60 in chips)
neknek165: posts small blind $1
Ale4o: posts big blind $3
*** HOLE CARDS ***
neknek165: folds
Uncalled bet ($2) returned to Ale4o
Ale4o collected $2 from pot
Ale4o: doesn't show hand
*** SUMMARY ***
Total pot $2 | Rake $0
Seat 3: neknek165 (button) (small blind) folded before Flop
Seat 5: Ale4o (big blind) collected ($2)


PokerStars Hand #169752734003:  Hold'em Limit ($3/$6 USD) - 2017/04/30 6:01:34 ET
Table 'Janacek' 6-max Seat #5 is the button
Seat 3: neknek165 ($214.70 in chips)
Seat 5: Ale4o ($91.60 in chips)
Ale4o: posts small blind $1
neknek165: posts big blind $3
*** HOLE CARDS ***
Ale4o: raises $3 to $6
neknek165: folds
Uncalled bet ($3) returned to Ale4o
Ale4o collected $6 from pot
Ale4o: doesn't show hand
*** SUMMARY ***
Total pot $6 | Rake $0
Seat 3: neknek165 (big blind) folded before Flop
Seat 5: Ale4o (button) (small blind) collected ($6)


PokerStars Hand #169752736194:  Hold'em Limit ($3/$6 USD) - 2017/04/30 6:01:40 ET
Table 'Janacek' 6-max Seat #3 is the button
Seat 3: neknek165 ($211.70 in chips)
Seat 5: Ale4o ($94.60 in chips)
neknek165: posts small blind $1
Ale4o: posts big blind $3
*** HOLE CARDS ***
neknek165: raises $3 to $6
Ale4o: calls $3
*** FLOP *** [2s Ad Ah]
Ale4o: checks
neknek165: bets $3
Ale4o: calls $3
*** TURN *** [2s Ad Ah] [6s]
Ale4o: checks
neknek165: bets $6
Ale4o: calls $6
*** RIVER *** [2s Ad Ah 6s] [8s]
Ale4o: checks
neknek165: bets $6
Ale4o: calls $6
*** SHOW DOWN ***
neknek165: shows [3d 4d] (a pair of Aces)
Ale4o: shows [6c Jc] (two pair, Aces and Sixes)
Ale4o collected $41.50 from pot
*** SUMMARY ***
Total pot $42 | Rake $0.50
Board [2s Ad Ah 6s 8s]
Seat 3: neknek165 (button) (small blind) showed [3d 4d] and lost with a pair of Aces
Seat 5: Ale4o (big blind) showed [6c Jc] and won ($41.50) with two pair, Aces and Sixes


PokerStars Hand #169752747346:  Hold'em Limit ($3/$6 USD) - 2017/04/30 6:02:06 ET
Table 'Janacek' 6-max Seat #3 is the button
Seat 3: neknek165 ($187.70 in chips)
Seat 5: Ale4o ($118.10 in chips)
neknek165: posts small blind $1
Ale4o: posts big blind $3
*** HOLE CARDS ***
neknek165: raises $3 to $6
Ale4o: folds
Uncalled bet ($3) returned to neknek165
neknek165 collected $6 from pot
neknek165: doesn't show hand
*** SUMMARY ***
Total pot $6 | Rake $0
Seat 3: neknek165 (button) (small blind) collected ($6)
Seat 5: Ale4o (big blind) folded before Flop


PokerStars Hand #169752744594:  Hold'em Limit ($3/$6 USD) - 2017/04/30 6:02:00 ET
Table 'Janacek' 6-max Seat #5 is the button
Seat 3: neknek165 ($190.70 in chips)
Seat 5: Ale4o ($115.10 in chips)
Ale4o: posts small blind $1
neknek165: posts big blind $3
*** HOLE CARDS ***
Ale4o: raises $3 to $6
neknek165: folds
Uncalled bet ($3) returned to Ale4o
Ale4o collected $6 from pot
Ale4o: doesn't show hand
*** SUMMARY ***
Total pot $6 | Rake $0
Seat 3: neknek165 (big blind) folded before Flop
Seat 5: Ale4o (button) (small blind) collected ($6)


PokerStars Hand #169752751002:  Hold'em Limit ($3/$6 USD) - 2017/04/30 6:02:15 ET
Table 'Janacek' 6-max Seat #5 is the button
Seat 3: neknek165 ($190.70 in chips)
Seat 5: Ale4o ($115.10 in chips)
Ale4o: posts small blind $1
neknek165: posts big blind $3
*** HOLE CARDS ***
Ale4o: raises $3 to $6
neknek165: raises $3 to $9
Ale4o: calls $3
*** FLOP *** [7d Ad Jc]
neknek165: bets $3
Ale4o: calls $3
*** TURN *** [7d Ad Jc] [3d]
neknek165: bets $6
Ale4o: calls $6
*** RIVER *** [7d Ad Jc 3d] [7s]
neknek165: checks
Ale4o: bets $6
neknek165: calls $6
*** SHOW DOWN ***
Ale4o: shows [Ah 6s] (two pair, Aces and Sevens)
neknek165: mucks hand
Ale4o collected $47.50 from pot
*** SUMMARY ***
Total pot $48 | Rake $0.50
Board [7d Ad Jc 3d 7s]
Seat 3: neknek165 (big blind) mucked
Seat 5: Ale4o (button) (small blind) showed [Ah 6s] and won ($47.50) with two pair, Aces and Sevens


PokerStars Hand #169752760441:  Hold'em Limit ($3/$6 USD) - 2017/04/30 6:02:36 ET
Table 'Janacek' 6-max Seat #3 is the button
Seat 3: neknek165 ($166.70 in chips)
Seat 5: Ale4o ($138.60 in chips)
neknek165: posts small blind $1
Ale4o: posts big blind $3
*** HOLE CARDS ***
neknek165: folds
Uncalled bet ($2) returned to Ale4o
Ale4o collected $2 from pot
Ale4o: doesn't show hand
*** SUMMARY ***
Total pot $2 | Rake $0
Seat 3: neknek165 (button) (small blind) folded before Flop
Seat 5: Ale4o (big blind) collected ($2)


PokerStars Hand #169752762972:  Hold'em Limit ($3/$6 USD) - 2017/04/30 6:02:43 ET
Table 'Janacek' 6-max Seat #5 is the button
Seat 3: neknek165 ($165.70 in chips)
Seat 5: Ale4o ($139.60 in chips)
Ale4o: posts small blind $1
neknek165: posts big blind $3
*** HOLE CARDS ***
Ale4o: folds
Uncalled bet ($2) returned to neknek165
skanQ leaves the table
neknek165 collected $2 from pot
neknek165: doesn't show hand
*** SUMMARY ***
Total pot $2 | Rake $0
Seat 3: neknek165 (big blind) collected ($2)
Seat 5: Ale4o (button) (small blind) folded before Flop


