PokerStars Hand #157798119127:  Hold'em Limit ($3/$6 USD) - 2016/08/27 7:50:07 ET
Table 'Janacek' 6-max Seat #6 is the button
Seat 3: simper11 ($128.76 in chips)
Seat 6: libaikang ($128 in chips)
Agrotait: is sitting out
libaikang: posts small blind $1
simper11: posts big blind $3
*** HOLE CARDS ***
libaikang: raises $3 to $6
simper11: calls $3
*** FLOP *** [9d 4d 7h]
simper11: checks
libaikang: bets $3
simper11: raises $3 to $6
libaikang: raises $3 to $9
simper11: calls $3
*** TURN *** [9d 4d 7h] [5h]
simper11: checks
libaikang: bets $6
simper11: raises $6 to $12
libaikang: raises $6 to $18
simper11: calls $6
*** RIVER *** [9d 4d 7h 5h] [2h]
simper11: checks
libaikang: bets $6
simper11: calls $6
*** SHOW DOWN ***
libaikang: shows [7c 9h] (two pair, Nines and Sevens)
simper11: mucks hand
libaikang collected $77.50 from pot
*** SUMMARY ***
Total pot $78 | Rake $0.50
Board [9d 4d 7h 5h 2h]
Seat 3: simper11 (big blind) mucked
Seat 6: libaikang (button) (small blind) showed [7c 9h] and won ($77.50) with two pair, Nines and Sevens


PokerStars Hand #157798111950:  Hold'em Limit ($3/$6 USD) - 2016/08/27 7:49:51 ET
Table 'Janacek' 6-max Seat #3 is the button
Seat 3: simper11 ($125.76 in chips)
Seat 6: libaikang ($131 in chips)
simper11: posts small blind $1
libaikang: posts big blind $3
*** HOLE CARDS ***
simper11: raises $3 to $6
libaikang: folds
Uncalled bet ($3) returned to simper11
simper11 collected $6 from pot
simper11: doesn't show hand
*** SUMMARY ***
Total pot $6 | Rake $0
Seat 3: simper11 (button) (small blind) collected ($6)
Seat 6: libaikang (big blind) folded before Flop


PokerStars Hand #157798100145:  Hold'em Limit ($3/$6 USD) - 2016/08/27 7:49:25 ET
Table 'Janacek' 6-max Seat #6 is the button
Seat 3: simper11 ($120 in chips)
Seat 6: libaikang ($137 in chips)
libaikang: posts small blind $1
Agrotait joins the table at seat #1
simper11: posts big blind $3
*** HOLE CARDS ***
libaikang: raises $3 to $6
simper11: calls $3
*** FLOP *** [9d 7d Th]
simper11: checks
libaikang: checks
*** TURN *** [9d 7d Th] [5h]
simper11: checks
libaikang: checks
*** RIVER *** [9d 7d Th 5h] [Ks]
simper11: checks
libaikang: checks
*** SHOW DOWN ***
simper11: shows [3s 3d] (a pair of Threes)
libaikang: mucks hand
simper11 collected $11.76 from pot
*** SUMMARY ***
Total pot $12 | Rake $0.24
Board [9d 7d Th 5h Ks]
Seat 3: simper11 (big blind) showed [3s 3d] and won ($11.76) with a pair of Threes
Seat 6: libaikang (button) (small blind) mucked


PokerStars Hand #157798150294:  Hold'em Limit ($3/$6 USD) - 2016/08/27 7:51:18 ET
Table 'Janacek' 6-max Seat #1 is the button
Seat 1: Agrotait ($63 in chips)
Seat 3: simper11 ($129.43 in chips)
Agrotait: posts small blind $1
simper11: posts big blind $3
*** HOLE CARDS ***
Agrotait: raises $3 to $6
simper11: calls $3
*** FLOP *** [6h Kc 7c]
simper11: checks
Agrotait: bets $3
simper11: raises $3 to $6
Agrotait: calls $3
*** TURN *** [6h Kc 7c] [2s]
simper11: bets $6
Agrotait: folds
Uncalled bet ($6) returned to simper11
simper11 collected $23.52 from pot
simper11: doesn't show hand
*** SUMMARY ***
Total pot $24 | Rake $0.48
Board [6h Kc 7c 2s]
Seat 1: Agrotait (button) (small blind) folded on the Turn
Seat 3: simper11 (big blind) collected ($23.52)


PokerStars Hand #157798129865:  Hold'em Limit ($3/$6 USD) - 2016/08/27 7:50:32 ET
Table 'Janacek' 6-max Seat #3 is the button
Seat 3: simper11 ($120 in chips)
Seat 6: libaikang ($166.50 in chips)
simper11: posts small blind $1
libaikang: posts big blind $3
*** HOLE CARDS ***
simper11: raises $3 to $6
libaikang: calls $3
*** FLOP *** [2c Jd 7s]
libaikang: checks
simper11: bets $3
libaikang: calls $3
*** TURN *** [2c Jd 7s] [6h]
libaikang: checks
simper11: bets $6
libaikang: raises $6 to $12
simper11: folds
Uncalled bet ($6) returned to libaikang
libaikang collected $29.50 from pot
libaikang: doesn't show hand
*** SUMMARY ***
Total pot $30 | Rake $0.50
Board [2c Jd 7s 6h]
Seat 3: simper11 (button) (small blind) folded on the Turn
Seat 6: libaikang (big blind) collected ($29.50)


PokerStars Hand #157798182844:  Hold'em Limit ($3/$6 USD) - 2016/08/27 7:52:31 ET
Table 'Janacek' 6-max Seat #3 is the button
Seat 1: Agrotait ($63 in chips)
Seat 3: simper11 ($164.09 in chips)
simper11: posts small blind $1
Agrotait: posts big blind $3
*** HOLE CARDS ***
simper11: raises $3 to $6
Agrotait: raises $3 to $9
simper11: calls $3
*** FLOP *** [8d 5s Td]
Agrotait: bets $3
simper11: calls $3
*** TURN *** [8d 5s Td] [3c]
Agrotait: bets $6
simper11: folds
Uncalled bet ($6) returned to Agrotait
Agrotait collected $23.52 from pot
Agrotait: doesn't show hand
*** SUMMARY ***
Total pot $24 | Rake $0.48
Board [8d 5s Td 3c]
Seat 1: Agrotait (big blind) collected ($23.52)
Seat 3: simper11 (button) (small blind) folded on the Turn


PokerStars Hand #157798177803:  Hold'em Limit ($3/$6 USD) - 2016/08/27 7:52:20 ET
Table 'Janacek' 6-max Seat #1 is the button
Seat 1: Agrotait ($72 in chips)
Seat 3: simper11 ($155.45 in chips)
Agrotait: posts small blind $1
simper11: posts big blind $3
*** HOLE CARDS ***
Agrotait: raises $3 to $6
simper11: calls $3
*** FLOP *** [Ac 8h Kc]
simper11: checks
Agrotait: bets $3
simper11: raises $3 to $6
Agrotait: folds
Uncalled bet ($3) returned to simper11
simper11 collected $17.64 from pot
simper11: doesn't show hand
*** SUMMARY ***
Total pot $18 | Rake $0.36
Board [Ac 8h Kc]
Seat 1: Agrotait (button) (small blind) folded on the Flop
Seat 3: simper11 (big blind) collected ($17.64)


PokerStars Hand #157798164217:  Hold'em Limit ($3/$6 USD) - 2016/08/27 7:51:49 ET
Table 'Janacek' 6-max Seat #3 is the button
Seat 1: Agrotait ($72 in chips)
Seat 3: simper11 ($140.95 in chips)
simper11 said, "ebaniy pes"
simper11: posts small blind $1
Agrotait: posts big blind $3
*** HOLE CARDS ***
simper11: raises $3 to $6
Agrotait: calls $3
*** FLOP *** [As 8c 3s]
Agrotait: checks
simper11: bets $3
Agrotait: calls $3
*** TURN *** [As 8c 3s] [7d]
Agrotait: checks
simper11: bets $6
Agrotait: calls $6
*** RIVER *** [As 8c 3s 7d] [6s]
Agrotait: checks
simper11: bets $6
Agrotait: folds
Uncalled bet ($6) returned to simper11
simper11 collected $29.50 from pot
simper11: doesn't show hand
*** SUMMARY ***
Total pot $30 | Rake $0.50
Board [As 8c 3s 7d 6s]
Seat 1: Agrotait (big blind) folded on the River
Seat 3: simper11 (button) (small blind) collected ($29.50)


PokerStars Hand #157798203624:  Hold'em Limit ($3/$6 USD) - 2016/08/27 7:53:18 ET
Table 'Janacek' 6-max Seat #3 is the button
Seat 1: Agrotait ($72 in chips)
Seat 3: simper11 ($169.59 in chips)
simper11: posts small blind $1
Agrotait: posts big blind $3
*** HOLE CARDS ***
simper11: raises $3 to $6
libaikang said, "ha"
Agrotait: folds
Uncalled bet ($3) returned to simper11
simper11 collected $6 from pot
simper11: doesn't show hand
*** SUMMARY ***
Total pot $6 | Rake $0
Seat 1: Agrotait (big blind) folded before Flop
Seat 3: simper11 (button) (small blind) collected ($6)


PokerStars Hand #157798189063:  Hold'em Limit ($3/$6 USD) - 2016/08/27 7:52:45 ET
Table 'Janacek' 6-max Seat #1 is the button
Seat 1: Agrotait ($74.52 in chips)
Seat 3: simper11 ($152.09 in chips)
Agrotait: posts small blind $1
simper11: posts big blind $3
*** HOLE CARDS ***
Agrotait: raises $3 to $6
simper11: calls $3
*** FLOP *** [Qd 3c 6c]
simper11: checks
Agrotait: bets $3
simper11: raises $3 to $6
Agrotait: calls $3
*** TURN *** [Qd 3c 6c] [Kc]
simper11: bets $6
Agrotait: calls $6
*** RIVER *** [Qd 3c 6c Kc] [9s]
simper11: checks
Agrotait: checks
*** SHOW DOWN ***
simper11: shows [6d 2d] (a pair of Sixes)
Agrotait: mucks hand
simper11 collected $35.50 from pot
*** SUMMARY ***
Total pot $36 | Rake $0.50
Board [Qd 3c 6c Kc 9s]
Seat 1: Agrotait (button) (small blind) mucked
Seat 3: simper11 (big blind) showed [6d 2d] and won ($35.50) with a pair of Sixes


PokerStars Hand #157798228684:  Hold'em Limit ($3/$6 USD) - 2016/08/27 7:54:15 ET
Table 'Janacek' 6-max Seat #3 is the button
Seat 1: Agrotait ($83.50 in chips)
Seat 3: simper11 ($157.59 in chips)
simper11: posts small blind $1
Agrotait: posts big blind $3
*** HOLE CARDS ***
simper11: raises $3 to $6
Agrotait: calls $3
*** FLOP *** [9c 2s 7c]
Agrotait: checks
simper11: bets $3
Agrotait: calls $3
*** TURN *** [9c 2s 7c] [Js]
Agrotait: checks
simper11: bets $6
Agrotait: calls $6
*** RIVER *** [9c 2s 7c Js] [3c]
Agrotait: bets $6
simper11: calls $6
*** SHOW DOWN ***
Agrotait: shows [4c Qc] (a flush, Queen high)
simper11: mucks hand
Agrotait collected $41.50 from pot
*** SUMMARY ***
Total pot $42 | Rake $0.50
Board [9c 2s 7c Js 3c]
Seat 1: Agrotait (big blind) showed [4c Qc] and won ($41.50) with a flush, Queen high
Seat 3: simper11 (button) (small blind) mucked


PokerStars Hand #157798208728:  Hold'em Limit ($3/$6 USD) - 2016/08/27 7:53:30 ET
Table 'Janacek' 6-max Seat #1 is the button
Seat 1: Agrotait ($69 in chips)
Seat 3: simper11 ($172.59 in chips)
Agrotait: posts small blind $1
simper11: posts big blind $3
*** HOLE CARDS ***
Agrotait: raises $3 to $6
simper11: calls $3
*** FLOP *** [3s Qs 2h]
simper11: checks
Agrotait: bets $3
simper11: calls $3
*** TURN *** [3s Qs 2h] [Ac]
simper11: checks
Agrotait: bets $6
simper11: calls $6
*** RIVER *** [3s Qs 2h Ac] [9s]
simper11: checks
Agrotait: checks
*** SHOW DOWN ***
simper11: shows [Tc Ks] (high card Ace)
Agrotait: shows [9c 4s] (a pair of Nines)
Agrotait collected $29.50 from pot
*** SUMMARY ***
Total pot $30 | Rake $0.50
Board [3s Qs 2h Ac 9s]
Seat 1: Agrotait (button) (small blind) showed [9c 4s] and won ($29.50) with a pair of Nines
Seat 3: simper11 (big blind) showed [Tc Ks] and lost with high card Ace


PokerStars Hand #157798252746:  Hold'em Limit ($3/$6 USD) - 2016/08/27 7:55:09 ET
Table 'Janacek' 6-max Seat #3 is the button
Seat 1: Agrotait ($95 in chips)
Seat 3: simper11 ($145.23 in chips)
simper11: posts small blind $1
Agrotait: posts big blind $3
*** HOLE CARDS ***
simper11: raises $3 to $6
Agrotait: raises $3 to $9
simper11: calls $3
*** FLOP *** [Kh 2s 7s]
Agrotait: bets $3
simper11: calls $3
*** TURN *** [Kh 2s 7s] [Jd]
Agrotait: bets $6
simper11: folds
Uncalled bet ($6) returned to Agrotait
Agrotait collected $23.52 from pot
Agrotait: doesn't show hand
*** SUMMARY ***
Total pot $24 | Rake $0.48
Board [Kh 2s 7s Jd]
Seat 1: Agrotait (big blind) collected ($23.52)
Seat 3: simper11 (button) (small blind) folded on the Turn


PokerStars Hand #157798237859:  Hold'em Limit ($3/$6 USD) - 2016/08/27 7:54:36 ET
Table 'Janacek' 6-max Seat #1 is the button
Seat 1: Agrotait ($104 in chips)
Seat 3: simper11 ($136.59 in chips)
Agrotait: posts small blind $1
simper11: posts big blind $3
*** HOLE CARDS ***
Agrotait: raises $3 to $6
simper11: calls $3
*** FLOP *** [Js Th Jd]
simper11: checks
Agrotait: bets $3
simper11: calls $3
*** TURN *** [Js Th Jd] [6s]
simper11: checks
Agrotait: checks
*** RIVER *** [Js Th Jd 6s] [9h]
simper11: bets $6
Agrotait: folds
Uncalled bet ($6) returned to simper11
simper11 collected $17.64 from pot
simper11: doesn't show hand
*** SUMMARY ***
Total pot $18 | Rake $0.36
Board [Js Th Jd 6s 9h]
Seat 1: Agrotait (button) (small blind) folded on the River
Seat 3: simper11 (big blind) collected ($17.64)


PokerStars Hand #157798277180:  Hold'em Limit ($3/$6 USD) - 2016/08/27 7:56:11 ET
Table 'Janacek' 6-max Seat #1 is the button
Seat 1: Agrotait ($121.02 in chips)
Seat 3: simper11 ($120 in chips)
Agrotait: posts small blind $1
simper11: posts big blind $3
*** HOLE CARDS ***
Agrotait: folds
Uncalled bet ($2) returned to simper11
simper11 collected $2 from pot
simper11: doesn't show hand
*** SUMMARY ***
Total pot $2 | Rake $0
Seat 1: Agrotait (button) (small blind) folded before Flop
Seat 3: simper11 (big blind) collected ($2)


PokerStars Hand #157798269094:  Hold'em Limit ($3/$6 USD) - 2016/08/27 7:55:50 ET
Table 'Janacek' 6-max Seat #3 is the button
Seat 1: Agrotait ($97.52 in chips)
Seat 3: simper11 ($141.87 in chips)
simper11: posts small blind $1
Agrotait: posts big blind $3
*** HOLE CARDS ***
simper11: raises $3 to $6
Agrotait: calls $3
*** FLOP *** [4d 8d 3d]
Agrotait: checks
simper11: bets $3
Agrotait: raises $3 to $6
simper11: calls $3
*** TURN *** [4d 8d 3d] [Td]
Agrotait: bets $6
simper11: raises $6 to $12
Agrotait: calls $6
*** RIVER *** [4d 8d 3d Td] [7h]
Agrotait: checks
simper11: checks
*** SHOW DOWN ***
Agrotait: shows [8c Th] (two pair, Tens and Eights)
simper11: mucks hand
libaikang said, "ha"
Agrotait collected $47.50 from pot
*** SUMMARY ***
Total pot $48 | Rake $0.50
Board [4d 8d 3d Td 7h]
Seat 1: Agrotait (big blind) showed [8c Th] and won ($47.50) with two pair, Tens and Eights
Seat 3: simper11 (button) (small blind) mucked


PokerStars Hand #157798258896:  Hold'em Limit ($3/$6 USD) - 2016/08/27 7:55:24 ET
Table 'Janacek' 6-max Seat #1 is the button
Seat 1: Agrotait ($106.52 in chips)
Seat 3: simper11 ($133.23 in chips)
Agrotait: posts small blind $1
simper11: posts big blind $3
*** HOLE CARDS ***
Agrotait: raises $3 to $6
simper11: calls $3
*** FLOP *** [As Qd 3h]
simper11: checks
Agrotait: bets $3
simper11: raises $3 to $6
Agrotait: folds
Uncalled bet ($3) returned to simper11
simper11 collected $17.64 from pot
simper11: doesn't show hand
*** SUMMARY ***
Total pot $18 | Rake $0.36
Board [As Qd 3h]
Seat 1: Agrotait (button) (small blind) folded on the Flop
Seat 3: simper11 (big blind) collected ($17.64)


PokerStars Hand #157798306196:  Hold'em Limit ($3/$6 USD) - 2016/08/27 7:57:24 ET
Table 'Janacek' 6-max Seat #1 is the button
Seat 1: Agrotait ($124.30 in chips)
Seat 3: simper11 ($123.64 in chips)
Agrotait: posts small blind $1
simper11: posts big blind $3
*** HOLE CARDS ***
Agrotait: raises $3 to $6
simper11: calls $3
*** FLOP *** [8s 7c Jc]
simper11: checks
Agrotait: checks
*** TURN *** [8s 7c Jc] [3h]
simper11: bets $6
Agrotait: calls $6
*** RIVER *** [8s 7c Jc 3h] [7h]
simper11: bets $6
Agrotait: calls $6
*** SHOW DOWN ***
simper11: shows [6h 9d] (a pair of Sevens)
Agrotait: shows [Ah 5c] (a pair of Sevens - Ace kicker)
Agrotait collected $35.50 from pot
*** SUMMARY ***
Total pot $36 | Rake $0.50
Board [8s 7c Jc 3h 7h]
Seat 1: Agrotait (button) (small blind) showed [Ah 5c] and won ($35.50) with a pair of Sevens
Seat 3: simper11 (big blind) showed [6h 9d] and lost with a pair of Sevens


PokerStars Hand #157798301762:  Hold'em Limit ($3/$6 USD) - 2016/08/27 7:57:14 ET
Table 'Janacek' 6-max Seat #3 is the button
Seat 1: Agrotait ($115.66 in chips)
Seat 3: simper11 ($132.64 in chips)
simper11: posts small blind $1
Agrotait: posts big blind $3
*** HOLE CARDS ***
simper11: raises $3 to $6
Agrotait: raises $3 to $9
simper11: calls $3
*** FLOP *** [8s As 6c]
Agrotait: bets $3
simper11: folds
Uncalled bet ($3) returned to Agrotait
Agrotait collected $17.64 from pot
Agrotait: doesn't show hand
*** SUMMARY ***
Total pot $18 | Rake $0.36
Board [8s As 6c]
Seat 1: Agrotait (big blind) collected ($17.64)
Seat 3: simper11 (button) (small blind) folded on the Flop


PokerStars Hand #157798297127:  Hold'em Limit ($3/$6 USD) - 2016/08/27 7:57:02 ET
Table 'Janacek' 6-max Seat #1 is the button
Seat 1: Agrotait ($124.66 in chips)
Seat 3: simper11 ($124 in chips)
Agrotait: posts small blind $1
simper11: posts big blind $3
*** HOLE CARDS ***
Agrotait: raises $3 to $6
simper11: raises $3 to $9
Agrotait: calls $3
*** FLOP *** [Td Jd 4d]
simper11: bets $3
Agrotait: folds
Uncalled bet ($3) returned to simper11
simper11 collected $17.64 from pot
simper11: doesn't show hand
*** SUMMARY ***
Total pot $18 | Rake $0.36
Board [Td Jd 4d]
Seat 1: Agrotait (button) (small blind) folded on the Flop
Seat 3: simper11 (big blind) collected ($17.64)


PokerStars Hand #157798294706:  Hold'em Limit ($3/$6 USD) - 2016/08/27 7:56:56 ET
Table 'Janacek' 6-max Seat #3 is the button
Seat 1: Agrotait ($127.66 in chips)
Seat 3: simper11 ($121 in chips)
simper11: posts small blind $1
Agrotait: posts big blind $3
*** HOLE CARDS ***
simper11: raises $3 to $6
Agrotait: folds
Uncalled bet ($3) returned to simper11
simper11 collected $6 from pot
simper11: doesn't show hand
*** SUMMARY ***
Total pot $6 | Rake $0
Seat 1: Agrotait (big blind) folded before Flop
Seat 3: simper11 (button) (small blind) collected ($6)


PokerStars Hand #157798292403:  Hold'em Limit ($3/$6 USD) - 2016/08/27 7:56:50 ET
Table 'Janacek' 6-max Seat #1 is the button
Seat 1: Agrotait ($128.66 in chips)
Seat 3: simper11 ($120 in chips)
Agrotait: posts small blind $1
simper11: posts big blind $3
*** HOLE CARDS ***
Agrotait: folds
Uncalled bet ($2) returned to simper11
simper11 collected $2 from pot
simper11: doesn't show hand
*** SUMMARY ***
Total pot $2 | Rake $0
Seat 1: Agrotait (button) (small blind) folded before Flop
Seat 3: simper11 (big blind) collected ($2)


PokerStars Hand #157798286828:  Hold'em Limit ($3/$6 USD) - 2016/08/27 7:56:36 ET
Table 'Janacek' 6-max Seat #3 is the button
Seat 1: Agrotait ($120.02 in chips)
Seat 3: simper11 ($121 in chips)
simper11: posts small blind $1
Agrotait: posts big blind $3
*** HOLE CARDS ***
simper11: raises $3 to $6
Agrotait: raises $3 to $9
simper11: calls $3
*** FLOP *** [2d Ts Qs]
Agrotait: bets $3
simper11: folds
Uncalled bet ($3) returned to Agrotait
Agrotait collected $17.64 from pot
Agrotait: doesn't show hand
*** SUMMARY ***
Total pot $18 | Rake $0.36
Board [2d Ts Qs]
Seat 1: Agrotait (big blind) collected ($17.64)
Seat 3: simper11 (button) (small blind) folded on the Flop


PokerStars Hand #157798322233:  Hold'em Limit ($3/$6 USD) - 2016/08/27 7:58:04 ET
Table 'Janacek' 6-max Seat #3 is the button
Seat 3: simper11 ($121 in chips)
Seat 6: libaikang ($193.10 in chips)
simper11: posts small blind $1
libaikang: posts big blind $3
*** HOLE CARDS ***
simper11: raises $3 to $6
libaikang: calls $3
*** FLOP *** [Th Jd 3s]
libaikang: checks
simper11: bets $3
libaikang: raises $3 to $6
simper11: calls $3
*** TURN *** [Th Jd 3s] [Kd]
libaikang: bets $6
simper11: raises $6 to $12
libaikang: calls $6
*** RIVER *** [Th Jd 3s Kd] [7d]
libaikang: checks
simper11: bets $6
libaikang: calls $6
*** SHOW DOWN ***
simper11: shows [Kc 4h] (a pair of Kings)
libaikang: mucks hand
simper11 collected $59.50 from pot
*** SUMMARY ***
Total pot $60 | Rake $0.50
Board [Th Jd 3s Kd 7d]
Seat 3: simper11 (button) (small blind) showed [Kc 4h] and won ($59.50) with a pair of Kings
Seat 6: libaikang (big blind) mucked


PokerStars Hand #157798319646:  Hold'em Limit ($3/$6 USD) - 2016/08/27 7:57:58 ET
Table 'Janacek' 6-max Seat #6 is the button
Seat 3: simper11 ($120 in chips)
Seat 6: libaikang ($194.10 in chips)
libaikang: posts small blind $1
Agrotait: is sitting out
simper11: posts big blind $3
*** HOLE CARDS ***
libaikang: folds
Uncalled bet ($2) returned to simper11
simper11 collected $2 from pot
simper11: doesn't show hand
*** SUMMARY ***
Total pot $2 | Rake $0
Seat 3: simper11 (big blind) collected ($2)
Seat 6: libaikang (button) (small blind) folded before Flop


PokerStars Hand #157798356369:  Hold'em Limit ($3/$6 USD) - 2016/08/27 7:59:30 ET
Table 'Janacek' 6-max Seat #3 is the button
Seat 1: Agrotait ($140.80 in chips)
Seat 3: simper11 ($135.14 in chips)
simper11: posts small blind $1
Agrotait: posts big blind $3
*** HOLE CARDS ***
simper11: folds
Uncalled bet ($2) returned to Agrotait
Agrotait collected $2 from pot
Agrotait: doesn't show hand
*** SUMMARY ***
Total pot $2 | Rake $0
Seat 1: Agrotait (big blind) collected ($2)
Seat 3: simper11 (button) (small blind) folded before Flop


PokerStars Hand #157798358320:  Hold'em Limit ($3/$6 USD) - 2016/08/27 7:59:34 ET
Table 'Janacek' 6-max Seat #1 is the button
Seat 1: Agrotait ($141.80 in chips)
Seat 3: simper11 ($134.14 in chips)
Agrotait: posts small blind $1
simper11: posts big blind $3
*** HOLE CARDS ***
simper11 said, "hey"
Agrotait: raises $3 to $6
simper11 said, "china"
simper11: calls $3
*** FLOP *** [3d 7s 3c]
simper11: checks
libaikang said, "ohq"
libaikang said, "oh"
simper11 said, "go play hu tables"
Agrotait: checks
*** TURN *** [3d 7s 3c] [7h]
simper11: bets $6
Agrotait: calls $6
*** RIVER *** [3d 7s 3c 7h] [Js]
simper11 said, "find me"
simper11: bets $6
Agrotait: calls $6
*** SHOW DOWN ***
simper11: shows [Ad 8s] (two pair, Sevens and Threes)
Agrotait: mucks hand
simper11 collected $35.50 from pot
*** SUMMARY ***
Total pot $36 | Rake $0.50
Board [3d 7s 3c 7h Js]
Seat 1: Agrotait (button) (small blind) mucked
Seat 3: simper11 (big blind) showed [Ad 8s] and won ($35.50) with two pair, Sevens and Threes


PokerStars Hand #157798394406:  Hold'em Limit ($3/$6 USD) - 2016/08/27 8:01:02 ET
Table 'Janacek' 6-max Seat #1 is the button
Seat 1: Agrotait ($105.80 in chips)
Seat 3: simper11 ($169.14 in chips)
Agrotait: posts small blind $1
simper11: posts big blind $3
*** HOLE CARDS ***
Agrotait: raises $3 to $6
simper11: folds
Uncalled bet ($3) returned to Agrotait
Agrotait collected $6 from pot
Agrotait: doesn't show hand
*** SUMMARY ***
Total pot $6 | Rake $0
Seat 1: Agrotait (button) (small blind) collected ($6)
Seat 3: simper11 (big blind) folded before Flop


PokerStars Hand #157798384474:  Hold'em Limit ($3/$6 USD) - 2016/08/27 8:00:39 ET
Table 'Janacek' 6-max Seat #3 is the button
Seat 1: Agrotait ($123.80 in chips)
Seat 3: simper11 ($151.64 in chips)
simper11: posts small blind $1
Agrotait: posts big blind $3
*** HOLE CARDS ***
simper11: raises $3 to $6
Agrotait: calls $3
*** FLOP *** [3d As Td]
Agrotait: checks
simper11: bets $3
Agrotait: raises $3 to $6
simper11: calls $3
*** TURN *** [3d As Td] [7s]
Agrotait: bets $6
simper11: raises $6 to $12
Agrotait: folds
Uncalled bet ($6) returned to simper11
simper11 collected $35.50 from pot
simper11: doesn't show hand
*** SUMMARY ***
Total pot $36 | Rake $0.50
Board [3d As Td 7s]
Seat 1: Agrotait (big blind) folded on the Turn
Seat 3: simper11 (button) (small blind) collected ($35.50)


PokerStars Hand #157798437328:  Hold'em Limit ($3/$6 USD) - 2016/08/27 8:02:29 ET
Table 'Janacek' 6-max Seat #1 is the button
Seat 1: Agrotait ($126.15 in chips)
Seat 3: simper11 ($130.14 in chips)
Agrotait: posts small blind $1
simper11: posts big blind $3
*** HOLE CARDS ***
Agrotait: raises $3 to $6
simper11: calls $3
*** FLOP *** [8h Js 5d]
HAL9QQQ leaves the table
simper11: checks
Agrotait: checks
*** TURN *** [8h Js 5d] [8s]
simper11: bets $6
Agrotait: calls $6
*** RIVER *** [8h Js 5d 8s] [Qd]
simper11: bets $6
Agrotait: calls $6
*** SHOW DOWN ***
simper11: shows [5c 4s] (two pair, Eights and Fives)
Agrotait: mucks hand
simper11 collected $35.50 from pot
*** SUMMARY ***
Total pot $36 | Rake $0.50
Board [8h Js 5d 8s Qd]
Seat 1: Agrotait (button) (small blind) mucked
Seat 3: simper11 (big blind) showed [5c 4s] and won ($35.50) with two pair, Eights and Fives


