PokerStars Hand #167288919897:  Hold'em Limit ($3/$6 USD) - 2017/03/08 8:23:36 ET
Table 'Janacek' 6-max Seat #2 is the button
Seat 1: Velbor107 ($299 in chips)
Seat 2: NAUTJE1337 ($49 in chips)
NAUTJE1337: posts small blind $1
Velbor107: posts big blind $3
*** HOLE CARDS ***
NAUTJE1337: raises $3 to $6
Velbor107: calls $3
*** FLOP *** [4c 2s 8c]
Velbor107: checks
NAUTJE1337: bets $3
Velbor107: calls $3
*** TURN *** [4c 2s 8c] [7d]
Velbor107: checks
NAUTJE1337: bets $6
Velbor107: calls $6
*** RIVER *** [4c 2s 8c 7d] [Kc]
Velbor107: checks
NAUTJE1337: bets $6
Velbor107: calls $6
*** SHOW DOWN ***
NAUTJE1337: shows [5d 3d] (high card King)
Velbor107: shows [7c 9d] (a pair of Sevens)
Velbor107 collected $41.50 from pot
*** SUMMARY ***
Total pot $42 | Rake $0.50
Board [4c 2s 8c 7d Kc]
Seat 1: Velbor107 (big blind) showed [7c 9d] and won ($41.50) with a pair of Sevens
Seat 2: NAUTJE1337 (button) (small blind) showed [5d 3d] and lost with high card King


PokerStars Hand #167288932274:  Hold'em Limit ($3/$6 USD) - 2017/03/08 8:24:00 ET
Table 'Janacek' 6-max Seat #1 is the button
Seat 1: Velbor107 ($319.50 in chips)
Seat 2: NAUTJE1337 ($28 in chips)
Velbor107: posts small blind $1
NAUTJE1337: posts big blind $3
*** HOLE CARDS ***
Velbor107: raises $3 to $6
NAUTJE1337: calls $3
*** FLOP *** [Ac 4d 7s]
NAUTJE1337: bets $3
B_loJkl joins the table at seat #3
Velbor107: calls $3
*** TURN *** [Ac 4d 7s] [2c]
NAUTJE1337: bets $6
Velbor107: raises $6 to $12
NAUTJE1337: calls $6
*** RIVER *** [Ac 4d 7s 2c] [9d]
NAUTJE1337: checks
Velbor107: bets $6
NAUTJE1337: calls $6
*** SHOW DOWN ***
Velbor107: shows [2h Ah] (two pair, Aces and Deuces)
NAUTJE1337: mucks hand
Velbor107 collected $53.50 from pot
*** SUMMARY ***
Total pot $54 | Rake $0.50
Board [Ac 4d 7s 2c 9d]
Seat 1: Velbor107 (button) (small blind) showed [2h Ah] and won ($53.50) with two pair, Aces and Deuces
Seat 2: NAUTJE1337 (big blind) mucked


PokerStars Hand #167289001994:  Hold'em Limit ($3/$6 USD) - 2017/03/08 8:26:06 ET
Table 'Janacek' 6-max Seat #1 is the button
Seat 1: Velbor107 ($340 in chips)
Seat 3: B_loJkl ($195.60 in chips)
Velbor107: posts small blind $1
B_loJkl: posts big blind $3
*** HOLE CARDS ***
Velbor107: raises $3 to $6
B_loJkl: calls $3
*** FLOP *** [Tc 3c Ad]
B_loJkl: checks
Velbor107: bets $3
B_loJkl: folds
Uncalled bet ($3) returned to Velbor107
Velbor107 collected $11.76 from pot
*** SUMMARY ***
Total pot $12 | Rake $0.24
Board [Tc 3c Ad]
Seat 1: Velbor107 (button) (small blind) collected ($11.76)
Seat 3: B_loJkl (big blind) folded on the Flop


PokerStars Hand #167288994886:  Hold'em Limit ($3/$6 USD) - 2017/03/08 8:26:00 ET
Table 'Janacek' 6-max Seat #3 is the button
Seat 1: Velbor107 ($339 in chips)
Seat 3: B_loJkl ($196.60 in chips)
B_loJkl: posts small blind $1
Velbor107: posts big blind $3
*** HOLE CARDS ***
B_loJkl: folds
Uncalled bet ($2) returned to Velbor107
Velbor107 collected $2 from pot
*** SUMMARY ***
Total pot $2 | Rake $0
Seat 1: Velbor107 (big blind) collected ($2)
Seat 3: B_loJkl (button) (small blind) folded before Flop


PokerStars Hand #167289296149:  Hold'em Limit ($3/$6 USD) - 2017/03/08 8:35:28 ET
Table 'Janacek' 6-max Seat #1 is the button
Seat 1: Velbor107 ($366.53 in chips)
Seat 3: B_loJkl ($59.96 in chips)
Velbor107: posts small blind $1
NAUTJE1337: is sitting out
B_loJkl: posts big blind $3
*** HOLE CARDS ***
NAUTJE1337 leaves the table
Velbor107: raises $3 to $6
B_loJkl: folds
Uncalled bet ($3) returned to Velbor107
Velbor107 collected $6 from pot
*** SUMMARY ***
Total pot $6 | Rake $0
Seat 1: Velbor107 (button) (small blind) collected ($6)
Seat 3: B_loJkl (big blind) folded before Flop


