PokerStars Hand #169858396226:  Hold'em Limit ($3/$6 USD) - 2017/05/02 12:42:27 ET
Table 'Janequeo' 6-max Seat #2 is the button
Seat 2: sloboda4 ($57.15 in chips)
Seat 3: vestimokrec ($120 in chips)
sloboda4: posts small blind $1
vestimokrec: posts big blind $3
*** HOLE CARDS ***
sloboda4: raises $3 to $6
vestimokrec: calls $3
*** FLOP *** [As 7s 9h]
vestimokrec: checks
sloboda4: bets $3
vestimokrec: calls $3
*** TURN *** [As 7s 9h] [3d]
vestimokrec: checks
sloboda4: bets $6
zxkz joins the table at seat #4
vestimokrec: calls $6
*** RIVER *** [As 7s 9h 3d] [4c]
vestimokrec: checks
sloboda4: bets $6
vestimokrec: folds
Uncalled bet ($6) returned to sloboda4
sloboda4 collected $29.50 from pot
*** SUMMARY ***
Total pot $30 | Rake $0.50
Board [As 7s 9h 3d 4c]
Seat 2: sloboda4 (button) (small blind) collected ($29.50)
Seat 3: vestimokrec (big blind) folded on the River


PokerStars Hand #169858955953:  Hold'em Limit ($3/$6 USD) - 2017/05/02 12:55:23 ET
Table 'Janequeo' 6-max Seat #3 is the button
Seat 3: Qvidde ($143.68 in chips)
Seat 6: Snapcall171 ($24.82 in chips)
Qvidde: posts small blind $1
Snapcall171: posts big blind $3
*** HOLE CARDS ***
parnishka11 leaves the table
Qvidde: folds
Uncalled bet ($2) returned to Snapcall171
Snapcall171 collected $2 from pot
Snapcall171: doesn't show hand
*** SUMMARY ***
Total pot $2 | Rake $0
Seat 3: Qvidde (button) (small blind) folded before Flop
Seat 6: Snapcall171 (big blind) collected ($2)


PokerStars Hand #169858962840:  Hold'em Limit ($3/$6 USD) - 2017/05/02 12:55:34 ET
Table 'Janequeo' 6-max Seat #6 is the button
Seat 3: Qvidde ($142.68 in chips)
Seat 6: Snapcall171 ($25.82 in chips)
Snapcall171: posts small blind $1
Qvidde: posts big blind $3
*** HOLE CARDS ***
Snapcall171: folds
Uncalled bet ($2) returned to Qvidde
Qvidde collected $2 from pot
Qvidde: doesn't show hand
*** SUMMARY ***
Total pot $2 | Rake $0
Seat 3: Qvidde (big blind) collected ($2)
Seat 6: Snapcall171 (button) (small blind) folded before Flop


