PokerStars Hand #153639529313:  Hold'em Limit ($3/$6 USD) - 2016/05/21 13:18:34 ET
Table 'Janequeo' 6-max Seat #1 is the button
Seat 1: Siwy56 ($108.50 in chips)
Seat 2: ZinZar ($80.64 in chips)
Siwy56: posts small blind $1
ZinZar: posts big blind $3
*** HOLE CARDS ***
Siwy56: raises $3 to $6
ZinZar: folds
Uncalled bet ($3) returned to Siwy56
Siwy56 collected $6 from pot
Siwy56: doesn't show hand
*** SUMMARY ***
Total pot $6 | Rake $0
Seat 1: Siwy56 (button) (small blind) collected ($6)
Seat 2: ZinZar (big blind) folded before Flop


PokerStars Hand #153639514564:  Hold'em Limit ($3/$6 USD) - 2016/05/21 13:18:15 ET
Table 'Janequeo' 6-max Seat #2 is the button
Seat 1: Siwy56 ($117.50 in chips)
Seat 2: ZinZar ($72 in chips)
ZinZar: posts small blind $1
Siwy56: posts big blind $3
*** HOLE CARDS ***
ZinZar: raises $3 to $6
Siwy56: calls $3
*** FLOP *** [2c 6h As]
Siwy56: checks
ZinZar: bets $3
Siwy56: calls $3
*** TURN *** [2c 6h As] [Td]
Siwy56: checks
ZinZar: bets $6
Siwy56: folds
Uncalled bet ($6) returned to ZinZar
ZinZar collected $17.64 from pot
ZinZar: doesn't show hand
*** SUMMARY ***
Total pot $18 | Rake $0.36
Board [2c 6h As Td]
Seat 1: Siwy56 (big blind) folded on the Turn
Seat 2: ZinZar (button) (small blind) collected ($17.64)


PokerStars Hand #153639493965:  Hold'em Limit ($3/$6 USD) - 2016/05/21 13:17:49 ET
Table 'Janequeo' 6-max Seat #1 is the button
Seat 1: Siwy56 ($100 in chips)
Seat 2: ZinZar ($72 in chips)
Siwy56: posts small blind $1
ZinZar: posts big blind $3
*** HOLE CARDS ***
vestimokrec joins the table at seat #3
Siwy56: raises $3 to $6
ZinZar: calls $3
*** FLOP *** [4c Tc Ah]
ZinZar: checks
Siwy56: checks
*** TURN *** [4c Tc Ah] [As]
ZinZar: checks
Siwy56: bets $6
ZinZar: calls $6
*** RIVER *** [4c Tc Ah As] [Ad]
ZinZar: checks
Siwy56: bets $6
ZinZar: calls $6
*** SHOW DOWN ***
Siwy56: shows [Ks Qs] (three of a kind, Aces)
ZinZar: mucks hand
Siwy56 collected $35.50 from pot
*** SUMMARY ***
Total pot $36 | Rake $0.50
Board [4c Tc Ah As Ad]
Seat 1: Siwy56 (button) (small blind) showed [Ks Qs] and won ($35.50) with three of a kind, Aces
Seat 2: ZinZar (big blind) mucked


PokerStars Hand #153639563343:  Hold'em Limit ($3/$6 USD) - 2016/05/21 13:19:17 ET
Table 'Janequeo' 6-max Seat #1 is the button
Seat 1: Siwy56 ($90.50 in chips)
Seat 2: ZinZar ($98.14 in chips)
Siwy56: posts small blind $1
ZinZar: posts big blind $3
*** HOLE CARDS ***
Siwy56: raises $3 to $6
ZinZar: calls $3
*** FLOP *** [6c 4c 4d]
ZinZar: checks
Siwy56: checks
*** TURN *** [6c 4c 4d] [2d]
BuzovaPro joins the table at seat #4
ZinZar: checks
Siwy56: bets $6
ZinZar: calls $6
*** RIVER *** [6c 4c 4d 2d] [8s]
ZinZar: checks
Siwy56: checks
*** SHOW DOWN ***
ZinZar: shows [3c Qs] (a pair of Fours)
Siwy56: shows [9d Qd] (a pair of Fours - Queen+Nine kicker)
Siwy56 collected $23.52 from pot
*** SUMMARY ***
Total pot $24 | Rake $0.48
Board [6c 4c 4d 2d 8s]
Seat 1: Siwy56 (button) (small blind) showed [9d Qd] and won ($23.52) with a pair of Fours
Seat 2: ZinZar (big blind) showed [3c Qs] and lost with a pair of Fours


PokerStars Hand #153639537034:  Hold'em Limit ($3/$6 USD) - 2016/05/21 13:18:44 ET
Table 'Janequeo' 6-max Seat #2 is the button
Seat 1: Siwy56 ($111.50 in chips)
Seat 2: ZinZar ($77.64 in chips)
ZinZar: posts small blind $1
Siwy56: posts big blind $3
*** HOLE CARDS ***
ZinZar: raises $3 to $6
Siwy56: calls $3
*** FLOP *** [Ac 2h 4h]
Siwy56: checks
ZinZar: bets $3
Siwy56: calls $3
*** TURN *** [Ac 2h 4h] [3s]
Siwy56: checks
awelli joins the table at seat #6
ZinZar: checks
*** RIVER *** [Ac 2h 4h 3s] [4s]
Siwy56: checks
ZinZar: bets $6
Siwy56: raises $6 to $12
ZinZar: calls $6
*** SHOW DOWN ***
Siwy56: shows [9s Kh] (a pair of Fours)
ZinZar: shows [6h Ad] (two pair, Aces and Fours)
ZinZar collected $41.50 from pot
*** SUMMARY ***
Total pot $42 | Rake $0.50
Board [Ac 2h 4h 3s 4s]
Seat 1: Siwy56 (big blind) showed [9s Kh] and lost with a pair of Fours
Seat 2: ZinZar (button) (small blind) showed [6h Ad] and won ($41.50) with two pair, Aces and Fours


PokerStars Hand #153641958462:  Hold'em Limit ($3/$6 USD) - 2016/05/21 14:12:19 ET
Table 'Janequeo' 6-max Seat #4 is the button
Seat 4: bluebird7551 ($129.25 in chips)
Seat 6: Velbor107 ($451.38 in chips)
bluebird7551: posts small blind $1
tranduc: is sitting out
Velbor107: posts big blind $3
*** HOLE CARDS ***
bluebird7551: raises $3 to $6
Velbor107: folds
Uncalled bet ($3) returned to bluebird7551
bluebird7551 collected $6 from pot
*** SUMMARY ***
Total pot $6 | Rake $0
Seat 4: bluebird7551 (button) (small blind) collected ($6)
Seat 6: Velbor107 (big blind) folded before Flop


PokerStars Hand #153641964419:  Hold'em Limit ($3/$6 USD) - 2016/05/21 14:12:26 ET
Table 'Janequeo' 6-max Seat #6 is the button
Seat 4: bluebird7551 ($132.25 in chips)
Seat 6: Velbor107 ($448.38 in chips)
Velbor107: posts small blind $1
bluebird7551: posts big blind $3
*** HOLE CARDS ***
tranduc leaves the table
Velbor107: raises $3 to $6
bluebird7551: calls $3
*** FLOP *** [3h 2s Ts]
ZinZar joins the table at seat #5
bluebird7551: checks
Velbor107: bets $3
bluebird7551: calls $3
*** TURN *** [3h 2s Ts] [Kh]
bluebird7551: checks
Velbor107: bets $6
bluebird7551: calls $6
*** RIVER *** [3h 2s Ts Kh] [Js]
bluebird7551: checks
Velbor107: bets $6
bluebird7551: folds
Uncalled bet ($6) returned to Velbor107
Velbor107 collected $29.50 from pot
*** SUMMARY ***
Total pot $30 | Rake $0.50
Board [3h 2s Ts Kh Js]
Seat 4: bluebird7551 (big blind) folded on the River
Seat 6: Velbor107 (button) (small blind) collected ($29.50)


PokerStars Hand #153642001584:  Hold'em Limit ($3/$6 USD) - 2016/05/21 14:13:14 ET
Table 'Janequeo' 6-max Seat #5 is the button
Seat 4: bluebird7551 ($122.89 in chips)
Seat 5: ZinZar ($72 in chips)
ZinZar: posts small blind $1
Velbor107: is sitting out
bluebird7551: posts big blind $3
*** HOLE CARDS ***
ZinZar: raises $3 to $6
Velbor107 leaves the table
bluebird7551: calls $3
*** FLOP *** [2c 2h Th]
bluebird7551: checks
ZinZar: bets $3
bluebird7551: calls $3
*** TURN *** [2c 2h Th] [4h]
bluebird7551: checks
ZinZar: bets $6
bluebird7551: raises $6 to $12
ZinZar: calls $6
*** RIVER *** [2c 2h Th 4h] [5c]
bluebird7551: bets $6
ZinZar: calls $6
*** SHOW DOWN ***
bluebird7551: shows [6s 6h] (two pair, Sixes and Deuces)
ZinZar: mucks hand
bluebird7551 collected $53.50 from pot
*** SUMMARY ***
Total pot $54 | Rake $0.50
Board [2c 2h Th 4h 5c]
Seat 4: bluebird7551 (big blind) showed [6s 6h] and won ($53.50) with two pair, Sixes and Deuces
Seat 5: ZinZar (button) (small blind) mucked


PokerStars Hand #153642070218:  Hold'em Limit ($3/$6 USD) - 2016/05/21 14:14:43 ET
Table 'Janequeo' 6-max Seat #5 is the button
Seat 4: bluebird7551 ($166.89 in chips)
Seat 5: ZinZar ($72 in chips)
ZinZar: posts small blind $1
bluebird7551: posts big blind $3
*** HOLE CARDS ***
ZinZar: raises $3 to $6
bluebird7551: folds
Uncalled bet ($3) returned to ZinZar
ZinZar collected $6 from pot
ZinZar: doesn't show hand
*** SUMMARY ***
Total pot $6 | Rake $0
Seat 4: bluebird7551 (big blind) folded before Flop
Seat 5: ZinZar (button) (small blind) collected ($6)


PokerStars Hand #153642044164:  Hold'em Limit ($3/$6 USD) - 2016/05/21 14:14:09 ET
Table 'Janequeo' 6-max Seat #4 is the button
Seat 4: bluebird7551 ($149.39 in chips)
Seat 5: ZinZar ($72 in chips)
bluebird7551: posts small blind $1
ZinZar: posts big blind $3
*** HOLE CARDS ***
bluebird7551: raises $3 to $6
ZinZar: calls $3
*** FLOP *** [7d 8h 9d]
ZinZar: checks
bluebird7551: bets $3
ZinZar: raises $3 to $6
bluebird7551: calls $3
*** TURN *** [7d 8h 9d] [5s]
ZinZar: checks
bluebird7551: bets $6
ZinZar: calls $6
*** RIVER *** [7d 8h 9d 5s] [Jd]
ZinZar: checks
bluebird7551: bets $6
ZinZar: folds
Uncalled bet ($6) returned to bluebird7551
bluebird7551 collected $35.50 from pot
*** SUMMARY ***
Total pot $36 | Rake $0.50
Board [7d 8h 9d 5s Jd]
Seat 4: bluebird7551 (button) (small blind) collected ($35.50)
Seat 5: ZinZar (big blind) folded on the River


PokerStars Hand #153642040350:  Hold'em Limit ($3/$6 USD) - 2016/05/21 14:14:05 ET
Table 'Janequeo' 6-max Seat #5 is the button
Seat 4: bluebird7551 ($148.39 in chips)
Seat 5: ZinZar ($73 in chips)
ZinZar: posts small blind $1
bluebird7551: posts big blind $3
*** HOLE CARDS ***
ZinZar: folds
Uncalled bet ($2) returned to bluebird7551
bluebird7551 collected $2 from pot
*** SUMMARY ***
Total pot $2 | Rake $0
Seat 4: bluebird7551 (big blind) collected ($2)
Seat 5: ZinZar (button) (small blind) folded before Flop


PokerStars Hand #153642035672:  Hold'em Limit ($3/$6 USD) - 2016/05/21 14:13:59 ET
Table 'Janequeo' 6-max Seat #4 is the button
Seat 4: bluebird7551 ($149.39 in chips)
Seat 5: ZinZar ($72 in chips)
bluebird7551: posts small blind $1
ZinZar: posts big blind $3
*** HOLE CARDS ***
bluebird7551: folds
Uncalled bet ($2) returned to ZinZar
ZinZar collected $2 from pot
ZinZar: doesn't show hand
*** SUMMARY ***
Total pot $2 | Rake $0
Seat 4: bluebird7551 (button) (small blind) folded before Flop
Seat 5: ZinZar (big blind) collected ($2)


PokerStars Hand #153642143767:  Hold'em Limit ($3/$6 USD) - 2016/05/21 14:16:18 ET
Table 'Janequeo' 6-max Seat #4 is the button
Seat 4: bluebird7551 ($169.15 in chips)
Seat 5: ZinZar ($84.50 in chips)
bluebird7551: posts small blind $1
ZinZar: posts big blind $3
*** HOLE CARDS ***
bluebird7551: raises $3 to $6
ZinZar: raises $3 to $9
bluebird7551: calls $3
*** FLOP *** [8c Ad Qh]
ZinZar: bets $3
bluebird7551: calls $3
*** TURN *** [8c Ad Qh] [9h]
ZinZar: bets $6
bluebird7551: calls $6
*** RIVER *** [8c Ad Qh 9h] [6h]
ZinZar: checks
bluebird7551: checks
*** SHOW DOWN ***
ZinZar: shows [4c 4s] (a pair of Fours)
bluebird7551: shows [Qc 5h] (a pair of Queens)
bluebird7551 collected $35.50 from pot
*** SUMMARY ***
Total pot $36 | Rake $0.50
Board [8c Ad Qh 9h 6h]
Seat 4: bluebird7551 (button) (small blind) showed [Qc 5h] and won ($35.50) with a pair of Queens
Seat 5: ZinZar (big blind) showed [4c 4s] and lost with a pair of Fours


PokerStars Hand #153642138353:  Hold'em Limit ($3/$6 USD) - 2016/05/21 14:16:11 ET
Table 'Janequeo' 6-max Seat #5 is the button
Seat 4: bluebird7551 ($172.15 in chips)
Seat 5: ZinZar ($81.50 in chips)
ZinZar: posts small blind $1
bluebird7551: posts big blind $3
*** HOLE CARDS ***
ZinZar: raises $3 to $6
bluebird7551: folds
Uncalled bet ($3) returned to ZinZar
ZinZar collected $6 from pot
ZinZar: doesn't show hand
*** SUMMARY ***
Total pot $6 | Rake $0
Seat 4: bluebird7551 (big blind) folded before Flop
Seat 5: ZinZar (button) (small blind) collected ($6)


PokerStars Hand #153642125865:  Hold'em Limit ($3/$6 USD) - 2016/05/21 14:15:56 ET
Table 'Janequeo' 6-max Seat #4 is the button
Seat 4: bluebird7551 ($166.39 in chips)
Seat 5: ZinZar ($87.50 in chips)
bluebird7551: posts small blind $1
ZinZar: posts big blind $3
*** HOLE CARDS ***
bluebird7551: raises $3 to $6
ZinZar: calls $3
*** FLOP *** [Kc Ac 3h]
ZinZar: checks
bluebird7551: bets $3
ZinZar: folds
Uncalled bet ($3) returned to bluebird7551
bluebird7551 collected $11.76 from pot
*** SUMMARY ***
Total pot $12 | Rake $0.24
Board [Kc Ac 3h]
Seat 4: bluebird7551 (button) (small blind) collected ($11.76)
Seat 5: ZinZar (big blind) folded on the Flop


PokerStars Hand #153642104452:  Hold'em Limit ($3/$6 USD) - 2016/05/21 14:15:28 ET
Table 'Janequeo' 6-max Seat #5 is the button
Seat 4: bluebird7551 ($181.39 in chips)
Seat 5: ZinZar ($73 in chips)
ZinZar: posts small blind $1
bluebird7551: posts big blind $3
*** HOLE CARDS ***
ZinZar: raises $3 to $6
bluebird7551: calls $3
*** FLOP *** [Js 7h 6c]
bluebird7551: checks
ZinZar: bets $3
bluebird7551: calls $3
*** TURN *** [Js 7h 6c] [Ah]
bluebird7551: checks
ZinZar: checks
*** RIVER *** [Js 7h 6c Ah] [9c]
bluebird7551: bets $6
ZinZar: calls $6
*** SHOW DOWN ***
bluebird7551: shows [5d Qh] (high card Ace)
ZinZar: shows [8h 7c] (a pair of Sevens)
ZinZar collected $29.50 from pot
*** SUMMARY ***
Total pot $30 | Rake $0.50
Board [Js 7h 6c Ah 9c]
Seat 4: bluebird7551 (big blind) showed [5d Qh] and lost with high card Ace
Seat 5: ZinZar (button) (small blind) showed [8h 7c] and won ($29.50) with a pair of Sevens


PokerStars Hand #153642100006:  Hold'em Limit ($3/$6 USD) - 2016/05/21 14:15:22 ET
Table 'Janequeo' 6-max Seat #4 is the button
Seat 4: bluebird7551 ($182.39 in chips)
Seat 5: ZinZar ($72 in chips)
bluebird7551: posts small blind $1
ZinZar: posts big blind $3
*** HOLE CARDS ***
bluebird7551: folds
Uncalled bet ($2) returned to ZinZar
ZinZar collected $2 from pot
ZinZar: doesn't show hand
*** SUMMARY ***
Total pot $2 | Rake $0
Seat 4: bluebird7551 (button) (small blind) folded before Flop
Seat 5: ZinZar (big blind) collected ($2)


PokerStars Hand #153642096399:  Hold'em Limit ($3/$6 USD) - 2016/05/21 14:15:18 ET
Table 'Janequeo' 6-max Seat #5 is the button
Seat 4: bluebird7551 ($181.39 in chips)
Seat 5: ZinZar ($72 in chips)
ZinZar: posts small blind $1
bluebird7551: posts big blind $3
*** HOLE CARDS ***
ZinZar: folds
Uncalled bet ($2) returned to bluebird7551
bluebird7551 collected $2 from pot
*** SUMMARY ***
Total pot $2 | Rake $0
Seat 4: bluebird7551 (big blind) collected ($2)
Seat 5: ZinZar (button) (small blind) folded before Flop


PokerStars Hand #153642076434:  Hold'em Limit ($3/$6 USD) - 2016/05/21 14:14:51 ET
Table 'Janequeo' 6-max Seat #4 is the button
Seat 4: bluebird7551 ($163.89 in chips)
Seat 5: ZinZar ($75 in chips)
bluebird7551: posts small blind $1
ZinZar: posts big blind $3
*** HOLE CARDS ***
bluebird7551: raises $3 to $6
ZinZar: raises $3 to $9
bluebird7551: calls $3
*** FLOP *** [Jc 7h 3d]
ZinZar: bets $3
bluebird7551: calls $3
*** TURN *** [Jc 7h 3d] [Qs]
ZinZar: bets $6
bluebird7551: raises $6 to $12
ZinZar: folds
Uncalled bet ($6) returned to bluebird7551
bluebird7551 collected $35.50 from pot
*** SUMMARY ***
Total pot $36 | Rake $0.50
Board [Jc 7h 3d Qs]
Seat 4: bluebird7551 (button) (small blind) collected ($35.50)
Seat 5: ZinZar (big blind) folded on the Turn


PokerStars Hand #153642220935:  Hold'em Limit ($3/$6 USD) - 2016/05/21 14:17:54 ET
Table 'Janequeo' 6-max Seat #5 is the button
Seat 4: bluebird7551 ($210.15 in chips)
Seat 5: ZinZar ($80.64 in chips)
ZinZar: posts small blind $1
bluebird7551: posts big blind $3
*** HOLE CARDS ***
ZinZar: folds
Uncalled bet ($2) returned to bluebird7551
bluebird7551 collected $2 from pot
*** SUMMARY ***
Total pot $2 | Rake $0
Seat 4: bluebird7551 (big blind) collected ($2)
Seat 5: ZinZar (button) (small blind) folded before Flop


PokerStars Hand #153642209143:  Hold'em Limit ($3/$6 USD) - 2016/05/21 14:17:39 ET
Table 'Janequeo' 6-max Seat #4 is the button
Seat 4: bluebird7551 ($219.15 in chips)
Seat 5: ZinZar ($72 in chips)
bluebird7551: posts small blind $1
ZinZar: posts big blind $3
*** HOLE CARDS ***
bluebird7551: raises $3 to $6
ZinZar: calls $3
*** FLOP *** [As 6c 5s]
ZinZar: checks
bluebird7551: bets $3
ZinZar: raises $3 to $6
bluebird7551: folds
Uncalled bet ($3) returned to ZinZar
ZinZar collected $17.64 from pot
ZinZar: doesn't show hand
*** SUMMARY ***
Total pot $18 | Rake $0.36
Board [As 6c 5s]
Seat 4: bluebird7551 (button) (small blind) folded on the Flop
Seat 5: ZinZar (big blind) collected ($17.64)


PokerStars Hand #153642205576:  Hold'em Limit ($3/$6 USD) - 2016/05/21 14:17:34 ET
Table 'Janequeo' 6-max Seat #5 is the button
Seat 4: bluebird7551 ($218.15 in chips)
Seat 5: ZinZar ($73 in chips)
ZinZar: posts small blind $1
bluebird7551: posts big blind $3
*** HOLE CARDS ***
ZinZar: folds
Uncalled bet ($2) returned to bluebird7551
bluebird7551 collected $2 from pot
*** SUMMARY ***
Total pot $2 | Rake $0
Seat 4: bluebird7551 (big blind) collected ($2)
Seat 5: ZinZar (button) (small blind) folded before Flop


PokerStars Hand #153642199151:  Hold'em Limit ($3/$6 USD) - 2016/05/21 14:17:28 ET
Table 'Janequeo' 6-max Seat #4 is the button
Seat 4: bluebird7551 ($219.15 in chips)
Seat 5: ZinZar ($72 in chips)
bluebird7551: posts small blind $1
ZinZar: posts big blind $3
*** HOLE CARDS ***
bluebird7551: folds
Uncalled bet ($2) returned to ZinZar
ZinZar collected $2 from pot
ZinZar: doesn't show hand
*** SUMMARY ***
Total pot $2 | Rake $0
Seat 4: bluebird7551 (button) (small blind) folded before Flop
Seat 5: ZinZar (big blind) collected ($2)


PokerStars Hand #153642166835:  Hold'em Limit ($3/$6 USD) - 2016/05/21 14:16:48 ET
Table 'Janequeo' 6-max Seat #5 is the button
Seat 4: bluebird7551 ($186.65 in chips)
Seat 5: ZinZar ($72 in chips)
ZinZar: posts small blind $1
bluebird7551: posts big blind $3
*** HOLE CARDS ***
ZinZar: raises $3 to $6
bluebird7551: calls $3
*** FLOP *** [7h Ac 5h]
bluebird7551: checks
ZinZar: bets $3
bluebird7551: calls $3
*** TURN *** [7h Ac 5h] [8c]
bluebird7551: checks
ZinZar: bets $6
bluebird7551: raises $6 to $12
ZinZar: calls $6
*** RIVER *** [7h Ac 5h 8c] [4d]
bluebird7551: bets $6
ZinZar: raises $6 to $12
bluebird7551: calls $6
*** SHOW DOWN ***
ZinZar: shows [8s 4s] (two pair, Eights and Fours)
bluebird7551: shows [Ah 5d] (two pair, Aces and Fives)
bluebird7551 collected $65.50 from pot
*** SUMMARY ***
Total pot $66 | Rake $0.50
Board [7h Ac 5h 8c 4d]
Seat 4: bluebird7551 (big blind) showed [Ah 5d] and won ($65.50) with two pair, Aces and Fives
Seat 5: ZinZar (button) (small blind) showed [8s 4s] and lost with two pair, Eights and Fours


PokerStars Hand #153642224193:  Hold'em Limit ($3/$6 USD) - 2016/05/21 14:17:58 ET
Table 'Janequeo' 6-max Seat #4 is the button
Seat 4: bluebird7551 ($211.15 in chips)
Seat 5: ZinZar ($79.64 in chips)
bluebird7551: posts small blind $1
ZinZar: posts big blind $3
*** HOLE CARDS ***
bluebird7551: raises $3 to $6
ZinZar: raises $3 to $9
awelli joins the table at seat #6
chodzewXXL joins the table at seat #3
bluebird7551: calls $3
*** FLOP *** [Ks 5d 9c]
ZinZar: bets $3
bluebird7551: calls $3
*** TURN *** [Ks 5d 9c] [7s]
ZinZar: bets $6
bluebird7551: calls $6
*** RIVER *** [Ks 5d 9c 7s] [Js]
ZinZar: bets $6
bluebird7551: calls $6
*** SHOW DOWN ***
ZinZar: shows [Kc As] (a pair of Kings)
awelli is disconnected
bluebird7551: mucks hand
ZinZar collected $47.50 from pot
*** SUMMARY ***
Total pot $48 | Rake $0.50
Board [Ks 5d 9c 7s Js]
Seat 4: bluebird7551 (button) (small blind) mucked
Seat 5: ZinZar (big blind) showed [Kc As] and won ($47.50) with a pair of Kings


PokerStars Hand #153649497298:  Hold'em Limit ($3/$6 USD) - 2016/05/21 16:50:18 ET
Table 'Janequeo' 6-max Seat #3 is the button
Seat 2: tranduc ($7.24 in chips)
Seat 3: lin1rabbit ($239.10 in chips)
lin1rabbit: posts small blind $1
Chessnok: is sitting out
krytalex: is sitting out
tranduc: posts big blind $3
*** HOLE CARDS ***
krytalex leaves the table
lin1rabbit: raises $3 to $6
tranduc: raises $1.24 to $7.24 and is all-in
Chessnok leaves the table
lin1rabbit: calls $1.24
*** FLOP *** [Td Kd 4c]
*** TURN *** [Td Kd 4c] [2s]
*** RIVER *** [Td Kd 4c 2s] [5s]
*** SHOW DOWN ***
tranduc: shows [2h 7h] (a pair of Deuces)
lin1rabbit: shows [4d 9d] (a pair of Fours)
lin1rabbit collected $14.19 from pot
*** SUMMARY ***
Total pot $14.48 | Rake $0.29
Board [Td Kd 4c 2s 5s]
Seat 2: tranduc (big blind) showed [2h 7h] and lost with a pair of Deuces
Seat 3: lin1rabbit (button) (small blind) showed [4d 9d] and won ($14.19) with a pair of Fours


