PokerStars Hand #146097839446:  Hold'em Limit ($3/$6 USD) - 2015/12/29 1:17:28 ET
Table 'Janina' 6-max Seat #1 is the button
Seat 1: VolkovDmitri ($120 in chips)
Seat 4: mim1985 ($116.66 in chips)
VolkovDmitri: posts small blind $1
mim1985: posts big blind $3
*** HOLE CARDS ***
VolkovDmitri: raises $3 to $6
mim1985: folds
Uncalled bet ($3) returned to VolkovDmitri
VolkovDmitri collected $6 from pot
VolkovDmitri: doesn't show hand
*** SUMMARY ***
Total pot $6 | Rake $0
Seat 1: VolkovDmitri (button) (small blind) collected ($6)
Seat 4: mim1985 (big blind) folded before Flop


PokerStars Hand #146097842169:  Hold'em Limit ($3/$6 USD) - 2015/12/29 1:17:38 ET
Table 'Janina' 6-max Seat #4 is the button
Seat 1: VolkovDmitri ($123 in chips)
Seat 4: mim1985 ($113.66 in chips)
mim1985: posts small blind $1
VolkovDmitri: posts big blind $3
*** HOLE CARDS ***
mim1985: calls $2
VolkovDmitri: raises $3 to $6
mim1985: calls $3
*** FLOP *** [Jh 8s Kc]
VolkovDmitri: bets $3
mim1985: calls $3
*** TURN *** [Jh 8s Kc] [3c]
VolkovDmitri: checks
mim1985: checks
*** RIVER *** [Jh 8s Kc 3c] [Ts]
VolkovDmitri: checks
mim1985: checks
*** SHOW DOWN ***
VolkovDmitri: shows [6c Qs] (high card King)
mim1985: shows [8h 2h] (a pair of Eights)
mim1985 collected $17.64 from pot
*** SUMMARY ***
Total pot $18 | Rake $0.36
Board [Jh 8s Kc 3c Ts]
Seat 1: VolkovDmitri (big blind) showed [6c Qs] and lost with high card King
Seat 4: mim1985 (button) (small blind) showed [8h 2h] and won ($17.64) with a pair of Eights


PokerStars Hand #146097864585:  Hold'em Limit ($3/$6 USD) - 2015/12/29 1:18:59 ET
Table 'Janina' 6-max Seat #1 is the button
Seat 1: VolkovDmitri ($120 in chips)
Seat 4: mim1985 ($139.80 in chips)
VolkovDmitri: posts small blind $1
mim1985: posts big blind $3
*** HOLE CARDS ***
VolkovDmitri: raises $3 to $6
mim1985: raises $3 to $9
VolkovDmitri: calls $3
*** FLOP *** [Kc 9c 4s]
mim1985: checks
VolkovDmitri: bets $3
mim1985: calls $3
*** TURN *** [Kc 9c 4s] [7d]
mim1985: checks
VolkovDmitri: bets $6
mim1985: calls $6
*** RIVER *** [Kc 9c 4s 7d] [4h]
mim1985: checks
VolkovDmitri: bets $6
mim1985: calls $6
*** SHOW DOWN ***
VolkovDmitri: shows [5h Kd] (two pair, Kings and Fours)
mim1985: mucks hand
VolkovDmitri collected $47.50 from pot
*** SUMMARY ***
Total pot $48 | Rake $0.50
Board [Kc 9c 4s 7d 4h]
Seat 1: VolkovDmitri (button) (small blind) showed [5h Kd] and won ($47.50) with two pair, Kings and Fours
Seat 4: mim1985 (big blind) mucked


PokerStars Hand #146097851531:  Hold'em Limit ($3/$6 USD) - 2015/12/29 1:18:11 ET
Table 'Janina' 6-max Seat #4 is the button
Seat 1: VolkovDmitri ($123 in chips)
Seat 4: mim1985 ($119.30 in chips)
mim1985: posts small blind $1
VolkovDmitri: posts big blind $3
*** HOLE CARDS ***
mim1985: calls $2
VolkovDmitri: raises $3 to $6
mim1985: calls $3
*** FLOP *** [5c 8h 2h]
VolkovDmitri: bets $3
mim1985: calls $3
*** TURN *** [5c 8h 2h] [8c]
VolkovDmitri: checks
mim1985: bets $6
VolkovDmitri: calls $6
*** RIVER *** [5c 8h 2h 8c] [7c]
VolkovDmitri: checks
mim1985: bets $6
VolkovDmitri: calls $6
*** SHOW DOWN ***
mim1985: shows [Tc 2c] (a flush, Ten high)
VolkovDmitri: mucks hand
mim1985 collected $41.50 from pot
*** SUMMARY ***
Total pot $42 | Rake $0.50
Board [5c 8h 2h 8c 7c]
Seat 1: VolkovDmitri (big blind) mucked
Seat 4: mim1985 (button) (small blind) showed [Tc 2c] and won ($41.50) with a flush, Ten high


PokerStars Hand #146097873937:  Hold'em Limit ($3/$6 USD) - 2015/12/29 1:19:34 ET
Table 'Janina' 6-max Seat #4 is the button
Seat 1: VolkovDmitri ($143.50 in chips)
Seat 4: mim1985 ($115.80 in chips)
mim1985: posts small blind $1
VolkovDmitri: posts big blind $3
*** HOLE CARDS ***
mim1985: folds
Uncalled bet ($2) returned to VolkovDmitri
VolkovDmitri collected $2 from pot
VolkovDmitri: doesn't show hand
italianhero4 joins the table at seat #6
*** SUMMARY ***
Total pot $2 | Rake $0
Seat 1: VolkovDmitri (big blind) collected ($2)
Seat 4: mim1985 (button) (small blind) folded before Flop


PokerStars Hand #146102822958:  Hold'em Limit ($3/$6 USD) - 2015/12/29 5:29:06 ET
Table 'Janina' 6-max Seat #4 is the button
Seat 1: scorpio04 ($372.44 in chips)
Seat 4: HAL9QQQ ($137.89 in chips)
HAL9QQQ: posts small blind $1
LordBorzi II: is sitting out
scorpio04: posts big blind $3
*** HOLE CARDS ***
HAL9QQQ: folds
Uncalled bet ($2) returned to scorpio04
LordBorzi II leaves the table
scorpio04 collected $2 from pot
scorpio04: doesn't show hand
*** SUMMARY ***
Total pot $2 | Rake $0
Seat 1: scorpio04 (big blind) collected ($2)
Seat 4: HAL9QQQ (button) (small blind) folded before Flop


