PokerStars Hand #175058416339:  Hold'em Limit ($3/$6 USD) - 2017/09/01 7:19:43 ET
Table 'Janus II' 6-max Seat #6 is the button
Seat 5: CONSTANCY555 ($138.46 in chips)
Seat 6: HAL9QQQ ($161.40 in chips)
HAL9QQQ: posts small blind $1
krossguard: is sitting out
B_loJkl: is sitting out
CONSTANCY555: posts big blind $3
*** HOLE CARDS ***
HAL9QQQ: folds
Uncalled bet ($2) returned to CONSTANCY555
CONSTANCY555 collected $2 from pot
krossguard leaves the table
*** SUMMARY ***
Total pot $2 | Rake $0
Seat 5: CONSTANCY555 (big blind) collected ($2)
Seat 6: HAL9QQQ (button) (small blind) folded before Flop


PokerStars Hand #175058418443:  Hold'em Limit ($3/$6 USD) - 2017/09/01 7:19:48 ET
Table 'Janus II' 6-max Seat #5 is the button
Seat 5: CONSTANCY555 ($139.46 in chips)
Seat 6: HAL9QQQ ($160.40 in chips)
CONSTANCY555: posts small blind $1
HAL9QQQ: posts big blind $3
*** HOLE CARDS ***
B_loJkl leaves the table
CONSTANCY555: calls $2
HAL9QQQ: checks
*** FLOP *** [9d 8h Js]
HAL9QQQ: bets $3
CONSTANCY555: folds
Uncalled bet ($3) returned to HAL9QQQ
HAL9QQQ collected $5.88 from pot
HAL9QQQ: doesn't show hand
*** SUMMARY ***
Total pot $6 | Rake $0.12
Board [9d 8h Js]
Seat 5: CONSTANCY555 (button) (small blind) folded on the Flop
Seat 6: HAL9QQQ (big blind) collected ($5.88)


