PokerStars Hand #153429517174:  Hold'em Limit ($3/$6 USD) - 2016/05/16 23:29:09 ET
Table 'Janus' 6-max Seat #2 is the button
Seat 1: bluebird7551 ($63.66 in chips)
Seat 2: TinaTurner72 ($170.68 in chips)
TinaTurner72: posts small blind $1
bluebird7551: posts big blind $3
*** HOLE CARDS ***
TinaTurner72: raises $3 to $6
bluebird7551: folds
Uncalled bet ($3) returned to TinaTurner72
TinaTurner72 collected $6 from pot
TinaTurner72: doesn't show hand
*** SUMMARY ***
Total pot $6 | Rake $0
Seat 1: bluebird7551 (big blind) folded before Flop
Seat 2: TinaTurner72 (button) (small blind) collected ($6)


PokerStars Hand #153429539923:  Hold'em Limit ($3/$6 USD) - 2016/05/16 23:30:29 ET
Table 'Janus' 6-max Seat #2 is the button
Seat 1: bluebird7551 ($92.56 in chips)
Seat 2: TinaTurner72 ($140.68 in chips)
TinaTurner72: posts small blind $1
bluebird7551: posts big blind $3
*** HOLE CARDS ***
TinaTurner72: raises $3 to $6
bluebird7551: calls $3
*** FLOP *** [9c 3s Th]
bluebird7551: checks
TinaTurner72: bets $3
bluebird7551: calls $3
*** TURN *** [9c 3s Th] [2h]
bluebird7551: checks
TinaTurner72: checks
*** RIVER *** [9c 3s Th 2h] [9h]
bluebird7551: bets $6
TinaTurner72: calls $6
*** SHOW DOWN ***
bluebird7551: shows [Ah 3c] (two pair, Nines and Threes)
TinaTurner72: mucks hand
bluebird7551 collected $29.50 from pot
*** SUMMARY ***
Total pot $30 | Rake $0.50
Board [9c 3s Th 2h 9h]
Seat 1: bluebird7551 (big blind) showed [Ah 3c] and won ($29.50) with two pair, Nines and Threes
Seat 2: TinaTurner72 (button) (small blind) mucked


PokerStars Hand #153429546903:  Hold'em Limit ($3/$6 USD) - 2016/05/16 23:30:53 ET
Table 'Janus' 6-max Seat #1 is the button
Seat 1: bluebird7551 ($107.06 in chips)
Seat 2: TinaTurner72 ($125.68 in chips)
bluebird7551: posts small blind $1
TinaTurner72: posts big blind $3
*** HOLE CARDS ***
bluebird7551: raises $3 to $6
TinaTurner72: folds
Uncalled bet ($3) returned to bluebird7551
bluebird7551 collected $6 from pot
*** SUMMARY ***
Total pot $6 | Rake $0
Seat 1: bluebird7551 (button) (small blind) collected ($6)
Seat 2: TinaTurner72 (big blind) folded before Flop


PokerStars Hand #153429551111:  Hold'em Limit ($3/$6 USD) - 2016/05/16 23:31:08 ET
Table 'Janus' 6-max Seat #1 is the button
Seat 1: bluebird7551 ($107.06 in chips)
Seat 2: TinaTurner72 ($125.68 in chips)
bluebird7551: posts small blind $1
TinaTurner72: posts big blind $3
*** HOLE CARDS ***
bluebird7551: raises $3 to $6
TinaTurner72: calls $3
*** FLOP *** [Ah 4h Ad]
TinaTurner72: checks
bluebird7551: bets $3
TinaTurner72: calls $3
*** TURN *** [Ah 4h Ad] [Js]
TinaTurner72: checks
bluebird7551: checks
*** RIVER *** [Ah 4h Ad Js] [9s]
TinaTurner72: checks
bluebird7551: bets $6
TinaTurner72: calls $6
*** SHOW DOWN ***
bluebird7551: shows [2d Qd] (a pair of Aces)
TinaTurner72: shows [Qh Td] (a pair of Aces - Queen+Jack+Ten kicker)
TinaTurner72 collected $29.50 from pot
*** SUMMARY ***
Total pot $30 | Rake $0.50
Board [Ah 4h Ad Js 9s]
Seat 1: bluebird7551 (button) (small blind) showed [2d Qd] and lost with a pair of Aces
Seat 2: TinaTurner72 (big blind) showed [Qh Td] and won ($29.50) with a pair of Aces


PokerStars Hand #153429582419:  Hold'em Limit ($3/$6 USD) - 2016/05/16 23:32:59 ET
Table 'Janus' 6-max Seat #2 is the button
Seat 1: bluebird7551 ($70.06 in chips)
Seat 2: TinaTurner72 ($161.68 in chips)
TinaTurner72: posts small blind $1
bluebird7551: posts big blind $3
*** HOLE CARDS ***
TinaTurner72: raises $3 to $6
bluebird7551: calls $3
*** FLOP *** [Ts Ac Td]
bluebird7551: checks
TinaTurner72: bets $3
bluebird7551: folds
Uncalled bet ($3) returned to TinaTurner72
TinaTurner72 collected $11.76 from pot
*** SUMMARY ***
Total pot $12 | Rake $0.24
Board [Ts Ac Td]
Seat 1: bluebird7551 (big blind) folded on the Flop
Seat 2: TinaTurner72 (button) (small blind) collected ($11.76)


PokerStars Hand #153429598511:  Hold'em Limit ($3/$6 USD) - 2016/05/16 23:33:56 ET
Table 'Janus' 6-max Seat #2 is the button
Seat 1: bluebird7551 ($75.58 in chips)
Seat 2: TinaTurner72 ($155.44 in chips)
TinaTurner72: posts small blind $1
bluebird7551: posts big blind $3
*** HOLE CARDS ***
TinaTurner72: raises $3 to $6
bluebird7551: folds
Uncalled bet ($3) returned to TinaTurner72
TinaTurner72 collected $6 from pot
TinaTurner72: doesn't show hand
*** SUMMARY ***
Total pot $6 | Rake $0
Seat 1: bluebird7551 (big blind) folded before Flop
Seat 2: TinaTurner72 (button) (small blind) collected ($6)


PokerStars Hand #153429587462:  Hold'em Limit ($3/$6 USD) - 2016/05/16 23:33:16 ET
Table 'Janus' 6-max Seat #1 is the button
Seat 1: bluebird7551 ($64.06 in chips)
Seat 2: TinaTurner72 ($167.44 in chips)
bluebird7551: posts small blind $1
TinaTurner72: posts big blind $3
*** HOLE CARDS ***
bluebird7551: raises $3 to $6
TinaTurner72: calls $3
*** FLOP *** [Jd 9c Qc]
TinaTurner72: checks
bluebird7551: checks
*** TURN *** [Jd 9c Qc] [9d]
TinaTurner72: checks
bluebird7551: bets $6
TinaTurner72: calls $6
*** RIVER *** [Jd 9c Qc 9d] [8h]
TinaTurner72: checks
bluebird7551: bets $6
TinaTurner72: folds
Uncalled bet ($6) returned to bluebird7551
bluebird7551 collected $23.52 from pot
bluebird7551: shows [3s Ad] (a pair of Nines)
*** SUMMARY ***
Total pot $24 | Rake $0.48
Board [Jd 9c Qc 9d 8h]
Seat 1: bluebird7551 (button) (small blind) collected ($23.52)
Seat 2: TinaTurner72 (big blind) folded on the River


PokerStars Hand #153429600738:  Hold'em Limit ($3/$6 USD) - 2016/05/16 23:34:03 ET
Table 'Janus' 6-max Seat #1 is the button
Seat 1: bluebird7551 ($72.58 in chips)
Seat 2: TinaTurner72 ($158.44 in chips)
bluebird7551: posts small blind $1
TinaTurner72: posts big blind $3
*** HOLE CARDS ***
bluebird7551: raises $3 to $6
TinaTurner72: calls $3
*** FLOP *** [Tc Qc 3s]
TinaTurner72: checks
bluebird7551: bets $3
TinaTurner72: raises $3 to $6
bluebird7551: raises $3 to $9
TinaTurner72: calls $3
*** TURN *** [Tc Qc 3s] [Qh]
TinaTurner72: checks
bluebird7551: bets $6
TinaTurner72: calls $6
*** RIVER *** [Tc Qc 3s Qh] [6s]
TinaTurner72: checks
bluebird7551: bets $6
TinaTurner72: calls $6
*** SHOW DOWN ***
bluebird7551: shows [Kd Qs] (three of a kind, Queens)
TinaTurner72: mucks hand
bluebird7551 collected $53.50 from pot
*** SUMMARY ***
Total pot $54 | Rake $0.50
Board [Tc Qc 3s Qh 6s]
Seat 1: bluebird7551 (button) (small blind) showed [Kd Qs] and won ($53.50) with three of a kind, Queens
Seat 2: TinaTurner72 (big blind) mucked


PokerStars Hand #153429613920:  Hold'em Limit ($3/$6 USD) - 2016/05/16 23:34:50 ET
Table 'Janus' 6-max Seat #2 is the button
Seat 1: bluebird7551 ($99.08 in chips)
Seat 2: TinaTurner72 ($131.44 in chips)
TinaTurner72: posts small blind $1
bluebird7551: posts big blind $3
*** HOLE CARDS ***
TinaTurner72: raises $3 to $6
bluebird7551: calls $3
*** FLOP *** [Kh 8d 8h]
bluebird7551: bets $3
TinaTurner72: calls $3
*** TURN *** [Kh 8d 8h] [Qc]
bluebird7551: bets $6
TinaTurner72: raises $6 to $12
bluebird7551: folds
Uncalled bet ($6) returned to TinaTurner72
TinaTurner72 collected $29.50 from pot
TinaTurner72: doesn't show hand
*** SUMMARY ***
Total pot $30 | Rake $0.50
Board [Kh 8d 8h Qc]
Seat 1: bluebird7551 (big blind) folded on the Turn
Seat 2: TinaTurner72 (button) (small blind) collected ($29.50)


PokerStars Hand #153429620306:  Hold'em Limit ($3/$6 USD) - 2016/05/16 23:35:12 ET
Table 'Janus' 6-max Seat #1 is the button
Seat 1: bluebird7551 ($84.08 in chips)
Seat 2: TinaTurner72 ($145.94 in chips)
bluebird7551: posts small blind $1
TinaTurner72: posts big blind $3
*** HOLE CARDS ***
bluebird7551: raises $3 to $6
TinaTurner72: raises $3 to $9
bluebird7551: calls $3
*** FLOP *** [Kh 5d Kc]
TinaTurner72: bets $3
bluebird7551: raises $3 to $6
TinaTurner72: raises $3 to $9
bluebird7551: folds
Uncalled bet ($3) returned to TinaTurner72
TinaTurner72 collected $29.50 from pot
TinaTurner72: doesn't show hand
*** SUMMARY ***
Total pot $30 | Rake $0.50
Board [Kh 5d Kc]
Seat 1: bluebird7551 (button) (small blind) folded on the Flop
Seat 2: TinaTurner72 (big blind) collected ($29.50)


PokerStars Hand #153429641115:  Hold'em Limit ($3/$6 USD) - 2016/05/16 23:36:26 ET
Table 'Janus' 6-max Seat #2 is the button
Seat 1: bluebird7551 ($59.08 in chips)
Seat 2: TinaTurner72 ($170.08 in chips)
TinaTurner72: posts small blind $1
bluebird7551: posts big blind $3
*** HOLE CARDS ***
TinaTurner72: raises $3 to $6
bluebird7551: calls $3
*** FLOP *** [6d Kc 2s]
bluebird7551: checks
TinaTurner72: bets $3
bluebird7551: folds
Uncalled bet ($3) returned to TinaTurner72
TinaTurner72 collected $11.76 from pot
TinaTurner72: doesn't show hand
*** SUMMARY ***
Total pot $12 | Rake $0.24
Board [6d Kc 2s]
Seat 1: bluebird7551 (big blind) folded on the Flop
Seat 2: TinaTurner72 (button) (small blind) collected ($11.76)


PokerStars Hand #153429638952:  Hold'em Limit ($3/$6 USD) - 2016/05/16 23:36:18 ET
Table 'Janus' 6-max Seat #1 is the button
Seat 1: bluebird7551 ($60.08 in chips)
Seat 2: TinaTurner72 ($169.08 in chips)
bluebird7551: posts small blind $1
TinaTurner72: posts big blind $3
*** HOLE CARDS ***
bluebird7551: folds
Uncalled bet ($2) returned to TinaTurner72
TinaTurner72 collected $2 from pot
TinaTurner72: doesn't show hand
*** SUMMARY ***
Total pot $2 | Rake $0
Seat 1: bluebird7551 (button) (small blind) folded before Flop
Seat 2: TinaTurner72 (big blind) collected ($2)


PokerStars Hand #153429625810:  Hold'em Limit ($3/$6 USD) - 2016/05/16 23:35:32 ET
Table 'Janus' 6-max Seat #2 is the button
Seat 1: bluebird7551 ($69.08 in chips)
Seat 2: TinaTurner72 ($160.44 in chips)
TinaTurner72: posts small blind $1
bluebird7551: posts big blind $3
*** HOLE CARDS ***
TinaTurner72: raises $3 to $6
bluebird7551: calls $3
*** FLOP *** [3h Js Th]
bluebird7551: checks
TinaTurner72: bets $3
bluebird7551: calls $3
*** TURN *** [3h Js Th] [6c]
bluebird7551: checks
TinaTurner72: checks
*** RIVER *** [3h Js Th 6c] [Kc]
bluebird7551: checks
TinaTurner72: bets $6
bluebird7551: folds
Uncalled bet ($6) returned to TinaTurner72
TinaTurner72 collected $17.64 from pot
TinaTurner72: doesn't show hand
*** SUMMARY ***
Total pot $18 | Rake $0.36
Board [3h Js Th 6c Kc]
Seat 1: bluebird7551 (big blind) folded on the River
Seat 2: TinaTurner72 (button) (small blind) collected ($17.64)


PokerStars Hand #153429645797:  Hold'em Limit ($3/$6 USD) - 2016/05/16 23:36:43 ET
Table 'Janus' 6-max Seat #1 is the button
Seat 1: bluebird7551 ($53.08 in chips)
Seat 2: TinaTurner72 ($175.84 in chips)
bluebird7551: posts small blind $1
TinaTurner72: posts big blind $3
*** HOLE CARDS ***
bluebird7551: raises $3 to $6
TinaTurner72: calls $3
*** FLOP *** [Qh 9s As]
TinaTurner72: checks
bluebird7551: checks
*** TURN *** [Qh 9s As] [7d]
TinaTurner72: checks
bluebird7551: bets $6
TinaTurner72: folds
Uncalled bet ($6) returned to bluebird7551
bluebird7551 collected $11.76 from pot
*** SUMMARY ***
Total pot $12 | Rake $0.24
Board [Qh 9s As 7d]
Seat 1: bluebird7551 (button) (small blind) collected ($11.76)
Seat 2: TinaTurner72 (big blind) folded on the Turn


PokerStars Hand #153429656908:  Hold'em Limit ($3/$6 USD) - 2016/05/16 23:37:22 ET
Table 'Janus' 6-max Seat #2 is the button
Seat 1: bluebird7551 ($58.84 in chips)
Seat 2: TinaTurner72 ($169.84 in chips)
TinaTurner72: posts small blind $1
bluebird7551: posts big blind $3
*** HOLE CARDS ***
TinaTurner72: folds
Uncalled bet ($2) returned to bluebird7551
bluebird7551 collected $2 from pot
*** SUMMARY ***
Total pot $2 | Rake $0
Seat 1: bluebird7551 (big blind) collected ($2)
Seat 2: TinaTurner72 (button) (small blind) folded before Flop


PokerStars Hand #153429658561:  Hold'em Limit ($3/$6 USD) - 2016/05/16 23:37:28 ET
Table 'Janus' 6-max Seat #1 is the button
Seat 1: bluebird7551 ($59.84 in chips)
Seat 2: TinaTurner72 ($168.84 in chips)
bluebird7551: posts small blind $1
TinaTurner72: posts big blind $3
*** HOLE CARDS ***
bluebird7551: raises $3 to $6
TinaTurner72: folds
Uncalled bet ($3) returned to bluebird7551
bluebird7551 collected $6 from pot
*** SUMMARY ***
Total pot $6 | Rake $0
Seat 1: bluebird7551 (button) (small blind) collected ($6)
Seat 2: TinaTurner72 (big blind) folded before Flop


PokerStars Hand #153429667815:  Hold'em Limit ($3/$6 USD) - 2016/05/16 23:38:01 ET
Table 'Janus' 6-max Seat #1 is the button
Seat 1: bluebird7551 ($80.34 in chips)
Seat 2: TinaTurner72 ($147.84 in chips)
bluebird7551: posts small blind $1
TinaTurner72: posts big blind $3
*** HOLE CARDS ***
bluebird7551: folds
Uncalled bet ($2) returned to TinaTurner72
TinaTurner72 collected $2 from pot
TinaTurner72: doesn't show hand
*** SUMMARY ***
Total pot $2 | Rake $0
Seat 1: bluebird7551 (button) (small blind) folded before Flop
Seat 2: TinaTurner72 (big blind) collected ($2)


PokerStars Hand #153429669468:  Hold'em Limit ($3/$6 USD) - 2016/05/16 23:38:07 ET
Table 'Janus' 6-max Seat #2 is the button
Seat 1: bluebird7551 ($79.34 in chips)
Seat 2: TinaTurner72 ($148.84 in chips)
TinaTurner72: posts small blind $1
bluebird7551: posts big blind $3
*** HOLE CARDS ***
TinaTurner72: raises $3 to $6
bluebird7551: calls $3
*** FLOP *** [Ah Jh 8c]
bluebird7551: checks
TinaTurner72: bets $3
bluebird7551: calls $3
*** TURN *** [Ah Jh 8c] [Tc]
bluebird7551: checks
TinaTurner72: checks
*** RIVER *** [Ah Jh 8c Tc] [2h]
bluebird7551: bets $6
TinaTurner72: raises $6 to $12
bluebird7551: raises $6 to $18
TinaTurner72: calls $6
*** SHOW DOWN ***
bluebird7551: shows [7s 9s] (a straight, Seven to Jack)
TinaTurner72: shows [7h 4h] (a flush, Ace high)
TinaTurner72 collected $53.50 from pot
*** SUMMARY ***
Total pot $54 | Rake $0.50
Board [Ah Jh 8c Tc 2h]
Seat 1: bluebird7551 (big blind) showed [7s 9s] and lost with a straight, Seven to Jack
Seat 2: TinaTurner72 (button) (small blind) showed [7h 4h] and won ($53.50) with a flush, Ace high


PokerStars Hand #153429687490:  Hold'em Limit ($3/$6 USD) - 2016/05/16 23:39:11 ET
Table 'Janus' 6-max Seat #2 is the button
Seat 1: bluebird7551 ($81.84 in chips)
Seat 2: TinaTurner72 ($145.34 in chips)
TinaTurner72: posts small blind $1
bluebird7551: posts big blind $3
*** HOLE CARDS ***
TinaTurner72: raises $3 to $6
bluebird7551: raises $3 to $9
TinaTurner72: calls $3
*** FLOP *** [Tc 5c Td]
bluebird7551: bets $3
TinaTurner72: calls $3
*** TURN *** [Tc 5c Td] [Ts]
bluebird7551: bets $6
TinaTurner72: calls $6
*** RIVER *** [Tc 5c Td Ts] [9d]
bluebird7551: bets $6
TinaTurner72: calls $6
*** SHOW DOWN ***
bluebird7551: shows [4s 6d] (three of a kind, Tens)
TinaTurner72: shows [Qc 7h] (three of a kind, Tens - Queen kicker)
TinaTurner72 collected $47.50 from pot
*** SUMMARY ***
Total pot $48 | Rake $0.50
Board [Tc 5c Td Ts 9d]
Seat 1: bluebird7551 (big blind) showed [4s 6d] and lost with three of a kind, Tens
Seat 2: TinaTurner72 (button) (small blind) showed [Qc 7h] and won ($47.50) with three of a kind, Tens


PokerStars Hand #153429680485:  Hold'em Limit ($3/$6 USD) - 2016/05/16 23:38:47 ET
Table 'Janus' 6-max Seat #1 is the button
Seat 1: bluebird7551 ($52.34 in chips)
Seat 2: TinaTurner72 ($175.34 in chips)
bluebird7551: posts small blind $1
TinaTurner72: posts big blind $3
*** HOLE CARDS ***
bluebird7551: raises $3 to $6
TinaTurner72: calls $3
*** FLOP *** [As Js 7h]
TinaTurner72: checks
bluebird7551: bets $3
TinaTurner72: raises $3 to $6
bluebird7551: calls $3
*** TURN *** [As Js 7h] [9s]
TinaTurner72: bets $6
bluebird7551: raises $6 to $12
TinaTurner72: calls $6
*** RIVER *** [As Js 7h 9s] [2s]
TinaTurner72: checks
bluebird7551: bets $6
TinaTurner72: calls $6
*** SHOW DOWN ***
bluebird7551: shows [7s Td] (a flush, Ace high)
TinaTurner72: mucks hand
bluebird7551 collected $59.50 from pot
*** SUMMARY ***
Total pot $60 | Rake $0.50
Board [As Js 7h 9s 2s]
Seat 1: bluebird7551 (button) (small blind) showed [7s Td] and won ($59.50) with a flush, Ace high
Seat 2: TinaTurner72 (big blind) mucked


PokerStars Hand #153429695767:  Hold'em Limit ($3/$6 USD) - 2016/05/16 23:39:41 ET
Table 'Janus' 6-max Seat #2 is the button
Seat 1: bluebird7551 ($56.84 in chips)
Seat 2: TinaTurner72 ($169.84 in chips)
TinaTurner72: posts small blind $1
bluebird7551: posts big blind $3
*** HOLE CARDS ***
TinaTurner72: raises $3 to $6
bluebird7551: folds
Uncalled bet ($3) returned to TinaTurner72
TinaTurner72 collected $6 from pot
TinaTurner72: doesn't show hand
*** SUMMARY ***
Total pot $6 | Rake $0
Seat 1: bluebird7551 (big blind) folded before Flop
Seat 2: TinaTurner72 (button) (small blind) collected ($6)


PokerStars Hand #153429694161:  Hold'em Limit ($3/$6 USD) - 2016/05/16 23:39:35 ET
Table 'Janus' 6-max Seat #1 is the button
Seat 1: bluebird7551 ($57.84 in chips)
Seat 2: TinaTurner72 ($168.84 in chips)
bluebird7551: posts small blind $1
TinaTurner72: posts big blind $3
*** HOLE CARDS ***
bluebird7551: folds
Uncalled bet ($2) returned to TinaTurner72
TinaTurner72 collected $2 from pot
TinaTurner72: doesn't show hand
*** SUMMARY ***
Total pot $2 | Rake $0
Seat 1: bluebird7551 (button) (small blind) folded before Flop
Seat 2: TinaTurner72 (big blind) collected ($2)


PokerStars Hand #153429719353:  Hold'em Limit ($3/$6 USD) - 2016/05/16 23:40:35 ET
Table 'Janus' 6-max Seat #2 is the button
Seat 1: bluebird7551 ($43.60 in chips)
Seat 2: TinaTurner72 ($182.34 in chips)
TinaTurner72: posts small blind $1
bluebird7551: posts big blind $3
*** HOLE CARDS ***
TinaTurner72: raises $3 to $6
bluebird7551: calls $3
*** FLOP *** [Tc 8h 6s]
bluebird7551: checks
TinaTurner72: bets $3
bluebird7551: folds
Uncalled bet ($3) returned to TinaTurner72
TinaTurner72 collected $11.76 from pot
TinaTurner72: doesn't show hand
*** SUMMARY ***
Total pot $12 | Rake $0.24
Board [Tc 8h 6s]
Seat 1: bluebird7551 (big blind) folded on the Flop
Seat 2: TinaTurner72 (button) (small blind) collected ($11.76)


PokerStars Hand #153429698021:  Hold'em Limit ($3/$6 USD) - 2016/05/16 23:39:49 ET
Table 'Janus' 6-max Seat #1 is the button
Seat 1: bluebird7551 ($53.84 in chips)
Seat 2: TinaTurner72 ($172.84 in chips)
bluebird7551: posts small blind $1
TinaTurner72: posts big blind $3
*** HOLE CARDS ***
bluebird7551: raises $3 to $6
TinaTurner72: calls $3
*** FLOP *** [4h 7c Ah]
TinaTurner72: checks
bluebird7551: bets $3
TinaTurner72: folds
Uncalled bet ($3) returned to bluebird7551
bluebird7551 collected $11.76 from pot
*** SUMMARY ***
Total pot $12 | Rake $0.24
Board [4h 7c Ah]
Seat 1: bluebird7551 (button) (small blind) collected ($11.76)
Seat 2: TinaTurner72 (big blind) folded on the Flop


PokerStars Hand #153429717467:  Hold'em Limit ($3/$6 USD) - 2016/05/16 23:40:29 ET
Table 'Janus' 6-max Seat #1 is the button
Seat 1: bluebird7551 ($44.60 in chips)
Seat 2: TinaTurner72 ($181.34 in chips)
bluebird7551: posts small blind $1
TinaTurner72: posts big blind $3
*** HOLE CARDS ***
bluebird7551: folds
Uncalled bet ($2) returned to TinaTurner72
TinaTurner72 collected $2 from pot
TinaTurner72: doesn't show hand
*** SUMMARY ***
Total pot $2 | Rake $0
Seat 1: bluebird7551 (button) (small blind) folded before Flop
Seat 2: TinaTurner72 (big blind) collected ($2)


PokerStars Hand #153429701369:  Hold'em Limit ($3/$6 USD) - 2016/05/16 23:40:01 ET
Table 'Janus' 6-max Seat #2 is the button
Seat 1: bluebird7551 ($59.60 in chips)
Seat 2: TinaTurner72 ($166.84 in chips)
TinaTurner72: posts small blind $1
bluebird7551: posts big blind $3
*** HOLE CARDS ***
TinaTurner72: raises $3 to $6
bluebird7551: calls $3
*** FLOP *** [Th 9s Js]
bluebird7551: bets $3
TinaTurner72: calls $3
*** TURN *** [Th 9s Js] [5c]
bluebird7551: bets $6
TinaTurner72: calls $6
*** RIVER *** [Th 9s Js 5c] [7d]
bluebird7551: checks
TinaTurner72: checks
*** SHOW DOWN ***
bluebird7551: shows [7s Qc] (a pair of Sevens)
TinaTurner72: shows [Ts 4c] (a pair of Tens)
TinaTurner72 collected $29.50 from pot
*** SUMMARY ***
Total pot $30 | Rake $0.50
Board [Th 9s Js 5c 7d]
Seat 1: bluebird7551 (big blind) showed [7s Qc] and lost with a pair of Sevens
Seat 2: TinaTurner72 (button) (small blind) showed [Ts 4c] and won ($29.50) with a pair of Tens


PokerStars Hand #153429726073:  Hold'em Limit ($3/$6 USD) - 2016/05/16 23:41:00 ET
Table 'Janus' 6-max Seat #2 is the button
Seat 1: bluebird7551 ($36.60 in chips)
Seat 2: TinaTurner72 ($189.10 in chips)
TinaTurner72: posts small blind $1
bluebird7551: posts big blind $3
*** HOLE CARDS ***
TinaTurner72: raises $3 to $6
bluebird7551: folds
Uncalled bet ($3) returned to TinaTurner72
TinaTurner72 collected $6 from pot
TinaTurner72: doesn't show hand
*** SUMMARY ***
Total pot $6 | Rake $0
Seat 1: bluebird7551 (big blind) folded before Flop
Seat 2: TinaTurner72 (button) (small blind) collected ($6)


PokerStars Hand #153429723766:  Hold'em Limit ($3/$6 USD) - 2016/05/16 23:40:51 ET
Table 'Janus' 6-max Seat #1 is the button
Seat 1: bluebird7551 ($37.60 in chips)
Seat 2: TinaTurner72 ($188.10 in chips)
bluebird7551: posts small blind $1
TinaTurner72: posts big blind $3
*** HOLE CARDS ***
bluebird7551: folds
Uncalled bet ($2) returned to TinaTurner72
TinaTurner72 collected $2 from pot
TinaTurner72: doesn't show hand
*** SUMMARY ***
Total pot $2 | Rake $0
Seat 1: bluebird7551 (button) (small blind) folded before Flop
Seat 2: TinaTurner72 (big blind) collected ($2)


PokerStars Hand #153429727861:  Hold'em Limit ($3/$6 USD) - 2016/05/16 23:41:06 ET
Table 'Janus' 6-max Seat #1 is the button
Seat 1: bluebird7551 ($33.60 in chips)
Seat 2: TinaTurner72 ($192.10 in chips)
bluebird7551: posts small blind $1
TinaTurner72: posts big blind $3
*** HOLE CARDS ***
bluebird7551: folds
Uncalled bet ($2) returned to TinaTurner72
TinaTurner72 collected $2 from pot
TinaTurner72: doesn't show hand
*** SUMMARY ***
Total pot $2 | Rake $0
Seat 1: bluebird7551 (button) (small blind) folded before Flop
Seat 2: TinaTurner72 (big blind) collected ($2)


PokerStars Hand #153429752839:  Hold'em Limit ($3/$6 USD) - 2016/05/16 23:42:36 ET
Table 'Janus' 6-max Seat #2 is the button
Seat 1: bluebird7551 ($13.70 in chips)
Seat 2: TinaTurner72 ($210.52 in chips)
TinaTurner72: posts small blind $1
bluebird7551: posts big blind $3
*** HOLE CARDS ***
TinaTurner72: folds
Uncalled bet ($2) returned to bluebird7551
bluebird7551 collected $2 from pot
*** SUMMARY ***
Total pot $2 | Rake $0
Seat 1: bluebird7551 (big blind) collected ($2)
Seat 2: TinaTurner72 (button) (small blind) folded before Flop


PokerStars Hand #153429745999:  Hold'em Limit ($3/$6 USD) - 2016/05/16 23:42:12 ET
Table 'Janus' 6-max Seat #1 is the button
Seat 1: bluebird7551 ($25.70 in chips)
Seat 2: TinaTurner72 ($199 in chips)
bluebird7551: posts small blind $1
TinaTurner72: posts big blind $3
*** HOLE CARDS ***
bluebird7551: raises $3 to $6
TinaTurner72: raises $3 to $9
bluebird7551: calls $3
*** FLOP *** [5h 4d 5d]
TinaTurner72: bets $3
bluebird7551: calls $3
*** TURN *** [5h 4d 5d] [6s]
TinaTurner72: bets $6
bluebird7551: folds
Uncalled bet ($6) returned to TinaTurner72
TinaTurner72 collected $23.52 from pot
TinaTurner72: doesn't show hand
*** SUMMARY ***
Total pot $24 | Rake $0.48
Board [5h 4d 5d 6s]
Seat 1: bluebird7551 (button) (small blind) folded on the Turn
Seat 2: TinaTurner72 (big blind) collected ($23.52)


PokerStars Hand #153429744214:  Hold'em Limit ($3/$6 USD) - 2016/05/16 23:42:05 ET
Table 'Janus' 6-max Seat #2 is the button
Seat 1: bluebird7551 ($28.70 in chips)
Seat 2: TinaTurner72 ($196 in chips)
TinaTurner72: posts small blind $1
bluebird7551: posts big blind $3
*** HOLE CARDS ***
TinaTurner72: raises $3 to $6
bluebird7551: folds
Uncalled bet ($3) returned to TinaTurner72
TinaTurner72 collected $6 from pot
TinaTurner72: doesn't show hand
*** SUMMARY ***
Total pot $6 | Rake $0
Seat 1: bluebird7551 (big blind) folded before Flop
Seat 2: TinaTurner72 (button) (small blind) collected ($6)


PokerStars Hand #153429737641:  Hold'em Limit ($3/$6 USD) - 2016/05/16 23:41:42 ET
Table 'Janus' 6-max Seat #1 is the button
Seat 1: bluebird7551 ($14.60 in chips)
Seat 2: TinaTurner72 ($210.60 in chips)
bluebird7551: posts small blind $1
TinaTurner72: posts big blind $3
*** HOLE CARDS ***
bluebird7551: raises $3 to $6
TinaTurner72: raises $3 to $9
bluebird7551: raises $3 to $12
Betting is capped
TinaTurner72: calls $3
*** FLOP *** [9h Ts 2s]
TinaTurner72: bets $3
bluebird7551: calls $2.60 and is all-in
Uncalled bet ($0.40) returned to TinaTurner72
*** TURN *** [9h Ts 2s] [Qd]
*** RIVER *** [9h Ts 2s Qd] [Ks]
*** SHOW DOWN ***
TinaTurner72: shows [Ah 5d] (high card Ace)
bluebird7551: shows [Kd Td] (two pair, Kings and Tens)
bluebird7551 collected $28.70 from pot
*** SUMMARY ***
Total pot $29.20 | Rake $0.50
Board [9h Ts 2s Qd Ks]
Seat 1: bluebird7551 (button) (small blind) showed [Kd Td] and won ($28.70) with two pair, Kings and Tens
Seat 2: TinaTurner72 (big blind) showed [Ah 5d] and lost with high card Ace


PokerStars Hand #153429767363:  Hold'em Limit ($3/$6 USD) - 2016/05/16 23:43:29 ET
Table 'Janus' 6-max Seat #2 is the button
Seat 1: bluebird7551 ($13.46 in chips)
Seat 2: TinaTurner72 ($210.28 in chips)
TinaTurner72: posts small blind $1
bluebird7551: posts big blind $3
*** HOLE CARDS ***
TinaTurner72: raises $3 to $6
bluebird7551: folds
Uncalled bet ($3) returned to TinaTurner72
TinaTurner72 collected $6 from pot
TinaTurner72: doesn't show hand
*** SUMMARY ***
Total pot $6 | Rake $0
Seat 1: bluebird7551 (big blind) folded before Flop
Seat 2: TinaTurner72 (button) (small blind) collected ($6)


PokerStars Hand #153429755243:  Hold'em Limit ($3/$6 USD) - 2016/05/16 23:42:45 ET
Table 'Janus' 6-max Seat #1 is the button
Seat 1: bluebird7551 ($14.70 in chips)
Seat 2: TinaTurner72 ($209.52 in chips)
bluebird7551: posts small blind $1
TinaTurner72: posts big blind $3
*** HOLE CARDS ***
bluebird7551: raises $3 to $6
TinaTurner72: calls $3
*** FLOP *** [Qh 3s 4c]
TinaTurner72: checks
bluebird7551: bets $3
TinaTurner72: folds
Uncalled bet ($3) returned to bluebird7551
bluebird7551 collected $11.76 from pot
*** SUMMARY ***
Total pot $12 | Rake $0.24
Board [Qh 3s 4c]
Seat 1: bluebird7551 (button) (small blind) collected ($11.76)
Seat 2: TinaTurner72 (big blind) folded on the Flop


PokerStars Hand #153429769735:  Hold'em Limit ($3/$6 USD) - 2016/05/16 23:43:38 ET
Table 'Janus' 6-max Seat #1 is the button
Seat 1: bluebird7551 ($10.46 in chips)
Seat 2: TinaTurner72 ($213.28 in chips)
bluebird7551: posts small blind $1
TinaTurner72: posts big blind $3
*** HOLE CARDS ***
bluebird7551: folds
Uncalled bet ($2) returned to TinaTurner72
bluebird7551 leaves the table
TinaTurner72 collected $2 from pot
TinaTurner72: doesn't show hand
*** SUMMARY ***
Total pot $2 | Rake $0
Seat 1: bluebird7551 (button) (small blind) folded before Flop
Seat 2: TinaTurner72 (big blind) collected ($2)


PokerStars Hand #153429765716:  Hold'em Limit ($3/$6 USD) - 2016/05/16 23:43:23 ET
Table 'Janus' 6-max Seat #1 is the button
Seat 1: bluebird7551 ($14.46 in chips)
Seat 2: TinaTurner72 ($209.28 in chips)
bluebird7551: posts small blind $1
TinaTurner72: posts big blind $3
*** HOLE CARDS ***
bluebird7551: folds
Uncalled bet ($2) returned to TinaTurner72
TinaTurner72 collected $2 from pot
TinaTurner72: doesn't show hand
*** SUMMARY ***
Total pot $2 | Rake $0
Seat 1: bluebird7551 (button) (small blind) folded before Flop
Seat 2: TinaTurner72 (big blind) collected ($2)


PokerStars Hand #153429760341:  Hold'em Limit ($3/$6 USD) - 2016/05/16 23:43:04 ET
Table 'Janus' 6-max Seat #2 is the button
Seat 1: bluebird7551 ($20.46 in chips)
Seat 2: TinaTurner72 ($203.52 in chips)
TinaTurner72: posts small blind $1
bluebird7551: posts big blind $3
*** HOLE CARDS ***
TinaTurner72: raises $3 to $6
bluebird7551: calls $3
*** FLOP *** [6c 8c 9c]
bluebird7551: checks
TinaTurner72: bets $3
bluebird7551: folds
Uncalled bet ($3) returned to TinaTurner72
TinaTurner72 collected $11.76 from pot
TinaTurner72: doesn't show hand
*** SUMMARY ***
Total pot $12 | Rake $0.24
Board [6c 8c 9c]
Seat 1: bluebird7551 (big blind) folded on the Flop
Seat 2: TinaTurner72 (button) (small blind) collected ($11.76)


PokerStars Hand #153430437599:  Hold'em Limit ($3/$6 USD) - 2016/05/17 0:25:42 ET
Table 'Janus' 6-max Seat #2 is the button
Seat 1: TinaTurner72 ($94 in chips)
Seat 2: hairy1961 ($85.02 in chips)
hairy1961: posts small blind $1
TinaTurner72: posts big blind $3
*** HOLE CARDS ***
hairy1961: folds
Uncalled bet ($2) returned to TinaTurner72
TinaTurner72 collected $2 from pot
TinaTurner72: doesn't show hand
*** SUMMARY ***
Total pot $2 | Rake $0
Seat 1: TinaTurner72 (big blind) collected ($2)
Seat 2: hairy1961 (button) (small blind) folded before Flop


PokerStars Hand #153430434706:  Hold'em Limit ($3/$6 USD) - 2016/05/17 0:25:31 ET
Table 'Janus' 6-max Seat #1 is the button
Seat 1: TinaTurner72 ($91 in chips)
Seat 2: hairy1961 ($88.02 in chips)
TinaTurner72: posts small blind $1
hairy1961: posts big blind $3
*** HOLE CARDS ***
TinaTurner72: raises $3 to $6
hairy1961: folds
Uncalled bet ($3) returned to TinaTurner72
TinaTurner72 collected $6 from pot
TinaTurner72: doesn't show hand
*** SUMMARY ***
Total pot $6 | Rake $0
Seat 1: TinaTurner72 (button) (small blind) collected ($6)
Seat 2: hairy1961 (big blind) folded before Flop


PokerStars Hand #153430430579:  Hold'em Limit ($3/$6 USD) - 2016/05/17 0:25:15 ET
Table 'Janus' 6-max Seat #2 is the button
Seat 1: TinaTurner72 ($94 in chips)
Seat 2: hairy1961 ($85.02 in chips)
hairy1961: posts small blind $1
TinaTurner72: posts big blind $3
*** HOLE CARDS ***
hairy1961: raises $3 to $6
TinaTurner72: folds
Uncalled bet ($3) returned to hairy1961
hairy1961 collected $6 from pot
*** SUMMARY ***
Total pot $6 | Rake $0
Seat 1: TinaTurner72 (big blind) folded before Flop
Seat 2: hairy1961 (button) (small blind) collected ($6)


PokerStars Hand #153430799248:  Hold'em Limit ($3/$6 USD) - 2016/05/17 0:49:21 ET
Table 'Janus' 6-max Seat #1 is the button
Seat 1: TinaTurner72 ($108.14 in chips)
Seat 4: artecris ($173.06 in chips)
TinaTurner72: posts small blind $1
artecris: posts big blind $3
*** HOLE CARDS ***
TinaTurner72: raises $3 to $6
artecris: calls $3
*** FLOP *** [Ad Kh Kc]
artecris: checks
TinaTurner72: bets $3
artecris: folds
Uncalled bet ($3) returned to TinaTurner72
TinaTurner72 collected $11.76 from pot
TinaTurner72: doesn't show hand
*** SUMMARY ***
Total pot $12 | Rake $0.24
Board [Ad Kh Kc]
Seat 1: TinaTurner72 (button) (small blind) collected ($11.76)
Seat 4: artecris (big blind) folded on the Flop


PokerStars Hand #153430797544:  Hold'em Limit ($3/$6 USD) - 2016/05/17 0:49:14 ET
Table 'Janus' 6-max Seat #4 is the button
Seat 1: TinaTurner72 ($107.14 in chips)
Seat 4: artecris ($174.06 in chips)
artecris: posts small blind $1
TinaTurner72: posts big blind $3
*** HOLE CARDS ***
artecris: folds
Uncalled bet ($2) returned to TinaTurner72
TinaTurner72 collected $2 from pot
TinaTurner72: doesn't show hand
*** SUMMARY ***
Total pot $2 | Rake $0
Seat 1: TinaTurner72 (big blind) collected ($2)
Seat 4: artecris (button) (small blind) folded before Flop


PokerStars Hand #153430789529:  Hold'em Limit ($3/$6 USD) - 2016/05/17 0:48:41 ET
Table 'Janus' 6-max Seat #1 is the button
Seat 1: TinaTurner72 ($125.14 in chips)
Seat 4: artecris ($156.56 in chips)
TinaTurner72: posts small blind $1
artecris: posts big blind $3
*** HOLE CARDS ***
TinaTurner72: raises $3 to $6
artecris: calls $3
*** FLOP *** [7h 7s 4s]
artecris: checks
TinaTurner72: bets $3
artecris: raises $3 to $6
TinaTurner72: calls $3
*** TURN *** [7h 7s 4s] [8h]
artecris: bets $6
TinaTurner72: calls $6
*** RIVER *** [7h 7s 4s 8h] [Ad]
artecris: bets $6
TinaTurner72: folds
Uncalled bet ($6) returned to artecris
artecris collected $35.50 from pot
artecris: doesn't show hand
*** SUMMARY ***
Total pot $36 | Rake $0.50
Board [7h 7s 4s 8h Ad]
Seat 1: TinaTurner72 (button) (small blind) folded on the River
Seat 4: artecris (big blind) collected ($35.50)


PokerStars Hand #153430802049:  Hold'em Limit ($3/$6 USD) - 2016/05/17 0:49:32 ET
Table 'Janus' 6-max Seat #4 is the button
Seat 1: TinaTurner72 ($113.90 in chips)
Seat 4: artecris ($167.06 in chips)
artecris: posts small blind $1
TinaTurner72: posts big blind $3
*** HOLE CARDS ***
artecris: raises $3 to $6
TinaTurner72: calls $3
*** FLOP *** [Jd Jc Ks]
TinaTurner72: checks
artecris: bets $3
TinaTurner72: folds
Uncalled bet ($3) returned to artecris
artecris collected $11.76 from pot
artecris: doesn't show hand
*** SUMMARY ***
Total pot $12 | Rake $0.24
Board [Jd Jc Ks]
Seat 1: TinaTurner72 (big blind) folded on the Flop
Seat 4: artecris (button) (small blind) collected ($11.76)


PokerStars Hand #153430804303:  Hold'em Limit ($3/$6 USD) - 2016/05/17 0:49:42 ET
Table 'Janus' 6-max Seat #1 is the button
Seat 1: TinaTurner72 ($107.90 in chips)
Seat 4: artecris ($172.82 in chips)
TinaTurner72: posts small blind $1
artecris: posts big blind $3
*** HOLE CARDS ***
TinaTurner72: raises $3 to $6
artecris: calls $3
*** FLOP *** [Ad Th 9s]
artecris: checks
dirtygame93 joins the table at seat #6
TinaTurner72: bets $3
artecris: calls $3
*** TURN *** [Ad Th 9s] [3d]
artecris: checks
TinaTurner72: bets $6
artecris: calls $6
*** RIVER *** [Ad Th 9s 3d] [Qd]
artecris: checks
TinaTurner72: bets $6
artecris: folds
Uncalled bet ($6) returned to TinaTurner72
TinaTurner72 collected $29.50 from pot
TinaTurner72: doesn't show hand
*** SUMMARY ***
Total pot $30 | Rake $0.50
Board [Ad Th 9s 3d Qd]
Seat 1: TinaTurner72 (button) (small blind) collected ($29.50)
Seat 4: artecris (big blind) folded on the River


