PokerStars Hand #155262144916:  Hold'em Limit ($3/$6 USD) - 2016/06/27 10:43:16 ET
Table 'Janus' 6-max Seat #3 is the button
Seat 3: sawel888 ($277.31 in chips)
Seat 4: AzureCaper ($72 in chips)
sawel888: posts small blind $1
AzureCaper: posts big blind $3
*** HOLE CARDS ***
sawel888: folds
Uncalled bet ($2) returned to AzureCaper
AzureCaper collected $2 from pot
AzureCaper: doesn't show hand
*** SUMMARY ***
Total pot $2 | Rake $0
Seat 3: sawel888 (button) (small blind) folded before Flop
Seat 4: AzureCaper (big blind) collected ($2)


PokerStars Hand #155262164876:  Hold'em Limit ($3/$6 USD) - 2016/06/27 10:43:52 ET
Table 'Janus' 6-max Seat #3 is the button
Seat 3: sawel888 ($302.81 in chips)
Seat 4: AzureCaper ($72 in chips)
sawel888: posts small blind $1
AzureCaper: posts big blind $3
*** HOLE CARDS ***
sawel888: raises $3 to $6
AzureCaper: folds
Uncalled bet ($3) returned to sawel888
sawel888 collected $6 from pot
sawel888: doesn't show hand
*** SUMMARY ***
Total pot $6 | Rake $0
Seat 3: sawel888 (button) (small blind) collected ($6)
Seat 4: AzureCaper (big blind) folded before Flop


PokerStars Hand #155262149352:  Hold'em Limit ($3/$6 USD) - 2016/06/27 10:43:24 ET
Table 'Janus' 6-max Seat #4 is the button
Seat 3: sawel888 ($276.31 in chips)
Seat 4: AzureCaper ($73 in chips)
AzureCaper: posts small blind $1
sawel888: posts big blind $3
*** HOLE CARDS ***
AzureCaper: raises $3 to $6
RockKillerTY joins the table at seat #5
sawel888: calls $3
*** FLOP *** [5d 4s 5c]
sawel888: checks
AzureCaper: bets $3
sawel888: calls $3
*** TURN *** [5d 4s 5c] [2s]
sawel888: checks
AzureCaper: bets $6
sawel888: raises $6 to $12
AzureCaper: calls $6
*** RIVER *** [5d 4s 5c 2s] [6s]
sawel888: bets $6
AzureCaper: calls $6
*** SHOW DOWN ***
sawel888: shows [3h 7c] (a straight, Three to Seven)
AzureCaper: mucks hand
sawel888 collected $53.50 from pot
*** SUMMARY ***
Total pot $54 | Rake $0.50
Board [5d 4s 5c 2s 6s]
Seat 3: sawel888 (big blind) showed [3h 7c] and won ($53.50) with a straight, Three to Seven
Seat 4: AzureCaper (button) (small blind) mucked


PokerStars Hand #155263284185:  Hold'em Limit ($3/$6 USD) - 2016/06/27 11:18:04 ET
Table 'Janus' 6-max Seat #1 is the button
Seat 1: Smitaren ($279 in chips)
Seat 4: ABATAPP ($120 in chips)
Smitaren: posts small blind $1
ABATAPP: posts big blind $3
*** HOLE CARDS ***
Smitaren: raises $3 to $6
ABATAPP: folds
Uncalled bet ($3) returned to Smitaren
Smitaren collected $6 from pot
Smitaren: doesn't show hand
*** SUMMARY ***
Total pot $6 | Rake $0
Seat 1: Smitaren (button) (small blind) collected ($6)
Seat 4: ABATAPP (big blind) folded before Flop


PokerStars Hand #155263255962:  Hold'em Limit ($3/$6 USD) - 2016/06/27 11:17:14 ET
Table 'Janus' 6-max Seat #3 is the button
Seat 1: Smitaren ($278 in chips)
Seat 3: Mr.Reaper47 ($81 in chips)
Mr.Reaper47: posts small blind $1
Smitaren: posts big blind $3
*** HOLE CARDS ***
ABATAPP joins the table at seat #4
Mr.Reaper47 has timed out
Mr.Reaper47: folds
Uncalled bet ($2) returned to Smitaren
Smitaren collected $2 from pot
Smitaren: doesn't show hand
*** SUMMARY ***
Total pot $2 | Rake $0
Seat 1: Smitaren (big blind) collected ($2)
Seat 3: Mr.Reaper47 (button) (small blind) folded before Flop


