PokerStars Hand #160110885331:  Hold'em Limit ($3/$6 USD) - 2016/10/18 13:55:38 ET
Table 'Jeffers' 6-max Seat #3 is the button
Seat 3: cheeestar198 ($30.53 in chips)
Seat 4: Great_Kang ($120 in chips)
cheeestar198: posts small blind $1
Great_Kang: posts big blind $3
*** HOLE CARDS ***
cheeestar198: raises $3 to $6
Great_Kang: raises $3 to $9
cheeestar198: calls $3
*** FLOP *** [5h Ac Tc]
Great_Kang: bets $3
cheeestar198: calls $3
*** TURN *** [5h Ac Tc] [9s]
Great_Kang: checks
cheeestar198: bets $6
Great_Kang: folds
Uncalled bet ($6) returned to cheeestar198
cheeestar198 collected $23.52 from pot
cheeestar198: doesn't show hand
*** SUMMARY ***
Total pot $24 | Rake $0.48
Board [5h Ac Tc 9s]
Seat 3: cheeestar198 (button) (small blind) collected ($23.52)
Seat 4: Great_Kang (big blind) folded on the Turn


PokerStars Hand #160110925554:  Hold'em Limit ($3/$6 USD) - 2016/10/18 13:56:39 ET
Table 'Jeffers' 6-max Seat #4 is the button
Seat 3: cheeestar198 ($32.05 in chips)
Seat 4: Great_Kang ($129.64 in chips)
Great_Kang: posts small blind $1
cheeestar198: posts big blind $3
*** HOLE CARDS ***
Great_Kang: raises $3 to $6
cheeestar198: calls $3
*** FLOP *** [Tc 8h 9s]
cheeestar198: checks
Great_Kang: bets $3
cheeestar198: calls $3
*** TURN *** [Tc 8h 9s] [3s]
cheeestar198: checks
Great_Kang: checks
*** RIVER *** [Tc 8h 9s 3s] [2c]
cheeestar198: bets $6
Great_Kang: folds
Uncalled bet ($6) returned to cheeestar198
cheeestar198 collected $17.64 from pot
cheeestar198: doesn't show hand
*** SUMMARY ***
Total pot $18 | Rake $0.36
Board [Tc 8h 9s 3s 2c]
Seat 3: cheeestar198 (big blind) collected ($17.64)
Seat 4: Great_Kang (button) (small blind) folded on the River


PokerStars Hand #160110921598:  Hold'em Limit ($3/$6 USD) - 2016/10/18 13:56:33 ET
Table 'Jeffers' 6-max Seat #3 is the button
Seat 3: cheeestar198 ($33.05 in chips)
Seat 4: Great_Kang ($128.64 in chips)
cheeestar198: posts small blind $1
Great_Kang: posts big blind $3
*** HOLE CARDS ***
cheeestar198: folds
Uncalled bet ($2) returned to Great_Kang
Great_Kang collected $2 from pot
Great_Kang: doesn't show hand
*** SUMMARY ***
Total pot $2 | Rake $0
Seat 3: cheeestar198 (button) (small blind) folded before Flop
Seat 4: Great_Kang (big blind) collected ($2)


PokerStars Hand #160110910359:  Hold'em Limit ($3/$6 USD) - 2016/10/18 13:56:16 ET
Table 'Jeffers' 6-max Seat #4 is the button
Seat 3: cheeestar198 ($42.05 in chips)
Seat 4: Great_Kang ($120 in chips)
Great_Kang: posts small blind $1
cheeestar198: posts big blind $3
*** HOLE CARDS ***
Great_Kang: raises $3 to $6
cheeestar198: calls $3
*** FLOP *** [7d As 9h]
cheeestar198: checks
Great_Kang: bets $3
cheeestar198: calls $3
*** TURN *** [7d As 9h] [Qs]
cheeestar198: checks
Great_Kang: bets $6
cheeestar198: folds
Uncalled bet ($6) returned to Great_Kang
Great_Kang collected $17.64 from pot
Great_Kang: doesn't show hand
*** SUMMARY ***
Total pot $18 | Rake $0.36
Board [7d As 9h Qs]
Seat 3: cheeestar198 (big blind) folded on the Turn
Seat 4: Great_Kang (button) (small blind) collected ($17.64)


PokerStars Hand #160110941465:  Hold'em Limit ($3/$6 USD) - 2016/10/18 13:57:03 ET
Table 'Jeffers' 6-max Seat #3 is the button
Seat 3: cheeestar198 ($40.69 in chips)
Seat 4: Great_Kang ($120.64 in chips)
cheeestar198: posts small blind $1
Great_Kang: posts big blind $3
*** HOLE CARDS ***
cheeestar198: calls $2
Great_Kang: raises $3 to $6
cheeestar198: calls $3
*** FLOP *** [Qd 8c Jh]
Great_Kang: checks
ajo8821 joins the table at seat #6
cheeestar198: bets $3
Great_Kang: folds
Uncalled bet ($3) returned to cheeestar198
cheeestar198 collected $11.76 from pot
cheeestar198: doesn't show hand
*** SUMMARY ***
Total pot $12 | Rake $0.24
Board [Qd 8c Jh]
Seat 3: cheeestar198 (button) (small blind) collected ($11.76)
Seat 4: Great_Kang (big blind) folded on the Flop


PokerStars Hand #160112299951:  Hold'em Limit ($3/$6 USD) - 2016/10/18 14:24:36 ET
Table 'Jeffers' 6-max Seat #1 is the button
Seat 1: Actionni13 ($154.96 in chips)
Seat 2: ABATAPP ($120 in chips)
Actionni13: posts small blind $1
ABATAPP: posts big blind $3
*** HOLE CARDS ***
Actionni13: raises $3 to $6
ABATAPP: folds
Uncalled bet ($3) returned to Actionni13
Actionni13 collected $6 from pot
Actionni13: doesn't show hand
*** SUMMARY ***
Total pot $6 | Rake $0
Seat 1: Actionni13 (button) (small blind) collected ($6)
Seat 2: ABATAPP (big blind) folded before Flop


