PokerStars Hand #153626457489:  Hold'em Limit ($3/$6 USD) - 2016/05/21 7:33:01 ET
Table 'Jeffers' 10-max Seat #2 is the button
Seat 1: Ag3r0n ($72 in chips)
Seat 2: boiotov ($73 in chips)
boiotov: posts small blind $1
Ag3r0n: posts big blind $3
*** HOLE CARDS ***
boiotov: folds
Uncalled bet ($2) returned to Ag3r0n
Ag3r0n collected $2 from pot
*** SUMMARY ***
Total pot $2 | Rake $0
Seat 1: Ag3r0n (big blind) collected ($2)
Seat 2: boiotov (button) (small blind) folded before Flop


PokerStars Hand #153626452187:  Hold'em Limit ($3/$6 USD) - 2016/05/21 7:32:50 ET
Table 'Jeffers' 10-max Seat #1 is the button
Seat 1: Ag3r0n ($72 in chips)
Seat 2: boiotov ($72 in chips)
Ag3r0n: posts small blind $1
boiotov: posts big blind $3
*** HOLE CARDS ***
Ag3r0n: folds
Uncalled bet ($2) returned to boiotov
boiotov collected $2 from pot
boiotov: doesn't show hand
*** SUMMARY ***
Total pot $2 | Rake $0
Seat 1: Ag3r0n (button) (small blind) folded before Flop
Seat 2: boiotov (big blind) collected ($2)


PokerStars Hand #153626460765:  Hold'em Limit ($3/$6 USD) - 2016/05/21 7:33:07 ET
Table 'Jeffers' 10-max Seat #1 is the button
Seat 1: Ag3r0n ($73 in chips)
Seat 2: boiotov ($72 in chips)
Ag3r0n: posts small blind $1
boiotov: posts big blind $3
*** HOLE CARDS ***
Ag3r0n: raises $3 to $6
boiotov: calls $3
*** FLOP *** [4d Tc Qh]
RockKillerTY joins the table at seat #3
boiotov: checks
Ag3r0n: bets $3
boiotov: calls $3
*** TURN *** [4d Tc Qh] [Jc]
boiotov: checks
Ag3r0n: checks
*** RIVER *** [4d Tc Qh Jc] [8c]
boiotov: bets $6
Ag3r0n: folds
Uncalled bet ($6) returned to boiotov
boiotov collected $17.64 from pot
boiotov: doesn't show hand
*** SUMMARY ***
Total pot $18 | Rake $0.36
Board [4d Tc Qh Jc 8c]
Seat 1: Ag3r0n (button) (small blind) folded on the River
Seat 2: boiotov (big blind) collected ($17.64)


