PokerStars Hand #145549618049:  Hold'em Limit ($3/$6 USD) - 2015/12/18 16:31:26 ET
Table 'Jeffers III' 6-max Seat #3 is the button
Seat 3: garry67677 ($56.48 in chips)
Seat 4: AzureCaper ($76 in chips)
garry67677: posts small blind $1
AzureCaper: posts big blind $3
*** HOLE CARDS ***
garry67677: folds
Uncalled bet ($2) returned to AzureCaper
AzureCaper collected $2 from pot
AzureCaper: doesn't show hand
*** SUMMARY ***
Total pot $2 | Rake $0
Seat 3: garry67677 (button) (small blind) folded before Flop
Seat 4: AzureCaper (big blind) collected ($2)


PokerStars Hand #145549613970:  Hold'em Limit ($3/$6 USD) - 2015/12/18 16:31:22 ET
Table 'Jeffers III' 6-max Seat #4 is the button
Seat 3: garry67677 ($55.48 in chips)
Seat 4: AzureCaper ($77 in chips)
AzureCaper: posts small blind $1
garry67677: posts big blind $3
*** HOLE CARDS ***
AzureCaper: folds
Uncalled bet ($2) returned to garry67677
garry67677 collected $2 from pot
garry67677: doesn't show hand
*** SUMMARY ***
Total pot $2 | Rake $0
Seat 3: garry67677 (big blind) collected ($2)
Seat 4: AzureCaper (button) (small blind) folded before Flop


PokerStars Hand #145549626692:  Hold'em Limit ($3/$6 USD) - 2015/12/18 16:31:36 ET
Table 'Jeffers III' 6-max Seat #3 is the button
Seat 3: garry67677 ($56.48 in chips)
Seat 4: AzureCaper ($76 in chips)
garry67677: posts small blind $1
AzureCaper: posts big blind $3
*** HOLE CARDS ***
garry67677: calls $2
AzureCaper: checks
*** FLOP *** [3s Js 8d]
boony444 joins the table at seat #5
AzureCaper: checks
garry67677: checks
*** TURN *** [3s Js 8d] [6c]
AzureCaper: checks
garry67677: checks
*** RIVER *** [3s Js 8d 6c] [Kd]
AzureCaper: checks
garry67677: checks
*** SHOW DOWN ***
AzureCaper: shows [Td Qh] (high card King)
garry67677: shows [9d 6d] (a pair of Sixes)
garry67677 collected $5.88 from pot
*** SUMMARY ***
Total pot $6 | Rake $0.12
Board [3s Js 8d 6c Kd]
Seat 3: garry67677 (button) (small blind) showed [9d 6d] and won ($5.88) with a pair of Sixes
Seat 4: AzureCaper (big blind) showed [Td Qh] and lost with high card King


PokerStars Hand #145549622531:  Hold'em Limit ($3/$6 USD) - 2015/12/18 16:31:31 ET
Table 'Jeffers III' 6-max Seat #4 is the button
Seat 3: garry67677 ($55.48 in chips)
Seat 4: AzureCaper ($77 in chips)
AzureCaper: posts small blind $1
garry67677: posts big blind $3
*** HOLE CARDS ***
AzureCaper: folds
Uncalled bet ($2) returned to garry67677
garry67677 collected $2 from pot
garry67677: doesn't show hand
*** SUMMARY ***
Total pot $2 | Rake $0
Seat 3: garry67677 (big blind) collected ($2)
Seat 4: AzureCaper (button) (small blind) folded before Flop


PokerStars Hand #145552036206:  Hold'em Limit ($3/$6 USD) - 2015/12/18 17:17:27 ET
Table 'Jeffers III' 6-max Seat #2 is the button
Seat 2: MellivoraSto ($66.26 in chips)
Seat 4: Karpik09 ($116.20 in chips)
MellivoraSto: posts small blind $1
garry67677: is sitting out
Karpik09: posts big blind $3
*** HOLE CARDS ***
MellivoraSto: raises $3 to $6
Karpik09: folds
Uncalled bet ($3) returned to MellivoraSto
MellivoraSto collected $6 from pot
MellivoraSto: doesn't show hand
*** SUMMARY ***
Total pot $6 | Rake $0
Seat 2: MellivoraSto (button) (small blind) collected ($6)
Seat 4: Karpik09 (big blind) folded before Flop


PokerStars Hand #145552044863:  Hold'em Limit ($3/$6 USD) - 2015/12/18 17:17:36 ET
Table 'Jeffers III' 6-max Seat #4 is the button
Seat 2: MellivoraSto ($69.26 in chips)
Seat 4: Karpik09 ($113.20 in chips)
Karpik09: posts small blind $1
MellivoraSto: posts big blind $3
*** HOLE CARDS ***
Karpik09: folds
Uncalled bet ($2) returned to MellivoraSto
MellivoraSto collected $2 from pot
MellivoraSto: doesn't show hand
*** SUMMARY ***
Total pot $2 | Rake $0
Seat 2: MellivoraSto (big blind) collected ($2)
Seat 4: Karpik09 (button) (small blind) folded before Flop


