PokerStars Hand #176925653450:  Hold'em Limit ($3/$6 USD) - 2017/10/14 19:51:51 ET
Table 'Jena' 6-max Seat #1 is the button
Seat 1: soucykole ($74.52 in chips)
Seat 3: simper11 ($90 in chips)
soucykole: posts small blind $1
simper11: posts big blind $3
*** HOLE CARDS ***
soucykole: raises $3 to $6
simper11: calls $3
*** FLOP *** [3s Qs 4h]
simper11: checks
sepperl100 joins the table at seat #2
soucykole: checks
*** TURN *** [3s Qs 4h] [6c]
simper11: checks
soucykole: checks
*** RIVER *** [3s Qs 4h 6c] [5d]
simper11: checks
soucykole: checks
*** SHOW DOWN ***
simper11: shows [8s Kd] (high card King)
soucykole: mucks hand
simper11 collected $11.76 from pot
*** SUMMARY ***
Total pot $12 | Rake $0.24
Board [3s Qs 4h 6c 5d]
Seat 1: soucykole (button) (small blind) mucked
Seat 3: simper11 (big blind) showed [8s Kd] and won ($11.76) with high card King


PokerStars Hand #176925669795:  Hold'em Limit ($3/$6 USD) - 2017/10/14 19:52:23 ET
Table 'Jena' 6-max Seat #3 is the button
Seat 1: soucykole ($68.52 in chips)
Seat 3: simper11 ($95.76 in chips)
simper11: posts small blind $1
soucykole: posts big blind $3
alpha2777 joins the table at seat #5
*** HOLE CARDS ***
simper11: raises $3 to $6
soucykole: folds
Uncalled bet ($3) returned to simper11
simper11 collected $6 from pot
simper11: doesn't show hand
*** SUMMARY ***
Total pot $6 | Rake $0
Seat 1: soucykole (big blind) folded before Flop
Seat 3: simper11 (button) (small blind) collected ($6)


