PokerStars Hand #167898393039:  Hold'em Limit ($3/$6 USD) - 2017/03/21 9:36:29 ET
Table 'Jens' 10-max Seat #5 is the button
Seat 5: DanielT999 ($120 in chips)
Seat 6: sim5sim5 ($72 in chips)
DanielT999: posts small blind $1
sim5sim5: posts big blind $3
*** HOLE CARDS ***
DanielT999: folds
Uncalled bet ($2) returned to sim5sim5
sim5sim5 collected $2 from pot
sim5sim5: doesn't show hand
*** SUMMARY ***
Total pot $2 | Rake $0
Seat 5: DanielT999 (button) (small blind) folded before Flop
Seat 6: sim5sim5 (big blind) collected ($2)


PokerStars Hand #167898388094:  Hold'em Limit ($3/$6 USD) - 2017/03/21 9:36:20 ET
Table 'Jens' 10-max Seat #6 is the button
Seat 5: DanielT999 ($119 in chips)
Seat 6: sim5sim5 ($73 in chips)
sim5sim5: posts small blind $1
DanielT999: posts big blind $3
*** HOLE CARDS ***
sim5sim5: folds
Uncalled bet ($2) returned to DanielT999
DanielT999 collected $2 from pot
DanielT999: doesn't show hand
*** SUMMARY ***
Total pot $2 | Rake $0
Seat 5: DanielT999 (big blind) collected ($2)
Seat 6: sim5sim5 (button) (small blind) folded before Flop


PokerStars Hand #167898379453:  Hold'em Limit ($3/$6 USD) - 2017/03/21 9:36:05 ET
Table 'Jens' 10-max Seat #5 is the button
Seat 5: DanielT999 ($120 in chips)
Seat 6: sim5sim5 ($72 in chips)
DanielT999: posts small blind $1
sim5sim5: posts big blind $3
*** HOLE CARDS ***
DanielT999: folds
Uncalled bet ($2) returned to sim5sim5
sim5sim5 collected $2 from pot
sim5sim5: doesn't show hand
*** SUMMARY ***
Total pot $2 | Rake $0
Seat 5: DanielT999 (button) (small blind) folded before Flop
Seat 6: sim5sim5 (big blind) collected ($2)


PokerStars Hand #167898395798:  Hold'em Limit ($3/$6 USD) - 2017/03/21 9:36:34 ET
Table 'Jens' 10-max Seat #6 is the button
Seat 5: DanielT999 ($119 in chips)
Seat 6: sim5sim5 ($73 in chips)
sim5sim5: posts small blind $1
DanielT999: posts big blind $3
*** HOLE CARDS ***
sim5sim5: raises $3 to $6
DanielT999: calls $3
*** FLOP *** [8d 2c 3c]
DanielT999: checks
sim5sim5: bets $3
DanielT999: raises $3 to $6
sim5sim5: folds
Uncalled bet ($3) returned to DanielT999
DanielT999 collected $17.64 from pot
DanielT999: doesn't show hand
*** SUMMARY ***
Total pot $18 | Rake $0.36
Board [8d 2c 3c]
Seat 5: DanielT999 (big blind) collected ($17.64)
Seat 6: sim5sim5 (button) (small blind) folded on the Flop


PokerStars Hand #167898429233:  Hold'em Limit ($3/$6 USD) - 2017/03/21 9:37:35 ET
Table 'Jens' 10-max Seat #5 is the button
Seat 5: DanielT999 ($96.64 in chips)
Seat 6: sim5sim5 ($102.50 in chips)
DanielT999: posts small blind $1
sim5sim5: posts big blind $3
*** HOLE CARDS ***
DanielT999: folds
Uncalled bet ($2) returned to sim5sim5
sim5sim5 collected $2 from pot
sim5sim5: doesn't show hand
*** SUMMARY ***
Total pot $2 | Rake $0
Seat 5: DanielT999 (button) (small blind) folded before Flop
Seat 6: sim5sim5 (big blind) collected ($2)


PokerStars Hand #167898412460:  Hold'em Limit ($3/$6 USD) - 2017/03/21 9:37:04 ET
Table 'Jens' 10-max Seat #6 is the button
Seat 5: DanielT999 ($126.64 in chips)
Seat 6: sim5sim5 ($73 in chips)
sim5sim5: posts small blind $1
DanielT999: posts big blind $3
*** HOLE CARDS ***
sim5sim5: raises $3 to $6
DanielT999: raises $3 to $9
sim5sim5: calls $3
*** FLOP *** [3d Td 7c]
DanielT999: bets $3
sim5sim5: calls $3
*** TURN *** [3d Td 7c] [4d]
DanielT999: bets $6
sim5sim5: calls $6
*** RIVER *** [3d Td 7c 4d] [As]
DanielT999: bets $6
sim5sim5: raises $6 to $12
DanielT999: calls $6
*** SHOW DOWN ***
sim5sim5: shows [Ad 3h] (two pair, Aces and Threes)
DanielT999: mucks hand
sim5sim5 collected $59.50 from pot
*** SUMMARY ***
Total pot $60 | Rake $0.50
Board [3d Td 7c 4d As]
Seat 5: DanielT999 (big blind) mucked
Seat 6: sim5sim5 (button) (small blind) showed [Ad 3h] and won ($59.50) with two pair, Aces and Threes


PokerStars Hand #167898409824:  Hold'em Limit ($3/$6 USD) - 2017/03/21 9:37:00 ET
Table 'Jens' 10-max Seat #5 is the button
Seat 5: DanielT999 ($127.64 in chips)
Seat 6: sim5sim5 ($72 in chips)
DanielT999: posts small blind $1
sim5sim5: posts big blind $3
*** HOLE CARDS ***
DanielT999: folds
Uncalled bet ($2) returned to sim5sim5
sim5sim5 collected $2 from pot
sim5sim5: doesn't show hand
*** SUMMARY ***
Total pot $2 | Rake $0
Seat 5: DanielT999 (button) (small blind) folded before Flop
Seat 6: sim5sim5 (big blind) collected ($2)


PokerStars Hand #167898447975:  Hold'em Limit ($3/$6 USD) - 2017/03/21 9:38:09 ET
Table 'Jens' 10-max Seat #5 is the button
Seat 5: DanielT999 ($119.14 in chips)
Seat 6: sim5sim5 ($79.50 in chips)
DanielT999: posts small blind $1
sim5sim5: posts big blind $3
*** HOLE CARDS ***
DanielT999: folds
Uncalled bet ($2) returned to sim5sim5
B_loJkl joins the table at seat #7
sim5sim5 collected $2 from pot
sim5sim5: doesn't show hand
*** SUMMARY ***
Total pot $2 | Rake $0
Seat 5: DanielT999 (button) (small blind) folded before Flop
Seat 6: sim5sim5 (big blind) collected ($2)


PokerStars Hand #167898433244:  Hold'em Limit ($3/$6 USD) - 2017/03/21 9:37:42 ET
Table 'Jens' 10-max Seat #6 is the button
Seat 5: DanielT999 ($95.64 in chips)
Seat 6: sim5sim5 ($103.50 in chips)
sim5sim5: posts small blind $1
DanielT999: posts big blind $3
*** HOLE CARDS ***
sim5sim5: raises $3 to $6
DanielT999: raises $3 to $9
sim5sim5: calls $3
*** FLOP *** [6h Jh 2h]
DanielT999: bets $3
sim5sim5: raises $3 to $6
DanielT999: raises $3 to $9
sim5sim5: calls $3
*** TURN *** [6h Jh 2h] [4s]
DanielT999: bets $6
sim5sim5: calls $6
*** RIVER *** [6h Jh 2h 4s] [Qd]
DanielT999: bets $6
sim5sim5: folds
Uncalled bet ($6) returned to DanielT999
DanielT999 collected $47.50 from pot
DanielT999: doesn't show hand
*** SUMMARY ***
Total pot $48 | Rake $0.50
Board [6h Jh 2h 4s Qd]
Seat 5: DanielT999 (big blind) collected ($47.50)
Seat 6: sim5sim5 (button) (small blind) folded on the River


PokerStars Hand #167898466545:  Hold'em Limit ($3/$6 USD) - 2017/03/21 9:38:42 ET
Table 'Jens' 10-max Seat #7 is the button
Seat 6: sim5sim5 ($100.24 in chips)
Seat 7: B_loJkl ($129 in chips)
B_loJkl: posts small blind $1
sim5sim5: posts big blind $3
*** HOLE CARDS ***
B_loJkl: raises $3 to $6
sim5sim5: calls $3
*** FLOP *** [Ah Th 5s]
sim5sim5: checks
B_loJkl: checks
*** TURN *** [Ah Th 5s] [Qh]
sim5sim5: checks
B_loJkl: bets $6
sim5sim5: folds
Uncalled bet ($6) returned to B_loJkl
B_loJkl collected $11.76 from pot
B_loJkl: doesn't show hand
*** SUMMARY ***
Total pot $12 | Rake $0.24
Board [Ah Th 5s Qh]
Seat 6: sim5sim5 (big blind) folded on the Turn
Seat 7: B_loJkl (button) (small blind) collected ($11.76)


