PokerStars Hand #162140895139:  Hold'em Limit ($3/$6 USD) - 2016/11/29 10:54:59 ET
Table 'Jens' 6-max Seat #1 is the button
Seat 1: Ilham7715 ($61.92 in chips)
Seat 2: TinaTurner72 ($124 in chips)
Ilham7715: posts small blind $1
TinaTurner72: posts big blind $3
*** HOLE CARDS ***
Ilham7715: folds
Uncalled bet ($2) returned to TinaTurner72
TinaTurner72 collected $2 from pot
TinaTurner72: doesn't show hand
*** SUMMARY ***
Total pot $2 | Rake $0
Seat 1: Ilham7715 (button) (small blind) folded before Flop
Seat 2: TinaTurner72 (big blind) collected ($2)


PokerStars Hand #162140915533:  Hold'em Limit ($3/$6 USD) - 2016/11/29 10:55:32 ET
Table 'Jens' 6-max Seat #1 is the button
Seat 1: Ilham7715 ($54.92 in chips)
Seat 2: TinaTurner72 ($130.76 in chips)
Ilham7715: posts small blind $1
TinaTurner72: posts big blind $3
*** HOLE CARDS ***
Ilham7715: raises $3 to $6
TinaTurner72: raises $3 to $9
Ilham7715: calls $3
*** FLOP *** [8c 6s 4c]
TinaTurner72: bets $3
Ilham7715: calls $3
*** TURN *** [8c 6s 4c] [3c]
TinaTurner72: bets $6
Ilham7715: calls $6
*** RIVER *** [8c 6s 4c 3c] [Kh]
TinaTurner72: bets $6
Ilham7715: calls $6
*** SHOW DOWN ***
TinaTurner72: shows [5s 5c] (a pair of Fives)
Ilham7715: shows [Ah 8s] (a pair of Eights)
Ilham7715 collected $47.50 from pot
*** SUMMARY ***
Total pot $48 | Rake $0.50
Board [8c 6s 4c 3c Kh]
Seat 1: Ilham7715 (button) (small blind) showed [Ah 8s] and won ($47.50) with a pair of Eights
Seat 2: TinaTurner72 (big blind) showed [5s 5c] and lost with a pair of Fives


PokerStars Hand #162140911327:  Hold'em Limit ($3/$6 USD) - 2016/11/29 10:55:25 ET
Table 'Jens' 6-max Seat #2 is the button
Seat 1: Ilham7715 ($53.92 in chips)
Seat 2: TinaTurner72 ($131.76 in chips)
TinaTurner72: posts small blind $1
Ilham7715: posts big blind $3
*** HOLE CARDS ***
TinaTurner72: folds
Uncalled bet ($2) returned to Ilham7715
Ilham7715 collected $2 from pot
*** SUMMARY ***
Total pot $2 | Rake $0
Seat 1: Ilham7715 (big blind) collected ($2)
Seat 2: TinaTurner72 (button) (small blind) folded before Flop


PokerStars Hand #162140908211:  Hold'em Limit ($3/$6 USD) - 2016/11/29 10:55:20 ET
Table 'Jens' 6-max Seat #1 is the button
Seat 1: Ilham7715 ($54.92 in chips)
Seat 2: TinaTurner72 ($130.76 in chips)
Ilham7715: posts small blind $1
TinaTurner72: posts big blind $3
*** HOLE CARDS ***
Ilham7715: folds
Uncalled bet ($2) returned to TinaTurner72
TinaTurner72 collected $2 from pot
TinaTurner72: doesn't show hand
*** SUMMARY ***
Total pot $2 | Rake $0
Seat 1: Ilham7715 (button) (small blind) folded before Flop
Seat 2: TinaTurner72 (big blind) collected ($2)


PokerStars Hand #162140899035:  Hold'em Limit ($3/$6 USD) - 2016/11/29 10:55:05 ET
Table 'Jens' 6-max Seat #2 is the button
Seat 1: Ilham7715 ($60.92 in chips)
Seat 2: TinaTurner72 ($125 in chips)
TinaTurner72: posts small blind $1
Ilham7715: posts big blind $3
*** HOLE CARDS ***
TinaTurner72: raises $3 to $6
Ilham7715: calls $3
*** FLOP *** [Ah 3h 7h]
Ilham7715: checks
TinaTurner72: bets $3
Ilham7715: folds
Uncalled bet ($3) returned to TinaTurner72
TinaTurner72 collected $11.76 from pot
TinaTurner72: doesn't show hand
*** SUMMARY ***
Total pot $12 | Rake $0.24
Board [Ah 3h 7h]
Seat 1: Ilham7715 (big blind) folded on the Flop
Seat 2: TinaTurner72 (button) (small blind) collected ($11.76)


PokerStars Hand #162140947518:  Hold'em Limit ($3/$6 USD) - 2016/11/29 10:56:25 ET
Table 'Jens' 6-max Seat #2 is the button
Seat 1: Ilham7715 ($72.42 in chips)
Seat 2: TinaTurner72 ($112.40 in chips)
TinaTurner72: posts small blind $1
Ilham7715: posts big blind $3
*** HOLE CARDS ***
TinaTurner72: raises $3 to $6
Ilham7715: calls $3
*** FLOP *** [9s 9h 6s]
Ilham7715: checks
TinaTurner72: bets $3
Ilham7715: calls $3
*** TURN *** [9s 9h 6s] [Ks]
Ilham7715: checks
TinaTurner72: bets $6
Ilham7715: calls $6
*** RIVER *** [9s 9h 6s Ks] [5s]
Ilham7715: bets $6
TinaTurner72: raises $6 to $12
Ilham7715: calls $6
*** SHOW DOWN ***
TinaTurner72: shows [8c As] (a flush, Ace high)
Ilham7715: mucks hand
TinaTurner72 collected $53.50 from pot
*** SUMMARY ***
Total pot $54 | Rake $0.50
Board [9s 9h 6s Ks 5s]
Seat 1: Ilham7715 (big blind) mucked
Seat 2: TinaTurner72 (button) (small blind) showed [8c As] and won ($53.50) with a flush, Ace high


PokerStars Hand #162140943496:  Hold'em Limit ($3/$6 USD) - 2016/11/29 10:56:18 ET
Table 'Jens' 6-max Seat #1 is the button
Seat 1: Ilham7715 ($69.42 in chips)
Seat 2: TinaTurner72 ($115.40 in chips)
Ilham7715: posts small blind $1
TinaTurner72: posts big blind $3
*** HOLE CARDS ***
Ilham7715: raises $3 to $6
TinaTurner72: folds
Uncalled bet ($3) returned to Ilham7715
Ilham7715 collected $6 from pot
*** SUMMARY ***
Total pot $6 | Rake $0
Seat 1: Ilham7715 (button) (small blind) collected ($6)
Seat 2: TinaTurner72 (big blind) folded before Flop


PokerStars Hand #162140928338:  Hold'em Limit ($3/$6 USD) - 2016/11/29 10:55:53 ET
Table 'Jens' 6-max Seat #2 is the button
Seat 1: Ilham7715 ($78.42 in chips)
Seat 2: TinaTurner72 ($106.76 in chips)
TinaTurner72: posts small blind $1
Ilham7715: posts big blind $3
*** HOLE CARDS ***
TinaTurner72: raises $3 to $6
Ilham7715: calls $3
*** FLOP *** [6c 2h 8d]
Ilham7715: checks
TinaTurner72: bets $3
Ilham7715: calls $3
*** TURN *** [6c 2h 8d] [4c]
Ilham7715: checks
TinaTurner72: bets $6
Ilham7715: folds
Uncalled bet ($6) returned to TinaTurner72
TinaTurner72 collected $17.64 from pot
TinaTurner72: doesn't show hand
*** SUMMARY ***
Total pot $18 | Rake $0.36
Board [6c 2h 8d 4c]
Seat 1: Ilham7715 (big blind) folded on the Turn
Seat 2: TinaTurner72 (button) (small blind) collected ($17.64)


PokerStars Hand #162140965525:  Hold'em Limit ($3/$6 USD) - 2016/11/29 10:56:54 ET
Table 'Jens' 6-max Seat #1 is the button
Seat 1: Ilham7715 ($45.42 in chips)
Seat 2: TinaTurner72 ($138.90 in chips)
Ilham7715: posts small blind $1
TinaTurner72: posts big blind $3
*** HOLE CARDS ***
Ilham7715: raises $3 to $6
TinaTurner72: calls $3
*** FLOP *** [Jd 3h 8h]
TinaTurner72: checks
Ilham7715: checks
*** TURN *** [Jd 3h 8h] [5c]
TinaTurner72: bets $6
Ilham7715: raises $6 to $12
TinaTurner72: calls $6
*** RIVER *** [Jd 3h 8h 5c] [6c]
TinaTurner72: checks
Ilham7715: checks
*** SHOW DOWN ***
TinaTurner72: shows [Jc 4h] (a pair of Jacks)
Ilham7715: mucks hand
TinaTurner72 collected $35.50 from pot
*** SUMMARY ***
Total pot $36 | Rake $0.50
Board [Jd 3h 8h 5c 6c]
Seat 1: Ilham7715 (button) (small blind) mucked
Seat 2: TinaTurner72 (big blind) showed [Jc 4h] and won ($35.50) with a pair of Jacks


PokerStars Hand #162140980790:  Hold'em Limit ($3/$6 USD) - 2016/11/29 10:57:19 ET
Table 'Jens' 6-max Seat #2 is the button
Seat 1: Ilham7715 ($27.42 in chips)
Seat 2: TinaTurner72 ($156.40 in chips)
TinaTurner72: posts small blind $1
Ilham7715: posts big blind $3
*** HOLE CARDS ***
TinaTurner72: raises $3 to $6
Ilham7715: calls $3
*** FLOP *** [2d Jh Kh]
Ilham7715: checks
TinaTurner72: bets $3
Ilham7715: folds
Uncalled bet ($3) returned to TinaTurner72
TinaTurner72 collected $11.76 from pot
TinaTurner72: doesn't show hand
*** SUMMARY ***
Total pot $12 | Rake $0.24
Board [2d Jh Kh]
Seat 1: Ilham7715 (big blind) folded on the Flop
Seat 2: TinaTurner72 (button) (small blind) collected ($11.76)


PokerStars Hand #162141018777:  Hold'em Limit ($3/$6 USD) - 2016/11/29 10:58:21 ET
Table 'Jens' 6-max Seat #1 is the button
Seat 1: Ilham7715 ($25.30 in chips)
Seat 2: TinaTurner72 ($158.16 in chips)
Ilham7715: posts small blind $1
TinaTurner72: posts big blind $3
*** HOLE CARDS ***
Ilham7715: calls $2
TinaTurner72: checks
*** FLOP *** [Ah 7h Jh]
TinaTurner72: bets $3
Ilham7715: folds
Uncalled bet ($3) returned to TinaTurner72
TinaTurner72 collected $5.88 from pot
TinaTurner72: doesn't show hand
*** SUMMARY ***
Total pot $6 | Rake $0.12
Board [Ah 7h Jh]
Seat 1: Ilham7715 (button) (small blind) folded on the Flop
Seat 2: TinaTurner72 (big blind) collected ($5.88)


PokerStars Hand #162141014206:  Hold'em Limit ($3/$6 USD) - 2016/11/29 10:58:13 ET
Table 'Jens' 6-max Seat #2 is the button
Seat 1: Ilham7715 ($24.30 in chips)
Seat 2: TinaTurner72 ($159.16 in chips)
TinaTurner72: posts small blind $1
Ilham7715: posts big blind $3
*** HOLE CARDS ***
TinaTurner72: folds
Uncalled bet ($2) returned to Ilham7715
Ilham7715 collected $2 from pot
*** SUMMARY ***
Total pot $2 | Rake $0
Seat 1: Ilham7715 (big blind) collected ($2)
Seat 2: TinaTurner72 (button) (small blind) folded before Flop


PokerStars Hand #162140990103:  Hold'em Limit ($3/$6 USD) - 2016/11/29 10:57:34 ET
Table 'Jens' 6-max Seat #1 is the button
Seat 1: Ilham7715 ($21.42 in chips)
Seat 2: TinaTurner72 ($162.16 in chips)
Ilham7715: posts small blind $1
TinaTurner72: posts big blind $3
*** HOLE CARDS ***
Ilham7715: calls $2
TinaTurner72: checks
*** FLOP *** [Qc 7c As]
TinaTurner72: checks
Ilham7715: checks
*** TURN *** [Qc 7c As] [Qd]
TinaTurner72: checks
Ilham7715: checks
*** RIVER *** [Qc 7c As Qd] [9c]
TinaTurner72: checks
Ilham7715: bets $6
TinaTurner72: folds
Uncalled bet ($6) returned to Ilham7715
Ilham7715 collected $5.88 from pot
*** SUMMARY ***
Total pot $6 | Rake $0.12
Board [Qc 7c As Qd 9c]
Seat 1: Ilham7715 (button) (small blind) collected ($5.88)
Seat 2: TinaTurner72 (big blind) folded on the River


PokerStars Hand #162141030152:  Hold'em Limit ($3/$6 USD) - 2016/11/29 10:58:40 ET
Table 'Jens' 6-max Seat #2 is the button
Seat 1: Ilham7715 ($22.30 in chips)
Seat 2: TinaTurner72 ($161.04 in chips)
TinaTurner72: posts small blind $1
Ilham7715: posts big blind $3
*** HOLE CARDS ***
TinaTurner72: raises $3 to $6
Ilham7715: calls $3
*** FLOP *** [3d Qs Qc]
Ilham7715: checks
TinaTurner72: bets $3
Ilham7715: raises $3 to $6
TinaTurner72: calls $3
*** TURN *** [3d Qs Qc] [5d]
Ilham7715: bets $6
TinaTurner72: calls $6
*** RIVER *** [3d Qs Qc 5d] [7s]
Ilham7715: bets $4.30 and is all-in
TinaTurner72: calls $4.30
*** SHOW DOWN ***
Ilham7715: shows [3s 5c] (two pair, Queens and Fives)
TinaTurner72: shows [Qd 5s] (a full house, Queens full of Fives)
TinaTurner72 collected $44.10 from pot
*** SUMMARY ***
Total pot $44.60 | Rake $0.50
Board [3d Qs Qc 5d 7s]
Seat 1: Ilham7715 (big blind) showed [3s 5c] and lost with two pair, Queens and Fives
Seat 2: TinaTurner72 (button) (small blind) showed [Qd 5s] and won ($44.10) with a full house, Queens full of Fives


