PokerStars Hand #145508610577:  Hold'em Limit ($3/$6 USD) - 2015/12/17 19:13:00 ET
Table 'Jens' 6-max Seat #2 is the button
Seat 2: korrnel ($108.59 in chips)
Seat 5: RowntreWilly ($39 in chips)
korrnel: posts small blind $1
RowntreWilly: posts big blind $3
*** HOLE CARDS ***
korrnel: folds
Uncalled bet ($2) returned to RowntreWilly
RowntreWilly collected $2 from pot
RowntreWilly: doesn't show hand
*** SUMMARY ***
Total pot $2 | Rake $0
Seat 2: korrnel (button) (small blind) folded before Flop
Seat 5: RowntreWilly (big blind) collected ($2)


PokerStars Hand #145508601076:  Hold'em Limit ($3/$6 USD) - 2015/12/17 19:12:46 ET
Table 'Jens' 6-max Seat #5 is the button
Seat 2: korrnel ($107.59 in chips)
Seat 5: RowntreWilly ($40 in chips)
RowntreWilly: posts small blind $1
Chessnok: is sitting out
korrnel: posts big blind $3
*** HOLE CARDS ***
RowntreWilly: folds
Uncalled bet ($2) returned to korrnel
korrnel collected $2 from pot
korrnel: doesn't show hand
*** SUMMARY ***
Total pot $2 | Rake $0
Seat 2: korrnel (big blind) collected ($2)
Seat 5: RowntreWilly (button) (small blind) folded before Flop


PokerStars Hand #145508617677:  Hold'em Limit ($3/$6 USD) - 2015/12/17 19:13:11 ET
Table 'Jens' 6-max Seat #2 is the button
Seat 2: korrnel ($108.59 in chips)
Seat 5: RowntreWilly ($39 in chips)
korrnel: posts small blind $1
RowntreWilly: posts big blind $3
*** HOLE CARDS ***
korrnel: folds
Uncalled bet ($2) returned to RowntreWilly
RowntreWilly collected $2 from pot
RowntreWilly: doesn't show hand
*** SUMMARY ***
Total pot $2 | Rake $0
Seat 2: korrnel (button) (small blind) folded before Flop
Seat 5: RowntreWilly (big blind) collected ($2)


PokerStars Hand #145508614416:  Hold'em Limit ($3/$6 USD) - 2015/12/17 19:13:06 ET
Table 'Jens' 6-max Seat #5 is the button
Seat 2: korrnel ($107.59 in chips)
Seat 5: RowntreWilly ($40 in chips)
RowntreWilly: posts small blind $1
korrnel: posts big blind $3
*** HOLE CARDS ***
RowntreWilly: folds
Uncalled bet ($2) returned to korrnel
korrnel collected $2 from pot
korrnel: doesn't show hand
*** SUMMARY ***
Total pot $2 | Rake $0
Seat 2: korrnel (big blind) collected ($2)
Seat 5: RowntreWilly (button) (small blind) folded before Flop


PokerStars Hand #145508620943:  Hold'em Limit ($3/$6 USD) - 2015/12/17 19:13:16 ET
Table 'Jens' 6-max Seat #5 is the button
Seat 2: korrnel ($107.59 in chips)
Seat 5: RowntreWilly ($40 in chips)
RowntreWilly: posts small blind $1
korrnel: posts big blind $3
*** HOLE CARDS ***
RowntreWilly: calls $2
korrnel: checks
*** FLOP *** [Ad 6c 6d]
korrnel: bets $3
RowntreWilly: raises $3 to $6
korrnel: raises $3 to $9
RowntreWilly: calls $3
*** TURN *** [Ad 6c 6d] [As]
korrnel: bets $6
RowntreWilly: calls $6
*** RIVER *** [Ad 6c 6d As] [4c]
korrnel: bets $6
RowntreWilly: calls $6
*** SHOW DOWN ***
korrnel: shows [Ac 9c] (a full house, Aces full of Sixes)
RowntreWilly: mucks hand
korrnel collected $47.50 from pot
*** SUMMARY ***
Total pot $48 | Rake $0.50
Board [Ad 6c 6d As 4c]
Seat 2: korrnel (big blind) showed [Ac 9c] and won ($47.50) with a full house, Aces full of Sixes
Seat 5: RowntreWilly (button) (small blind) mucked


PokerStars Hand #145508645640:  Hold'em Limit ($3/$6 USD) - 2015/12/17 19:13:54 ET
Table 'Jens' 6-max Seat #5 is the button
Seat 2: korrnel ($130.09 in chips)
Seat 5: RowntreWilly ($17 in chips)
RowntreWilly: posts small blind $1
korrnel: posts big blind $3
*** HOLE CARDS ***
RowntreWilly: raises $3 to $6
korrnel: calls $3
*** FLOP *** [Qs Kh 9h]
korrnel: checks
RowntreWilly: checks
*** TURN *** [Qs Kh 9h] [As]
korrnel: checks
RowntreWilly: bets $6
korrnel: folds
Uncalled bet ($6) returned to RowntreWilly
RowntreWilly collected $11.76 from pot
RowntreWilly: doesn't show hand
*** SUMMARY ***
Total pot $12 | Rake $0.24
Board [Qs Kh 9h As]
Seat 2: korrnel (big blind) folded on the Turn
Seat 5: RowntreWilly (button) (small blind) collected ($11.76)


PokerStars Hand #145508658530:  Hold'em Limit ($3/$6 USD) - 2015/12/17 19:14:13 ET
Table 'Jens' 6-max Seat #2 is the button
Seat 2: korrnel ($124.09 in chips)
Seat 5: RowntreWilly ($22.76 in chips)
korrnel: posts small blind $1
RowntreWilly: posts big blind $3
*** HOLE CARDS ***
korrnel: raises $3 to $6
RowntreWilly: folds
Uncalled bet ($3) returned to korrnel
korrnel collected $6 from pot
korrnel: doesn't show hand
*** SUMMARY ***
Total pot $6 | Rake $0
Seat 2: korrnel (button) (small blind) collected ($6)
Seat 5: RowntreWilly (big blind) folded before Flop


PokerStars Hand #145508662154:  Hold'em Limit ($3/$6 USD) - 2015/12/17 19:14:19 ET
Table 'Jens' 6-max Seat #5 is the button
Seat 2: korrnel ($127.09 in chips)
Seat 5: RowntreWilly ($19.76 in chips)
RowntreWilly: posts small blind $1
korrnel: posts big blind $3
*** HOLE CARDS ***
RowntreWilly: calls $2
korrnel: checks
*** FLOP *** [6s Td Jc]
korrnel: checks
RowntreWilly: checks
*** TURN *** [6s Td Jc] [Jh]
korrnel: bets $6
RowntreWilly: folds
Uncalled bet ($6) returned to korrnel
korrnel collected $5.88 from pot
korrnel: doesn't show hand
*** SUMMARY ***
Total pot $6 | Rake $0.12
Board [6s Td Jc Jh]
Seat 2: korrnel (big blind) collected ($5.88)
Seat 5: RowntreWilly (button) (small blind) folded on the Turn


PokerStars Hand #145508682986:  Hold'em Limit ($3/$6 USD) - 2015/12/17 19:14:50 ET
Table 'Jens' 6-max Seat #5 is the button
Seat 2: korrnel ($132.97 in chips)
Seat 5: RowntreWilly ($13.76 in chips)
RowntreWilly: posts small blind $1
korrnel: posts big blind $3
*** HOLE CARDS ***
RowntreWilly: raises $3 to $6
korrnel: calls $3
*** FLOP *** [8c 3c Kh]
korrnel: bets $3
RowntreWilly: calls $3
*** TURN *** [8c 3c Kh] [Ah]
korrnel: bets $6
RowntreWilly: calls $4.76 and is all-in
Uncalled bet ($1.24) returned to korrnel
*** RIVER *** [8c 3c Kh Ah] [Jd]
*** SHOW DOWN ***
korrnel: shows [3h Qs] (a pair of Threes)
RowntreWilly: shows [8h Kc] (two pair, Kings and Eights)
RowntreWilly collected $27.02 from pot
*** SUMMARY ***
Total pot $27.52 | Rake $0.50
Board [8c 3c Kh Ah Jd]
Seat 2: korrnel (big blind) showed [3h Qs] and lost with a pair of Threes
Seat 5: RowntreWilly (button) (small blind) showed [8h Kc] and won ($27.02) with two pair, Kings and Eights


PokerStars Hand #145508679815:  Hold'em Limit ($3/$6 USD) - 2015/12/17 19:14:46 ET
Table 'Jens' 6-max Seat #2 is the button
Seat 2: korrnel ($133.97 in chips)
Seat 5: RowntreWilly ($12.76 in chips)
korrnel: posts small blind $1
RowntreWilly: posts big blind $3
*** HOLE CARDS ***
korrnel: folds
Uncalled bet ($2) returned to RowntreWilly
RowntreWilly collected $2 from pot
RowntreWilly: doesn't show hand
*** SUMMARY ***
Total pot $2 | Rake $0
Seat 2: korrnel (button) (small blind) folded before Flop
Seat 5: RowntreWilly (big blind) collected ($2)


PokerStars Hand #145508676489:  Hold'em Limit ($3/$6 USD) - 2015/12/17 19:14:41 ET
Table 'Jens' 6-max Seat #5 is the button
Seat 2: korrnel ($132.97 in chips)
Seat 5: RowntreWilly ($13.76 in chips)
RowntreWilly: posts small blind $1
korrnel: posts big blind $3
*** HOLE CARDS ***
RowntreWilly: folds
Uncalled bet ($2) returned to korrnel
korrnel collected $2 from pot
korrnel: doesn't show hand
*** SUMMARY ***
Total pot $2 | Rake $0
Seat 2: korrnel (big blind) collected ($2)
Seat 5: RowntreWilly (button) (small blind) folded before Flop


PokerStars Hand #145508672687:  Hold'em Limit ($3/$6 USD) - 2015/12/17 19:14:35 ET
Table 'Jens' 6-max Seat #2 is the button
Seat 2: korrnel ($129.97 in chips)
Seat 5: RowntreWilly ($16.76 in chips)
korrnel: posts small blind $1
RowntreWilly: posts big blind $3
*** HOLE CARDS ***
korrnel: raises $3 to $6
RowntreWilly: folds
Uncalled bet ($3) returned to korrnel
korrnel collected $6 from pot
korrnel: doesn't show hand
*** SUMMARY ***
Total pot $6 | Rake $0
Seat 2: korrnel (button) (small blind) collected ($6)
Seat 5: RowntreWilly (big blind) folded before Flop


PokerStars Hand #145508731245:  Hold'em Limit ($3/$6 USD) - 2015/12/17 19:16:03 ET
Table 'Jens' 6-max Seat #2 is the button
Seat 2: korrnel ($113.09 in chips)
Seat 5: RowntreWilly ($32.66 in chips)
korrnel: posts small blind $1
RowntreWilly: posts big blind $3
*** HOLE CARDS ***
korrnel: folds
Uncalled bet ($2) returned to RowntreWilly
RowntreWilly collected $2 from pot
RowntreWilly: doesn't show hand
*** SUMMARY ***
Total pot $2 | Rake $0
Seat 2: korrnel (button) (small blind) folded before Flop
Seat 5: RowntreWilly (big blind) collected ($2)


PokerStars Hand #145508727971:  Hold'em Limit ($3/$6 USD) - 2015/12/17 19:15:58 ET
Table 'Jens' 6-max Seat #5 is the button
Seat 2: korrnel ($112.09 in chips)
Seat 5: RowntreWilly ($33.66 in chips)
RowntreWilly: posts small blind $1
korrnel: posts big blind $3
*** HOLE CARDS ***
RowntreWilly: folds
Uncalled bet ($2) returned to korrnel
korrnel collected $2 from pot
korrnel: doesn't show hand
*** SUMMARY ***
Total pot $2 | Rake $0
Seat 2: korrnel (big blind) collected ($2)
Seat 5: RowntreWilly (button) (small blind) folded before Flop


PokerStars Hand #145508725041:  Hold'em Limit ($3/$6 USD) - 2015/12/17 19:15:54 ET
Table 'Jens' 6-max Seat #2 is the button
Seat 2: korrnel ($113.09 in chips)
Seat 5: RowntreWilly ($32.66 in chips)
korrnel: posts small blind $1
RowntreWilly: posts big blind $3
*** HOLE CARDS ***
korrnel: folds
Uncalled bet ($2) returned to RowntreWilly
RowntreWilly collected $2 from pot
RowntreWilly: doesn't show hand
*** SUMMARY ***
Total pot $2 | Rake $0
Seat 2: korrnel (button) (small blind) folded before Flop
Seat 5: RowntreWilly (big blind) collected ($2)


PokerStars Hand #145508717399:  Hold'em Limit ($3/$6 USD) - 2015/12/17 19:15:42 ET
Table 'Jens' 6-max Seat #5 is the button
Seat 2: korrnel ($110.21 in chips)
Seat 5: RowntreWilly ($35.66 in chips)
RowntreWilly: posts small blind $1
korrnel: posts big blind $3
*** HOLE CARDS ***
RowntreWilly: calls $2
korrnel: checks
*** FLOP *** [2h 9d 4h]
korrnel: bets $3
RowntreWilly: folds
Uncalled bet ($3) returned to korrnel
korrnel collected $5.88 from pot
korrnel: doesn't show hand
*** SUMMARY ***
Total pot $6 | Rake $0.12
Board [2h 9d 4h]
Seat 2: korrnel (big blind) collected ($5.88)
Seat 5: RowntreWilly (button) (small blind) folded on the Flop


PokerStars Hand #145508714407:  Hold'em Limit ($3/$6 USD) - 2015/12/17 19:15:38 ET
Table 'Jens' 6-max Seat #2 is the button
Seat 2: korrnel ($111.21 in chips)
Seat 5: RowntreWilly ($34.66 in chips)
korrnel: posts small blind $1
RowntreWilly: posts big blind $3
*** HOLE CARDS ***
korrnel: folds
Uncalled bet ($2) returned to RowntreWilly
RowntreWilly collected $2 from pot
RowntreWilly: doesn't show hand
*** SUMMARY ***
Total pot $2 | Rake $0
Seat 2: korrnel (button) (small blind) folded before Flop
Seat 5: RowntreWilly (big blind) collected ($2)


PokerStars Hand #145508711121:  Hold'em Limit ($3/$6 USD) - 2015/12/17 19:15:33 ET
Table 'Jens' 6-max Seat #5 is the button
Seat 2: korrnel ($110.21 in chips)
Seat 5: RowntreWilly ($35.66 in chips)
RowntreWilly: posts small blind $1
korrnel: posts big blind $3
*** HOLE CARDS ***
RowntreWilly: folds
Uncalled bet ($2) returned to korrnel
korrnel collected $2 from pot
korrnel: doesn't show hand
*** SUMMARY ***
Total pot $2 | Rake $0
Seat 2: korrnel (big blind) collected ($2)
Seat 5: RowntreWilly (button) (small blind) folded before Flop


PokerStars Hand #145508696959:  Hold'em Limit ($3/$6 USD) - 2015/12/17 19:15:12 ET
Table 'Jens' 6-max Seat #2 is the button
Seat 2: korrnel ($119.21 in chips)
Seat 5: RowntreWilly ($27.02 in chips)
korrnel: posts small blind $1
RowntreWilly: posts big blind $3
*** HOLE CARDS ***
korrnel: raises $3 to $6
RowntreWilly: calls $3
*** FLOP *** [8h 9d 5d]
RowntreWilly: checks
korrnel: bets $3
RowntreWilly: calls $3
*** TURN *** [8h 9d 5d] [9c]
RowntreWilly: checks
korrnel: checks
*** RIVER *** [8h 9d 5d 9c] [Ad]
RowntreWilly: bets $6
korrnel: folds
Uncalled bet ($6) returned to RowntreWilly
RowntreWilly collected $17.64 from pot
RowntreWilly: doesn't show hand
*** SUMMARY ***
Total pot $18 | Rake $0.36
Board [8h 9d 5d 9c Ad]
Seat 2: korrnel (button) (small blind) folded on the River
Seat 5: RowntreWilly (big blind) collected ($17.64)


