PokerStars Hand #155818087935:  Hold'em Limit ($3/$6 USD) - 2016/07/10 20:16:22 ET
Table 'Jessonda' 6-max Seat #6 is the button
Seat 4: SonneUndMond ($99.19 in chips)
Seat 6: lin1rabbit ($181.54 in chips)
lin1rabbit: posts small blind $1
Chessnok: is sitting out
SonneUndMond: posts big blind $3
*** HOLE CARDS ***
lin1rabbit: raises $3 to $6
SonneUndMond: calls $3
*** FLOP *** [7d Td 3d]
Chessnok leaves the table
SonneUndMond: checks
lin1rabbit: bets $3
SonneUndMond: raises $3 to $6
lin1rabbit: calls $3
*** TURN *** [7d Td 3d] [9c]
SonneUndMond: bets $6
lin1rabbit: calls $6
*** RIVER *** [7d Td 3d 9c] [9s]
SonneUndMond: bets $6
lin1rabbit: raises $6 to $12
SonneUndMond: calls $6
*** SHOW DOWN ***
lin1rabbit: shows [9h Qc] (three of a kind, Nines)
SonneUndMond: mucks hand
lin1rabbit collected $59.50 from pot
*** SUMMARY ***
Total pot $60 | Rake $0.50
Board [7d Td 3d 9c 9s]
Seat 4: SonneUndMond (big blind) mucked
Seat 6: lin1rabbit (button) (small blind) showed [9h Qc] and won ($59.50) with three of a kind, Nines


PokerStars Hand #155818102018:  Hold'em Limit ($3/$6 USD) - 2016/07/10 20:16:53 ET
Table 'Jessonda' 6-max Seat #4 is the button
Seat 4: SonneUndMond ($69.19 in chips)
Seat 6: lin1rabbit ($211.04 in chips)
SonneUndMond: posts small blind $1
lin1rabbit: posts big blind $3
*** HOLE CARDS ***
SonneUndMond: raises $3 to $6
lin1rabbit: calls $3
*** FLOP *** [2c Ts 8s]
lin1rabbit: checks
SonneUndMond: bets $3
lin1rabbit: folds
Uncalled bet ($3) returned to SonneUndMond
SonneUndMond collected $11.76 from pot
SonneUndMond: doesn't show hand
*** SUMMARY ***
Total pot $12 | Rake $0.24
Board [2c Ts 8s]
Seat 4: SonneUndMond (button) (small blind) collected ($11.76)
Seat 6: lin1rabbit (big blind) folded on the Flop


PokerStars Hand #155818115647:  Hold'em Limit ($3/$6 USD) - 2016/07/10 20:17:23 ET
Table 'Jessonda' 6-max Seat #4 is the button
Seat 4: SonneUndMond ($68.95 in chips)
Seat 6: lin1rabbit ($210.80 in chips)
SonneUndMond: posts small blind $1
lin1rabbit: posts big blind $3
*** HOLE CARDS ***
SonneUndMond: raises $3 to $6
lin1rabbit: raises $3 to $9
SonneUndMond: calls $3
*** FLOP *** [5d Qc Qs]
lin1rabbit: bets $3
SonneUndMond: calls $3
*** TURN *** [5d Qc Qs] [Qd]
lin1rabbit: bets $6
SonneUndMond: calls $6
*** RIVER *** [5d Qc Qs Qd] [Jd]
lin1rabbit: bets $6
SonneUndMond: folds
Uncalled bet ($6) returned to lin1rabbit
lin1rabbit collected $35.50 from pot
lin1rabbit: doesn't show hand
*** SUMMARY ***
Total pot $36 | Rake $0.50
Board [5d Qc Qs Qd Jd]
Seat 4: SonneUndMond (button) (small blind) folded on the River
Seat 6: lin1rabbit (big blind) collected ($35.50)


PokerStars Hand #155818124796:  Hold'em Limit ($3/$6 USD) - 2016/07/10 20:17:44 ET
Table 'Jessonda' 6-max Seat #6 is the button
Seat 4: SonneUndMond ($50.95 in chips)
Seat 6: lin1rabbit ($228.30 in chips)
lin1rabbit: posts small blind $1
SonneUndMond: posts big blind $3
*** HOLE CARDS ***
lin1rabbit: raises $3 to $6
SonneUndMond: folds
Uncalled bet ($3) returned to lin1rabbit
lin1rabbit collected $6 from pot
lin1rabbit: doesn't show hand
*** SUMMARY ***
Total pot $6 | Rake $0
Seat 4: SonneUndMond (big blind) folded before Flop
Seat 6: lin1rabbit (button) (small blind) collected ($6)


PokerStars Hand #155818108230:  Hold'em Limit ($3/$6 USD) - 2016/07/10 20:17:07 ET
Table 'Jessonda' 6-max Seat #6 is the button
Seat 4: SonneUndMond ($74.95 in chips)
Seat 6: lin1rabbit ($205.04 in chips)
lin1rabbit: posts small blind $1
SonneUndMond: posts big blind $3
*** HOLE CARDS ***
lin1rabbit: raises $3 to $6
SonneUndMond: calls $3
*** FLOP *** [4c 9h As]
SonneUndMond: checks
lin1rabbit: bets $3
SonneUndMond: folds
Uncalled bet ($3) returned to lin1rabbit
lin1rabbit collected $11.76 from pot
lin1rabbit: doesn't show hand
*** SUMMARY ***
Total pot $12 | Rake $0.24
Board [4c 9h As]
Seat 4: SonneUndMond (big blind) folded on the Flop
Seat 6: lin1rabbit (button) (small blind) collected ($11.76)


PokerStars Hand #155818138303:  Hold'em Limit ($3/$6 USD) - 2016/07/10 20:18:13 ET
Table 'Jessonda' 6-max Seat #6 is the button
Seat 4: SonneUndMond ($32.95 in chips)
Seat 6: lin1rabbit ($245.80 in chips)
lin1rabbit: posts small blind $1
SonneUndMond: posts big blind $3
*** HOLE CARDS ***
lin1rabbit: raises $3 to $6
SonneUndMond: folds
Uncalled bet ($3) returned to lin1rabbit
lin1rabbit collected $6 from pot
lin1rabbit: doesn't show hand
*** SUMMARY ***
Total pot $6 | Rake $0
Seat 4: SonneUndMond (big blind) folded before Flop
Seat 6: lin1rabbit (button) (small blind) collected ($6)


PokerStars Hand #155818128009:  Hold'em Limit ($3/$6 USD) - 2016/07/10 20:17:51 ET
Table 'Jessonda' 6-max Seat #4 is the button
Seat 4: SonneUndMond ($47.95 in chips)
Seat 6: lin1rabbit ($231.30 in chips)
SonneUndMond: posts small blind $1
lin1rabbit: posts big blind $3
*** HOLE CARDS ***
SonneUndMond: raises $3 to $6
lin1rabbit: raises $3 to $9
SonneUndMond: calls $3
*** FLOP *** [3h 4c 8c]
lin1rabbit: bets $3
SonneUndMond: raises $3 to $6
lin1rabbit: calls $3
*** TURN *** [3h 4c 8c] [2c]
lin1rabbit: checks
SonneUndMond: checks
*** RIVER *** [3h 4c 8c 2c] [7h]
lin1rabbit: bets $6
SonneUndMond: folds
Uncalled bet ($6) returned to lin1rabbit
lin1rabbit collected $29.50 from pot
lin1rabbit: doesn't show hand
*** SUMMARY ***
Total pot $30 | Rake $0.50
Board [3h 4c 8c 2c 7h]
Seat 4: SonneUndMond (button) (small blind) folded on the River
Seat 6: lin1rabbit (big blind) collected ($29.50)


PokerStars Hand #155818142092:  Hold'em Limit ($3/$6 USD) - 2016/07/10 20:18:22 ET
Table 'Jessonda' 6-max Seat #4 is the button
Seat 4: SonneUndMond ($29.95 in chips)
Seat 6: lin1rabbit ($248.80 in chips)
SonneUndMond: posts small blind $1
lin1rabbit: posts big blind $3
*** HOLE CARDS ***
SonneUndMond: raises $3 to $6
lin1rabbit: raises $3 to $9
SonneUndMond: calls $3
*** FLOP *** [3s 7h 7c]
lin1rabbit: bets $3
SonneUndMond: raises $3 to $6
lin1rabbit: raises $3 to $9
SonneUndMond: calls $3
*** TURN *** [3s 7h 7c] [8d]
lin1rabbit: bets $6
SonneUndMond: raises $5.95 to $11.95 and is all-in
lin1rabbit: calls $5.95
*** RIVER *** [3s 7h 7c 8d] [6c]
*** SHOW DOWN ***
lin1rabbit: shows [9c 9s] (two pair, Nines and Sevens)
SonneUndMond: shows [Kh 7s] (three of a kind, Sevens)
SonneUndMond collected $59.40 from pot
*** SUMMARY ***
Total pot $59.90 | Rake $0.50
Board [3s 7h 7c 8d 6c]
Seat 4: SonneUndMond (button) (small blind) showed [Kh 7s] and won ($59.40) with three of a kind, Sevens
Seat 6: lin1rabbit (big blind) showed [9c 9s] and lost with two pair, Nines and Sevens


PokerStars Hand #155818156000:  Hold'em Limit ($3/$6 USD) - 2016/07/10 20:18:53 ET
Table 'Jessonda' 6-max Seat #6 is the button
Seat 4: SonneUndMond ($59.40 in chips)
Seat 6: lin1rabbit ($218.85 in chips)
lin1rabbit: posts small blind $1
SonneUndMond: posts big blind $3
*** HOLE CARDS ***
lin1rabbit: folds
Uncalled bet ($2) returned to SonneUndMond
SonneUndMond collected $2 from pot
SonneUndMond: doesn't show hand
*** SUMMARY ***
Total pot $2 | Rake $0
Seat 4: SonneUndMond (big blind) collected ($2)
Seat 6: lin1rabbit (button) (small blind) folded before Flop


PokerStars Hand #155818169959:  Hold'em Limit ($3/$6 USD) - 2016/07/10 20:19:24 ET
Table 'Jessonda' 6-max Seat #6 is the button
Seat 4: SonneUndMond ($48.40 in chips)
Seat 6: lin1rabbit ($229.37 in chips)
lin1rabbit: posts small blind $1
SonneUndMond: posts big blind $3
*** HOLE CARDS ***
lin1rabbit: raises $3 to $6
SonneUndMond: folds
Uncalled bet ($3) returned to lin1rabbit
lin1rabbit collected $6 from pot
lin1rabbit: doesn't show hand
*** SUMMARY ***
Total pot $6 | Rake $0
Seat 4: SonneUndMond (big blind) folded before Flop
Seat 6: lin1rabbit (button) (small blind) collected ($6)


PokerStars Hand #155818173987:  Hold'em Limit ($3/$6 USD) - 2016/07/10 20:19:33 ET
Table 'Jessonda' 6-max Seat #4 is the button
Seat 4: SonneUndMond ($45.40 in chips)
Seat 6: lin1rabbit ($232.37 in chips)
SonneUndMond: posts small blind $1
lin1rabbit: posts big blind $3
*** HOLE CARDS ***
SonneUndMond: raises $3 to $6
lin1rabbit: calls $3
*** FLOP *** [2d Kh 9d]
lin1rabbit: checks
SonneUndMond: checks
*** TURN *** [2d Kh 9d] [Js]
lin1rabbit: checks
SonneUndMond: checks
*** RIVER *** [2d Kh 9d Js] [Tc]
lin1rabbit: bets $6
SonneUndMond: folds
Uncalled bet ($6) returned to lin1rabbit
lin1rabbit collected $11.76 from pot
lin1rabbit: doesn't show hand
*** SUMMARY ***
Total pot $12 | Rake $0.24
Board [2d Kh 9d Js Tc]
Seat 4: SonneUndMond (button) (small blind) folded on the River
Seat 6: lin1rabbit (big blind) collected ($11.76)


PokerStars Hand #155818193560:  Hold'em Limit ($3/$6 USD) - 2016/07/10 20:20:17 ET
Table 'Jessonda' 6-max Seat #4 is the button
Seat 4: SonneUndMond ($48.04 in chips)
Seat 6: lin1rabbit ($229.13 in chips)
SonneUndMond: posts small blind $1
lin1rabbit: posts big blind $3
*** HOLE CARDS ***
SonneUndMond: raises $3 to $6
lin1rabbit: raises $3 to $9
SonneUndMond: calls $3
*** FLOP *** [Td 9h 8c]
lin1rabbit: bets $3
SonneUndMond: calls $3
*** TURN *** [Td 9h 8c] [Jd]
Chessnok joins the table at seat #5
lin1rabbit: bets $6
SonneUndMond: calls $6
*** RIVER *** [Td 9h 8c Jd] [8h]
lin1rabbit: bets $6
SonneUndMond: raises $6 to $12
lin1rabbit: calls $6
*** SHOW DOWN ***
SonneUndMond: shows [2c Qc] (a straight, Eight to Queen)
lin1rabbit: mucks hand
SonneUndMond collected $59.50 from pot
*** SUMMARY ***
Total pot $60 | Rake $0.50
Board [Td 9h 8c Jd 8h]
Seat 4: SonneUndMond (button) (small blind) showed [2c Qc] and won ($59.50) with a straight, Eight to Queen
Seat 6: lin1rabbit (big blind) mucked


PokerStars Hand #155818187364:  Hold'em Limit ($3/$6 USD) - 2016/07/10 20:20:03 ET
Table 'Jessonda' 6-max Seat #6 is the button
Seat 4: SonneUndMond ($39.40 in chips)
Seat 6: lin1rabbit ($238.13 in chips)
lin1rabbit: posts small blind $1
SonneUndMond: posts big blind $3
*** HOLE CARDS ***
lin1rabbit: raises $3 to $6
SonneUndMond: raises $3 to $9
lin1rabbit: calls $3
*** FLOP *** [Jc 2h Ad]
SonneUndMond: bets $3
wazz99 joins the table at seat #3
lin1rabbit: folds
Uncalled bet ($3) returned to SonneUndMond
SonneUndMond collected $17.64 from pot
SonneUndMond: doesn't show hand
*** SUMMARY ***
Total pot $18 | Rake $0.36
Board [Jc 2h Ad]
Seat 4: SonneUndMond (big blind) collected ($17.64)
Seat 6: lin1rabbit (button) (small blind) folded on the Flop


PokerStars Hand #155818774684:  Hold'em Limit ($3/$6 USD) - 2016/07/10 20:42:05 ET
Table 'Jessonda' 6-max Seat #2 is the button
Seat 2: Wurst2000 ($184.62 in chips)
Seat 6: lin1rabbit ($233.69 in chips)
Wurst2000: posts small blind $1
Chessnok: is sitting out
lin1rabbit: posts big blind $3
*** HOLE CARDS ***
Wurst2000: raises $3 to $6
lin1rabbit: raises $3 to $9
Wurst2000: calls $3
*** FLOP *** [9h 4c Qc]
lin1rabbit: bets $3
Wurst2000: calls $3
*** TURN *** [9h 4c Qc] [Ad]
lin1rabbit: bets $6
Wurst2000: calls $6
*** RIVER *** [9h 4c Qc Ad] [7h]
lin1rabbit: checks
Wurst2000: checks
*** SHOW DOWN ***
lin1rabbit: shows [Kh Jc] (high card Ace)
Wurst2000: shows [6h 6d] (a pair of Sixes)
Wurst2000 collected $35.50 from pot
*** SUMMARY ***
Total pot $36 | Rake $0.50
Board [9h 4c Qc Ad 7h]
Seat 2: Wurst2000 (button) (small blind) showed [6h 6d] and won ($35.50) with a pair of Sixes
Seat 6: lin1rabbit (big blind) showed [Kh Jc] and lost with high card Ace


