PokerStars Hand #155815119328:  Hold'em Limit ($3/$6 USD) - 2016/07/10 18:45:05 ET
Table 'Jessonda' 6-max Seat #5 is the button
Seat 3: beas7m0de ($31 in chips)
Seat 5: Great_Kang ($128.64 in chips)
Great_Kang: posts small blind $1
beas7m0de: posts big blind $3
*** HOLE CARDS ***
Great_Kang: raises $3 to $6
beas7m0de: calls $3
*** FLOP *** [Kc 8d Kh]
beas7m0de: checks
Great_Kang: bets $3
beas7m0de: calls $3
*** TURN *** [Kc 8d Kh] [7h]
beas7m0de: checks
Great_Kang: checks
*** RIVER *** [Kc 8d Kh 7h] [Jd]
beas7m0de: bets $6
Great_Kang: calls $6
*** SHOW DOWN ***
beas7m0de: shows [Kd 8c] (a full house, Kings full of Eights)
Great_Kang: mucks hand
beas7m0de collected $29.50 from pot
*** SUMMARY ***
Total pot $30 | Rake $0.50
Board [Kc 8d Kh 7h Jd]
Seat 3: beas7m0de (big blind) showed [Kd 8c] and won ($29.50) with a full house, Kings full of Eights
Seat 5: Great_Kang (button) (small blind) mucked


PokerStars Hand #155815110488:  Hold'em Limit ($3/$6 USD) - 2016/07/10 18:44:51 ET
Table 'Jessonda' 6-max Seat #3 is the button
Seat 3: beas7m0de ($40 in chips)
Seat 5: Great_Kang ($120 in chips)
beas7m0de: posts small blind $1
Great_Kang: posts big blind $3
*** HOLE CARDS ***
beas7m0de: raises $3 to $6
Great_Kang: raises $3 to $9
beas7m0de: calls $3
*** FLOP *** [7d Qh 8d]
Great_Kang: bets $3
beas7m0de: folds
Uncalled bet ($3) returned to Great_Kang
Great_Kang collected $17.64 from pot
Great_Kang: doesn't show hand
*** SUMMARY ***
Total pot $18 | Rake $0.36
Board [7d Qh 8d]
Seat 3: beas7m0de (button) (small blind) folded on the Flop
Seat 5: Great_Kang (big blind) collected ($17.64)


PokerStars Hand #155815135687:  Hold'em Limit ($3/$6 USD) - 2016/07/10 18:45:31 ET
Table 'Jessonda' 6-max Seat #3 is the button
Seat 3: beas7m0de ($45.50 in chips)
Seat 5: Great_Kang ($120 in chips)
beas7m0de: posts small blind $1
Great_Kang: posts big blind $3
*** HOLE CARDS ***
beas7m0de: calls $2
Great_Kang: raises $3 to $6
beas7m0de: calls $3
*** FLOP *** [6d 9h 6h]
Great_Kang: bets $3
beas7m0de: raises $3 to $6
Great_Kang: folds
Uncalled bet ($3) returned to beas7m0de
beas7m0de collected $17.64 from pot
*** SUMMARY ***
Total pot $18 | Rake $0.36
Board [6d 9h 6h]
Seat 3: beas7m0de (button) (small blind) collected ($17.64)
Seat 5: Great_Kang (big blind) folded on the Flop


