PokerStars Hand #174932412185:  Hold'em Limit ($3/$6 USD) - 2017/08/29 5:38:48 ET
Table 'Jessonda' 6-max Seat #1 is the button
Seat 1: Pipimoni ($394.85 in chips)
Seat 3: Ale4o ($105 in chips)
Pipimoni: posts small blind $1
Ale4o: posts big blind $3
*** HOLE CARDS ***
Pipimoni: raises $3 to $6
Ale4o: calls $3
*** FLOP *** [Qc 3d Kd]
Ale4o: checks
Pipimoni: bets $3
Ale4o: calls $3
*** TURN *** [Qc 3d Kd] [3h]
Ale4o: checks
Pipimoni: bets $6
Ale4o: calls $6
*** RIVER *** [Qc 3d Kd 3h] [Jh]
Ale4o: checks
Pipimoni: bets $6
Ale4o: calls $6
*** SHOW DOWN ***
Pipimoni: shows [3s 3c] (four of a kind, Threes)
Ale4o: mucks hand
Pipimoni collected $41.50 from pot
*** SUMMARY ***
Total pot $42 | Rake $0.50
Board [Qc 3d Kd 3h Jh]
Seat 1: Pipimoni (button) (small blind) showed [3s 3c] and won ($41.50) with four of a kind, Threes
Seat 3: Ale4o (big blind) mucked


PokerStars Hand #174932402741:  Hold'em Limit ($3/$6 USD) - 2017/08/29 5:38:21 ET
Table 'Jessonda' 6-max Seat #3 is the button
Seat 1: Pipimoni ($380.35 in chips)
Seat 3: Ale4o ($120 in chips)
Ale4o: posts small blind $1
VolkovDmitri: is sitting out
Pipimoni: posts big blind $3
*** HOLE CARDS ***
Ale4o: raises $3 to $6
VolkovDmitri leaves the table
Pipimoni: calls $3
*** FLOP *** [Jc Qs 6h]
Pipimoni: bets $3
Ale4o: calls $3
*** TURN *** [Jc Qs 6h] [2s]
Pipimoni: bets $6
Ale4o: calls $6
*** RIVER *** [Jc Qs 6h 2s] [9s]
Pipimoni: bets $6
Ale4o: folds
Uncalled bet ($6) returned to Pipimoni
Pipimoni collected $29.50 from pot
*** SUMMARY ***
Total pot $30 | Rake $0.50
Board [Jc Qs 6h 2s 9s]
Seat 1: Pipimoni (big blind) collected ($29.50)
Seat 3: Ale4o (button) (small blind) folded on the River


PokerStars Hand #174932428011:  Hold'em Limit ($3/$6 USD) - 2017/08/29 5:39:32 ET
Table 'Jessonda' 6-max Seat #1 is the button
Seat 1: Pipimoni ($400.35 in chips)
Seat 3: Ale4o ($98.50 in chips)
Pipimoni: posts small blind $1
Ale4o: posts big blind $3
*** HOLE CARDS ***
Pipimoni: calls $2
Ale4o: checks
*** FLOP *** [5c 9d 3h]
Ale4o: checks
Pipimoni: checks
*** TURN *** [5c 9d 3h] [4d]
Ale4o: bets $6
Pipimoni: folds
Uncalled bet ($6) returned to Ale4o
Ale4o collected $5.88 from pot
Ale4o: doesn't show hand
*** SUMMARY ***
Total pot $6 | Rake $0.12
Board [5c 9d 3h 4d]
Seat 1: Pipimoni (button) (small blind) folded on the Turn
Seat 3: Ale4o (big blind) collected ($5.88)


PokerStars Hand #174932418760:  Hold'em Limit ($3/$6 USD) - 2017/08/29 5:39:07 ET
Table 'Jessonda' 6-max Seat #3 is the button
Seat 1: Pipimoni ($415.35 in chips)
Seat 3: Ale4o ($84 in chips)
Ale4o: posts small blind $1
Pipimoni: posts big blind $3
*** HOLE CARDS ***
Ale4o: raises $3 to $6
Pipimoni: calls $3
*** FLOP *** [7s 5h Jh]
Pipimoni: checks
Ale4o: bets $3
Pipimoni: calls $3
*** TURN *** [7s 5h Jh] [5d]
Pipimoni: checks
Ale4o: bets $6
Pipimoni: calls $6
*** RIVER *** [7s 5h Jh 5d] [Jd]
Pipimoni: checks
Ale4o: bets $6
Pipimoni: folds
Uncalled bet ($6) returned to Ale4o
Ale4o collected $29.50 from pot
Ale4o: doesn't show hand
*** SUMMARY ***
Total pot $30 | Rake $0.50
Board [7s 5h Jh 5d Jd]
Seat 1: Pipimoni (big blind) folded on the River
Seat 3: Ale4o (button) (small blind) collected ($29.50)


PokerStars Hand #174932434022:  Hold'em Limit ($3/$6 USD) - 2017/08/29 5:39:49 ET
Table 'Jessonda' 6-max Seat #3 is the button
Seat 1: Pipimoni ($397.35 in chips)
Seat 3: Ale4o ($101.38 in chips)
Ale4o: posts small blind $1
Pipimoni: posts big blind $3
*** HOLE CARDS ***
Ale4o: raises $3 to $6
Pipimoni: calls $3
*** FLOP *** [6c 9h Ac]
Pipimoni: checks
Ale4o: bets $3
Pipimoni: folds
Uncalled bet ($3) returned to Ale4o
Ale4o collected $11.76 from pot
Ale4o: doesn't show hand
*** SUMMARY ***
Total pot $12 | Rake $0.24
Board [6c 9h Ac]
Seat 1: Pipimoni (big blind) folded on the Flop
Seat 3: Ale4o (button) (small blind) collected ($11.76)


PokerStars Hand #174932490945:  Hold'em Limit ($3/$6 USD) - 2017/08/29 5:42:31 ET
Table 'Jessonda' 6-max Seat #3 is the button
Seat 1: Pipimoni ($394.23 in chips)
Seat 3: Ale4o ($104.14 in chips)
Ale4o: posts small blind $1
Pipimoni: posts big blind $3
*** HOLE CARDS ***
Ale4o: folds
Uncalled bet ($2) returned to Pipimoni
Pipimoni collected $2 from pot
*** SUMMARY ***
Total pot $2 | Rake $0
Seat 1: Pipimoni (big blind) collected ($2)
Seat 3: Ale4o (button) (small blind) folded before Flop


PokerStars Hand #174932492330:  Hold'em Limit ($3/$6 USD) - 2017/08/29 5:42:35 ET
Table 'Jessonda' 6-max Seat #1 is the button
Seat 1: Pipimoni ($395.23 in chips)
Seat 3: Ale4o ($103.14 in chips)
Pipimoni: posts small blind $1
Ale4o: posts big blind $3
*** HOLE CARDS ***
Pipimoni: raises $3 to $6
Ale4o: calls $3
*** FLOP *** [9s 3d Ah]
Ale4o: checks
Pipimoni: bets $3
Ale4o: calls $3
*** TURN *** [9s 3d Ah] [5s]
Ale4o: checks
Pipimoni: bets $6
Ale4o: calls $6
*** RIVER *** [9s 3d Ah 5s] [3s]
Ale4o: checks
Pipimoni: checks
*** SHOW DOWN ***
Ale4o: shows [As 4h] (two pair, Aces and Threes)
Pipimoni: mucks hand
Ale4o collected $29.50 from pot
*** SUMMARY ***
Total pot $30 | Rake $0.50
Board [9s 3d Ah 5s 3s]
Seat 1: Pipimoni (button) (small blind) mucked
Seat 3: Ale4o (big blind) showed [As 4h] and won ($29.50) with two pair, Aces and Threes


PokerStars Hand #174932485882:  Hold'em Limit ($3/$6 USD) - 2017/08/29 5:42:16 ET
Table 'Jessonda' 6-max Seat #1 is the button
Seat 1: Pipimoni ($391.35 in chips)
Seat 3: Ale4o ($107.14 in chips)
Pipimoni: posts small blind $1
Ale4o: posts big blind $3
*** HOLE CARDS ***
Pipimoni: calls $2
Ale4o: checks
*** FLOP *** [3d 8h 2h]
Ale4o: checks
Pipimoni: bets $3
Ale4o: folds
Uncalled bet ($3) returned to Pipimoni
Pipimoni collected $5.88 from pot
*** SUMMARY ***
Total pot $6 | Rake $0.12
Board [3d 8h 2h]
Seat 1: Pipimoni (button) (small blind) collected ($5.88)
Seat 3: Ale4o (big blind) folded on the Flop


PokerStars Hand #174932515160:  Hold'em Limit ($3/$6 USD) - 2017/08/29 5:43:40 ET
Table 'Jessonda' 6-max Seat #1 is the button
Seat 1: Pipimoni ($400.73 in chips)
Seat 3: Ale4o ($96.64 in chips)
Pipimoni: posts small blind $1
Ale4o: posts big blind $3
*** HOLE CARDS ***
Pipimoni: calls $2
Ale4o: checks
*** FLOP *** [6c 2h As]
Ale4o: checks
Pipimoni: checks
*** TURN *** [6c 2h As] [Jh]
Ale4o: checks
Pipimoni: checks
*** RIVER *** [6c 2h As Jh] [5h]
Ale4o: bets $6
Pipimoni: folds
Uncalled bet ($6) returned to Ale4o
Ale4o collected $5.88 from pot
Ale4o: doesn't show hand
*** SUMMARY ***
Total pot $6 | Rake $0.12
Board [6c 2h As Jh 5h]
Seat 1: Pipimoni (button) (small blind) folded on the River
Seat 3: Ale4o (big blind) collected ($5.88)


PokerStars Hand #174932499074:  Hold'em Limit ($3/$6 USD) - 2017/08/29 5:42:54 ET
Table 'Jessonda' 6-max Seat #3 is the button
Seat 1: Pipimoni ($380.23 in chips)
Seat 3: Ale4o ($117.64 in chips)
Ale4o: posts small blind $1
Pipimoni: posts big blind $3
*** HOLE CARDS ***
Ale4o: raises $3 to $6
Pipimoni: raises $3 to $9
Ale4o: calls $3
*** FLOP *** [6h Ts 5d]
Pipimoni: bets $3
Ale4o: raises $3 to $6
Pipimoni: calls $3
*** TURN *** [6h Ts 5d] [8c]
Pipimoni: checks
Ale4o: bets $6
Pipimoni: calls $6
*** RIVER *** [6h Ts 5d 8c] [9d]
Pipimoni: bets $6
Ale4o: folds
Uncalled bet ($6) returned to Pipimoni
Pipimoni collected $41.50 from pot
*** SUMMARY ***
Total pot $42 | Rake $0.50
Board [6h Ts 5d 8c 9d]
Seat 1: Pipimoni (big blind) collected ($41.50)
Seat 3: Ale4o (button) (small blind) folded on the River


PokerStars Hand #174932513784:  Hold'em Limit ($3/$6 USD) - 2017/08/29 5:43:36 ET
Table 'Jessonda' 6-max Seat #3 is the button
Seat 1: Pipimoni ($399.73 in chips)
Seat 3: Ale4o ($97.64 in chips)
Ale4o: posts small blind $1
Pipimoni: posts big blind $3
*** HOLE CARDS ***
Ale4o: folds
Uncalled bet ($2) returned to Pipimoni
Pipimoni collected $2 from pot
*** SUMMARY ***
Total pot $2 | Rake $0
Seat 1: Pipimoni (big blind) collected ($2)
Seat 3: Ale4o (button) (small blind) folded before Flop


PokerStars Hand #174932511861:  Hold'em Limit ($3/$6 USD) - 2017/08/29 5:43:30 ET
Table 'Jessonda' 6-max Seat #1 is the button
Seat 1: Pipimoni ($400.73 in chips)
Seat 3: Ale4o ($96.64 in chips)
Pipimoni: posts small blind $1
Ale4o: posts big blind $3
*** HOLE CARDS ***
Pipimoni: folds
Uncalled bet ($2) returned to Ale4o
Ale4o collected $2 from pot
Ale4o: doesn't show hand
*** SUMMARY ***
Total pot $2 | Rake $0
Seat 1: Pipimoni (button) (small blind) folded before Flop
Seat 3: Ale4o (big blind) collected ($2)


PokerStars Hand #174932520499:  Hold'em Limit ($3/$6 USD) - 2017/08/29 5:43:55 ET
Table 'Jessonda' 6-max Seat #3 is the button
Seat 1: Pipimoni ($397.73 in chips)
Seat 3: Ale4o ($99.52 in chips)
Ale4o: posts small blind $1
Pipimoni: posts big blind $3
*** HOLE CARDS ***
Ale4o: raises $3 to $6
Pipimoni: calls $3
*** FLOP *** [5h 9c Tc]
Pipimoni: checks
Ale4o: bets $3
Pipimoni: calls $3
*** TURN *** [5h 9c Tc] [Qh]
Pipimoni: checks
Ale4o: bets $6
Pipimoni: calls $6
*** RIVER *** [5h 9c Tc Qh] [2d]
Pipimoni: bets $6
Ale4o: folds
Uncalled bet ($6) returned to Pipimoni
Pipimoni collected $29.50 from pot
*** SUMMARY ***
Total pot $30 | Rake $0.50
Board [5h 9c Tc Qh 2d]
Seat 1: Pipimoni (big blind) collected ($29.50)
Seat 3: Ale4o (button) (small blind) folded on the River


PokerStars Hand #174932529667:  Hold'em Limit ($3/$6 USD) - 2017/08/29 5:44:21 ET
Table 'Jessonda' 6-max Seat #1 is the button
Seat 1: Pipimoni ($412.23 in chips)
Seat 3: Ale4o ($84.52 in chips)
Pipimoni: posts small blind $1
Ale4o: posts big blind $3
*** HOLE CARDS ***
Pipimoni: calls $2
Ale4o: checks
*** FLOP *** [8h Jh 9h]
Ale4o: checks
Pipimoni: checks
*** TURN *** [8h Jh 9h] [4d]
Ale4o: checks
Pipimoni: checks
*** RIVER *** [8h Jh 9h 4d] [Jd]
Ale4o: bets $6
Pipimoni: folds
Uncalled bet ($6) returned to Ale4o
Ale4o collected $5.88 from pot
Ale4o: doesn't show hand
*** SUMMARY ***
Total pot $6 | Rake $0.12
Board [8h Jh 9h 4d Jd]
Seat 1: Pipimoni (button) (small blind) folded on the River
Seat 3: Ale4o (big blind) collected ($5.88)


PokerStars Hand #174932539550:  Hold'em Limit ($3/$6 USD) - 2017/08/29 5:44:49 ET
Table 'Jessonda' 6-max Seat #3 is the button
Seat 1: Pipimoni ($409.23 in chips)
Seat 3: Ale4o ($87.40 in chips)
Ale4o: posts small blind $1
Pipimoni: posts big blind $3
*** HOLE CARDS ***
Ale4o: raises $3 to $6
Pipimoni: calls $3
*** FLOP *** [Kh 6h 8h]
Pipimoni: checks
Ale4o: bets $3
Pipimoni: folds
Uncalled bet ($3) returned to Ale4o
Ale4o collected $11.76 from pot
Ale4o: doesn't show hand
*** SUMMARY ***
Total pot $12 | Rake $0.24
Board [Kh 6h 8h]
Seat 1: Pipimoni (big blind) folded on the Flop
Seat 3: Ale4o (button) (small blind) collected ($11.76)


PokerStars Hand #174932545528:  Hold'em Limit ($3/$6 USD) - 2017/08/29 5:45:06 ET
Table 'Jessonda' 6-max Seat #3 is the button
Seat 1: Pipimoni ($402.23 in chips)
Seat 3: Ale4o ($94.16 in chips)
Ale4o: posts small blind $1
Pipimoni: posts big blind $3
*** HOLE CARDS ***
Ale4o: raises $3 to $6
Pipimoni: calls $3
*** FLOP *** [Qs 4h 6d]
Pipimoni: checks
Ale4o: bets $3
Psynto joins the table at seat #2
Pipimoni: calls $3
*** TURN *** [Qs 4h 6d] [Qh]
Pipimoni: bets $6
Ale4o: folds
Uncalled bet ($6) returned to Pipimoni
Pipimoni collected $17.64 from pot
*** SUMMARY ***
Total pot $18 | Rake $0.36
Board [Qs 4h 6d Qh]
Seat 1: Pipimoni (big blind) collected ($17.64)
Seat 3: Ale4o (button) (small blind) folded on the Turn


PokerStars Hand #174932543715:  Hold'em Limit ($3/$6 USD) - 2017/08/29 5:45:01 ET
Table 'Jessonda' 6-max Seat #1 is the button
Seat 1: Pipimoni ($403.23 in chips)
Seat 3: Ale4o ($93.16 in chips)
Pipimoni: posts small blind $1
Ale4o: posts big blind $3
*** HOLE CARDS ***
Pipimoni: folds
Uncalled bet ($2) returned to Ale4o
Ale4o collected $2 from pot
Ale4o: doesn't show hand
*** SUMMARY ***
Total pot $2 | Rake $0
Seat 1: Pipimoni (button) (small blind) folded before Flop
Seat 3: Ale4o (big blind) collected ($2)


