PokerStars Hand #174377283451:  Hold'em Limit ($3/$6 USD) - 2017/08/15 16:06:06 ET
Table 'Jessonda' 6-max Seat #2 is the button
Seat 2: Jack_Wu1985 ($161.46 in chips)
Seat 3: ToDaFelt ($97 in chips)
Winnitt will be allowed to play after the button
vestimokrec will be allowed to play after the button
Jack_Wu1985: posts small blind $1
ToDaFelt: posts big blind $3
*** HOLE CARDS ***
Jack_Wu1985: folds
Uncalled bet ($2) returned to ToDaFelt
ToDaFelt collected $2 from pot
ToDaFelt: doesn't show hand
*** SUMMARY ***
Total pot $2 | Rake $0
Seat 2: Jack_Wu1985 (button) (small blind) folded before Flop
Seat 3: ToDaFelt (big blind) collected ($2)


PokerStars Hand #174377839706:  Hold'em Limit ($3/$6 USD) - 2017/08/15 16:18:16 ET
Table 'Jessonda' 6-max Seat #5 is the button
Seat 2: B_loJkl ($147.71 in chips)
Seat 5: Luanto 14 ($153.13 in chips)
Pepperlina will be allowed to play after the button
Luanto 14: posts small blind $1
B_loJkl: posts big blind $3
*** HOLE CARDS ***
Luanto 14: raises $3 to $6
vestimokrec joins the table at seat #4
B_loJkl: calls $3
*** FLOP *** [7c 3d 5s]
B_loJkl: bets $3
Luanto 14: raises $3 to $6
B_loJkl: calls $3
*** TURN *** [7c 3d 5s] [2c]
B_loJkl: checks
Luanto 14: bets $6
B_loJkl: calls $6
*** RIVER *** [7c 3d 5s 2c] [8d]
B_loJkl: checks
Luanto 14: bets $6
B_loJkl: calls $6
*** SHOW DOWN ***
Luanto 14: shows [7d 6d] (a pair of Sevens)
B_loJkl: mucks hand
Luanto 14 collected $47.50 from pot
*** SUMMARY ***
Total pot $48 | Rake $0.50
Board [7c 3d 5s 2c 8d]
Seat 2: B_loJkl (big blind) mucked
Seat 5: Luanto 14 (button) (small blind) showed [7d 6d] and won ($47.50) with a pair of Sevens


PokerStars Hand #174384518371:  Hold'em Limit ($3/$6 USD) - 2017/08/15 18:59:26 ET
Table 'Jessonda' 6-max Seat #3 is the button
Seat 3: MaulR ($155.24 in chips)
Seat 5: B_loJkl ($214.75 in chips)
MaulR: posts small blind $1
B_loJkl: posts big blind $3
*** HOLE CARDS ***
bolbess leaves the table
MaulR: folds
Uncalled bet ($2) returned to B_loJkl
B_loJkl collected $2 from pot
B_loJkl: doesn't show hand
*** SUMMARY ***
Total pot $2 | Rake $0
Seat 3: MaulR (button) (small blind) folded before Flop
Seat 5: B_loJkl (big blind) collected ($2)


