PokerStars Hand #155868320039:  Hold'em Limit ($3/$6 USD) - 2016/07/12 5:00:07 ET
Table 'Jessonda' 6-max Seat #5 is the button
Seat 1: Tryptamean ($111.53 in chips)
Seat 5: simiaoyu ($238.62 in chips)
simiaoyu: posts small blind $1
Tryptamean: posts big blind $3
*** HOLE CARDS ***
simiaoyu: folds
Uncalled bet ($2) returned to Tryptamean
Tryptamean collected $2 from pot
Tryptamean: doesn't show hand
*** SUMMARY ***
Total pot $2 | Rake $0
Seat 1: Tryptamean (big blind) collected ($2)
Seat 5: simiaoyu (button) (small blind) folded before Flop


PokerStars Hand #155868315985:  Hold'em Limit ($3/$6 USD) - 2016/07/12 4:59:53 ET
Table 'Jessonda' 6-max Seat #1 is the button
Seat 1: Tryptamean ($108.53 in chips)
Seat 5: simiaoyu ($241.62 in chips)
Tryptamean: posts small blind $1
jl45259071 was removed from the table for failing to post
VolkovDmitri: is sitting out
simiaoyu: posts big blind $3
*** HOLE CARDS ***
Tryptamean: raises $3 to $6
simiaoyu: folds
Uncalled bet ($3) returned to Tryptamean
Tryptamean collected $6 from pot
Tryptamean: doesn't show hand
*** SUMMARY ***
Total pot $6 | Rake $0
Seat 1: Tryptamean (button) (small blind) collected ($6)
Seat 5: simiaoyu (big blind) folded before Flop


PokerStars Hand #155868321533:  Hold'em Limit ($3/$6 USD) - 2016/07/12 5:00:12 ET
Table 'Jessonda' 6-max Seat #1 is the button
Seat 1: Tryptamean ($112.53 in chips)
Seat 5: simiaoyu ($237.62 in chips)
Tryptamean: posts small blind $1
simiaoyu: posts big blind $3
*** HOLE CARDS ***
VolkovDmitri leaves the table
Tryptamean: raises $3 to $6
VolkovDmitri joins the table at seat #6
simiaoyu: calls $3
*** FLOP *** [Qc 2s Jd]
simiaoyu: checks
Tryptamean: bets $3
simiaoyu: folds
Uncalled bet ($3) returned to Tryptamean
Tryptamean collected $11.76 from pot
Tryptamean: doesn't show hand
*** SUMMARY ***
Total pot $12 | Rake $0.24
Board [Qc 2s Jd]
Seat 1: Tryptamean (button) (small blind) collected ($11.76)
Seat 5: simiaoyu (big blind) folded on the Flop


PokerStars Hand #155868396177:  Hold'em Limit ($3/$6 USD) - 2016/07/12 5:03:53 ET
Table 'Jessonda' 6-max Seat #5 is the button
Seat 5: simiaoyu ($230.05 in chips)
Seat 6: VolkovDmitri ($130.28 in chips)
simiaoyu: posts small blind $1
VolkovDmitri: posts big blind $3
*** HOLE CARDS ***
simiaoyu: raises $3 to $6
VolkovDmitri: raises $3 to $9
simiaoyu: calls $3
*** FLOP *** [2d Ts As]
VolkovDmitri: bets $3
simiaoyu: calls $3
*** TURN *** [2d Ts As] [4h]
VolkovDmitri: bets $6
simiaoyu: folds
Uncalled bet ($6) returned to VolkovDmitri
VolkovDmitri collected $23.52 from pot
VolkovDmitri: doesn't show hand
*** SUMMARY ***
Total pot $24 | Rake $0.48
Board [2d Ts As 4h]
Seat 5: simiaoyu (button) (small blind) folded on the Turn
Seat 6: VolkovDmitri (big blind) collected ($23.52)


PokerStars Hand #155868392574:  Hold'em Limit ($3/$6 USD) - 2016/07/12 5:03:41 ET
Table 'Jessonda' 6-max Seat #6 is the button
Seat 5: simiaoyu ($229.05 in chips)
Seat 6: VolkovDmitri ($131.28 in chips)
VolkovDmitri: posts small blind $1
Tryptamean: is sitting out
simiaoyu: posts big blind $3
*** HOLE CARDS ***
VolkovDmitri: folds
Uncalled bet ($2) returned to simiaoyu
simiaoyu collected $2 from pot
simiaoyu: doesn't show hand
*** SUMMARY ***
Total pot $2 | Rake $0
Seat 5: simiaoyu (big blind) collected ($2)
Seat 6: VolkovDmitri (button) (small blind) folded before Flop


PokerStars Hand #155868411811:  Hold'em Limit ($3/$6 USD) - 2016/07/12 5:04:42 ET
Table 'Jessonda' 6-max Seat #5 is the button
Seat 5: simiaoyu ($235.55 in chips)
Seat 6: VolkovDmitri ($123.80 in chips)
simiaoyu: posts small blind $1
VolkovDmitri: posts big blind $3
*** HOLE CARDS ***
simiaoyu: raises $3 to $6
VolkovDmitri: raises $3 to $9
simiaoyu: calls $3
*** FLOP *** [Qd 9h 9c]
VolkovDmitri: bets $3
simiaoyu: folds
Uncalled bet ($3) returned to VolkovDmitri
VolkovDmitri collected $17.64 from pot
VolkovDmitri: doesn't show hand
*** SUMMARY ***
Total pot $18 | Rake $0.36
Board [Qd 9h 9c]
Seat 5: simiaoyu (button) (small blind) folded on the Flop
Seat 6: VolkovDmitri (big blind) collected ($17.64)


PokerStars Hand #155868401297:  Hold'em Limit ($3/$6 USD) - 2016/07/12 5:04:09 ET
Table 'Jessonda' 6-max Seat #6 is the button
Seat 5: simiaoyu ($218.05 in chips)
Seat 6: VolkovDmitri ($141.80 in chips)
VolkovDmitri: posts small blind $1
simiaoyu: posts big blind $3
*** HOLE CARDS ***
Tryptamean leaves the table
VolkovDmitri: raises $3 to $6
simiaoyu: raises $3 to $9
Tryptamean joins the table at seat #4
VolkovDmitri: calls $3
*** FLOP *** [7s 9d 8s]
simiaoyu: bets $3
VolkovDmitri: calls $3
*** TURN *** [7s 9d 8s] [3s]
simiaoyu: bets $6
VolkovDmitri: calls $6
*** RIVER *** [7s 9d 8s 3s] [Ad]
simiaoyu: checks
VolkovDmitri: checks
*** SHOW DOWN ***
simiaoyu: shows [Jd Jh] (a pair of Jacks)
VolkovDmitri: mucks hand
simiaoyu collected $35.50 from pot
*** SUMMARY ***
Total pot $36 | Rake $0.50
Board [7s 9d 8s 3s Ad]
Seat 5: simiaoyu (big blind) showed [Jd Jh] and won ($35.50) with a pair of Jacks
Seat 6: VolkovDmitri (button) (small blind) mucked


PokerStars Hand #155868468522:  Hold'em Limit ($3/$6 USD) - 2016/07/12 5:07:34 ET
Table 'Jessonda' 6-max Seat #4 is the button
Seat 4: Tryptamean ($133.92 in chips)
Seat 6: VolkovDmitri ($140.53 in chips)
Tryptamean: posts small blind $1
simiaoyu: is sitting out
VolkovDmitri: posts big blind $3
*** HOLE CARDS ***
Tryptamean: raises $3 to $6
VolkovDmitri: raises $3 to $9
Tryptamean: calls $3
*** FLOP *** [As 5h Qd]
VolkovDmitri: bets $3
Tryptamean: calls $3
*** TURN *** [As 5h Qd] [2h]
VolkovDmitri: bets $6
Tryptamean: folds
Uncalled bet ($6) returned to VolkovDmitri
VolkovDmitri collected $23.52 from pot
VolkovDmitri: doesn't show hand
*** SUMMARY ***
Total pot $24 | Rake $0.48
Board [As 5h Qd 2h]
Seat 4: Tryptamean (button) (small blind) folded on the Turn
Seat 6: VolkovDmitri (big blind) collected ($23.52)


PokerStars Hand #155868474657:  Hold'em Limit ($3/$6 USD) - 2016/07/12 5:07:53 ET
Table 'Jessonda' 6-max Seat #6 is the button
Seat 4: Tryptamean ($121.92 in chips)
Seat 6: VolkovDmitri ($152.05 in chips)
VolkovDmitri: posts small blind $1
Tryptamean: posts big blind $3
*** HOLE CARDS ***
simiaoyu leaves the table
VolkovDmitri: raises $3 to $6
Tryptamean: calls $3
*** FLOP *** [Qc 4s 3d]
Tryptamean: checks
VolkovDmitri: bets $3
Tryptamean: raises $3 to $6
VolkovDmitri: folds
Uncalled bet ($3) returned to Tryptamean
Tryptamean collected $17.64 from pot
Tryptamean: doesn't show hand
*** SUMMARY ***
Total pot $18 | Rake $0.36
Board [Qc 4s 3d]
Seat 4: Tryptamean (big blind) collected ($17.64)
Seat 6: VolkovDmitri (button) (small blind) folded on the Flop


