PokerStars Hand #161320901927:  Hold'em Limit ($3/$6 USD) - 2016/11/13 0:36:54 ET
Table 'Jessonda' 6-max Seat #4 is the button
Seat 4: VolkovDmitri ($120 in chips)
Seat 6: sda.80.16 ($140.50 in chips)
VolkovDmitri: posts small blind $1
sda.80.16: posts big blind $3
*** HOLE CARDS ***
VolkovDmitri: raises $3 to $6
sda.80.16: calls $3
*** FLOP *** [4c Kh 5h]
sda.80.16: checks
VolkovDmitri: bets $3
sda.80.16: folds
Uncalled bet ($3) returned to VolkovDmitri
VolkovDmitri collected $11.76 from pot
VolkovDmitri: doesn't show hand
*** SUMMARY ***
Total pot $12 | Rake $0.24
Board [4c Kh 5h]
Seat 4: VolkovDmitri (button) (small blind) collected ($11.76)
Seat 6: sda.80.16 (big blind) folded on the Flop


PokerStars Hand #161320914747:  Hold'em Limit ($3/$6 USD) - 2016/11/13 0:37:41 ET
Table 'Jessonda' 6-max Seat #6 is the button
Seat 4: VolkovDmitri ($125.76 in chips)
Seat 6: sda.80.16 ($137.14 in chips)
sda.80.16: posts small blind $1
VolkovDmitri: posts big blind $3
*** HOLE CARDS ***
sda.80.16: raises $3 to $6
VolkovDmitri: raises $3 to $9
sda.80.16: calls $3
*** FLOP *** [4d 8h 6c]
VolkovDmitri: bets $3
sda.80.16: calls $3
*** TURN *** [4d 8h 6c] [7s]
VolkovDmitri: bets $6
sda.80.16: calls $6
*** RIVER *** [4d 8h 6c 7s] [4s]
VolkovDmitri: bets $6
sda.80.16: raises $6 to $12
VolkovDmitri: folds
Uncalled bet ($6) returned to sda.80.16
sda.80.16 collected $47.50 from pot
sda.80.16: doesn't show hand
*** SUMMARY ***
Total pot $48 | Rake $0.50
Board [4d 8h 6c 7s 4s]
Seat 4: VolkovDmitri (big blind) folded on the River
Seat 6: sda.80.16 (button) (small blind) collected ($47.50)


PokerStars Hand #161320911412:  Hold'em Limit ($3/$6 USD) - 2016/11/13 0:37:29 ET
Table 'Jessonda' 6-max Seat #4 is the button
Seat 4: VolkovDmitri ($120 in chips)
Seat 6: sda.80.16 ($143.14 in chips)
VolkovDmitri: posts small blind $1
sda.80.16: posts big blind $3
*** HOLE CARDS ***
VolkovDmitri: raises $3 to $6
sda.80.16: calls $3
*** FLOP *** [Ah Tc 2d]
sda.80.16: checks
VolkovDmitri: bets $3
sda.80.16: folds
Uncalled bet ($3) returned to VolkovDmitri
VolkovDmitri collected $11.76 from pot
VolkovDmitri: doesn't show hand
*** SUMMARY ***
Total pot $12 | Rake $0.24
Board [Ah Tc 2d]
Seat 4: VolkovDmitri (button) (small blind) collected ($11.76)
Seat 6: sda.80.16 (big blind) folded on the Flop


PokerStars Hand #161320905768:  Hold'em Limit ($3/$6 USD) - 2016/11/13 0:37:08 ET
Table 'Jessonda' 6-max Seat #6 is the button
Seat 4: VolkovDmitri ($125.76 in chips)
Seat 6: sda.80.16 ($134.50 in chips)
sda.80.16: posts small blind $1
VolkovDmitri: posts big blind $3
*** HOLE CARDS ***
sda.80.16: raises $3 to $6
VolkovDmitri: calls $3
*** FLOP *** [8s Kd 8h]
VolkovDmitri: checks
sda.80.16: bets $3
VolkovDmitri: calls $3
*** TURN *** [8s Kd 8h] [Js]
VolkovDmitri: checks
sda.80.16: bets $6
VolkovDmitri: folds
Uncalled bet ($6) returned to sda.80.16
sda.80.16 collected $17.64 from pot
sda.80.16: doesn't show hand
*** SUMMARY ***
Total pot $18 | Rake $0.36
Board [8s Kd 8h Js]
Seat 4: VolkovDmitri (big blind) folded on the Turn
Seat 6: sda.80.16 (button) (small blind) collected ($17.64)


PokerStars Hand #161320924474:  Hold'em Limit ($3/$6 USD) - 2016/11/13 0:38:17 ET
Table 'Jessonda' 6-max Seat #4 is the button
Seat 4: VolkovDmitri ($120 in chips)
Seat 6: sda.80.16 ($160.64 in chips)
VolkovDmitri: posts small blind $1
sda.80.16: posts big blind $3
*** HOLE CARDS ***
VolkovDmitri: raises $3 to $6
sda.80.16: calls $3
*** FLOP *** [6c 9c 7s]
sda.80.16: checks
VolkovDmitri: bets $3
sda.80.16: calls $3
*** TURN *** [6c 9c 7s] [Th]
sda.80.16: checks
VolkovDmitri: checks
*** RIVER *** [6c 9c 7s Th] [Td]
sda.80.16: bets $6
VolkovDmitri: folds
Uncalled bet ($6) returned to sda.80.16
sda.80.16 collected $17.64 from pot
sda.80.16: doesn't show hand
*** SUMMARY ***
Total pot $18 | Rake $0.36
Board [6c 9c 7s Th Td]
Seat 4: VolkovDmitri (button) (small blind) folded on the River
Seat 6: sda.80.16 (big blind) collected ($17.64)


PokerStars Hand #161320934098:  Hold'em Limit ($3/$6 USD) - 2016/11/13 0:38:53 ET
Table 'Jessonda' 6-max Seat #6 is the button
Seat 4: VolkovDmitri ($120 in chips)
Seat 6: sda.80.16 ($169.28 in chips)
sda.80.16: posts small blind $1
VolkovDmitri: posts big blind $3
*** HOLE CARDS ***
sda.80.16: calls $2
bigfish604 joins the table at seat #5
TbIP-TbIP 88 joins the table at seat #1
VolkovDmitri: checks
*** FLOP *** [Tc Jc 8s]
VolkovDmitri: checks
Agrotait joins the table at seat #2
sda.80.16: bets $3
VolkovDmitri: calls $3
*** TURN *** [Tc Jc 8s] [Qc]
VolkovDmitri: checks
sda.80.16: checks
*** RIVER *** [Tc Jc 8s Qc] [7s]
VolkovDmitri: bets $6
sda.80.16: folds
Uncalled bet ($6) returned to VolkovDmitri
VolkovDmitri collected $11.76 from pot
VolkovDmitri: doesn't show hand
*** SUMMARY ***
Total pot $12 | Rake $0.24
Board [Tc Jc 8s Qc 7s]
Seat 4: VolkovDmitri (big blind) collected ($11.76)
Seat 6: sda.80.16 (button) (small blind) folded on the River


PokerStars Hand #161321159049:  Hold'em Limit ($3/$6 USD) - 2016/11/13 0:52:51 ET
Table 'Jessonda' 6-max Seat #5 is the button
Seat 4: wiseguy2004 ($143.91 in chips)
Seat 5: bigfish604 ($120.13 in chips)
bigfish604: posts small blind $1
TbIP-TbIP 88: is sitting out
Agrotait: is sitting out
beng_51: is sitting out
wiseguy2004: posts big blind $3
*** HOLE CARDS ***
bigfish604: calls $2
wiseguy2004: checks
*** FLOP *** [8h 4h 8c]
wiseguy2004: checks
bigfish604: checks
*** TURN *** [8h 4h 8c] [Th]
wiseguy2004: bets $6
bigfish604: folds
Uncalled bet ($6) returned to wiseguy2004
wiseguy2004 collected $5.88 from pot
beng_51 leaves the table
*** SUMMARY ***
Total pot $6 | Rake $0.12
Board [8h 4h 8c Th]
Seat 4: wiseguy2004 (big blind) collected ($5.88)
Seat 5: bigfish604 (button) (small blind) folded on the Turn


PokerStars Hand #161321164516:  Hold'em Limit ($3/$6 USD) - 2016/11/13 0:53:11 ET
Table 'Jessonda' 6-max Seat #4 is the button
Seat 4: wiseguy2004 ($146.79 in chips)
Seat 5: bigfish604 ($117.13 in chips)
wiseguy2004: posts small blind $1
bigfish604: posts big blind $3
*** HOLE CARDS ***
wiseguy2004: folds
Uncalled bet ($2) returned to bigfish604
bigfish604 collected $2 from pot
bigfish604: doesn't show hand
DECAlpha joins the table at seat #6
*** SUMMARY ***
Total pot $2 | Rake $0
Seat 4: wiseguy2004 (button) (small blind) folded before Flop
Seat 5: bigfish604 (big blind) collected ($2)


