PokerStars Hand #164200492824:  Hold'em Limit ($3/$6 USD) - 2017/01/07 15:30:54 ET
Table 'Jetta' 6-max Seat #1 is the button
Seat 1: bourgeois50 ($24.75 in chips)
Seat 2: Great_Kang ($125.76 in chips)
bourgeois50: posts small blind $1
Great_Kang: posts big blind $3
*** HOLE CARDS ***
bourgeois50: raises $3 to $6
Great_Kang: calls $3
*** FLOP *** [Tc 4h Ks]
Great_Kang: checks
bourgeois50: bets $3
Great_Kang: calls $3
*** TURN *** [Tc 4h Ks] [4s]
Great_Kang: checks
bourgeois50: bets $6
Great_Kang: calls $6
*** RIVER *** [Tc 4h Ks 4s] [5d]
Great_Kang: checks
bourgeois50: bets $6
Great_Kang: calls $6
*** SHOW DOWN ***
bourgeois50: shows [5c Ah] (two pair, Fives and Fours)
Great_Kang: mucks hand
bourgeois50 collected $41.50 from pot
*** SUMMARY ***
Total pot $42 | Rake $0.50
Board [Tc 4h Ks 4s 5d]
Seat 1: bourgeois50 (button) (small blind) showed [5c Ah] and won ($41.50) with two pair, Fives and Fours
Seat 2: Great_Kang (big blind) mucked


PokerStars Hand #164200582423:  Hold'em Limit ($3/$6 USD) - 2017/01/07 15:32:23 ET
Table 'Jetta' 6-max Seat #1 is the button
Seat 1: bourgeois50 ($30.25 in chips)
Seat 2: Great_Kang ($134.50 in chips)
bourgeois50: posts small blind $1
Great_Kang: posts big blind $3
*** HOLE CARDS ***
bourgeois50: raises $3 to $6
Great_Kang: calls $3
*** FLOP *** [Ks 9d 4s]
Great_Kang: checks
bourgeois50: bets $3
Great_Kang: folds
Uncalled bet ($3) returned to bourgeois50
bourgeois50 collected $11.76 from pot
*** SUMMARY ***
Total pot $12 | Rake $0.24
Board [Ks 9d 4s]
Seat 1: bourgeois50 (button) (small blind) collected ($11.76)
Seat 2: Great_Kang (big blind) folded on the Flop


PokerStars Hand #164200576957:  Hold'em Limit ($3/$6 USD) - 2017/01/07 15:32:17 ET
Table 'Jetta' 6-max Seat #2 is the button
Seat 1: bourgeois50 ($29.25 in chips)
Seat 2: Great_Kang ($135.50 in chips)
Great_Kang: posts small blind $1
bourgeois50: posts big blind $3
*** HOLE CARDS ***
Great_Kang: folds
Uncalled bet ($2) returned to bourgeois50
bourgeois50 collected $2 from pot
*** SUMMARY ***
Total pot $2 | Rake $0
Seat 1: bourgeois50 (big blind) collected ($2)
Seat 2: Great_Kang (button) (small blind) folded before Flop


PokerStars Hand #164200572373:  Hold'em Limit ($3/$6 USD) - 2017/01/07 15:32:13 ET
Table 'Jetta' 6-max Seat #1 is the button
Seat 1: bourgeois50 ($30.25 in chips)
Seat 2: Great_Kang ($134.50 in chips)
bourgeois50: posts small blind $1
Great_Kang: posts big blind $3
*** HOLE CARDS ***
bourgeois50: folds
Uncalled bet ($2) returned to Great_Kang
Great_Kang collected $2 from pot
Great_Kang: doesn't show hand
*** SUMMARY ***
Total pot $2 | Rake $0
Seat 1: bourgeois50 (button) (small blind) folded before Flop
Seat 2: Great_Kang (big blind) collected ($2)


PokerStars Hand #164200538934:  Hold'em Limit ($3/$6 USD) - 2017/01/07 15:31:40 ET
Table 'Jetta' 6-max Seat #2 is the button
Seat 1: bourgeois50 ($45.25 in chips)
Seat 2: Great_Kang ($120 in chips)
Great_Kang: posts small blind $1
bourgeois50: posts big blind $3
*** HOLE CARDS ***
Great_Kang: raises $3 to $6
bourgeois50: calls $3
*** FLOP *** [Ah Qs Js]
bourgeois50: checks
Great_Kang: bets $3
bourgeois50: calls $3
*** TURN *** [Ah Qs Js] [Ks]
bourgeois50: checks
Great_Kang: bets $6
bourgeois50: calls $6
*** RIVER *** [Ah Qs Js Ks] [Jh]
bourgeois50: checks
Great_Kang: bets $6
bourgeois50: folds
Uncalled bet ($6) returned to Great_Kang
Great_Kang collected $29.50 from pot
Great_Kang: doesn't show hand
*** SUMMARY ***
Total pot $30 | Rake $0.50
Board [Ah Qs Js Ks Jh]
Seat 1: bourgeois50 (big blind) folded on the River
Seat 2: Great_Kang (button) (small blind) collected ($29.50)


PokerStars Hand #164200630266:  Hold'em Limit ($3/$6 USD) - 2017/01/07 15:33:09 ET
Table 'Jetta' 6-max Seat #1 is the button
Seat 1: bourgeois50 ($43.53 in chips)
Seat 2: Great_Kang ($124 in chips)
bourgeois50: posts small blind $1
Great_Kang: posts big blind $3
*** HOLE CARDS ***
bourgeois50: folds
Uncalled bet ($2) returned to Great_Kang
Great_Kang collected $2 from pot
Great_Kang: doesn't show hand
*** SUMMARY ***
Total pot $2 | Rake $0
Seat 1: bourgeois50 (button) (small blind) folded before Flop
Seat 2: Great_Kang (big blind) collected ($2)


PokerStars Hand #164200624437:  Hold'em Limit ($3/$6 USD) - 2017/01/07 15:33:04 ET
Table 'Jetta' 6-max Seat #2 is the button
Seat 1: bourgeois50 ($46.53 in chips)
Seat 2: Great_Kang ($121 in chips)
Great_Kang: posts small blind $1
bourgeois50: posts big blind $3
*** HOLE CARDS ***
Great_Kang: raises $3 to $6
bourgeois50: folds
Uncalled bet ($3) returned to Great_Kang
Great_Kang collected $6 from pot
Great_Kang: doesn't show hand
*** SUMMARY ***
Total pot $6 | Rake $0
Seat 1: bourgeois50 (big blind) folded before Flop
Seat 2: Great_Kang (button) (small blind) collected ($6)


PokerStars Hand #164200619495:  Hold'em Limit ($3/$6 USD) - 2017/01/07 15:32:59 ET
Table 'Jetta' 6-max Seat #1 is the button
Seat 1: bourgeois50 ($47.53 in chips)
Seat 2: Great_Kang ($120 in chips)
bourgeois50: posts small blind $1
Great_Kang: posts big blind $3
*** HOLE CARDS ***
bourgeois50: folds
Uncalled bet ($2) returned to Great_Kang
Great_Kang collected $2 from pot
Great_Kang: doesn't show hand
*** SUMMARY ***
Total pot $2 | Rake $0
Seat 1: bourgeois50 (button) (small blind) folded before Flop
Seat 2: Great_Kang (big blind) collected ($2)


PokerStars Hand #164200601186:  Hold'em Limit ($3/$6 USD) - 2017/01/07 15:32:41 ET
Table 'Jetta' 6-max Seat #2 is the button
Seat 1: bourgeois50 ($36.01 in chips)
Seat 2: Great_Kang ($128.50 in chips)
Great_Kang: posts small blind $1
bourgeois50: posts big blind $3
*** HOLE CARDS ***
Great_Kang: raises $3 to $6
bourgeois50: calls $3
*** FLOP *** [6d 4s 3s]
bourgeois50: checks
Great_Kang: bets $3
bourgeois50: raises $3 to $6
Great_Kang: calls $3
*** TURN *** [6d 4s 3s] [3c]
bourgeois50: bets $6
Great_Kang: folds
Uncalled bet ($6) returned to bourgeois50
bourgeois50 collected $23.52 from pot
*** SUMMARY ***
Total pot $24 | Rake $0.48
Board [6d 4s 3s 3c]
Seat 1: bourgeois50 (big blind) collected ($23.52)
Seat 2: Great_Kang (button) (small blind) folded on the Turn


PokerStars Hand #164200635310:  Hold'em Limit ($3/$6 USD) - 2017/01/07 15:33:14 ET
Table 'Jetta' 6-max Seat #2 is the button
Seat 1: bourgeois50 ($42.53 in chips)
Seat 2: Great_Kang ($125 in chips)
Great_Kang: posts small blind $1
bourgeois50: posts big blind $3
*** HOLE CARDS ***
Great_Kang: raises $3 to $6
bourgeois50: calls $3
*** FLOP *** [3h 3c 7c]
bourgeois50: checks
Great_Kang: bets $3
bourgeois50: raises $3 to $6
Great_Kang: calls $3
*** TURN *** [3h 3c 7c] [4s]
bourgeois50: bets $6
Great_Kang: calls $6
*** RIVER *** [3h 3c 7c 4s] [5d]
bourgeois50: bets $6
Great_Kang: raises $6 to $12
bourgeois50: raises $6 to $18
Great_Kang: calls $6
*** SHOW DOWN ***
bourgeois50: shows [As 6c] (a straight, Three to Seven)
Great_Kang: shows [6h Ad] (a straight, Three to Seven)
bourgeois50 collected $35.75 from pot
Great_Kang collected $35.75 from pot
*** SUMMARY ***
Total pot $72 | Rake $0.50
Board [3h 3c 7c 4s 5d]
Seat 1: bourgeois50 (big blind) showed [As 6c] and won ($35.75) with a straight, Three to Seven
Seat 2: Great_Kang (button) (small blind) showed [6h Ad] and won ($35.75) with a straight, Three to Seven


PokerStars Hand #164200690123:  Hold'em Limit ($3/$6 USD) - 2017/01/07 15:34:07 ET
Table 'Jetta' 6-max Seat #2 is the button
Seat 1: bourgeois50 ($48.04 in chips)
Seat 2: Great_Kang ($120 in chips)
Great_Kang: posts small blind $1
bourgeois50: posts big blind $3
*** HOLE CARDS ***
Great_Kang: raises $3 to $6
bourgeois50: calls $3
*** FLOP *** [4s Kh Ac]
bourgeois50: checks
Great_Kang: bets $3
bourgeois50: raises $3 to $6
Great_Kang: calls $3
*** TURN *** [4s Kh Ac] [Qh]
bourgeois50: bets $6
Great_Kang: raises $6 to $12
bourgeois50: calls $6
*** RIVER *** [4s Kh Ac Qh] [5s]
bourgeois50: checks
Great_Kang: bets $6
bourgeois50: calls $6
*** SHOW DOWN ***
Great_Kang: shows [Jh Th] (a straight, Ten to Ace)
bourgeois50: mucks hand
Great_Kang collected $59.50 from pot
*** SUMMARY ***
Total pot $60 | Rake $0.50
Board [4s Kh Ac Qh 5s]
Seat 1: bourgeois50 (big blind) mucked
Seat 2: Great_Kang (button) (small blind) showed [Jh Th] and won ($59.50) with a straight, Ten to Ace


PokerStars Hand #164200671552:  Hold'em Limit ($3/$6 USD) - 2017/01/07 15:33:50 ET
Table 'Jetta' 6-max Seat #1 is the button
Seat 1: bourgeois50 ($42.28 in chips)
Seat 2: Great_Kang ($124.75 in chips)
bourgeois50: posts small blind $1
Great_Kang: posts big blind $3
*** HOLE CARDS ***
bourgeois50: raises $3 to $6
Great_Kang: calls $3
*** FLOP *** [Kh Jc 6c]
Great_Kang: checks
bourgeois50: bets $3
Great_Kang: folds
Uncalled bet ($3) returned to bourgeois50
bourgeois50 collected $11.76 from pot
*** SUMMARY ***
Total pot $12 | Rake $0.24
Board [Kh Jc 6c]
Seat 1: bourgeois50 (button) (small blind) collected ($11.76)
Seat 2: Great_Kang (big blind) folded on the Flop


PokerStars Hand #164200751197:  Hold'em Limit ($3/$6 USD) - 2017/01/07 15:35:00 ET
Table 'Jetta' 6-max Seat #2 is the button
Seat 1: bourgeois50 ($35.58 in chips)
Seat 2: Great_Kang ($131.46 in chips)
Great_Kang: posts small blind $1
bourgeois50: posts big blind $3
*** HOLE CARDS ***
Great_Kang: raises $3 to $6
bourgeois50: calls $3
*** FLOP *** [Ah 2d Jc]
bourgeois50: checks
Great_Kang: bets $3
bourgeois50: folds
Uncalled bet ($3) returned to Great_Kang
Great_Kang collected $11.76 from pot
Great_Kang: doesn't show hand
*** SUMMARY ***
Total pot $12 | Rake $0.24
Board [Ah 2d Jc]
Seat 1: bourgeois50 (big blind) folded on the Flop
Seat 2: Great_Kang (button) (small blind) collected ($11.76)


PokerStars Hand #164200724687:  Hold'em Limit ($3/$6 USD) - 2017/01/07 15:34:34 ET
Table 'Jetta' 6-max Seat #1 is the button
Seat 1: bourgeois50 ($18.04 in chips)
Seat 2: Great_Kang ($149.50 in chips)
bourgeois50: posts small blind $1
Great_Kang: posts big blind $3
*** HOLE CARDS ***
bourgeois50: raises $3 to $6
Great_Kang: calls $3
*** FLOP *** [6s Kc 4d]
Great_Kang: checks
bourgeois50: bets $3
Great_Kang: raises $3 to $6
bourgeois50: calls $3
*** TURN *** [6s Kc 4d] [3d]
Great_Kang: bets $6
bourgeois50: raises $0.04 to $6.04 and is all-in
Great_Kang: calls $0.04
*** RIVER *** [6s Kc 4d 3d] [3c]
*** SHOW DOWN ***
Great_Kang: shows [8h 5h] (a pair of Threes)
bourgeois50: shows [8s 6c] (two pair, Sixes and Threes)
bourgeois50 collected $35.58 from pot
*** SUMMARY ***
Total pot $36.08 | Rake $0.50
Board [6s Kc 4d 3d 3c]
Seat 1: bourgeois50 (button) (small blind) showed [8s 6c] and won ($35.58) with two pair, Sixes and Threes
Seat 2: Great_Kang (big blind) showed [8h 5h] and lost with a pair of Threes


PokerStars Hand #164200770421:  Hold'em Limit ($3/$6 USD) - 2017/01/07 15:35:19 ET
Table 'Jetta' 6-max Seat #1 is the button
Seat 1: bourgeois50 ($29.58 in chips)
Seat 2: Great_Kang ($137.22 in chips)
bourgeois50: posts small blind $1
Great_Kang: posts big blind $3
*** HOLE CARDS ***
bourgeois50: raises $3 to $6
Great_Kang: calls $3
*** FLOP *** [7h 7c 2c]
Great_Kang: checks
bourgeois50: checks
*** TURN *** [7h 7c 2c] [5s]
Great_Kang: checks
bourgeois50: checks
*** RIVER *** [7h 7c 2c 5s] [3h]
Great_Kang: checks
bourgeois50: checks
*** SHOW DOWN ***
Great_Kang: shows [6d Kd] (a pair of Sevens)
bourgeois50: mucks hand
Great_Kang collected $11.76 from pot
*** SUMMARY ***
Total pot $12 | Rake $0.24
Board [7h 7c 2c 5s 3h]
Seat 1: bourgeois50 (button) (small blind) mucked
Seat 2: Great_Kang (big blind) showed [6d Kd] and won ($11.76) with a pair of Sevens


PokerStars Hand #164200816709:  Hold'em Limit ($3/$6 USD) - 2017/01/07 15:36:04 ET
Table 'Jetta' 6-max Seat #1 is the button
Seat 1: bourgeois50 ($24.58 in chips)
Seat 2: Great_Kang ($141.98 in chips)
bourgeois50: posts small blind $1
Great_Kang: posts big blind $3
*** HOLE CARDS ***
bourgeois50: raises $3 to $6
Great_Kang: calls $3
*** FLOP *** [3d Jc Tc]
Great_Kang: checks
bourgeois50: bets $3
Great_Kang: folds
Uncalled bet ($3) returned to bourgeois50
bourgeois50 collected $11.76 from pot
*** SUMMARY ***
Total pot $12 | Rake $0.24
Board [3d Jc Tc]
Seat 1: bourgeois50 (button) (small blind) collected ($11.76)
Seat 2: Great_Kang (big blind) folded on the Flop


PokerStars Hand #164200808873:  Hold'em Limit ($3/$6 USD) - 2017/01/07 15:35:57 ET
Table 'Jetta' 6-max Seat #2 is the button
Seat 1: bourgeois50 ($23.58 in chips)
Seat 2: Great_Kang ($142.98 in chips)
Great_Kang: posts small blind $1
bourgeois50: posts big blind $3
*** HOLE CARDS ***
Great_Kang: folds
Uncalled bet ($2) returned to bourgeois50
bourgeois50 collected $2 from pot
*** SUMMARY ***
Total pot $2 | Rake $0
Seat 1: bourgeois50 (big blind) collected ($2)
Seat 2: Great_Kang (button) (small blind) folded before Flop


PokerStars Hand #164200872757:  Hold'em Limit ($3/$6 USD) - 2017/01/07 15:36:59 ET
Table 'Jetta' 6-max Seat #1 is the button
Seat 1: bourgeois50 ($18.34 in chips)
Seat 2: Great_Kang ($147.50 in chips)
bourgeois50: posts small blind $1
Great_Kang: posts big blind $3
*** HOLE CARDS ***
bourgeois50: raises $3 to $6
Great_Kang: raises $3 to $9
bourgeois50: calls $3
*** FLOP *** [9h 6d Qs]
Great_Kang: bets $3
bourgeois50: calls $3
*** TURN *** [9h 6d Qs] [Js]
Great_Kang: checks
bourgeois50: bets $6
Great_Kang: calls $6
*** RIVER *** [9h 6d Qs Js] [8h]
Great_Kang: checks
bourgeois50: checks
*** SHOW DOWN ***
Great_Kang: shows [3d 3c] (a pair of Threes)
bourgeois50: shows [4d Qh] (a pair of Queens)
bourgeois50 collected $35.50 from pot
*** SUMMARY ***
Total pot $36 | Rake $0.50
Board [9h 6d Qs Js 8h]
Seat 1: bourgeois50 (button) (small blind) showed [4d Qh] and won ($35.50) with a pair of Queens
Seat 2: Great_Kang (big blind) showed [3d 3c] and lost with a pair of Threes


PokerStars Hand #164200836022:  Hold'em Limit ($3/$6 USD) - 2017/01/07 15:36:23 ET
Table 'Jetta' 6-max Seat #2 is the button
Seat 1: bourgeois50 ($30.34 in chips)
Seat 2: Great_Kang ($135.98 in chips)
Great_Kang: posts small blind $1
bourgeois50: posts big blind $3
*** HOLE CARDS ***
Great_Kang: raises $3 to $6
afghan_321 joins the table at seat #5
bourgeois50: calls $3
*** FLOP *** [2h 2c Jc]
bourgeois50: checks
Great_Kang: bets $3
bourgeois50: raises $3 to $6
1981mariak joins the table at seat #6
Great_Kang: calls $3
*** TURN *** [2h 2c Jc] [Kc]
bourgeois50: checks
Great_Kang: bets $6
bourgeois50: folds
Uncalled bet ($6) returned to Great_Kang
Great_Kang collected $23.52 from pot
Great_Kang: doesn't show hand
*** SUMMARY ***
Total pot $24 | Rake $0.48
Board [2h 2c Jc Kc]
Seat 1: bourgeois50 (big blind) folded on the Turn
Seat 2: Great_Kang (button) (small blind) collected ($23.52)


PokerStars Hand #164201663911:  Hold'em Limit ($3/$6 USD) - 2017/01/07 15:50:03 ET
Table 'Jetta' 6-max Seat #5 is the button
Seat 3: Krazy90 ($120 in chips)
Seat 5: afghan_321 ($273.92 in chips)
afghan_321: posts small blind $1
Great_Kang: is sitting out
Krazy90: posts big blind $3
*** HOLE CARDS ***
afghan_321: folds
Uncalled bet ($2) returned to Krazy90
Krazy90 collected $2 from pot
Krazy90: doesn't show hand
*** SUMMARY ***
Total pot $2 | Rake $0
Seat 3: Krazy90 (big blind) collected ($2)
Seat 5: afghan_321 (button) (small blind) folded before Flop


