PokerStars Hand #171836441294:  Hold'em Limit ($3/$6 USD) - 2017/06/16 4:32:14 ET
Table 'Jiangxi' 6-max Seat #3 is the button
Seat 3: Agrotait ($98.44 in chips)
Seat 6: Pilowski ($127.22 in chips)
Agrotait: posts small blind $1
MTails: is sitting out
Pilowski: posts big blind $3
*** HOLE CARDS ***
Agrotait: folds
Uncalled bet ($2) returned to Pilowski
Pilowski collected $2 from pot
*** SUMMARY ***
Total pot $2 | Rake $0
Seat 3: Agrotait (button) (small blind) folded before Flop
Seat 6: Pilowski (big blind) collected ($2)


PokerStars Hand #171836453616:  Hold'em Limit ($3/$6 USD) - 2017/06/16 4:32:54 ET
Table 'Jiangxi' 6-max Seat #6 is the button
Seat 3: Agrotait ($102.20 in chips)
Seat 6: Pilowski ($123.22 in chips)
Pilowski: posts small blind $1
Agrotait: posts big blind $3
*** HOLE CARDS ***
Pilowski: folds
Uncalled bet ($2) returned to Agrotait
Agrotait collected $2 from pot
Agrotait: doesn't show hand
*** SUMMARY ***
Total pot $2 | Rake $0
Seat 3: Agrotait (big blind) collected ($2)
Seat 6: Pilowski (button) (small blind) folded before Flop


PokerStars Hand #171836451449:  Hold'em Limit ($3/$6 USD) - 2017/06/16 4:32:47 ET
Table 'Jiangxi' 6-max Seat #3 is the button
Seat 3: Agrotait ($103.20 in chips)
Seat 6: Pilowski ($122.22 in chips)
Agrotait: posts small blind $1
Pilowski: posts big blind $3
*** HOLE CARDS ***
Agrotait: folds
Uncalled bet ($2) returned to Pilowski
Pilowski collected $2 from pot
*** SUMMARY ***
Total pot $2 | Rake $0
Seat 3: Agrotait (button) (small blind) folded before Flop
Seat 6: Pilowski (big blind) collected ($2)


PokerStars Hand #171836442831:  Hold'em Limit ($3/$6 USD) - 2017/06/16 4:32:19 ET
Table 'Jiangxi' 6-max Seat #6 is the button
Seat 3: Agrotait ($97.44 in chips)
Seat 6: Pilowski ($128.22 in chips)
Pilowski: posts small blind $1
Agrotait: posts big blind $3
*** HOLE CARDS ***
Pilowski: raises $3 to $6
Agrotait: calls $3
*** FLOP *** [Kc Qc 5c]
Agrotait: checks
Pilowski: checks
*** TURN *** [Kc Qc 5c] [Qd]
MTails leaves the table
Agrotait: bets $6
Pilowski: folds
Uncalled bet ($6) returned to Agrotait
Agrotait collected $11.76 from pot
Agrotait: doesn't show hand
*** SUMMARY ***
Total pot $12 | Rake $0.24
Board [Kc Qc 5c Qd]
Seat 3: Agrotait (big blind) collected ($11.76)
Seat 6: Pilowski (button) (small blind) folded on the Turn


PokerStars Hand #171836455391:  Hold'em Limit ($3/$6 USD) - 2017/06/16 4:32:59 ET
Table 'Jiangxi' 6-max Seat #3 is the button
Seat 3: Agrotait ($103.20 in chips)
Seat 6: Pilowski ($122.22 in chips)
Agrotait: posts small blind $1
Pilowski: posts big blind $3
*** HOLE CARDS ***
Agrotait: raises $3 to $6
Pilowski: calls $3
*** FLOP *** [4c Kh 3s]
Pilowski: checks
Agrotait: bets $3
Pilowski: calls $3
*** TURN *** [4c Kh 3s] [Ac]
Pilowski: checks
Agrotait: bets $6
Pilowski: folds
Uncalled bet ($6) returned to Agrotait
Agrotait collected $17.64 from pot
Agrotait: doesn't show hand
*** SUMMARY ***
Total pot $18 | Rake $0.36
Board [4c Kh 3s Ac]
Seat 3: Agrotait (button) (small blind) collected ($17.64)
Seat 6: Pilowski (big blind) folded on the Turn


PokerStars Hand #171836465843:  Hold'em Limit ($3/$6 USD) - 2017/06/16 4:33:33 ET
Table 'Jiangxi' 6-max Seat #6 is the button
Seat 3: Agrotait ($111.84 in chips)
Seat 6: Pilowski ($113.22 in chips)
Pilowski: posts small blind $1
Agrotait: posts big blind $3
*** HOLE CARDS ***
Pilowski: raises $3 to $6
Agrotait: folds
Uncalled bet ($3) returned to Pilowski
Pilowski collected $6 from pot
*** SUMMARY ***
Total pot $6 | Rake $0
Seat 3: Agrotait (big blind) folded before Flop
Seat 6: Pilowski (button) (small blind) collected ($6)


PokerStars Hand #171836470202:  Hold'em Limit ($3/$6 USD) - 2017/06/16 4:33:47 ET
Table 'Jiangxi' 6-max Seat #3 is the button
Seat 3: Agrotait ($108.84 in chips)
Seat 6: Pilowski ($116.22 in chips)
Agrotait: posts small blind $1
Pilowski: posts big blind $3
*** HOLE CARDS ***
Agrotait: raises $3 to $6
Pilowski: calls $3
*** FLOP *** [6h 4d 2h]
Pilowski: checks
Agrotait: bets $3
Pilowski: calls $3
*** TURN *** [6h 4d 2h] [8d]
Pilowski: checks
Agrotait: bets $6
Pilowski: calls $6
*** RIVER *** [6h 4d 2h 8d] [8h]
Pilowski: checks
Agrotait: checks
*** SHOW DOWN ***
Pilowski: shows [Ah 3d] (a pair of Eights)
Agrotait: shows [9c 2c] (two pair, Eights and Deuces)
Agrotait collected $29.50 from pot
*** SUMMARY ***
Total pot $30 | Rake $0.50
Board [6h 4d 2h 8d 8h]
Seat 3: Agrotait (button) (small blind) showed [9c 2c] and won ($29.50) with two pair, Eights and Deuces
Seat 6: Pilowski (big blind) showed [Ah 3d] and lost with a pair of Eights


PokerStars Hand #171836485071:  Hold'em Limit ($3/$6 USD) - 2017/06/16 4:34:35 ET
Table 'Jiangxi' 6-max Seat #6 is the button
Seat 3: Agrotait ($123.34 in chips)
Seat 6: Pilowski ($101.22 in chips)
Pilowski: posts small blind $1
Agrotait: posts big blind $3
*** HOLE CARDS ***
Pilowski: folds
Uncalled bet ($2) returned to Agrotait
Agrotait collected $2 from pot
Agrotait: doesn't show hand
*** SUMMARY ***
Total pot $2 | Rake $0
Seat 3: Agrotait (big blind) collected ($2)
Seat 6: Pilowski (button) (small blind) folded before Flop


