PokerStars Hand #169720870304:  Hold'em Limit ($3/$6 USD) - 2017/04/29 12:42:21 ET
Table 'Jiangxi II' 6-max Seat #1 is the button
Seat 1: Krazy90 ($120 in chips)
Seat 6: HAOYUN88888 ($120 in chips)
GoliafUa: is sitting out
Krazy90: posts small blind $1
HAOYUN88888: posts big blind $3
*** HOLE CARDS ***
Krazy90: raises $3 to $6
HAOYUN88888: calls $3
*** FLOP *** [2d 9d 9h]
HAOYUN88888: checks
Krazy90: bets $3
HAOYUN88888: folds
Uncalled bet ($3) returned to Krazy90
Krazy90 collected $11.76 from pot
Krazy90: doesn't show hand
*** SUMMARY ***
Total pot $12 | Rake $0.24
Board [2d 9d 9h]
Seat 1: Krazy90 (button) (small blind) collected ($11.76)
Seat 6: HAOYUN88888 (big blind) folded on the Flop


PokerStars Hand #169720892662:  Hold'em Limit ($3/$6 USD) - 2017/04/29 12:42:51 ET
Table 'Jiangxi II' 6-max Seat #6 is the button
Seat 1: Krazy90 ($125.76 in chips)
Seat 6: HAOYUN88888 ($114 in chips)
HAOYUN88888: posts small blind $1
Krazy90: posts big blind $3
*** HOLE CARDS ***
HAOYUN88888: folds
Uncalled bet ($2) returned to Krazy90
Krazy90 collected $2 from pot
Krazy90: doesn't show hand
*** SUMMARY ***
Total pot $2 | Rake $0
Seat 1: Krazy90 (big blind) collected ($2)
Seat 6: HAOYUN88888 (button) (small blind) folded before Flop


PokerStars Hand #169720901804:  Hold'em Limit ($3/$6 USD) - 2017/04/29 12:43:03 ET
Table 'Jiangxi II' 6-max Seat #6 is the button
Seat 1: Krazy90 ($129.76 in chips)
Seat 6: HAOYUN88888 ($110 in chips)
HAOYUN88888: posts small blind $1
Krazy90: posts big blind $3
*** HOLE CARDS ***
HAOYUN88888: folds
Uncalled bet ($2) returned to Krazy90
Krazy90 collected $2 from pot
Krazy90: doesn't show hand
*** SUMMARY ***
Total pot $2 | Rake $0
Seat 1: Krazy90 (big blind) collected ($2)
Seat 6: HAOYUN88888 (button) (small blind) folded before Flop


PokerStars Hand #169720896579:  Hold'em Limit ($3/$6 USD) - 2017/04/29 12:42:56 ET
Table 'Jiangxi II' 6-max Seat #1 is the button
Seat 1: Krazy90 ($126.76 in chips)
Seat 6: HAOYUN88888 ($113 in chips)
Krazy90: posts small blind $1
HAOYUN88888: posts big blind $3
*** HOLE CARDS ***
Krazy90: raises $3 to $6
HAOYUN88888: folds
Uncalled bet ($3) returned to Krazy90
Krazy90 collected $6 from pot
Krazy90: doesn't show hand
*** SUMMARY ***
Total pot $6 | Rake $0
Seat 1: Krazy90 (button) (small blind) collected ($6)
Seat 6: HAOYUN88888 (big blind) folded before Flop


PokerStars Hand #169720917789:  Hold'em Limit ($3/$6 USD) - 2017/04/29 12:43:24 ET
Table 'Jiangxi II' 6-max Seat #6 is the button
Seat 1: Krazy90 ($124.76 in chips)
Seat 6: HAOYUN88888 ($114.76 in chips)
HAOYUN88888: posts small blind $1
Krazy90: posts big blind $3
*** HOLE CARDS ***
HAOYUN88888: raises $3 to $6
Krazy90: folds
Uncalled bet ($3) returned to HAOYUN88888
HAOYUN88888 collected $6 from pot
HAOYUN88888: doesn't show hand
*** SUMMARY ***
Total pot $6 | Rake $0
Seat 1: Krazy90 (big blind) folded before Flop
Seat 6: HAOYUN88888 (button) (small blind) collected ($6)


PokerStars Hand #169720905182:  Hold'em Limit ($3/$6 USD) - 2017/04/29 12:43:08 ET
Table 'Jiangxi II' 6-max Seat #1 is the button
Seat 1: Krazy90 ($130.76 in chips)
Seat 6: HAOYUN88888 ($109 in chips)
Krazy90: posts small blind $1
HAOYUN88888: posts big blind $3
*** HOLE CARDS ***
Krazy90: calls $2
HAOYUN88888: raises $3 to $6
Krazy90: calls $3
*** FLOP *** [Jd 7s 7h]
dobber888 joins the table at seat #4
HAOYUN88888: bets $3
Krazy90: folds
Uncalled bet ($3) returned to HAOYUN88888
HAOYUN88888 collected $11.76 from pot
HAOYUN88888: doesn't show hand
*** SUMMARY ***
Total pot $12 | Rake $0.24
Board [Jd 7s 7h]
Seat 1: Krazy90 (button) (small blind) folded on the Flop
Seat 6: HAOYUN88888 (big blind) collected ($11.76)


PokerStars Hand #169722208879:  Hold'em Limit ($3/$6 USD) - 2017/04/29 13:12:56 ET
Table 'Jiangxi II' 6-max Seat #4 is the button
Seat 4: dobber888 ($123.36 in chips)
Seat 5: RaisemyNut$ ($199.80 in chips)
dobber888: posts small blind $1
RaisemyNut$: posts big blind $3
*** HOLE CARDS ***
dobber888: raises $3 to $6
RaisemyNut$: raises $3 to $9
dobber888: calls $3
*** FLOP *** [7s 5c 7c]
RaisemyNut$: bets $3
dobber888: raises $3 to $6
RaisemyNut$: calls $3
*** TURN *** [7s 5c 7c] [Ac]
RaisemyNut$: checks
dobber888: checks
*** RIVER *** [7s 5c 7c Ac] [8s]
RaisemyNut$: checks
dobber888: checks
*** SHOW DOWN ***
RaisemyNut$: shows [Td Ks] (a pair of Sevens)
dobber888: shows [Js 5s] (two pair, Sevens and Fives)
dobber888 collected $29.50 from pot
*** SUMMARY ***
Total pot $30 | Rake $0.50
Board [7s 5c 7c Ac 8s]
Seat 4: dobber888 (button) (small blind) showed [Js 5s] and won ($29.50) with two pair, Sevens and Fives
Seat 5: RaisemyNut$ (big blind) showed [Td Ks] and lost with a pair of Sevens


PokerStars Hand #169722233970:  Hold'em Limit ($3/$6 USD) - 2017/04/29 13:13:27 ET
Table 'Jiangxi II' 6-max Seat #5 is the button
Seat 4: dobber888 ($137.86 in chips)
Seat 5: RaisemyNut$ ($184.80 in chips)
RaisemyNut$: posts small blind $1
dobber888: posts big blind $3
*** HOLE CARDS ***
RaisemyNut$: raises $3 to $6
dobber888: raises $3 to $9
RaisemyNut$: calls $3
*** FLOP *** [As 8s 2h]
dobber888: bets $3
RaisemyNut$: calls $3
*** TURN *** [As 8s 2h] [4h]
dobber888: checks
RaisemyNut$: bets $6
dobber888: folds
Uncalled bet ($6) returned to RaisemyNut$
RaisemyNut$ collected $23.52 from pot
RaisemyNut$: doesn't show hand
*** SUMMARY ***
Total pot $24 | Rake $0.48
Board [As 8s 2h 4h]
Seat 4: dobber888 (big blind) folded on the Turn
Seat 5: RaisemyNut$ (button) (small blind) collected ($23.52)


PokerStars Hand #169722202105:  Hold'em Limit ($3/$6 USD) - 2017/04/29 13:12:47 ET
Table 'Jiangxi II' 6-max Seat #5 is the button
Seat 4: dobber888 ($126.36 in chips)
Seat 5: RaisemyNut$ ($196.80 in chips)
RaisemyNut$: posts small blind $1
Krazy90: is sitting out
dobber888: posts big blind $3
*** HOLE CARDS ***
Krazy90 leaves the table
RaisemyNut$: raises $3 to $6
dobber888: folds
Uncalled bet ($3) returned to RaisemyNut$
RaisemyNut$ collected $6 from pot
RaisemyNut$: doesn't show hand
*** SUMMARY ***
Total pot $6 | Rake $0
Seat 4: dobber888 (big blind) folded before Flop
Seat 5: RaisemyNut$ (button) (small blind) collected ($6)


PokerStars Hand #169722252396:  Hold'em Limit ($3/$6 USD) - 2017/04/29 13:13:50 ET
Table 'Jiangxi II' 6-max Seat #4 is the button
Seat 4: dobber888 ($125.86 in chips)
Seat 5: RaisemyNut$ ($196.32 in chips)
dobber888: posts small blind $1
RaisemyNut$: posts big blind $3
*** HOLE CARDS ***
dobber888: folds
Uncalled bet ($2) returned to RaisemyNut$
dobber888 leaves the table
RaisemyNut$ collected $2 from pot
RaisemyNut$: doesn't show hand
*** SUMMARY ***
Total pot $2 | Rake $0
Seat 4: dobber888 (button) (small blind) folded before Flop
Seat 5: RaisemyNut$ (big blind) collected ($2)


