PokerStars Hand #160245124861:  Hold'em Limit ($3/$6 USD) - 2016/10/21 14:55:36 ET
Table 'Jih' 10-max Seat #6 is the button
Seat 5: Siwy56 ($73.56 in chips)
Seat 6: assitoni ($98.50 in chips)
assitoni: posts small blind $1
Siwy56: posts big blind $3
*** HOLE CARDS ***
assitoni: raises $3 to $6
Siwy56: calls $3
*** FLOP *** [Td 9s Kd]
Siwy56: checks
assitoni: bets $3
Siwy56: calls $3
*** TURN *** [Td 9s Kd] [Ac]
Siwy56: bets $6
assitoni: calls $6
*** RIVER *** [Td 9s Kd Ac] [4s]
Siwy56: bets $6
assitoni: calls $6
*** SHOW DOWN ***
Siwy56: shows [Js Tc] (a pair of Tens)
assitoni: shows [Qs Kc] (a pair of Kings)
assitoni collected $41.50 from pot
*** SUMMARY ***
Total pot $42 | Rake $0.50
Board [Td 9s Kd Ac 4s]
Seat 5: Siwy56 (big blind) showed [Js Tc] and lost with a pair of Tens
Seat 6: assitoni (button) (small blind) showed [Qs Kc] and won ($41.50) with a pair of Kings


PokerStars Hand #160245172851:  Hold'em Limit ($3/$6 USD) - 2016/10/21 14:56:54 ET
Table 'Jih' 10-max Seat #6 is the button
Seat 5: Siwy56 ($64.08 in chips)
Seat 6: assitoni ($107 in chips)
assitoni: posts small blind $1
Siwy56: posts big blind $3
*** HOLE CARDS ***
assitoni: raises $3 to $6
Siwy56: calls $3
*** FLOP *** [6c Ah 8h]
Siwy56: checks
assitoni: bets $3
Siwy56: folds
Uncalled bet ($3) returned to assitoni
assitoni collected $11.76 from pot
assitoni: doesn't show hand
*** SUMMARY ***
Total pot $12 | Rake $0.24
Board [6c Ah 8h]
Seat 5: Siwy56 (big blind) folded on the Flop
Seat 6: assitoni (button) (small blind) collected ($11.76)


PokerStars Hand #160245147189:  Hold'em Limit ($3/$6 USD) - 2016/10/21 14:56:15 ET
Table 'Jih' 10-max Seat #5 is the button
Seat 5: Siwy56 ($52.56 in chips)
Seat 6: assitoni ($119 in chips)
Siwy56: posts small blind $1
assitoni: posts big blind $3
*** HOLE CARDS ***
Siwy56: calls $2
assitoni: raises $3 to $6
Siwy56: calls $3
*** FLOP *** [3s 2d 2s]
assitoni: bets $3
Siwy56: raises $3 to $6
assitoni: calls $3
*** TURN *** [3s 2d 2s] [Jd]
assitoni: checks
Siwy56: bets $6
assitoni: folds
Uncalled bet ($6) returned to Siwy56
Siwy56 collected $23.52 from pot
Siwy56: doesn't show hand
*** SUMMARY ***
Total pot $24 | Rake $0.48
Board [3s 2d 2s Jd]
Seat 5: Siwy56 (button) (small blind) collected ($23.52)
Seat 6: assitoni (big blind) folded on the Turn


PokerStars Hand #160245195072:  Hold'em Limit ($3/$6 USD) - 2016/10/21 14:57:28 ET
Table 'Jih' 10-max Seat #5 is the button
Seat 5: Siwy56 ($58.08 in chips)
Seat 6: assitoni ($112.76 in chips)
Siwy56: posts small blind $1
assitoni: posts big blind $3
*** HOLE CARDS ***
Siwy56: calls $2
assitoni: checks
*** FLOP *** [Ts 5s 4h]
assitoni: checks
Siwy56: checks
*** TURN *** [Ts 5s 4h] [Qh]
assitoni: bets $6
Siwy56: raises $6 to $12
assitoni: folds
Uncalled bet ($6) returned to Siwy56
Siwy56 collected $17.64 from pot
Siwy56: doesn't show hand
*** SUMMARY ***
Total pot $18 | Rake $0.36
Board [Ts 5s 4h Qh]
Seat 5: Siwy56 (button) (small blind) collected ($17.64)
Seat 6: assitoni (big blind) folded on the Turn


PokerStars Hand #160245220827:  Hold'em Limit ($3/$6 USD) - 2016/10/21 14:58:08 ET
Table 'Jih' 10-max Seat #6 is the button
Seat 5: Siwy56 ($66.72 in chips)
Seat 6: assitoni ($103.76 in chips)
assitoni: posts small blind $1
Siwy56: posts big blind $3
*** HOLE CARDS ***
assitoni: raises $3 to $6
Siwy56: calls $3
*** FLOP *** [3h Td 4d]
Siwy56: checks
assitoni: bets $3
Siwy56: calls $3
*** TURN *** [3h Td 4d] [Ad]
Siwy56: checks
assitoni: bets $6
Siwy56: folds
Uncalled bet ($6) returned to assitoni
assitoni collected $17.64 from pot
assitoni: doesn't show hand
*** SUMMARY ***
Total pot $18 | Rake $0.36
Board [3h Td 4d Ad]
Seat 5: Siwy56 (big blind) folded on the Turn
Seat 6: assitoni (button) (small blind) collected ($17.64)


PokerStars Hand #160245244248:  Hold'em Limit ($3/$6 USD) - 2016/10/21 14:58:44 ET
Table 'Jih' 10-max Seat #5 is the button
Seat 5: Siwy56 ($57.72 in chips)
Seat 6: assitoni ($112.40 in chips)
Siwy56: posts small blind $1
assitoni: posts big blind $3
*** HOLE CARDS ***
Siwy56: calls $2
assitoni: raises $3 to $6
Siwy56: calls $3
*** FLOP *** [3s 4d Ah]
_pokergot177 joins the table at seat #4
assitoni: bets $3
Siwy56: calls $3
*** TURN *** [3s 4d Ah] [Ad]
assitoni: bets $6
Siwy56: calls $6
*** RIVER *** [3s 4d Ah Ad] [Qs]
assitoni: checks
_Lukaku_015 joins the table at seat #3
Siwy56: bets $6
assitoni: calls $6
*** SHOW DOWN ***
Siwy56: shows [6s 5h] (a pair of Aces)
assitoni: shows [9d Ks] (a pair of Aces - King kicker)
assitoni collected $41.50 from pot
*** SUMMARY ***
Total pot $42 | Rake $0.50
Board [3s 4d Ah Ad Qs]
Seat 5: Siwy56 (button) (small blind) showed [6s 5h] and lost with a pair of Aces
Seat 6: assitoni (big blind) showed [9d Ks] and won ($41.50) with a pair of Aces


PokerStars Hand #160245491782:  Hold'em Limit ($3/$6 USD) - 2016/10/21 15:04:06 ET
Table 'Jih' 10-max Seat #4 is the button
Seat 4: _pokergot177 ($62.62 in chips)
Seat 5: Siwy56 ($103.67 in chips)
_pokergot177: posts small blind $1
Siwy56: posts big blind $3
*** HOLE CARDS ***
_pokergot177: raises $3 to $6
Siwy56: calls $3
*** FLOP *** [4c Jd 7d]
Siwy56: checks
_pokergot177: bets $3
Siwy56: raises $3 to $6
_pokergot177: raises $3 to $9
Siwy56: calls $3
*** TURN *** [4c Jd 7d] [Qc]
Siwy56: checks
_pokergot177: checks
*** RIVER *** [4c Jd 7d Qc] [Ad]
Siwy56: bets $6
_pokergot177: raises $6 to $12
Siwy56: folds
Uncalled bet ($6) returned to _pokergot177
_pokergot177 collected $41.50 from pot
_pokergot177: doesn't show hand
*** SUMMARY ***
Total pot $42 | Rake $0.50
Board [4c Jd 7d Qc Ad]
Seat 4: _pokergot177 (button) (small blind) collected ($41.50)
Seat 5: Siwy56 (big blind) folded on the River


PokerStars Hand #160245478443:  Hold'em Limit ($3/$6 USD) - 2016/10/21 15:03:50 ET
Table 'Jih' 10-max Seat #5 is the button
Seat 4: _pokergot177 ($56.86 in chips)
Seat 5: Siwy56 ($109.67 in chips)
Siwy56: posts small blind $1
assitoni: is sitting out
cocobär1: is sitting out
_pokergot177: posts big blind $3
*** HOLE CARDS ***
Siwy56: calls $2
_pokergot177: checks
*** FLOP *** [Tc 2s 2c]
_pokergot177: bets $3
Siwy56: calls $3
*** TURN *** [Tc 2s 2c] [Qh]
_pokergot177: bets $6
Siwy56: folds
Uncalled bet ($6) returned to _pokergot177
_pokergot177 collected $11.76 from pot
_pokergot177: doesn't show hand
*** SUMMARY ***
Total pot $12 | Rake $0.24
Board [Tc 2s 2c Qh]
Seat 4: _pokergot177 (big blind) collected ($11.76)
Seat 5: Siwy56 (button) (small blind) folded on the Turn


PokerStars Hand #160245522113:  Hold'em Limit ($3/$6 USD) - 2016/10/21 15:04:41 ET
Table 'Jih' 10-max Seat #4 is the button
Seat 4: _pokergot177 ($100.62 in chips)
Seat 5: Siwy56 ($64.67 in chips)
_pokergot177: posts small blind $1
Siwy56: posts big blind $3
*** HOLE CARDS ***
_pokergot177: raises $3 to $6
Siwy56: raises $3 to $9
_pokergot177: calls $3
*** FLOP *** [Ah Js 9d]
Siwy56: bets $3
_pokergot177: folds
Uncalled bet ($3) returned to Siwy56
Siwy56 collected $17.64 from pot
Siwy56: doesn't show hand
*** SUMMARY ***
Total pot $18 | Rake $0.36
Board [Ah Js 9d]
Seat 4: _pokergot177 (button) (small blind) folded on the Flop
Seat 5: Siwy56 (big blind) collected ($17.64)


PokerStars Hand #160245509150:  Hold'em Limit ($3/$6 USD) - 2016/10/21 15:04:26 ET
Table 'Jih' 10-max Seat #5 is the button
Seat 4: _pokergot177 ($83.12 in chips)
Seat 5: Siwy56 ($82.67 in chips)
Siwy56: posts small blind $1
_pokergot177: posts big blind $3
*** HOLE CARDS ***
Siwy56: calls $2
_pokergot177: checks
*** FLOP *** [8c 5c 4h]
_pokergot177: bets $3
Siwy56: calls $3
*** TURN *** [8c 5c 4h] [2s]
_pokergot177: bets $6
Siwy56: calls $6
*** RIVER *** [8c 5c 4h 2s] [Ts]
_pokergot177: bets $6
Siwy56: calls $6
*** SHOW DOWN ***
_pokergot177: shows [7d Tc] (a pair of Tens)
Siwy56: mucks hand
_pokergot177 collected $35.50 from pot
*** SUMMARY ***
Total pot $36 | Rake $0.50
Board [8c 5c 4h 2s Ts]
Seat 4: _pokergot177 (big blind) showed [7d Tc] and won ($35.50) with a pair of Tens
Seat 5: Siwy56 (button) (small blind) mucked


PokerStars Hand #160245814519:  Hold'em Limit ($3/$6 USD) - 2016/10/21 15:10:15 ET
Table 'Jih' 10-max Seat #5 is the button
Seat 4: _pokergot177 ($76.32 in chips)
Seat 5: Siwy56 ($102.35 in chips)
Siwy56: posts small blind $1
cocobär1: is sitting out
_pokergot177: posts big blind $3
*** HOLE CARDS ***
Siwy56: calls $2
_pokergot177: checks
*** FLOP *** [9s 3d Jd]
_pokergot177: checks
Siwy56: checks
*** TURN *** [9s 3d Jd] [Kh]
_pokergot177: bets $6
Siwy56: folds
Uncalled bet ($6) returned to _pokergot177
_pokergot177 collected $5.88 from pot
_pokergot177: doesn't show hand
*** SUMMARY ***
Total pot $6 | Rake $0.12
Board [9s 3d Jd Kh]
Seat 4: _pokergot177 (big blind) collected ($5.88)
Seat 5: Siwy56 (button) (small blind) folded on the Turn


PokerStars Hand #160245824203:  Hold'em Limit ($3/$6 USD) - 2016/10/21 15:10:26 ET
Table 'Jih' 10-max Seat #4 is the button
Seat 4: _pokergot177 ($79.20 in chips)
Seat 5: Siwy56 ($99.35 in chips)
_pokergot177: posts small blind $1
Siwy56: posts big blind $3
*** HOLE CARDS ***
_pokergot177: raises $3 to $6
Siwy56: calls $3
*** FLOP *** [2d 7c Kc]
Siwy56: checks
_pokergot177: checks
*** TURN *** [2d 7c Kc] [Tc]
Siwy56: bets $6
_pokergot177: calls $6
*** RIVER *** [2d 7c Kc Tc] [5c]
Siwy56: bets $6
_pokergot177: raises $6 to $12
Siwy56: calls $6
*** SHOW DOWN ***
_pokergot177: shows [8d 9d] (high card King)
Siwy56: shows [3s Kh] (a pair of Kings)
Siwy56 collected $47.50 from pot
*** SUMMARY ***
Total pot $48 | Rake $0.50
Board [2d 7c Kc Tc 5c]
Seat 4: _pokergot177 (button) (small blind) showed [8d 9d] and lost with high card King
Seat 5: Siwy56 (big blind) showed [3s Kh] and won ($47.50) with a pair of Kings


PokerStars Hand #160245841031:  Hold'em Limit ($3/$6 USD) - 2016/10/21 15:10:45 ET
Table 'Jih' 10-max Seat #5 is the button
Seat 4: _pokergot177 ($55.20 in chips)
Seat 5: Siwy56 ($122.85 in chips)
Siwy56: posts small blind $1
_pokergot177: posts big blind $3
*** HOLE CARDS ***
Siwy56: calls $2
_pokergot177: raises $3 to $6
Siwy56: raises $3 to $9
too2ez joins the table at seat #8
_pokergot177: raises $3 to $12
Betting is capped
Siwy56: calls $3
*** FLOP *** [As 6h Ah]
_pokergot177: checks
Siwy56: bets $3
_pokergot177: calls $3
*** TURN *** [As 6h Ah] [Qh]
_pokergot177: checks
Siwy56: bets $6
_pokergot177: calls $6
*** RIVER *** [As 6h Ah Qh] [3c]
_pokergot177: checks
Siwy56: bets $6
_pokergot177: calls $6
*** SHOW DOWN ***
Siwy56: shows [8h Kd] (a pair of Aces)
_pokergot177: shows [9s 9d] (two pair, Aces and Nines)
_pokergot177 collected $53.50 from pot
*** SUMMARY ***
Total pot $54 | Rake $0.50
Board [As 6h Ah Qh 3c]
Seat 4: _pokergot177 (big blind) showed [9s 9d] and won ($53.50) with two pair, Aces and Nines
Seat 5: Siwy56 (button) (small blind) showed [8h Kd] and lost with a pair of Aces


PokerStars Hand #160245857768:  Hold'em Limit ($3/$6 USD) - 2016/10/21 15:11:05 ET
Table 'Jih' 10-max Seat #4 is the button
Seat 4: _pokergot177 ($81.70 in chips)
Seat 5: Siwy56 ($95.85 in chips)
_pokergot177: posts small blind $1
Siwy56: posts big blind $3
*** HOLE CARDS ***
_pokergot177: calls $2
Siwy56: checks
*** FLOP *** [4s Kd Td]
Siwy56: checks
cocobär1 leaves the table
_pokergot177 is disconnected
_pokergot177 has timed out while disconnected
_pokergot177: checks
*** TURN *** [4s Kd Td] [6c]
Siwy56: bets $6
_pokergot177 has timed out while disconnected
_pokergot177: folds
Uncalled bet ($6) returned to Siwy56
Siwy56 collected $5.88 from pot
Siwy56: doesn't show hand
*** SUMMARY ***
Total pot $6 | Rake $0.12
Board [4s Kd Td 6c]
Seat 4: _pokergot177 (button) (small blind) folded on the Turn
Seat 5: Siwy56 (big blind) collected ($5.88)


PokerStars Hand #160245903567:  Hold'em Limit ($3/$6 USD) - 2016/10/21 15:11:59 ET
Table 'Jih' 10-max Seat #5 is the button
Seat 5: Siwy56 ($98.73 in chips)
Seat 8: too2ez ($120 in chips)
Siwy56: posts small blind $1
too2ez: posts big blind $3
*** HOLE CARDS ***
Siwy56: raises $3 to $6
too2ez: calls $3
*** FLOP *** [4s 2h 3s]
too2ez: checks
Siwy56: bets $3
too2ez: calls $3
*** TURN *** [4s 2h 3s] [5c]
too2ez: checks
Siwy56: bets $6
too2ez: calls $6
*** RIVER *** [4s 2h 3s 5c] [9h]
too2ez: bets $6
Siwy56: raises $6 to $12
too2ez: folds
Uncalled bet ($6) returned to Siwy56
Siwy56 collected $41.50 from pot
Siwy56: doesn't show hand
*** SUMMARY ***
Total pot $42 | Rake $0.50
Board [4s 2h 3s 5c 9h]
Seat 5: Siwy56 (button) (small blind) collected ($41.50)
Seat 8: too2ez (big blind) folded on the River


PokerStars Hand #160246056753:  Hold'em Limit ($3/$6 USD) - 2016/10/21 15:14:59 ET
Table 'Jih' 10-max Seat #5 is the button
Seat 5: Siwy56 ($182.32 in chips)
Seat 8: too2ez ($106.39 in chips)
Siwy56: posts small blind $1
too2ez: posts big blind $3
*** HOLE CARDS ***
Siwy56: calls $2
too2ez: checks
*** FLOP *** [Kh 9s 6c]
too2ez: checks
_pokergot177 leaves the table
Siwy56: checks
*** TURN *** [Kh 9s 6c] [Ts]
too2ez: checks
Siwy56: checks
*** RIVER *** [Kh 9s 6c Ts] [8s]
too2ez: checks
Siwy56: checks
*** SHOW DOWN ***
too2ez: shows [2d 9c] (a pair of Nines)
Siwy56: mucks hand
too2ez collected $5.88 from pot
*** SUMMARY ***
Total pot $6 | Rake $0.12
Board [Kh 9s 6c Ts 8s]
Seat 5: Siwy56 (button) (small blind) mucked
Seat 8: too2ez (big blind) showed [2d 9c] and won ($5.88) with a pair of Nines


