PokerStars Hand #163102965493:  Hold'em Limit ($3/$6 USD) - 2016/12/17 16:19:18 ET
Table 'Jihlava' 6-max Seat #1 is the button
Seat 1: Pti4ka_Tucan ($101.58 in chips)
Seat 5: mmk334 ($120 in chips)
Pti4ka_Tucan: posts small blind $1
mmk334: posts big blind $3
*** HOLE CARDS ***
Pti4ka_Tucan: raises $3 to $6
mmk334: calls $3
*** FLOP *** [6d 6c 5s]
mmk334: checks
Pti4ka_Tucan: bets $3
mmk334: raises $3 to $6
Pti4ka_Tucan: calls $3
*** TURN *** [6d 6c 5s] [5c]
mmk334: bets $6
Pti4ka_Tucan: folds
Uncalled bet ($6) returned to mmk334
mmk334 collected $23.52 from pot
*** SUMMARY ***
Total pot $24 | Rake $0.48
Board [6d 6c 5s 5c]
Seat 1: Pti4ka_Tucan (button) (small blind) folded on the Turn
Seat 5: mmk334 (big blind) collected ($23.52)


PokerStars Hand #163103053504:  Hold'em Limit ($3/$6 USD) - 2016/12/17 16:20:55 ET
Table 'Jihlava' 6-max Seat #5 is the button
Seat 1: Pti4ka_Tucan ($121.84 in chips)
Seat 5: mmk334 ($98.52 in chips)
mmk334: posts small blind $1
Pti4ka_Tucan: posts big blind $3
*** HOLE CARDS ***
mmk334: folds
Uncalled bet ($2) returned to Pti4ka_Tucan
Pti4ka_Tucan collected $2 from pot
Pti4ka_Tucan: doesn't show hand
*** SUMMARY ***
Total pot $2 | Rake $0
Seat 1: Pti4ka_Tucan (big blind) collected ($2)
Seat 5: mmk334 (button) (small blind) folded before Flop


PokerStars Hand #163103039962:  Hold'em Limit ($3/$6 USD) - 2016/12/17 16:20:40 ET
Table 'Jihlava' 6-max Seat #1 is the button
Seat 1: Pti4ka_Tucan ($116.08 in chips)
Seat 5: mmk334 ($104.52 in chips)
Pti4ka_Tucan: posts small blind $1
mmk334: posts big blind $3
*** HOLE CARDS ***
Pti4ka_Tucan: raises $3 to $6
mmk334: calls $3
*** FLOP *** [8s 3s 4c]
mmk334: checks
Pti4ka_Tucan: bets $3
mmk334: folds
Uncalled bet ($3) returned to Pti4ka_Tucan
Pti4ka_Tucan collected $11.76 from pot
Pti4ka_Tucan: doesn't show hand
*** SUMMARY ***
Total pot $12 | Rake $0.24
Board [8s 3s 4c]
Seat 1: Pti4ka_Tucan (button) (small blind) collected ($11.76)
Seat 5: mmk334 (big blind) folded on the Flop


PokerStars Hand #163103005414:  Hold'em Limit ($3/$6 USD) - 2016/12/17 16:20:02 ET
Table 'Jihlava' 6-max Seat #5 is the button
Seat 1: Pti4ka_Tucan ($89.58 in chips)
Seat 5: mmk334 ($131.52 in chips)
mmk334: posts small blind $1
Pti4ka_Tucan: posts big blind $3
*** HOLE CARDS ***
mmk334: calls $2
Pti4ka_Tucan: raises $3 to $6
mmk334: calls $3
*** FLOP *** [6d 8h Js]
Pti4ka_Tucan: bets $3
mmk334: raises $3 to $6
Pti4ka_Tucan: raises $3 to $9
mmk334: calls $3
*** TURN *** [6d 8h Js] [As]
Pti4ka_Tucan: bets $6
mmk334: calls $6
*** RIVER *** [6d 8h Js As] [2s]
Pti4ka_Tucan: bets $6
mmk334: calls $6
*** SHOW DOWN ***
Pti4ka_Tucan: shows [Qc Qd] (a pair of Queens)
mmk334: mucks hand
Pti4ka_Tucan collected $53.50 from pot
*** SUMMARY ***
Total pot $54 | Rake $0.50
Board [6d 8h Js As 2s]
Seat 1: Pti4ka_Tucan (big blind) showed [Qc Qd] and won ($53.50) with a pair of Queens
Seat 5: mmk334 (button) (small blind) mucked


PokerStars Hand #163103099773:  Hold'em Limit ($3/$6 USD) - 2016/12/17 16:21:45 ET
Table 'Jihlava' 6-max Seat #5 is the button
Seat 1: Pti4ka_Tucan ($144.34 in chips)
Seat 5: mmk334 ($75.52 in chips)
mmk334: posts small blind $1
Pti4ka_Tucan: posts big blind $3
*** HOLE CARDS ***
mmk334: raises $3 to $6
Pti4ka_Tucan: folds
Uncalled bet ($3) returned to mmk334
mmk334 collected $6 from pot
*** SUMMARY ***
Total pot $6 | Rake $0
Seat 1: Pti4ka_Tucan (big blind) folded before Flop
Seat 5: mmk334 (button) (small blind) collected ($6)


PokerStars Hand #163103093390:  Hold'em Limit ($3/$6 USD) - 2016/12/17 16:21:38 ET
Table 'Jihlava' 6-max Seat #1 is the button
Seat 1: Pti4ka_Tucan ($141.34 in chips)
Seat 5: mmk334 ($78.52 in chips)
Pti4ka_Tucan: posts small blind $1
mmk334: posts big blind $3
*** HOLE CARDS ***
Pti4ka_Tucan: raises $3 to $6
mmk334: folds
Uncalled bet ($3) returned to Pti4ka_Tucan
Pti4ka_Tucan collected $6 from pot
Pti4ka_Tucan: doesn't show hand
*** SUMMARY ***
Total pot $6 | Rake $0
Seat 1: Pti4ka_Tucan (button) (small blind) collected ($6)
Seat 5: mmk334 (big blind) folded before Flop


PokerStars Hand #163103088880:  Hold'em Limit ($3/$6 USD) - 2016/12/17 16:21:33 ET
Table 'Jihlava' 6-max Seat #5 is the button
Seat 1: Pti4ka_Tucan ($140.34 in chips)
Seat 5: mmk334 ($79.52 in chips)
mmk334: posts small blind $1
Pti4ka_Tucan: posts big blind $3
*** HOLE CARDS ***
mmk334: folds
Uncalled bet ($2) returned to Pti4ka_Tucan
Pti4ka_Tucan collected $2 from pot
Pti4ka_Tucan: doesn't show hand
*** SUMMARY ***
Total pot $2 | Rake $0
Seat 1: Pti4ka_Tucan (big blind) collected ($2)
Seat 5: mmk334 (button) (small blind) folded before Flop


PokerStars Hand #163103057760:  Hold'em Limit ($3/$6 USD) - 2016/12/17 16:20:59 ET
Table 'Jihlava' 6-max Seat #1 is the button
Seat 1: Pti4ka_Tucan ($122.84 in chips)
Seat 5: mmk334 ($97.52 in chips)
Pti4ka_Tucan: posts small blind $1
mmk334: posts big blind $3
*** HOLE CARDS ***
Pti4ka_Tucan: raises $3 to $6
mmk334: calls $3
*** FLOP *** [9d Kh 7h]
mmk334: checks
Pti4ka_Tucan: checks
*** TURN *** [9d Kh 7h] [8h]
mmk334: bets $6
Pti4ka_Tucan: calls $6
*** RIVER *** [9d Kh 7h 8h] [Ah]
mmk334: checks
Pti4ka_Tucan: bets $6
mmk334: calls $6
*** SHOW DOWN ***
Pti4ka_Tucan: shows [5s 5h] (a flush, Ace high)
mmk334: mucks hand
Pti4ka_Tucan collected $35.50 from pot
*** SUMMARY ***
Total pot $36 | Rake $0.50
Board [9d Kh 7h 8h Ah]
Seat 1: Pti4ka_Tucan (button) (small blind) showed [5s 5h] and won ($35.50) with a flush, Ace high
Seat 5: mmk334 (big blind) mucked


PokerStars Hand #163103106492:  Hold'em Limit ($3/$6 USD) - 2016/12/17 16:21:53 ET
Table 'Jihlava' 6-max Seat #1 is the button
Seat 1: Pti4ka_Tucan ($141.34 in chips)
Seat 5: mmk334 ($78.52 in chips)
Pti4ka_Tucan: posts small blind $1
mmk334: posts big blind $3
*** HOLE CARDS ***
Pti4ka_Tucan: raises $3 to $6
mmk334: raises $3 to $9
Pti4ka_Tucan: calls $3
*** FLOP *** [Js Ad Td]
mmk334: bets $3
Pti4ka_Tucan: calls $3
*** TURN *** [Js Ad Td] [9s]
mmk334: bets $6
Pti4ka_Tucan: calls $6
*** RIVER *** [Js Ad Td 9s] [7c]
mmk334: bets $6
Pti4ka_Tucan: calls $6
*** SHOW DOWN ***
mmk334: shows [5c Ac] (a pair of Aces)
Pti4ka_Tucan: mucks hand
mmk334 collected $47.50 from pot
*** SUMMARY ***
Total pot $48 | Rake $0.50
Board [Js Ad Td 9s 7c]
Seat 1: Pti4ka_Tucan (button) (small blind) mucked
Seat 5: mmk334 (big blind) showed [5c Ac] and won ($47.50) with a pair of Aces


