PokerStars Hand #154585775113:  Hold'em Limit ($3/$6 USD) - 2016/06/11 8:04:39 ET
Table 'Jihlava' 6-max Seat #2 is the button
Seat 2: MLSB124 ($34.11 in chips)
Seat 5: Tryptamean ($109.87 in chips)
MLSB124: posts small blind $1
Tryptamean: posts big blind $3
*** HOLE CARDS ***
MLSB124: folds
Uncalled bet ($2) returned to Tryptamean
Tryptamean collected $2 from pot
Tryptamean: doesn't show hand
*** SUMMARY ***
Total pot $2 | Rake $0
Seat 2: MLSB124 (button) (small blind) folded before Flop
Seat 5: Tryptamean (big blind) collected ($2)


PokerStars Hand #154585757806:  Hold'em Limit ($3/$6 USD) - 2016/06/11 8:04:05 ET
Table 'Jihlava' 6-max Seat #5 is the button
Seat 2: MLSB124 ($25.47 in chips)
Seat 5: Tryptamean ($118.87 in chips)
Tryptamean: posts small blind $1
MLSB124: posts big blind $3
*** HOLE CARDS ***
Tryptamean: raises $3 to $6
MLSB124: calls $3
*** FLOP *** [3d Qs 5d]
MLSB124: bets $3
Tryptamean: calls $3
*** TURN *** [3d Qs 5d] [2c]
MLSB124: checks
Tryptamean: checks
*** RIVER *** [3d Qs 5d 2c] [6s]
MLSB124: bets $6
Tryptamean: folds
Uncalled bet ($6) returned to MLSB124
MLSB124 collected $17.64 from pot
MLSB124: doesn't show hand
*** SUMMARY ***
Total pot $18 | Rake $0.36
Board [3d Qs 5d 2c 6s]
Seat 2: MLSB124 (big blind) collected ($17.64)
Seat 5: Tryptamean (button) (small blind) folded on the River


PokerStars Hand #154585786115:  Hold'em Limit ($3/$6 USD) - 2016/06/11 8:05:01 ET
Table 'Jihlava' 6-max Seat #2 is the button
Seat 2: MLSB124 ($30.11 in chips)
Seat 5: Tryptamean ($113.87 in chips)
MLSB124: posts small blind $1
@92gara42@ was removed from the table for failing to post
Tryptamean: posts big blind $3
*** HOLE CARDS ***
MLSB124: folds
Uncalled bet ($2) returned to Tryptamean
Tryptamean collected $2 from pot
Tryptamean: doesn't show hand
*** SUMMARY ***
Total pot $2 | Rake $0
Seat 2: MLSB124 (button) (small blind) folded before Flop
Seat 5: Tryptamean (big blind) collected ($2)


PokerStars Hand #154585778374:  Hold'em Limit ($3/$6 USD) - 2016/06/11 8:04:46 ET
Table 'Jihlava' 6-max Seat #5 is the button
Seat 2: MLSB124 ($33.11 in chips)
Seat 5: Tryptamean ($110.87 in chips)
Tryptamean: posts small blind $1
MLSB124: posts big blind $3
*** HOLE CARDS ***
Tryptamean: raises $3 to $6
MLSB124: folds
Uncalled bet ($3) returned to Tryptamean
Tryptamean collected $6 from pot
Tryptamean: doesn't show hand
*** SUMMARY ***
Total pot $6 | Rake $0
Seat 2: MLSB124 (big blind) folded before Flop
Seat 5: Tryptamean (button) (small blind) collected ($6)


PokerStars Hand #154585748823:  Hold'em Limit ($3/$6 USD) - 2016/06/11 8:03:48 ET
Table 'Jihlava' 6-max Seat #2 is the button
Seat 2: MLSB124 ($34.47 in chips)
Seat 5: Tryptamean ($110.23 in chips)
MLSB124: posts small blind $1
Ale4o: is sitting out
Tryptamean: posts big blind $3
*** HOLE CARDS ***
MLSB124: calls $2
Tryptamean: raises $3 to $6
MLSB124: calls $3
*** FLOP *** [8d Kh 2s]
Tryptamean: bets $3
MLSB124: calls $3
*** TURN *** [8d Kh 2s] [6s]
Tryptamean: bets $6
MLSB124: folds
Uncalled bet ($6) returned to Tryptamean
Tryptamean collected $17.64 from pot
Tryptamean: doesn't show hand
*** SUMMARY ***
Total pot $18 | Rake $0.36
Board [8d Kh 2s 6s]
Seat 2: MLSB124 (button) (small blind) folded on the Turn
Seat 5: Tryptamean (big blind) collected ($17.64)


PokerStars Hand #154585788925:  Hold'em Limit ($3/$6 USD) - 2016/06/11 8:05:06 ET
Table 'Jihlava' 6-max Seat #5 is the button
Seat 2: MLSB124 ($29.11 in chips)
Seat 5: Tryptamean ($114.87 in chips)
Tryptamean: posts small blind $1
MLSB124: posts big blind $3
*** HOLE CARDS ***
Tryptamean: raises $3 to $6
MLSB124: calls $3
*** FLOP *** [5c Qc Kc]
MLSB124: checks
Tryptamean: bets $3
MLSB124: calls $3
*** TURN *** [5c Qc Kc] [2c]
MLSB124: checks
Tryptamean: checks
*** RIVER *** [5c Qc Kc 2c] [7h]
MLSB124: bets $6
Ale4o leaves the table
Tryptamean: folds
Uncalled bet ($6) returned to MLSB124
MLSB124 collected $17.64 from pot
MLSB124: doesn't show hand
*** SUMMARY ***
Total pot $18 | Rake $0.36
Board [5c Qc Kc 2c 7h]
Seat 2: MLSB124 (big blind) collected ($17.64)
Seat 5: Tryptamean (button) (small blind) folded on the River


PokerStars Hand #154585805823:  Hold'em Limit ($3/$6 USD) - 2016/06/11 8:05:39 ET
Table 'Jihlava' 6-max Seat #2 is the button
Seat 2: MLSB124 ($37.75 in chips)
Seat 5: Tryptamean ($105.87 in chips)
MLSB124: posts small blind $1
Tryptamean: posts big blind $3
*** HOLE CARDS ***
MLSB124: raises $3 to $6
tomte999 joins the table at seat #4
Tryptamean: calls $3
*** FLOP *** [Kh Td 8d]
Tryptamean: checks
MLSB124: bets $3
Tryptamean: calls $3
*** TURN *** [Kh Td 8d] [Jc]
Tryptamean: checks
MLSB124: checks
*** RIVER *** [Kh Td 8d Jc] [3d]
Tryptamean: checks
MLSB124: checks
*** SHOW DOWN ***
Tryptamean: shows [8c 7s] (a pair of Eights)
MLSB124: mucks hand
Tryptamean collected $17.64 from pot
*** SUMMARY ***
Total pot $18 | Rake $0.36
Board [Kh Td 8d Jc 3d]
Seat 2: MLSB124 (button) (small blind) mucked
Seat 5: Tryptamean (big blind) showed [8c 7s] and won ($17.64) with a pair of Eights


PokerStars Hand #154585834004:  Hold'em Limit ($3/$6 USD) - 2016/06/11 8:06:20 ET
Table 'Jihlava' 6-max Seat #5 is the button
Seat 2: MLSB124 ($28.75 in chips)
Seat 5: Tryptamean ($114.51 in chips)
Tryptamean: posts small blind $1
MLSB124: posts big blind $3
*** HOLE CARDS ***
Tryptamean: folds
Uncalled bet ($2) returned to MLSB124
MLSB124 collected $2 from pot
MLSB124: doesn't show hand
*** SUMMARY ***
Total pot $2 | Rake $0
Seat 2: MLSB124 (big blind) collected ($2)
Seat 5: Tryptamean (button) (small blind) folded before Flop


PokerStars Hand #154585899138:  Hold'em Limit ($3/$6 USD) - 2016/06/11 8:08:26 ET
Table 'Jihlava' 6-max Seat #4 is the button
Seat 4: tomte999 ($72 in chips)
Seat 5: Tryptamean ($148.15 in chips)
7superpoker will be allowed to play after the button
tomte999: posts small blind $1
Tryptamean: posts big blind $3
*** HOLE CARDS ***
tomte999: raises $3 to $6
Tryptamean: calls $3
*** FLOP *** [Qd 6h 2s]
Tryptamean: checks
tomte999: bets $3
Tryptamean: folds
Uncalled bet ($3) returned to tomte999
tomte999 collected $11.76 from pot
tomte999: doesn't show hand
*** SUMMARY ***
Total pot $12 | Rake $0.24
Board [Qd 6h 2s]
Seat 4: tomte999 (button) (small blind) collected ($11.76)
Seat 5: Tryptamean (big blind) folded on the Flop


PokerStars Hand #154587422222:  Hold'em Limit ($3/$6 USD) - 2016/06/11 8:55:40 ET
Table 'Jihlava' 6-max Seat #1 is the button
Seat 1: 7superpoker ($46.02 in chips)
Seat 5: Tryptamean ($147.04 in chips)
7superpoker: posts small blind $1
Airbag999: is sitting out
Tryptamean: posts big blind $3
*** HOLE CARDS ***
7superpoker: folds
Uncalled bet ($2) returned to Tryptamean
Airbag999 leaves the table
Tryptamean collected $2 from pot
Tryptamean: doesn't show hand
*** SUMMARY ***
Total pot $2 | Rake $0
Seat 1: 7superpoker (button) (small blind) folded before Flop
Seat 5: Tryptamean (big blind) collected ($2)


PokerStars Hand #154587425017:  Hold'em Limit ($3/$6 USD) - 2016/06/11 8:55:46 ET
Table 'Jihlava' 6-max Seat #5 is the button
Seat 1: 7superpoker ($45.02 in chips)
Seat 5: Tryptamean ($148.04 in chips)
Tryptamean: posts small blind $1
7superpoker: posts big blind $3
*** HOLE CARDS ***
Tryptamean: raises $3 to $6
7superpoker: calls $3
*** FLOP *** [5h 7c 9s]
7superpoker: bets $3
Tryptamean: calls $3
*** TURN *** [5h 7c 9s] [5d]
7superpoker: bets $6
alexfer999 joins the table at seat #6
Tryptamean: calls $6
*** RIVER *** [5h 7c 9s 5d] [Kh]
7superpoker: bets $6
Tryptamean: calls $6
*** SHOW DOWN ***
7superpoker: shows [Kc 6h] (two pair, Kings and Fives)
Tryptamean: mucks hand
7superpoker collected $41.50 from pot
*** SUMMARY ***
Total pot $42 | Rake $0.50
Board [5h 7c 9s 5d Kh]
Seat 1: 7superpoker (big blind) showed [Kc 6h] and won ($41.50) with two pair, Kings and Fives
Seat 5: Tryptamean (button) (small blind) mucked


PokerStars Hand #154587448576:  Hold'em Limit ($3/$6 USD) - 2016/06/11 8:56:38 ET
Table 'Jihlava' 6-max Seat #1 is the button
Seat 1: 7superpoker ($65.52 in chips)
Seat 5: Tryptamean ($127.04 in chips)
7superpoker: posts small blind $1
Tryptamean: posts big blind $3
*** HOLE CARDS ***
7superpoker: raises $3 to $6
Tryptamean: raises $3 to $9
7superpoker: calls $3
*** FLOP *** [Jd 9h 3h]
Tryptamean: bets $3
7superpoker: calls $3
*** TURN *** [Jd 9h 3h] [Ad]
Tryptamean: checks
7superpoker: bets $6
Tryptamean: calls $6
*** RIVER *** [Jd 9h 3h Ad] [6d]
Tryptamean: checks
7superpoker: bets $6
Tryptamean: folds
Uncalled bet ($6) returned to 7superpoker
7superpoker collected $35.50 from pot
7superpoker: doesn't show hand
*** SUMMARY ***
Total pot $36 | Rake $0.50
Board [Jd 9h 3h Ad 6d]
Seat 1: 7superpoker (button) (small blind) collected ($35.50)
Seat 5: Tryptamean (big blind) folded on the River


PokerStars Hand #154587876133:  Hold'em Limit ($3/$6 USD) - 2016/06/11 9:10:12 ET
Table 'Jihlava' 6-max Seat #6 is the button
Seat 5: Tryptamean ($110.87 in chips)
Seat 6: alexfer999 ($101.30 in chips)
alexfer999: posts small blind $1
Tryptamean: posts big blind $3
*** HOLE CARDS ***
alexfer999: folds
Uncalled bet ($2) returned to Tryptamean
Tryptamean collected $2 from pot
Tryptamean: doesn't show hand
*** SUMMARY ***
Total pot $2 | Rake $0
Seat 5: Tryptamean (big blind) collected ($2)
Seat 6: alexfer999 (button) (small blind) folded before Flop


PokerStars Hand #154587867688:  Hold'em Limit ($3/$6 USD) - 2016/06/11 9:09:57 ET
Table 'Jihlava' 6-max Seat #5 is the button
Seat 5: Tryptamean ($119.87 in chips)
Seat 6: alexfer999 ($92.66 in chips)
Tryptamean: posts small blind $1
alexfer999: posts big blind $3
*** HOLE CARDS ***
Tryptamean: raises $3 to $6
alexfer999: raises $3 to $9
Tryptamean: calls $3
*** FLOP *** [9h 7c Ad]
alexfer999: bets $3
Tryptamean: folds
Uncalled bet ($3) returned to alexfer999
alexfer999 collected $17.64 from pot
alexfer999: doesn't show hand
*** SUMMARY ***
Total pot $18 | Rake $0.36
Board [9h 7c Ad]
Seat 5: Tryptamean (button) (small blind) folded on the Flop
Seat 6: alexfer999 (big blind) collected ($17.64)


PokerStars Hand #154587856817:  Hold'em Limit ($3/$6 USD) - 2016/06/11 9:09:37 ET
Table 'Jihlava' 6-max Seat #6 is the button
Seat 5: Tryptamean ($125.87 in chips)
Seat 6: alexfer999 ($86.90 in chips)
alexfer999: posts small blind $1
7superpoker: is sitting out
beng_51: is sitting out
Tryptamean: posts big blind $3
*** HOLE CARDS ***
alexfer999: raises $3 to $6
7superpoker leaves the table
Tryptamean: calls $3
*** FLOP *** [Qs 2d 8c]
beng_51 leaves the table
Tryptamean: checks
alexfer999: bets $3
Tryptamean: folds
Uncalled bet ($3) returned to alexfer999
alexfer999 collected $11.76 from pot
alexfer999: doesn't show hand
*** SUMMARY ***
Total pot $12 | Rake $0.24
Board [Qs 2d 8c]
Seat 5: Tryptamean (big blind) folded on the Flop
Seat 6: alexfer999 (button) (small blind) collected ($11.76)


PokerStars Hand #154587879884:  Hold'em Limit ($3/$6 USD) - 2016/06/11 9:10:18 ET
Table 'Jihlava' 6-max Seat #5 is the button
Seat 5: Tryptamean ($111.87 in chips)
Seat 6: alexfer999 ($100.30 in chips)
Tryptamean: posts small blind $1
alexfer999: posts big blind $3
*** HOLE CARDS ***
Tryptamean: raises $3 to $6
alexfer999: calls $3
*** FLOP *** [Td 7s 8s]
alexfer999: checks
Tryptamean: bets $3
alexfer999: raises $3 to $6
Tryptamean: calls $3
*** TURN *** [Td 7s 8s] [As]
alexfer999: checks
Tryptamean: bets $6
alexfer999: calls $6
*** RIVER *** [Td 7s 8s As] [9h]
alexfer999: checks
Tryptamean: bets $6
alexfer999: folds
Uncalled bet ($6) returned to Tryptamean
Tryptamean collected $35.50 from pot
Tryptamean: doesn't show hand
*** SUMMARY ***
Total pot $36 | Rake $0.50
Board [Td 7s 8s As 9h]
Seat 5: Tryptamean (button) (small blind) collected ($35.50)
Seat 6: alexfer999 (big blind) folded on the River


PokerStars Hand #154587905848:  Hold'em Limit ($3/$6 USD) - 2016/06/11 9:11:05 ET
Table 'Jihlava' 6-max Seat #6 is the button
Seat 5: Tryptamean ($129.37 in chips)
Seat 6: alexfer999 ($82.30 in chips)
alexfer999: posts small blind $1
Tryptamean: posts big blind $3
*** HOLE CARDS ***
alexfer999: raises $3 to $6
Tryptamean: raises $3 to $9
alexfer999: calls $3
*** FLOP *** [Td 3d 3s]
Tryptamean: bets $3
alexfer999: calls $3
*** TURN *** [Td 3d 3s] [9d]
Tryptamean: bets $6
alexfer999: raises $6 to $12
Tryptamean: calls $6
*** RIVER *** [Td 3d 3s 9d] [5h]
Tryptamean: checks
alexfer999: bets $6
Tryptamean: calls $6
*** SHOW DOWN ***
alexfer999: shows [Qs Kd] (a pair of Threes)
Tryptamean: shows [9h Th] (two pair, Tens and Nines)
Tryptamean collected $59.50 from pot
*** SUMMARY ***
Total pot $60 | Rake $0.50
Board [Td 3d 3s 9d 5h]
Seat 5: Tryptamean (big blind) showed [9h Th] and won ($59.50) with two pair, Tens and Nines
Seat 6: alexfer999 (button) (small blind) showed [Qs Kd] and lost with a pair of Threes


PokerStars Hand #154587956962:  Hold'em Limit ($3/$6 USD) - 2016/06/11 9:12:37 ET
Table 'Jihlava' 6-max Seat #5 is the button
Seat 5: Tryptamean ($150.87 in chips)
Seat 6: alexfer999 ($59.94 in chips)
Tryptamean: posts small blind $1
alexfer999: posts big blind $3
*** HOLE CARDS ***
Tryptamean: raises $3 to $6
alexfer999: calls $3
*** FLOP *** [7s 6c Ad]
alexfer999: checks
Tryptamean: bets $3
alexfer999: calls $3
*** TURN *** [7s 6c Ad] [6d]
Pandakey joins the table at seat #1
alexfer999: checks
Tryptamean: checks
*** RIVER *** [7s 6c Ad 6d] [Kc]
alexfer999: checks
Tryptamean: bets $6
alexfer999: folds
Uncalled bet ($6) returned to Tryptamean
Tryptamean collected $17.64 from pot
Tryptamean: doesn't show hand
*** SUMMARY ***
Total pot $18 | Rake $0.36
Board [7s 6c Ad 6d Kc]
Seat 5: Tryptamean (button) (small blind) collected ($17.64)
Seat 6: alexfer999 (big blind) folded on the River


PokerStars Hand #154587943876:  Hold'em Limit ($3/$6 USD) - 2016/06/11 9:12:13 ET
Table 'Jihlava' 6-max Seat #5 is the button
Seat 5: Tryptamean ($158.87 in chips)
Seat 6: alexfer999 ($52.30 in chips)
Tryptamean: posts small blind $1
alexfer999: posts big blind $3
*** HOLE CARDS ***
Tryptamean: raises $3 to $6
alexfer999: raises $3 to $9
Tryptamean: calls $3
*** FLOP *** [5h Th 2d]
alexfer999: bets $3
Tryptamean: folds
Uncalled bet ($3) returned to alexfer999
alexfer999 collected $17.64 from pot
alexfer999: doesn't show hand
*** SUMMARY ***
Total pot $18 | Rake $0.36
Board [5h Th 2d]
Seat 5: Tryptamean (button) (small blind) folded on the Flop
Seat 6: alexfer999 (big blind) collected ($17.64)


PokerStars Hand #154587953691:  Hold'em Limit ($3/$6 USD) - 2016/06/11 9:12:31 ET
Table 'Jihlava' 6-max Seat #6 is the button
Seat 5: Tryptamean ($149.87 in chips)
Seat 6: alexfer999 ($60.94 in chips)
alexfer999: posts small blind $1
Tryptamean: posts big blind $3
*** HOLE CARDS ***
alexfer999: folds
Uncalled bet ($2) returned to Tryptamean
Tryptamean collected $2 from pot
Tryptamean: doesn't show hand
*** SUMMARY ***
Total pot $2 | Rake $0
Seat 5: Tryptamean (big blind) collected ($2)
Seat 6: alexfer999 (button) (small blind) folded before Flop


PokerStars Hand #154590419854:  Hold'em Limit ($3/$6 USD) - 2016/06/11 10:22:30 ET
Table 'Jihlava' 6-max Seat #2 is the button
Seat 2: Pelurile ($72 in chips)
Seat 5: Tryptamean ($94.76 in chips)
Pelurile: posts small blind $1
7superpoker: is sitting out
Tryptamean: posts big blind $3
*** HOLE CARDS ***
7superpoker leaves the table
Pelurile: raises $3 to $6
Tryptamean: folds
Uncalled bet ($3) returned to Pelurile
Pelurile collected $6 from pot
Pelurile: doesn't show hand
*** SUMMARY ***
Total pot $6 | Rake $0
Seat 2: Pelurile (button) (small blind) collected ($6)
Seat 5: Tryptamean (big blind) folded before Flop


