PokerStars Hand #148778960320:  Hold'em Limit ($3/$6 USD) - 2016/02/14 7:16:02 ET
Table 'Jimarnold' 6-max Seat #3 is the button
Seat 1: Playlikeme00 ($76.54 in chips)
Seat 3: BelSv ($152.53 in chips)
BelSv: posts small blind $1
Playlikeme00: posts big blind $3
*** HOLE CARDS ***
BelSv: raises $3 to $6
Playlikeme00: calls $3
*** FLOP *** [2h 8s 7c]
Playlikeme00: bets $3
BelSv: calls $3
*** TURN *** [2h 8s 7c] [Qd]
Playlikeme00: bets $6
Ale4o joins the table at seat #4
BelSv: calls $6
*** RIVER *** [2h 8s 7c Qd] [Jd]
Playlikeme00: bets $6
BelSv: raises $6 to $12
Playlikeme00: calls $6
*** SHOW DOWN ***
BelSv: shows [6s 9c] (high card Queen)
Playlikeme00: shows [7s 4c] (a pair of Sevens)
Playlikeme00 collected $53.50 from pot
*** SUMMARY ***
Total pot $54 | Rake $0.50
Board [2h 8s 7c Qd Jd]
Seat 1: Playlikeme00 (big blind) showed [7s 4c] and won ($53.50) with a pair of Sevens
Seat 3: BelSv (button) (small blind) showed [6s 9c] and lost with high card Queen


PokerStars Hand #148778952629:  Hold'em Limit ($3/$6 USD) - 2016/02/14 7:15:49 ET
Table 'Jimarnold' 6-max Seat #1 is the button
Seat 1: Playlikeme00 ($82.54 in chips)
Seat 3: BelSv ($146.77 in chips)
Playlikeme00: posts small blind $1
BelSv: posts big blind $3
*** HOLE CARDS ***
Playlikeme00: calls $2
BelSv: raises $3 to $6
Robanmar33 joins the table at seat #2
Playlikeme00: calls $3
*** FLOP *** [Ad 7s 4s]
BelSv: bets $3
Playlikeme00: folds
Uncalled bet ($3) returned to BelSv
BelSv collected $11.76 from pot
BelSv: doesn't show hand
*** SUMMARY ***
Total pot $12 | Rake $0.24
Board [Ad 7s 4s]
Seat 1: Playlikeme00 (button) (small blind) folded on the Flop
Seat 3: BelSv (big blind) collected ($11.76)


PokerStars Hand #148779061026:  Hold'em Limit ($3/$6 USD) - 2016/02/14 7:18:39 ET
Table 'Jimarnold' 6-max Seat #4 is the button
Seat 3: BelSv ($150.13 in chips)
Seat 4: Ale4o ($166.46 in chips)
Ale4o: posts small blind $1
BelSv: posts big blind $3
*** HOLE CARDS ***
Ale4o: raises $3 to $6
BelSv: calls $3
*** FLOP *** [9c 4c 2d]
BelSv: checks
Ale4o: bets $3
BelSv: raises $3 to $6
Ale4o: calls $3
*** TURN *** [9c 4c 2d] [Ts]
BelSv: bets $6
Ale4o: raises $6 to $12
BelSv: calls $6
*** RIVER *** [9c 4c 2d Ts] [Ah]
BelSv: checks
Ale4o: checks
*** SHOW DOWN ***
BelSv: shows [9s 6h] (a pair of Nines)
Ale4o: shows [6s 9d] (a pair of Nines)
BelSv collected $23.75 from pot
Ale4o collected $23.75 from pot
*** SUMMARY ***
Total pot $48 | Rake $0.50
Board [9c 4c 2d Ts Ah]
Seat 3: BelSv (big blind) showed [9s 6h] and won ($23.75) with a pair of Nines
Seat 4: Ale4o (button) (small blind) showed [6s 9d] and won ($23.75) with a pair of Nines


PokerStars Hand #148779085423:  Hold'em Limit ($3/$6 USD) - 2016/02/14 7:19:18 ET
Table 'Jimarnold' 6-max Seat #3 is the button
Seat 2: Robanmar33 ($70.18 in chips)
Seat 3: BelSv ($149.88 in chips)
BelSv: posts small blind $1
Robanmar33: posts big blind $3
*** HOLE CARDS ***
BelSv: raises $3 to $6
Robanmar33: calls $3
*** FLOP *** [Ah 9d 4d]
Robanmar33: checks
Ale4o joins the table at seat #4
BelSv: checks
*** TURN *** [Ah 9d 4d] [7s]
Robanmar33: checks
BelSv: bets $6
Robanmar33: folds
Uncalled bet ($6) returned to BelSv
BelSv collected $11.76 from pot
BelSv: doesn't show hand
*** SUMMARY ***
Total pot $12 | Rake $0.24
Board [Ah 9d 4d 7s]
Seat 2: Robanmar33 (big blind) folded on the Turn
Seat 3: BelSv (button) (small blind) collected ($11.76)


PokerStars Hand #148779098693:  Hold'em Limit ($3/$6 USD) - 2016/02/14 7:19:38 ET
Table 'Jimarnold' 6-max Seat #2 is the button
Seat 2: Robanmar33 ($64.18 in chips)
Seat 3: BelSv ($155.64 in chips)
Robanmar33: posts small blind $1
BelSv: posts big blind $3
*** HOLE CARDS ***
Robanmar33: calls $2
DUKEOFORANGE joins the table at seat #5
BelSv: checks
*** FLOP *** [6c Ah Qc]
BelSv: bets $3
Robanmar33: calls $3
*** TURN *** [6c Ah Qc] [Jd]
BelSv: checks
Robanmar33: bets $6
BelSv: folds
Uncalled bet ($6) returned to Robanmar33
Robanmar33 collected $11.76 from pot
Robanmar33: doesn't show hand
*** SUMMARY ***
Total pot $12 | Rake $0.24
Board [6c Ah Qc Jd]
Seat 2: Robanmar33 (button) (small blind) collected ($11.76)
Seat 3: BelSv (big blind) folded on the Turn


PokerStars Hand #148782029275:  Hold'em Limit ($3/$6 USD) - 2016/02/14 8:32:15 ET
Table 'Jimarnold' 6-max Seat #6 is the button
Seat 5: DUKEOFORANGE ($318.92 in chips)
Seat 6: HAOYUN88888 ($127.66 in chips)
HAOYUN88888: posts small blind $1
BelSv: is sitting out
DUKEOFORANGE: posts big blind $3
*** HOLE CARDS ***
HAOYUN88888: raises $3 to $6
DUKEOFORANGE: folds
Uncalled bet ($3) returned to HAOYUN88888
HAOYUN88888 collected $6 from pot
HAOYUN88888: doesn't show hand
*** SUMMARY ***
Total pot $6 | Rake $0
Seat 5: DUKEOFORANGE (big blind) folded before Flop
Seat 6: HAOYUN88888 (button) (small blind) collected ($6)


PokerStars Hand #148782049277:  Hold'em Limit ($3/$6 USD) - 2016/02/14 8:32:43 ET
Table 'Jimarnold' 6-max Seat #6 is the button
Seat 5: DUKEOFORANGE ($318.80 in chips)
Seat 6: HAOYUN88888 ($127.66 in chips)
HAOYUN88888: posts small blind $1
RainBoVan was removed from the table for failing to post
DUKEOFORANGE: posts big blind $3
*** HOLE CARDS ***
HAOYUN88888: folds
Uncalled bet ($2) returned to DUKEOFORANGE
DUKEOFORANGE collected $2 from pot
DUKEOFORANGE: doesn't show hand
*** SUMMARY ***
Total pot $2 | Rake $0
Seat 5: DUKEOFORANGE (big blind) collected ($2)
Seat 6: HAOYUN88888 (button) (small blind) folded before Flop


PokerStars Hand #148782036269:  Hold'em Limit ($3/$6 USD) - 2016/02/14 8:32:25 ET
Table 'Jimarnold' 6-max Seat #5 is the button
Seat 5: DUKEOFORANGE ($315.92 in chips)
Seat 6: HAOYUN88888 ($130.66 in chips)
DUKEOFORANGE: posts small blind $1
HAOYUN88888: posts big blind $3
*** HOLE CARDS ***
DUKEOFORANGE: calls $2
HAOYUN88888: checks
*** FLOP *** [8d 5c Jc]
HAOYUN88888: checks
DUKEOFORANGE: bets $3
HAOYUN88888: folds
Uncalled bet ($3) returned to DUKEOFORANGE
DUKEOFORANGE collected $5.88 from pot
DUKEOFORANGE: doesn't show hand
*** SUMMARY ***
Total pot $6 | Rake $0.12
Board [8d 5c Jc]
Seat 5: DUKEOFORANGE (button) (small blind) collected ($5.88)
Seat 6: HAOYUN88888 (big blind) folded on the Flop


PokerStars Hand #148782052488:  Hold'em Limit ($3/$6 USD) - 2016/02/14 8:32:47 ET
Table 'Jimarnold' 6-max Seat #5 is the button
Seat 5: DUKEOFORANGE ($319.80 in chips)
Seat 6: HAOYUN88888 ($126.66 in chips)
DUKEOFORANGE: posts small blind $1
HAOYUN88888: posts big blind $3
*** HOLE CARDS ***
DUKEOFORANGE: raises $3 to $6
HAOYUN88888: folds
Uncalled bet ($3) returned to DUKEOFORANGE
DUKEOFORANGE collected $6 from pot
DUKEOFORANGE: doesn't show hand
*** SUMMARY ***
Total pot $6 | Rake $0
Seat 5: DUKEOFORANGE (button) (small blind) collected ($6)
Seat 6: HAOYUN88888 (big blind) folded before Flop


PokerStars Hand #148782057304:  Hold'em Limit ($3/$6 USD) - 2016/02/14 8:32:54 ET
Table 'Jimarnold' 6-max Seat #6 is the button
Seat 5: DUKEOFORANGE ($322.80 in chips)
Seat 6: HAOYUN88888 ($123.66 in chips)
HAOYUN88888: posts small blind $1
DUKEOFORANGE: posts big blind $3
*** HOLE CARDS ***
fsreibnitz joins the table at seat #1
HAOYUN88888: folds
Uncalled bet ($2) returned to DUKEOFORANGE
DUKEOFORANGE collected $2 from pot
DUKEOFORANGE: doesn't show hand
*** SUMMARY ***
Total pot $2 | Rake $0
Seat 5: DUKEOFORANGE (big blind) collected ($2)
Seat 6: HAOYUN88888 (button) (small blind) folded before Flop


PokerStars Hand #148782068205:  Hold'em Limit ($3/$6 USD) - 2016/02/14 8:33:09 ET
Table 'Jimarnold' 6-max Seat #5 is the button
Seat 5: DUKEOFORANGE ($323.80 in chips)
Seat 6: HAOYUN88888 ($122.66 in chips)
DUKEOFORANGE: posts small blind $1
HAOYUN88888: posts big blind $3
*** HOLE CARDS ***
DUKEOFORANGE: raises $3 to $6
HAOYUN88888: folds
Uncalled bet ($3) returned to DUKEOFORANGE
DUKEOFORANGE collected $6 from pot
DUKEOFORANGE: doesn't show hand
*** SUMMARY ***
Total pot $6 | Rake $0
Seat 5: DUKEOFORANGE (button) (small blind) collected ($6)
Seat 6: HAOYUN88888 (big blind) folded before Flop


PokerStars Hand #148787276494:  Hold'em Limit ($3/$6 USD) - 2016/02/14 10:21:24 ET
Table 'Jimarnold' 6-max Seat #2 is the button
Seat 2: Herisons_11 ($272.48 in chips)
Seat 5: DUKEOFORANGE ($495.24 in chips)
Herisons_11: posts small blind $1
gazzzzzza: is sitting out
DUKEOFORANGE: posts big blind $3
*** HOLE CARDS ***
Herisons_11: raises $3 to $6
DUKEOFORANGE: calls $3
*** FLOP *** [5s 6s Qd]
DUKEOFORANGE: checks
Herisons_11: bets $3
DUKEOFORANGE: calls $3
*** TURN *** [5s 6s Qd] [7c]
DUKEOFORANGE: bets $6
Herisons_11: calls $6
*** RIVER *** [5s 6s Qd 7c] [Ad]
DUKEOFORANGE: bets $6
Herisons_11: calls $6
*** SHOW DOWN ***
DUKEOFORANGE: shows [Ks 7h] (a pair of Sevens)
Herisons_11: shows [Jc Js] (a pair of Jacks)
Herisons_11 collected $41.50 from pot
*** SUMMARY ***
Total pot $42 | Rake $0.50
Board [5s 6s Qd 7c Ad]
Seat 2: Herisons_11 (button) (small blind) showed [Jc Js] and won ($41.50) with a pair of Jacks
Seat 5: DUKEOFORANGE (big blind) showed [Ks 7h] and lost with a pair of Sevens


PokerStars Hand #148787640513:  Hold'em Limit ($3/$6 USD) - 2016/02/14 10:28:14 ET
Table 'Jimarnold' 6-max Seat #5 is the button
Seat 2: Mudager ($134.52 in chips)
Seat 5: Andredias950 ($105 in chips)
Andredias950: posts small blind $1
Mudager: posts big blind $3
*** HOLE CARDS ***
Andredias950: folds
Uncalled bet ($2) returned to Mudager
Mudager collected $2 from pot
Mudager: doesn't show hand
*** SUMMARY ***
Total pot $2 | Rake $0
Seat 2: Mudager (big blind) collected ($2)
Seat 5: Andredias950 (button) (small blind) folded before Flop


PokerStars Hand #148787647514:  Hold'em Limit ($3/$6 USD) - 2016/02/14 10:28:22 ET
Table 'Jimarnold' 6-max Seat #2 is the button
Seat 2: Mudager ($135.52 in chips)
Seat 5: Andredias950 ($104 in chips)
Mudager: posts small blind $1
Andredias950: posts big blind $3
*** HOLE CARDS ***
Mudager: raises $3 to $6
Andredias950: folds
Uncalled bet ($3) returned to Mudager
Mudager collected $6 from pot
Mudager: doesn't show hand
*** SUMMARY ***
Total pot $6 | Rake $0
Seat 2: Mudager (button) (small blind) collected ($6)
Seat 5: Andredias950 (big blind) folded before Flop


PokerStars Hand #148787659643:  Hold'em Limit ($3/$6 USD) - 2016/02/14 10:28:35 ET
Table 'Jimarnold' 6-max Seat #5 is the button
Seat 2: Mudager ($138.52 in chips)
Seat 5: Andredias950 ($101 in chips)
Andredias950: posts small blind $1
Mudager: posts big blind $3
*** HOLE CARDS ***
Andredias950: raises $3 to $6
Mudager: calls $3
*** FLOP *** [Ts Qd As]
Mudager: checks
Andredias950: bets $3
Mudager: raises $3 to $6
Andredias950: calls $3
*** TURN *** [Ts Qd As] [8c]
Mudager: bets $6
Andredias950: calls $6
*** RIVER *** [Ts Qd As 8c] [6s]
Mudager: bets $6
Andredias950: calls $6
*** SHOW DOWN ***
Mudager: shows [8h Ah] (two pair, Aces and Eights)
Andredias950: mucks hand
Mudager collected $47.50 from pot
*** SUMMARY ***
Total pot $48 | Rake $0.50
Board [Ts Qd As 8c 6s]
Seat 2: Mudager (big blind) showed [8h Ah] and won ($47.50) with two pair, Aces and Eights
Seat 5: Andredias950 (button) (small blind) mucked


PokerStars Hand #148787708110:  Hold'em Limit ($3/$6 USD) - 2016/02/14 10:29:29 ET
Table 'Jimarnold' 6-max Seat #2 is the button
Seat 2: Mudager ($162.02 in chips)
Seat 5: Andredias950 ($77 in chips)
Mudager: posts small blind $1
Andredias950: posts big blind $3
*** HOLE CARDS ***
chipmover360 joins the table at seat #1
Mudager: folds
Uncalled bet ($2) returned to Andredias950
Andredias950 collected $2 from pot
*** SUMMARY ***
Total pot $2 | Rake $0
Seat 2: Mudager (button) (small blind) folded before Flop
Seat 5: Andredias950 (big blind) collected ($2)


PokerStars Hand #148787730418:  Hold'em Limit ($3/$6 USD) - 2016/02/14 10:29:54 ET
Table 'Jimarnold' 6-max Seat #1 is the button
Seat 1: chipmover360 ($121 in chips)
Seat 5: Andredias950 ($77 in chips)
chipmover360: posts small blind $1
Mudager: is sitting out
Andredias950: posts big blind $3
*** HOLE CARDS ***
chipmover360: folds
Uncalled bet ($2) returned to Andredias950
Andredias950 collected $2 from pot
Andredias950: doesn't show hand
*** SUMMARY ***
Total pot $2 | Rake $0
Seat 1: chipmover360 (button) (small blind) folded before Flop
Seat 5: Andredias950 (big blind) collected ($2)


PokerStars Hand #148787737273:  Hold'em Limit ($3/$6 USD) - 2016/02/14 10:30:02 ET
Table 'Jimarnold' 6-max Seat #5 is the button
Seat 1: chipmover360 ($120 in chips)
Seat 5: Andredias950 ($78 in chips)
Andredias950: posts small blind $1
chipmover360: posts big blind $3
*** HOLE CARDS ***
Andredias950: raises $3 to $6
chipmover360: raises $3 to $9
Andredias950: raises $3 to $12
Betting is capped
chipmover360: calls $3
*** FLOP *** [Kd 6d 2s]
chipmover360: bets $3
Andredias950: calls $3
*** TURN *** [Kd 6d 2s] [7h]
chipmover360: bets $6
Andredias950: raises $6 to $12
chipmover360: calls $6
*** RIVER *** [Kd 6d 2s 7h] [5c]
chipmover360: checks
Andredias950: bets $6
chipmover360: calls $6
*** SHOW DOWN ***
Andredias950: shows [7c 7s] (three of a kind, Sevens)
chipmover360: mucks hand
Andredias950 collected $65.50 from pot
*** SUMMARY ***
Total pot $66 | Rake $0.50
Board [Kd 6d 2s 7h 5c]
Seat 1: chipmover360 (big blind) mucked
Seat 5: Andredias950 (button) (small blind) showed [7c 7s] and won ($65.50) with three of a kind, Sevens


PokerStars Hand #148787759384:  Hold'em Limit ($3/$6 USD) - 2016/02/14 10:30:26 ET
Table 'Jimarnold' 6-max Seat #1 is the button
Seat 1: chipmover360 ($87 in chips)
Seat 5: Andredias950 ($110.50 in chips)
chipmover360: posts small blind $1
Andredias950: posts big blind $3
*** HOLE CARDS ***
chipmover360: raises $3 to $6
Andredias950: calls $3
*** FLOP *** [Ad Qs Ah]
Andredias950: checks
chipmover360: bets $3
Andredias950: calls $3
*** TURN *** [Ad Qs Ah] [2s]
Andredias950: checks
chipmover360: bets $6
Andredias950: calls $6
*** RIVER *** [Ad Qs Ah 2s] [8d]
Andredias950: checks
chipmover360: bets $6
Andredias950: calls $6
*** SHOW DOWN ***
chipmover360: shows [2h 2d] (a full house, Deuces full of Aces)
Andredias950: mucks hand
chipmover360 collected $41.50 from pot
*** SUMMARY ***
Total pot $42 | Rake $0.50
Board [Ad Qs Ah 2s 8d]
Seat 1: chipmover360 (button) (small blind) showed [2h 2d] and won ($41.50) with a full house, Deuces full of Aces
Seat 5: Andredias950 (big blind) mucked


PokerStars Hand #148787803854:  Hold'em Limit ($3/$6 USD) - 2016/02/14 10:31:14 ET
Table 'Jimarnold' 6-max Seat #5 is the button
Seat 1: chipmover360 ($107.50 in chips)
Seat 5: Andredias950 ($89.50 in chips)
Andredias950: posts small blind $1
chipmover360: posts big blind $3
*** HOLE CARDS ***
Andredias950: raises $3 to $6
chipmover360: calls $3
*** FLOP *** [6h As 3h]
chipmover360: checks
Andredias950: checks
*** TURN *** [6h As 3h] [8c]
chipmover360: bets $6
Andredias950: calls $6
*** RIVER *** [6h As 3h 8c] [9s]
chipmover360: bets $6
Andredias950: calls $6
*** SHOW DOWN ***
chipmover360: shows [2h 6c] (a pair of Sixes)
Andredias950: mucks hand
chipmover360 collected $35.50 from pot
*** SUMMARY ***
Total pot $36 | Rake $0.50
Board [6h As 3h 8c 9s]
Seat 1: chipmover360 (big blind) showed [2h 6c] and won ($35.50) with a pair of Sixes
Seat 5: Andredias950 (button) (small blind) mucked


PokerStars Hand #148787839718:  Hold'em Limit ($3/$6 USD) - 2016/02/14 10:31:53 ET
Table 'Jimarnold' 6-max Seat #1 is the button
Seat 1: chipmover360 ($125 in chips)
Seat 5: Andredias950 ($71.50 in chips)
chipmover360: posts small blind $1
Andredias950: posts big blind $3
*** HOLE CARDS ***
chipmover360: raises $3 to $6
Andredias950: folds
Uncalled bet ($3) returned to chipmover360
chipmover360 collected $6 from pot
chipmover360: doesn't show hand
*** SUMMARY ***
Total pot $6 | Rake $0
Seat 1: chipmover360 (button) (small blind) collected ($6)
Seat 5: Andredias950 (big blind) folded before Flop


PokerStars Hand #148787858390:  Hold'em Limit ($3/$6 USD) - 2016/02/14 10:32:14 ET
Table 'Jimarnold' 6-max Seat #5 is the button
Seat 1: chipmover360 ($128 in chips)
Seat 5: Andredias950 ($68.50 in chips)
Andredias950: posts small blind $1
chipmover360: posts big blind $3
*** HOLE CARDS ***
Andredias950: folds
Uncalled bet ($2) returned to chipmover360
chipmover360 collected $2 from pot
chipmover360: doesn't show hand
*** SUMMARY ***
Total pot $2 | Rake $0
Seat 1: chipmover360 (big blind) collected ($2)
Seat 5: Andredias950 (button) (small blind) folded before Flop


PokerStars Hand #148787866548:  Hold'em Limit ($3/$6 USD) - 2016/02/14 10:32:23 ET
Table 'Jimarnold' 6-max Seat #1 is the button
Seat 1: chipmover360 ($129 in chips)
Seat 5: Andredias950 ($67.50 in chips)
chipmover360: posts small blind $1
Andredias950: posts big blind $3
*** HOLE CARDS ***
chipmover360: raises $3 to $6
Andredias950: raises $3 to $9
chipmover360: raises $3 to $12
Betting is capped
Andredias950: calls $3
*** FLOP *** [7c 8d 6h]
Andredias950: bets $3
chipmover360: calls $3
*** TURN *** [7c 8d 6h] [8s]
Andredias950: bets $6
chipmover360: calls $6
*** RIVER *** [7c 8d 6h 8s] [3d]
Andredias950: bets $6
chipmover360: calls $6
*** SHOW DOWN ***
Andredias950: shows [5h Ah] (a pair of Eights)
chipmover360: shows [Qd Ad] (a pair of Eights - Ace+Queen kicker)
chipmover360 collected $53.50 from pot
*** SUMMARY ***
Total pot $54 | Rake $0.50
Board [7c 8d 6h 8s 3d]
Seat 1: chipmover360 (button) (small blind) showed [Qd Ad] and won ($53.50) with a pair of Eights
Seat 5: Andredias950 (big blind) showed [5h Ah] and lost with a pair of Eights


PokerStars Hand #148787892423:  Hold'em Limit ($3/$6 USD) - 2016/02/14 10:32:51 ET
Table 'Jimarnold' 6-max Seat #5 is the button
Seat 1: chipmover360 ($155.50 in chips)
Seat 5: Andredias950 ($40.50 in chips)
Andredias950: posts small blind $1
chipmover360: posts big blind $3
*** HOLE CARDS ***
Andredias950: calls $2
chipmover360: raises $3 to $6
Andredias950: calls $3
*** FLOP *** [3s Qh 2s]
chipmover360: bets $3
Andredias950: folds
Uncalled bet ($3) returned to chipmover360
chipmover360 collected $11.76 from pot
chipmover360: doesn't show hand
*** SUMMARY ***
Total pot $12 | Rake $0.24
Board [3s Qh 2s]
Seat 1: chipmover360 (big blind) collected ($11.76)
Seat 5: Andredias950 (button) (small blind) folded on the Flop


PokerStars Hand #148787904798:  Hold'em Limit ($3/$6 USD) - 2016/02/14 10:33:04 ET
Table 'Jimarnold' 6-max Seat #1 is the button
Seat 1: chipmover360 ($161.26 in chips)
Seat 5: Andredias950 ($34.50 in chips)
chipmover360: posts small blind $1
Andredias950: posts big blind $3
*** HOLE CARDS ***
chipmover360: raises $3 to $6
Andredias950: calls $3
*** FLOP *** [4d 8h Th]
Andredias950: checks
chipmover360: bets $3
Andredias950: raises $3 to $6
chipmover360: raises $3 to $9
Andredias950: raises $3 to $12
Betting is capped
chipmover360: calls $3
*** TURN *** [4d 8h Th] [Js]
Andredias950: bets $6
chipmover360: raises $6 to $12
Andredias950: raises $4.50 to $16.50 and is all-in
chipmover360: calls $4.50
*** RIVER *** [4d 8h Th Js] [7d]
*** SHOW DOWN ***
Andredias950: shows [9s Td] (a straight, Seven to Jack)
chipmover360: shows [9h 7s] (a straight, Seven to Jack)
Andredias950 collected $34.25 from pot
chipmover360 collected $34.25 from pot
*** SUMMARY ***
Total pot $69 | Rake $0.50
Board [4d 8h Th Js 7d]
Seat 1: chipmover360 (button) (small blind) showed [9h 7s] and won ($34.25) with a straight, Seven to Jack
Seat 5: Andredias950 (big blind) showed [9s Td] and won ($34.25) with a straight, Seven to Jack


PokerStars Hand #148787933604:  Hold'em Limit ($3/$6 USD) - 2016/02/14 10:33:36 ET
Table 'Jimarnold' 6-max Seat #5 is the button
Seat 1: chipmover360 ($161.01 in chips)
Seat 5: Andredias950 ($34.25 in chips)
Andredias950: posts small blind $1
chipmover360: posts big blind $3
*** HOLE CARDS ***
Andredias950: raises $3 to $6
chipmover360: raises $3 to $9
Andredias950: raises $3 to $12
Betting is capped
chipmover360: calls $3
*** FLOP *** [7d 3h Ah]
chipmover360: bets $3
Andredias950: raises $3 to $6
chipmover360: calls $3
*** TURN *** [7d 3h Ah] [Th]
chipmover360: checks
Andredias950: bets $6
chipmover360: calls $6
*** RIVER *** [7d 3h Ah Th] [6c]
chipmover360: checks
Andredias950: bets $6
chipmover360: calls $6
*** SHOW DOWN ***
Andredias950: shows [7h Ad] (two pair, Aces and Sevens)
chipmover360: mucks hand
Andredias950 collected $59.50 from pot
*** SUMMARY ***
Total pot $60 | Rake $0.50
Board [7d 3h Ah Th 6c]
Seat 1: chipmover360 (big blind) mucked
Seat 5: Andredias950 (button) (small blind) showed [7h Ad] and won ($59.50) with two pair, Aces and Sevens


PokerStars Hand #148787961861:  Hold'em Limit ($3/$6 USD) - 2016/02/14 10:34:06 ET
Table 'Jimarnold' 6-max Seat #1 is the button
Seat 1: chipmover360 ($131.01 in chips)
Seat 5: Andredias950 ($63.75 in chips)
chipmover360: posts small blind $1
Andredias950: posts big blind $3
*** HOLE CARDS ***
chipmover360: raises $3 to $6
Andredias950: raises $3 to $9
chipmover360: calls $3
*** FLOP *** [2h 2c 3h]
Andredias950: bets $3
chipmover360: calls $3
*** TURN *** [2h 2c 3h] [Qc]
Andredias950: bets $6
chipmover360: raises $6 to $12
Andredias950: calls $6
*** RIVER *** [2h 2c 3h Qc] [4h]
Andredias950: checks
chipmover360: bets $6
Andredias950: raises $6 to $12
chipmover360: calls $6
*** SHOW DOWN ***
Andredias950: shows [Ah Th] (a flush, Ace high)
chipmover360: mucks hand
Andredias950 collected $71.50 from pot
*** SUMMARY ***
Total pot $72 | Rake $0.50
Board [2h 2c 3h Qc 4h]
Seat 1: chipmover360 (button) (small blind) mucked
Seat 5: Andredias950 (big blind) showed [Ah Th] and won ($71.50) with a flush, Ace high


PokerStars Hand #148787994255:  Hold'em Limit ($3/$6 USD) - 2016/02/14 10:34:41 ET
Table 'Jimarnold' 6-max Seat #5 is the button
Seat 1: chipmover360 ($95.01 in chips)
Seat 5: Andredias950 ($99.25 in chips)
Andredias950: posts small blind $1
chipmover360: posts big blind $3
*** HOLE CARDS ***
Andredias950: folds
Uncalled bet ($2) returned to chipmover360
chipmover360 collected $2 from pot
chipmover360: doesn't show hand
*** SUMMARY ***
Total pot $2 | Rake $0
Seat 1: chipmover360 (big blind) collected ($2)
Seat 5: Andredias950 (button) (small blind) folded before Flop


PokerStars Hand #148788001504:  Hold'em Limit ($3/$6 USD) - 2016/02/14 10:34:49 ET
Table 'Jimarnold' 6-max Seat #1 is the button
Seat 1: chipmover360 ($96.01 in chips)
Seat 5: Andredias950 ($98.25 in chips)
chipmover360: posts small blind $1
Andredias950: posts big blind $3
*** HOLE CARDS ***
chipmover360: raises $3 to $6
Andredias950: raises $3 to $9
chipmover360: calls $3
*** FLOP *** [6d Ts Kh]
Andredias950: bets $3
Mudager leaves the table
chipmover360: folds
Uncalled bet ($3) returned to Andredias950
Andredias950 collected $17.64 from pot
*** SUMMARY ***
Total pot $18 | Rake $0.36
Board [6d Ts Kh]
Seat 1: chipmover360 (button) (small blind) folded on the Flop
Seat 5: Andredias950 (big blind) collected ($17.64)


PokerStars Hand #148788011538:  Hold'em Limit ($3/$6 USD) - 2016/02/14 10:35:00 ET
Table 'Jimarnold' 6-max Seat #5 is the button
Seat 1: chipmover360 ($87.01 in chips)
Seat 5: Andredias950 ($106.89 in chips)
Andredias950: posts small blind $1
chipmover360: posts big blind $3
*** HOLE CARDS ***
Andredias950: raises $3 to $6
chipmover360: calls $3
*** FLOP *** [3d 5c As]
chipmover360: checks
Andredias950: checks
*** TURN *** [3d 5c As] [4h]
chipmover360: bets $6
Andredias950: calls $6
*** RIVER *** [3d 5c As 4h] [4d]
chipmover360: bets $6
Andredias950: calls $6
*** SHOW DOWN ***
chipmover360: shows [Qd 2d] (a straight, Ace to Five)
Andredias950: mucks hand
chipmover360 collected $35.50 from pot
*** SUMMARY ***
Total pot $36 | Rake $0.50
Board [3d 5c As 4h 4d]
Seat 1: chipmover360 (big blind) showed [Qd 2d] and won ($35.50) with a straight, Ace to Five
Seat 5: Andredias950 (button) (small blind) mucked


PokerStars Hand #148788031662:  Hold'em Limit ($3/$6 USD) - 2016/02/14 10:35:22 ET
Table 'Jimarnold' 6-max Seat #1 is the button
Seat 1: chipmover360 ($104.51 in chips)
Seat 5: Andredias950 ($88.89 in chips)
chipmover360: posts small blind $1
Andredias950: posts big blind $3
*** HOLE CARDS ***
chipmover360: raises $3 to $6
Andredias950: calls $3
*** FLOP *** [Jc Tc 5d]
Andredias950: checks
chipmover360: bets $3
Andredias950: calls $3
*** TURN *** [Jc Tc 5d] [Qd]
Andredias950: checks
chipmover360: bets $6
Andredias950: calls $6
*** RIVER *** [Jc Tc 5d Qd] [Ks]
Andredias950: checks
chipmover360: bets $6
Andredias950: folds
Uncalled bet ($6) returned to chipmover360
chipmover360 collected $29.50 from pot
chipmover360: doesn't show hand
*** SUMMARY ***
Total pot $30 | Rake $0.50
Board [Jc Tc 5d Qd Ks]
Seat 1: chipmover360 (button) (small blind) collected ($29.50)
Seat 5: Andredias950 (big blind) folded on the River


PokerStars Hand #148788050207:  Hold'em Limit ($3/$6 USD) - 2016/02/14 10:35:42 ET
Table 'Jimarnold' 6-max Seat #5 is the button
Seat 1: chipmover360 ($119.01 in chips)
Seat 5: Andredias950 ($73.89 in chips)
Andredias950: posts small blind $1
chipmover360: posts big blind $3
*** HOLE CARDS ***
Andredias950: folds
Uncalled bet ($2) returned to chipmover360
chipmover360 collected $2 from pot
chipmover360: doesn't show hand
*** SUMMARY ***
Total pot $2 | Rake $0
Seat 1: chipmover360 (big blind) collected ($2)
Seat 5: Andredias950 (button) (small blind) folded before Flop


PokerStars Hand #148788057578:  Hold'em Limit ($3/$6 USD) - 2016/02/14 10:35:50 ET
Table 'Jimarnold' 6-max Seat #1 is the button
Seat 1: chipmover360 ($120.01 in chips)
Seat 5: Andredias950 ($72.89 in chips)
chipmover360: posts small blind $1
Andredias950: posts big blind $3
*** HOLE CARDS ***
chipmover360: raises $3 to $6
Andredias950: calls $3
*** FLOP *** [9s Qs 9c]
Andredias950: bets $3
chipmover360: raises $3 to $6
Andredias950: calls $3
*** TURN *** [9s Qs 9c] [5d]
Andredias950: checks
chipmover360: bets $6
Andredias950: calls $6
*** RIVER *** [9s Qs 9c 5d] [Kd]
Andredias950: checks
chipmover360: bets $6
Andredias950: calls $6
*** SHOW DOWN ***
chipmover360: shows [8s 9d] (three of a kind, Nines)
Andredias950: mucks hand
chipmover360 collected $47.50 from pot
*** SUMMARY ***
Total pot $48 | Rake $0.50
Board [9s Qs 9c 5d Kd]
Seat 1: chipmover360 (button) (small blind) showed [8s 9d] and won ($47.50) with three of a kind, Nines
Seat 5: Andredias950 (big blind) mucked


PokerStars Hand #148788090777:  Hold'em Limit ($3/$6 USD) - 2016/02/14 10:36:26 ET
Table 'Jimarnold' 6-max Seat #5 is the button
Seat 1: chipmover360 ($143.51 in chips)
Seat 5: Andredias950 ($48.89 in chips)
Andredias950: posts small blind $1
chipmover360: posts big blind $3
*** HOLE CARDS ***
Andredias950: raises $3 to $6
chipmover360: raises $3 to $9
Andredias950: calls $3
*** FLOP *** [2c Qd Qh]
chipmover360: bets $3
Andredias950: calls $3
*** TURN *** [2c Qd Qh] [8s]
chipmover360: bets $6
Andredias950: folds
Uncalled bet ($6) returned to chipmover360
chipmover360 collected $23.52 from pot
chipmover360: doesn't show hand
*** SUMMARY ***
Total pot $24 | Rake $0.48
Board [2c Qd Qh 8s]
Seat 1: chipmover360 (big blind) collected ($23.52)
Seat 5: Andredias950 (button) (small blind) folded on the Turn


PokerStars Hand #148788104535:  Hold'em Limit ($3/$6 USD) - 2016/02/14 10:36:41 ET
Table 'Jimarnold' 6-max Seat #1 is the button
Seat 1: chipmover360 ($155.03 in chips)
Seat 5: Andredias950 ($36.89 in chips)
chipmover360: posts small blind $1
Andredias950: posts big blind $3
*** HOLE CARDS ***
chipmover360: raises $3 to $6
Andredias950: calls $3
*** FLOP *** [Jh Qd 4h]
Andredias950: checks
chipmover360: bets $3
Andredias950: folds
Uncalled bet ($3) returned to chipmover360
Azrarn joins the table at seat #4
chipmover360 collected $11.76 from pot
chipmover360: doesn't show hand
*** SUMMARY ***
Total pot $12 | Rake $0.24
Board [Jh Qd 4h]
Seat 1: chipmover360 (button) (small blind) collected ($11.76)
Seat 5: Andredias950 (big blind) folded on the Flop


PokerStars Hand #148788114523:  Hold'em Limit ($3/$6 USD) - 2016/02/14 10:36:51 ET
Table 'Jimarnold' 6-max Seat #5 is the button
Seat 1: chipmover360 ($160.79 in chips)
Seat 5: Andredias950 ($30.89 in chips)
Andredias950: posts small blind $1
chipmover360: posts big blind $3
*** HOLE CARDS ***
Andredias950: calls $2
chipmover360: checks
*** FLOP *** [9c Kh As]
chipmover360: checks
Andredias950: checks
*** TURN *** [9c Kh As] [Js]
chipmover360: checks
Andredias950: checks
*** RIVER *** [9c Kh As Js] [Tc]
chipmover360: checks
Andredias950: checks
*** SHOW DOWN ***
chipmover360: shows [Jc 6h] (a pair of Jacks)
Andredias950: mucks hand
chipmover360 collected $5.88 from pot
*** SUMMARY ***
Total pot $6 | Rake $0.12
Board [9c Kh As Js Tc]
Seat 1: chipmover360 (big blind) showed [Jc 6h] and won ($5.88) with a pair of Jacks
Seat 5: Andredias950 (button) (small blind) mucked


PokerStars Hand #148788453913:  Hold'em Limit ($3/$6 USD) - 2016/02/14 10:42:59 ET
Table 'Jimarnold' 6-max Seat #2 is the button
Seat 2: lovaty88 ($121 in chips)
Seat 4: Azrarn ($150.63 in chips)
lovaty88: posts small blind $1
Azrarn: posts big blind $3
*** HOLE CARDS ***
lovaty88: folds
Uncalled bet ($2) returned to Azrarn
Azrarn collected $2 from pot
Azrarn: doesn't show hand
*** SUMMARY ***
Total pot $2 | Rake $0
Seat 2: lovaty88 (button) (small blind) folded before Flop
Seat 4: Azrarn (big blind) collected ($2)


PokerStars Hand #148788461525:  Hold'em Limit ($3/$6 USD) - 2016/02/14 10:43:07 ET
Table 'Jimarnold' 6-max Seat #4 is the button
Seat 2: lovaty88 ($120 in chips)
Seat 4: Azrarn ($151.63 in chips)
Azrarn: posts small blind $1
lovaty88: posts big blind $3
*** HOLE CARDS ***
Azrarn: raises $3 to $6
lovaty88: calls $3
*** FLOP *** [5c Jd 7d]
lovaty88: checks
Azrarn: checks
*** TURN *** [5c Jd 7d] [9d]
lovaty88: bets $6
Azrarn: calls $6
*** RIVER *** [5c Jd 7d 9d] [8s]
lovaty88: bets $6
Azrarn: raises $6 to $12
chipmover360 is disconnected
lovaty88: calls $6
*** SHOW DOWN ***
Azrarn: shows [6h Td] (a straight, Seven to Jack)
lovaty88: shows [8c Tc] (a straight, Seven to Jack)
lovaty88 collected $23.75 from pot
Azrarn collected $23.75 from pot
*** SUMMARY ***
Total pot $48 | Rake $0.50
Board [5c Jd 7d 9d 8s]
Seat 2: lovaty88 (big blind) showed [8c Tc] and won ($23.75) with a straight, Seven to Jack
Seat 4: Azrarn (button) (small blind) showed [6h Td] and won ($23.75) with a straight, Seven to Jack


PokerStars Hand #148788494506:  Hold'em Limit ($3/$6 USD) - 2016/02/14 10:43:43 ET
Table 'Jimarnold' 6-max Seat #2 is the button
Seat 2: lovaty88 ($119.75 in chips)
Seat 4: Azrarn ($151.38 in chips)
lovaty88: posts small blind $1
Azrarn: posts big blind $3
*** HOLE CARDS ***
lovaty88: raises $3 to $6
Azrarn: calls $3
*** FLOP *** [Jh 7d 6s]
Azrarn: checks
lovaty88: bets $3
Azrarn: calls $3
*** TURN *** [Jh 7d 6s] [Qc]
Azrarn: checks
lovaty88: bets $6
Azrarn: folds
Uncalled bet ($6) returned to lovaty88
lovaty88 collected $17.64 from pot
lovaty88: doesn't show hand
*** SUMMARY ***
Total pot $18 | Rake $0.36
Board [Jh 7d 6s Qc]
Seat 2: lovaty88 (button) (small blind) collected ($17.64)
Seat 4: Azrarn (big blind) folded on the Turn


PokerStars Hand #148788551247:  Hold'em Limit ($3/$6 USD) - 2016/02/14 10:44:44 ET
Table 'Jimarnold' 6-max Seat #2 is the button
Seat 2: lovaty88 ($101.39 in chips)
Seat 4: Azrarn ($168.88 in chips)
lovaty88: posts small blind $1
Azrarn: posts big blind $3
*** HOLE CARDS ***
lovaty88: folds
Uncalled bet ($2) returned to Azrarn
Azrarn collected $2 from pot
Azrarn: doesn't show hand
*** SUMMARY ***
Total pot $2 | Rake $0
Seat 2: lovaty88 (button) (small blind) folded before Flop
Seat 4: Azrarn (big blind) collected ($2)


PokerStars Hand #148788516618:  Hold'em Limit ($3/$6 USD) - 2016/02/14 10:44:06 ET
Table 'Jimarnold' 6-max Seat #4 is the button
Seat 2: lovaty88 ($128.39 in chips)
Seat 4: Azrarn ($142.38 in chips)
Azrarn: posts small blind $1
lovaty88: posts big blind $3
*** HOLE CARDS ***
Azrarn: raises $3 to $6
lovaty88: calls $3
*** FLOP *** [Jd Qs As]
lovaty88: bets $3
Azrarn: calls $3
*** TURN *** [Jd Qs As] [5h]
lovaty88: bets $6
Azrarn: calls $6
*** RIVER *** [Jd Qs As 5h] [6d]
lovaty88: bets $6
Azrarn: raises $6 to $12
chipmover360 leaves the table
lovaty88: calls $6
*** SHOW DOWN ***
Azrarn: shows [6h Qh] (two pair, Queens and Sixes)
lovaty88: mucks hand
Azrarn collected $53.50 from pot
*** SUMMARY ***
Total pot $54 | Rake $0.50
Board [Jd Qs As 5h 6d]
Seat 2: lovaty88 (big blind) mucked
Seat 4: Azrarn (button) (small blind) showed [6h Qh] and won ($53.50) with two pair, Queens and Sixes


PokerStars Hand #148788616018:  Hold'em Limit ($3/$6 USD) - 2016/02/14 10:45:54 ET
Table 'Jimarnold' 6-max Seat #4 is the button
Seat 2: lovaty88 ($114.79 in chips)
Seat 4: Azrarn ($154.88 in chips)
Azrarn: posts small blind $1
lovaty88: posts big blind $3
*** HOLE CARDS ***
Azrarn: folds
Uncalled bet ($2) returned to lovaty88
lovaty88 collected $2 from pot
lovaty88: doesn't show hand
*** SUMMARY ***
Total pot $2 | Rake $0
Seat 2: lovaty88 (big blind) collected ($2)
Seat 4: Azrarn (button) (small blind) folded before Flop


PokerStars Hand #148788603596:  Hold'em Limit ($3/$6 USD) - 2016/02/14 10:45:41 ET
Table 'Jimarnold' 6-max Seat #2 is the button
Seat 2: lovaty88 ($109.03 in chips)
Seat 4: Azrarn ($160.88 in chips)
lovaty88: posts small blind $1
Azrarn: posts big blind $3
*** HOLE CARDS ***
lovaty88: raises $3 to $6
Azrarn: calls $3
*** FLOP *** [Qc 8c Kh]
Azrarn: checks
lovaty88: bets $3
Azrarn: folds
Uncalled bet ($3) returned to lovaty88
lovaty88 collected $11.76 from pot
lovaty88: doesn't show hand
*** SUMMARY ***
Total pot $12 | Rake $0.24
Board [Qc 8c Kh]
Seat 2: lovaty88 (button) (small blind) collected ($11.76)
Seat 4: Azrarn (big blind) folded on the Flop


PokerStars Hand #148788556821:  Hold'em Limit ($3/$6 USD) - 2016/02/14 10:44:50 ET
Table 'Jimarnold' 6-max Seat #4 is the button
Seat 2: lovaty88 ($100.39 in chips)
Seat 4: Azrarn ($169.88 in chips)
Azrarn: posts small blind $1
lovaty88: posts big blind $3
*** HOLE CARDS ***
Azrarn: raises $3 to $6
lovaty88: calls $3
*** FLOP *** [2s Jh 6s]
lovaty88: checks
Azrarn: bets $3
lovaty88: calls $3
*** TURN *** [2s Jh 6s] [2d]
lovaty88: bets $6
Azrarn: folds
Uncalled bet ($6) returned to lovaty88
lovaty88 collected $17.64 from pot
lovaty88: doesn't show hand
*** SUMMARY ***
Total pot $18 | Rake $0.36
Board [2s Jh 6s 2d]
Seat 2: lovaty88 (big blind) collected ($17.64)
Seat 4: Azrarn (button) (small blind) folded on the Turn


PokerStars Hand #148788662631:  Hold'em Limit ($3/$6 USD) - 2016/02/14 10:46:44 ET
Table 'Jimarnold' 6-max Seat #2 is the button
Seat 2: lovaty88 ($89.79 in chips)
Seat 4: Azrarn ($179.38 in chips)
lovaty88: posts small blind $1
Azrarn: posts big blind $3
*** HOLE CARDS ***
lovaty88: folds
Uncalled bet ($2) returned to Azrarn
Azrarn collected $2 from pot
Azrarn: doesn't show hand
*** SUMMARY ***
Total pot $2 | Rake $0
Seat 2: lovaty88 (button) (small blind) folded before Flop
Seat 4: Azrarn (big blind) collected ($2)


PokerStars Hand #148788655103:  Hold'em Limit ($3/$6 USD) - 2016/02/14 10:46:36 ET
Table 'Jimarnold' 6-max Seat #4 is the button
Seat 2: lovaty88 ($88.79 in chips)
Seat 4: Azrarn ($180.38 in chips)
Azrarn: posts small blind $1
lovaty88: posts big blind $3
*** HOLE CARDS ***
Azrarn: folds
Uncalled bet ($2) returned to lovaty88
lovaty88 collected $2 from pot
lovaty88: doesn't show hand
*** SUMMARY ***
Total pot $2 | Rake $0
Seat 2: lovaty88 (big blind) collected ($2)
Seat 4: Azrarn (button) (small blind) folded before Flop


PokerStars Hand #148788631140:  Hold'em Limit ($3/$6 USD) - 2016/02/14 10:46:10 ET
Table 'Jimarnold' 6-max Seat #2 is the button
Seat 2: lovaty88 ($115.79 in chips)
Seat 4: Azrarn ($153.88 in chips)
lovaty88: posts small blind $1
Azrarn: posts big blind $3
*** HOLE CARDS ***
lovaty88: raises $3 to $6
Azrarn: calls $3
*** FLOP *** [9d Qc 7d]
Azrarn: checks
lovaty88: bets $3
Azrarn: calls $3
*** TURN *** [9d Qc 7d] [2s]
Azrarn: checks
lovaty88: bets $6
Azrarn: calls $6
*** RIVER *** [9d Qc 7d 2s] [9s]
Azrarn: checks
lovaty88: bets $6
Azrarn: raises $6 to $12
lovaty88: calls $6
*** SHOW DOWN ***
Azrarn: shows [9h Jh] (three of a kind, Nines)
lovaty88: mucks hand
Azrarn collected $53.50 from pot
*** SUMMARY ***
Total pot $54 | Rake $0.50
Board [9d Qc 7d 2s 9s]
Seat 2: lovaty88 (button) (small blind) mucked
Seat 4: Azrarn (big blind) showed [9h Jh] and won ($53.50) with three of a kind, Nines


PokerStars Hand #148788726340:  Hold'em Limit ($3/$6 USD) - 2016/02/14 10:47:54 ET
Table 'Jimarnold' 6-max Seat #4 is the button
Seat 2: lovaty88 ($100.31 in chips)
Seat 4: Azrarn ($168.38 in chips)
Azrarn: posts small blind $1
lovaty88: posts big blind $3
*** HOLE CARDS ***
Azrarn: folds
Uncalled bet ($2) returned to lovaty88
lovaty88 collected $2 from pot
lovaty88: doesn't show hand
*** SUMMARY ***
Total pot $2 | Rake $0
Seat 2: lovaty88 (big blind) collected ($2)
Seat 4: Azrarn (button) (small blind) folded before Flop


PokerStars Hand #148788702199:  Hold'em Limit ($3/$6 USD) - 2016/02/14 10:47:28 ET
Table 'Jimarnold' 6-max Seat #2 is the button
Seat 2: lovaty88 ($97.43 in chips)
Seat 4: Azrarn ($171.38 in chips)
lovaty88: posts small blind $1
Azrarn: posts big blind $3
*** HOLE CARDS ***
lovaty88: calls $2
Azrarn: checks
*** FLOP *** [Ts 9c 2s]
Azrarn: checks
lovaty88: checks
*** TURN *** [Ts 9c 2s] [2d]
Azrarn: checks
lovaty88: checks
*** RIVER *** [Ts 9c 2s 2d] [6h]
Azrarn: checks
lovaty88: checks
*** SHOW DOWN ***
Azrarn: shows [5h 7d] (a pair of Deuces)
lovaty88: shows [8d Qc] (a pair of Deuces - Queen kicker)
lovaty88 collected $5.88 from pot
*** SUMMARY ***
Total pot $6 | Rake $0.12
Board [Ts 9c 2s 2d 6h]
Seat 2: lovaty88 (button) (small blind) showed [8d Qc] and won ($5.88) with a pair of Deuces
Seat 4: Azrarn (big blind) showed [5h 7d] and lost with a pair of Deuces


PokerStars Hand #148788667098:  Hold'em Limit ($3/$6 USD) - 2016/02/14 10:46:49 ET
Table 'Jimarnold' 6-max Seat #4 is the button
Seat 2: lovaty88 ($88.79 in chips)
Seat 4: Azrarn ($180.38 in chips)
Azrarn: posts small blind $1
lovaty88: posts big blind $3
*** HOLE CARDS ***
Azrarn: raises $3 to $6
lovaty88: raises $3 to $9
Azrarn: calls $3
*** FLOP *** [Td Ad 6d]
lovaty88: bets $3
Azrarn: folds
Uncalled bet ($3) returned to lovaty88
lovaty88 collected $17.64 from pot
lovaty88: doesn't show hand
*** SUMMARY ***
Total pot $18 | Rake $0.36
Board [Td Ad 6d]
Seat 2: lovaty88 (big blind) collected ($17.64)
Seat 4: Azrarn (button) (small blind) folded on the Flop


PokerStars Hand #148788799211:  Hold'em Limit ($3/$6 USD) - 2016/02/14 10:49:13 ET
Table 'Jimarnold' 6-max Seat #2 is the button
Seat 2: lovaty88 ($88.81 in chips)
Seat 4: Azrarn ($178.88 in chips)
lovaty88: posts small blind $1
Azrarn: posts big blind $3
*** HOLE CARDS ***
lovaty88: folds
Uncalled bet ($2) returned to Azrarn
Azrarn collected $2 from pot
Azrarn: doesn't show hand
*** SUMMARY ***
Total pot $2 | Rake $0
Seat 2: lovaty88 (button) (small blind) folded before Flop
Seat 4: Azrarn (big blind) collected ($2)


PokerStars Hand #148788772972:  Hold'em Limit ($3/$6 USD) - 2016/02/14 10:48:44 ET
Table 'Jimarnold' 6-max Seat #4 is the button
Seat 2: lovaty88 ($118.81 in chips)
Seat 4: Azrarn ($149.38 in chips)
Azrarn: posts small blind $1
lovaty88: posts big blind $3
*** HOLE CARDS ***
Azrarn: raises $3 to $6
lovaty88: raises $3 to $9
Azrarn: calls $3
*** FLOP *** [2d 9d 9c]
lovaty88: bets $3
Azrarn: calls $3
*** TURN *** [2d 9d 9c] [6c]
lovaty88: bets $6
Azrarn: raises $6 to $12
lovaty88: calls $6
*** RIVER *** [2d 9d 9c 6c] [6s]
lovaty88: checks
Azrarn: bets $6
lovaty88: calls $6
*** SHOW DOWN ***
Azrarn: shows [6d 8s] (a full house, Sixes full of Nines)
lovaty88: mucks hand
Azrarn collected $59.50 from pot
*** SUMMARY ***
Total pot $60 | Rake $0.50
Board [2d 9d 9c 6c 6s]
Seat 2: lovaty88 (big blind) mucked
Seat 4: Azrarn (button) (small blind) showed [6d 8s] and won ($59.50) with a full house, Sixes full of Nines


PokerStars Hand #148788730804:  Hold'em Limit ($3/$6 USD) - 2016/02/14 10:47:59 ET
Table 'Jimarnold' 6-max Seat #2 is the button
Seat 2: lovaty88 ($101.31 in chips)
Seat 4: Azrarn ($167.38 in chips)
lovaty88: posts small blind $1
Azrarn: posts big blind $3
*** HOLE CARDS ***
lovaty88: raises $3 to $6
Azrarn: calls $3
*** FLOP *** [3d 2c 8d]
Azrarn: checks
lovaty88: bets $3
Azrarn: raises $3 to $6
lovaty88: calls $3
*** TURN *** [3d 2c 8d] [9d]
Azrarn: bets $6
lovaty88: calls $6
*** RIVER *** [3d 2c 8d 9d] [Td]
Azrarn: checks
lovaty88: bets $6
Azrarn: folds
Uncalled bet ($6) returned to lovaty88
lovaty88 collected $35.50 from pot
lovaty88: doesn't show hand
*** SUMMARY ***
Total pot $36 | Rake $0.50
Board [3d 2c 8d 9d Td]
Seat 2: lovaty88 (button) (small blind) collected ($35.50)
Seat 4: Azrarn (big blind) folded on the River


PokerStars Hand #148788839649:  Hold'em Limit ($3/$6 USD) - 2016/02/14 10:49:56 ET
Table 'Jimarnold' 6-max Seat #4 is the button
Seat 2: lovaty88 ($80.81 in chips)
Seat 4: Azrarn ($186.64 in chips)
Azrarn: posts small blind $1
lovaty88: posts big blind $3
*** HOLE CARDS ***
Azrarn: raises $3 to $6
lovaty88: calls $3
*** FLOP *** [6d 9h Ac]
lovaty88: bets $3
Azrarn: calls $3
*** TURN *** [6d 9h Ac] [4c]
lovaty88: bets $6
Azrarn: calls $6
*** RIVER *** [6d 9h Ac 4c] [2c]
lovaty88: bets $6
Azrarn: calls $6
*** SHOW DOWN ***
lovaty88: shows [9s Kd] (a pair of Nines)
Azrarn: mucks hand
lovaty88 collected $41.50 from pot
*** SUMMARY ***
Total pot $42 | Rake $0.50
Board [6d 9h Ac 4c 2c]
Seat 2: lovaty88 (big blind) showed [9s Kd] and won ($41.50) with a pair of Nines
Seat 4: Azrarn (button) (small blind) mucked


PokerStars Hand #148788835600:  Hold'em Limit ($3/$6 USD) - 2016/02/14 10:49:52 ET
Table 'Jimarnold' 6-max Seat #2 is the button
Seat 2: lovaty88 ($81.81 in chips)
Seat 4: Azrarn ($185.64 in chips)
lovaty88: posts small blind $1
Azrarn: posts big blind $3
*** HOLE CARDS ***
lovaty88: folds
Uncalled bet ($2) returned to Azrarn
Azrarn collected $2 from pot
Azrarn: doesn't show hand
*** SUMMARY ***
Total pot $2 | Rake $0
Seat 2: lovaty88 (button) (small blind) folded before Flop
Seat 4: Azrarn (big blind) collected ($2)


PokerStars Hand #148788804384:  Hold'em Limit ($3/$6 USD) - 2016/02/14 10:49:18 ET
Table 'Jimarnold' 6-max Seat #4 is the button
Seat 2: lovaty88 ($87.81 in chips)
Seat 4: Azrarn ($179.88 in chips)
Azrarn: posts small blind $1
lovaty88: posts big blind $3
*** HOLE CARDS ***
Azrarn: raises $3 to $6
lovaty88: calls $3
*** FLOP *** [Ks Ts 7h]
lovaty88: checks
Azrarn: bets $3
lovaty88: folds
Uncalled bet ($3) returned to Azrarn
Azrarn collected $11.76 from pot
Azrarn: doesn't show hand
*** SUMMARY ***
Total pot $12 | Rake $0.24
Board [Ks Ts 7h]
Seat 2: lovaty88 (big blind) folded on the Flop
Seat 4: Azrarn (button) (small blind) collected ($11.76)


PokerStars Hand #148788888072:  Hold'em Limit ($3/$6 USD) - 2016/02/14 10:50:49 ET
Table 'Jimarnold' 6-max Seat #4 is the button
Seat 2: lovaty88 ($79.31 in chips)
Seat 4: Azrarn ($186.90 in chips)
Azrarn: posts small blind $1
lovaty88: posts big blind $3
*** HOLE CARDS ***
Azrarn: raises $3 to $6
lovaty88: raises $3 to $9
Azrarn: calls $3
*** FLOP *** [5c Qs 3h]
lovaty88: checks
zeelogic666 joins the table at seat #6
Azrarn: checks
*** TURN *** [5c Qs 3h] [Ac]
lovaty88: bets $6
Azrarn: folds
Uncalled bet ($6) returned to lovaty88
lovaty88 collected $17.64 from pot
lovaty88: doesn't show hand
*** SUMMARY ***
Total pot $18 | Rake $0.36
Board [5c Qs 3h Ac]
Seat 2: lovaty88 (big blind) collected ($17.64)
Seat 4: Azrarn (button) (small blind) folded on the Turn


PokerStars Hand #148788884116:  Hold'em Limit ($3/$6 USD) - 2016/02/14 10:50:45 ET
Table 'Jimarnold' 6-max Seat #2 is the button
Seat 2: lovaty88 ($80.31 in chips)
Seat 4: Azrarn ($185.90 in chips)
lovaty88: posts small blind $1
Azrarn: posts big blind $3
*** HOLE CARDS ***
lovaty88: folds
Uncalled bet ($2) returned to Azrarn
Azrarn collected $2 from pot
Azrarn: doesn't show hand
*** SUMMARY ***
Total pot $2 | Rake $0
Seat 2: lovaty88 (button) (small blind) folded before Flop
Seat 4: Azrarn (big blind) collected ($2)


PokerStars Hand #148788871099:  Hold'em Limit ($3/$6 USD) - 2016/02/14 10:50:30 ET
Table 'Jimarnold' 6-max Seat #4 is the button
Seat 2: lovaty88 ($86.31 in chips)
Seat 4: Azrarn ($180.14 in chips)
Azrarn: posts small blind $1
lovaty88: posts big blind $3
*** HOLE CARDS ***
Azrarn: raises $3 to $6
lovaty88: calls $3
*** FLOP *** [Js Kh 6s]
lovaty88: checks
Azrarn: bets $3
lovaty88: folds
Uncalled bet ($3) returned to Azrarn
Azrarn collected $11.76 from pot
Azrarn: doesn't show hand
*** SUMMARY ***
Total pot $12 | Rake $0.24
Board [Js Kh 6s]
Seat 2: lovaty88 (big blind) folded on the Flop
Seat 4: Azrarn (button) (small blind) collected ($11.76)


PokerStars Hand #148788855183:  Hold'em Limit ($3/$6 USD) - 2016/02/14 10:50:13 ET
Table 'Jimarnold' 6-max Seat #2 is the button
Seat 2: lovaty88 ($101.31 in chips)
Seat 4: Azrarn ($165.64 in chips)
lovaty88: posts small blind $1
Azrarn: posts big blind $3
*** HOLE CARDS ***
lovaty88: calls $2
Azrarn: checks
*** FLOP *** [Kc 3h Jh]
Azrarn: checks
lovaty88: checks
*** TURN *** [Kc 3h Jh] [2d]
Azrarn: checks
lovaty88: bets $6
Azrarn: calls $6
*** RIVER *** [Kc 3h Jh 2d] [6h]
Azrarn: checks
lovaty88: bets $6
Azrarn: calls $6
*** SHOW DOWN ***
lovaty88: shows [2c Ac] (a pair of Deuces)
Azrarn: shows [7d Jc] (a pair of Jacks)
Azrarn collected $29.50 from pot
*** SUMMARY ***
Total pot $30 | Rake $0.50
Board [Kc 3h Jh 2d 6h]
Seat 2: lovaty88 (button) (small blind) showed [2c Ac] and lost with a pair of Deuces
Seat 4: Azrarn (big blind) showed [7d Jc] and won ($29.50) with a pair of Jacks


PokerStars Hand #148788903996:  Hold'em Limit ($3/$6 USD) - 2016/02/14 10:51:06 ET
Table 'Jimarnold' 6-max Seat #2 is the button
Seat 2: lovaty88 ($87.95 in chips)
Seat 4: Azrarn ($177.90 in chips)
lovaty88: posts small blind $1
Azrarn: posts big blind $3
*** HOLE CARDS ***
lovaty88: raises $3 to $6
Azrarn: calls $3
*** FLOP *** [Tc Kd 8d]
Azrarn: checks
lovaty88: bets $3
Azrarn: calls $3
*** TURN *** [Tc Kd 8d] [6h]
Azrarn: checks
lovaty88: bets $6
Azrarn: raises $6 to $12
lovaty88: calls $6
*** RIVER *** [Tc Kd 8d 6h] [Jd]
Azrarn: bets $6
lovaty88: calls $6
*** SHOW DOWN ***
Azrarn: shows [4h Ks] (a pair of Kings)
lovaty88: shows [9s Kc] (a pair of Kings - Jack+Ten+Nine kicker)
lovaty88 collected $53.50 from pot
*** SUMMARY ***
Total pot $54 | Rake $0.50
Board [Tc Kd 8d 6h Jd]
Seat 2: lovaty88 (button) (small blind) showed [9s Kc] and won ($53.50) with a pair of Kings
Seat 4: Azrarn (big blind) showed [4h Ks] and lost with a pair of Kings


PokerStars Hand #148793762105:  Hold'em Limit ($3/$6 USD) - 2016/02/14 12:15:44 ET
Table 'Jimarnold' 6-max Seat #1 is the button
Seat 1: 69benji ($146.30 in chips)
Seat 6: Azrarn ($78.29 in chips)
69benji: posts small blind $1
krytalex: is sitting out
Azrarn: posts big blind $3
*** HOLE CARDS ***
69benji: raises $3 to $6
krytalex leaves the table
Azrarn: calls $3
*** FLOP *** [6s Qd 6c]
Azrarn: checks
69benji: bets $3
Azrarn: raises $3 to $6
69benji: calls $3
*** TURN *** [6s Qd 6c] [8h]
Azrarn: bets $6
69benji: calls $6
*** RIVER *** [6s Qd 6c 8h] [Td]
Azrarn: checks
69benji: bets $6
Azrarn: folds
Uncalled bet ($6) returned to 69benji
69benji collected $35.50 from pot
*** SUMMARY ***
Total pot $36 | Rake $0.50
Board [6s Qd 6c 8h Td]
Seat 1: 69benji (button) (small blind) collected ($35.50)
Seat 6: Azrarn (big blind) folded on the River


PokerStars Hand #148793842796:  Hold'em Limit ($3/$6 USD) - 2016/02/14 12:17:02 ET
Table 'Jimarnold' 6-max Seat #6 is the button
Seat 1: 69benji ($148.44 in chips)
Seat 6: Azrarn ($95.50 in chips)
Azrarn: posts small blind $1
69benji: posts big blind $3
*** HOLE CARDS ***
Azrarn: raises $3 to $6
69benji: folds
Uncalled bet ($3) returned to Azrarn
Azrarn collected $6 from pot
Azrarn: doesn't show hand
*** SUMMARY ***
Total pot $6 | Rake $0
Seat 1: 69benji (big blind) folded before Flop
Seat 6: Azrarn (button) (small blind) collected ($6)


PokerStars Hand #148793818454:  Hold'em Limit ($3/$6 USD) - 2016/02/14 12:16:38 ET
Table 'Jimarnold' 6-max Seat #1 is the button
Seat 1: 69benji ($172.44 in chips)
Seat 6: Azrarn ($72 in chips)
69benji: posts small blind $1
lovaty88 was removed from the table for failing to post
Azrarn: posts big blind $3
*** HOLE CARDS ***
69benji: raises $3 to $6
Azrarn: calls $3
*** FLOP *** [2h Jh 2c]
Azrarn: checks
69benji: bets $3
Azrarn: raises $3 to $6
69benji: calls $3
*** TURN *** [2h Jh 2c] [Ks]
Azrarn: bets $6
69benji: calls $6
*** RIVER *** [2h Jh 2c Ks] [3c]
Azrarn: bets $6
69benji: calls $6
*** SHOW DOWN ***
Azrarn: shows [As Js] (two pair, Jacks and Deuces)
69benji: mucks hand
Azrarn collected $47.50 from pot
*** SUMMARY ***
Total pot $48 | Rake $0.50
Board [2h Jh 2c Ks 3c]
Seat 1: 69benji (button) (small blind) mucked
Seat 6: Azrarn (big blind) showed [As Js] and won ($47.50) with two pair, Jacks and Deuces


PokerStars Hand #148793800079:  Hold'em Limit ($3/$6 USD) - 2016/02/14 12:16:20 ET
Table 'Jimarnold' 6-max Seat #6 is the button
Seat 1: 69benji ($163.80 in chips)
Seat 6: Azrarn ($72 in chips)
Azrarn: posts small blind $1
69benji: posts big blind $3
*** HOLE CARDS ***
Azrarn: raises $3 to $6
69benji: raises $3 to $9
Azrarn: calls $3
*** FLOP *** [Ts 4h As]
69benji: bets $3
Azrarn: folds
Uncalled bet ($3) returned to 69benji
69benji collected $17.64 from pot
*** SUMMARY ***
Total pot $18 | Rake $0.36
Board [Ts 4h As]
Seat 1: 69benji (big blind) collected ($17.64)
Seat 6: Azrarn (button) (small blind) folded on the Flop


PokerStars Hand #148793849777:  Hold'em Limit ($3/$6 USD) - 2016/02/14 12:17:09 ET
Table 'Jimarnold' 6-max Seat #1 is the button
Seat 1: 69benji ($145.44 in chips)
Seat 6: Azrarn ($98.50 in chips)
69benji: posts small blind $1
Azrarn: posts big blind $3
*** HOLE CARDS ***
69benji: raises $3 to $6
Azrarn: calls $3
*** FLOP *** [3d 6c 9d]
Azrarn: checks
69benji: bets $3
Azrarn: calls $3
*** TURN *** [3d 6c 9d] [Ts]
Azrarn: checks
69benji: bets $6
Azrarn: calls $6
*** RIVER *** [3d 6c 9d Ts] [8c]
Azrarn: checks
69benji: bets $6
Azrarn: folds
Uncalled bet ($6) returned to 69benji
69benji collected $29.50 from pot
*** SUMMARY ***
Total pot $30 | Rake $0.50
Board [3d 6c 9d Ts 8c]
Seat 1: 69benji (button) (small blind) collected ($29.50)
Seat 6: Azrarn (big blind) folded on the River


PokerStars Hand #148793890246:  Hold'em Limit ($3/$6 USD) - 2016/02/14 12:17:48 ET
Table 'Jimarnold' 6-max Seat #1 is the button
Seat 1: 69benji ($152.94 in chips)
Seat 6: Azrarn ($90.50 in chips)
69benji: posts small blind $1
Azrarn: posts big blind $3
*** HOLE CARDS ***
69benji: raises $3 to $6
Azrarn: calls $3
*** FLOP *** [2c 4s Kh]
Azrarn: checks
69benji: bets $3
Azrarn: folds
Uncalled bet ($3) returned to 69benji
69benji collected $11.76 from pot
*** SUMMARY ***
Total pot $12 | Rake $0.24
Board [2c 4s Kh]
Seat 1: 69benji (button) (small blind) collected ($11.76)
Seat 6: Azrarn (big blind) folded on the Flop


PokerStars Hand #148793882488:  Hold'em Limit ($3/$6 USD) - 2016/02/14 12:17:40 ET
Table 'Jimarnold' 6-max Seat #6 is the button
Seat 1: 69benji ($155.94 in chips)
Seat 6: Azrarn ($87.50 in chips)
Azrarn: posts small blind $1
69benji: posts big blind $3
*** HOLE CARDS ***
Azrarn: raises $3 to $6
69benji: folds
Uncalled bet ($3) returned to Azrarn
Azrarn collected $6 from pot
Azrarn: doesn't show hand
*** SUMMARY ***
Total pot $6 | Rake $0
Seat 1: 69benji (big blind) folded before Flop
Seat 6: Azrarn (button) (small blind) collected ($6)


PokerStars Hand #148793877059:  Hold'em Limit ($3/$6 USD) - 2016/02/14 12:17:35 ET
Table 'Jimarnold' 6-max Seat #1 is the button
Seat 1: 69benji ($156.94 in chips)
Seat 6: Azrarn ($86.50 in chips)
69benji: posts small blind $1
Azrarn: posts big blind $3
*** HOLE CARDS ***
69benji: folds
Uncalled bet ($2) returned to Azrarn
Azrarn collected $2 from pot
Azrarn: doesn't show hand
*** SUMMARY ***
Total pot $2 | Rake $0
Seat 1: 69benji (button) (small blind) folded before Flop
Seat 6: Azrarn (big blind) collected ($2)


PokerStars Hand #148793871260:  Hold'em Limit ($3/$6 USD) - 2016/02/14 12:17:29 ET
Table 'Jimarnold' 6-max Seat #6 is the button
Seat 1: 69benji ($159.94 in chips)
Seat 6: Azrarn ($83.50 in chips)
Azrarn: posts small blind $1
69benji: posts big blind $3
*** HOLE CARDS ***
Azrarn: raises $3 to $6
69benji: folds
Uncalled bet ($3) returned to Azrarn
Azrarn collected $6 from pot
Azrarn: doesn't show hand
*** SUMMARY ***
Total pot $6 | Rake $0
Seat 1: 69benji (big blind) folded before Flop
Seat 6: Azrarn (button) (small blind) collected ($6)


PokerStars Hand #148793948368:  Hold'em Limit ($3/$6 USD) - 2016/02/14 12:18:44 ET
Table 'Jimarnold' 6-max Seat #1 is the button
Seat 1: 69benji ($167.34 in chips)
Seat 6: Azrarn ($75.50 in chips)
69benji: posts small blind $1
Azrarn: posts big blind $3
*** HOLE CARDS ***
69benji: raises $3 to $6
Azrarn: calls $3
*** FLOP *** [5h 2c 7d]
Azrarn: checks
69benji: bets $3
Azrarn: raises $3 to $6
69benji: calls $3
*** TURN *** [5h 2c 7d] [8c]
Azrarn: bets $6
69benji: calls $6
*** RIVER *** [5h 2c 7d 8c] [Ks]
Azrarn: bets $6
69benji: folds
Uncalled bet ($6) returned to Azrarn
Azrarn collected $35.50 from pot
Azrarn: doesn't show hand
*** SUMMARY ***
Total pot $36 | Rake $0.50
Board [5h 2c 7d 8c Ks]
Seat 1: 69benji (button) (small blind) folded on the River
Seat 6: Azrarn (big blind) collected ($35.50)


PokerStars Hand #148793910876:  Hold'em Limit ($3/$6 USD) - 2016/02/14 12:18:08 ET
Table 'Jimarnold' 6-max Seat #6 is the button
Seat 1: 69benji ($158.70 in chips)
Seat 6: Azrarn ($84.50 in chips)
Azrarn: posts small blind $1
69benji: posts big blind $3
*** HOLE CARDS ***
Azrarn: raises $3 to $6
69benji: calls $3
*** FLOP *** [4s 7d 8h]
69benji: checks
Azrarn: bets $3
69benji: calls $3
*** TURN *** [4s 7d 8h] [5h]
69benji: checks
Azrarn: checks
*** RIVER *** [4s 7d 8h 5h] [9h]
69benji: checks
Azrarn: checks
*** SHOW DOWN ***
69benji: shows [7c Ks] (a pair of Sevens)
Azrarn: mucks hand
69benji collected $17.64 from pot
*** SUMMARY ***
Total pot $18 | Rake $0.36
Board [4s 7d 8h 5h 9h]
Seat 1: 69benji (big blind) showed [7c Ks] and won ($17.64) with a pair of Sevens
Seat 6: Azrarn (button) (small blind) mucked


PokerStars Hand #148794021970:  Hold'em Limit ($3/$6 USD) - 2016/02/14 12:19:56 ET
Table 'Jimarnold' 6-max Seat #6 is the button
Seat 1: 69benji ($159.74 in chips)
Seat 6: Azrarn ($82 in chips)
Azrarn: posts small blind $1
69benji: posts big blind $3
*** HOLE CARDS ***
Azrarn: raises $3 to $6
69benji: calls $3
*** FLOP *** [Qd Ac 5c]
69benji: checks
Azrarn: bets $3
69benji: folds
Uncalled bet ($3) returned to Azrarn
Azrarn collected $11.76 from pot
Azrarn: doesn't show hand
*** SUMMARY ***
Total pot $12 | Rake $0.24
Board [Qd Ac 5c]
Seat 1: 69benji (big blind) folded on the Flop
Seat 6: Azrarn (button) (small blind) collected ($11.76)


PokerStars Hand #148794011089:  Hold'em Limit ($3/$6 USD) - 2016/02/14 12:19:45 ET
Table 'Jimarnold' 6-max Seat #1 is the button
Seat 1: 69benji ($153.98 in chips)
Seat 6: Azrarn ($88 in chips)
69benji: posts small blind $1
Azrarn: posts big blind $3
*** HOLE CARDS ***
69benji: raises $3 to $6
Azrarn: calls $3
*** FLOP *** [8h 3s Qh]
Azrarn: checks
69benji: bets $3
Azrarn: folds
Uncalled bet ($3) returned to 69benji
69benji collected $11.76 from pot
*** SUMMARY ***
Total pot $12 | Rake $0.24
Board [8h 3s Qh]
Seat 1: 69benji (button) (small blind) collected ($11.76)
Seat 6: Azrarn (big blind) folded on the Flop


PokerStars Hand #148794003499:  Hold'em Limit ($3/$6 USD) - 2016/02/14 12:19:38 ET
Table 'Jimarnold' 6-max Seat #6 is the button
Seat 1: 69benji ($156.98 in chips)
Seat 6: Azrarn ($85 in chips)
Azrarn: posts small blind $1
69benji: posts big blind $3
*** HOLE CARDS ***
Azrarn: raises $3 to $6
69benji: folds
Uncalled bet ($3) returned to Azrarn
Azrarn collected $6 from pot
Azrarn: doesn't show hand
*** SUMMARY ***
Total pot $6 | Rake $0
Seat 1: 69benji (big blind) folded before Flop
Seat 6: Azrarn (button) (small blind) collected ($6)


PokerStars Hand #148793998741:  Hold'em Limit ($3/$6 USD) - 2016/02/14 12:19:33 ET
Table 'Jimarnold' 6-max Seat #1 is the button
Seat 1: 69benji ($157.98 in chips)
Seat 6: Azrarn ($84 in chips)
69benji: posts small blind $1
Azrarn: posts big blind $3
*** HOLE CARDS ***
69benji: folds
Uncalled bet ($2) returned to Azrarn
Azrarn collected $2 from pot
Azrarn: doesn't show hand
*** SUMMARY ***
Total pot $2 | Rake $0
Seat 1: 69benji (button) (small blind) folded before Flop
Seat 6: Azrarn (big blind) collected ($2)


PokerStars Hand #148794081944:  Hold'em Limit ($3/$6 USD) - 2016/02/14 12:20:54 ET
Table 'Jimarnold' 6-max Seat #6 is the button
Seat 1: 69benji ($140.74 in chips)
Seat 6: Azrarn ($100.40 in chips)
Azrarn: posts small blind $1
69benji: posts big blind $3
*** HOLE CARDS ***
Azrarn: raises $3 to $6
69benji: calls $3
*** FLOP *** [2h Js Ks]
69benji: checks
Azrarn: bets $3
69benji: folds
Uncalled bet ($3) returned to Azrarn
Azrarn collected $11.76 from pot
Azrarn: doesn't show hand
*** SUMMARY ***
Total pot $12 | Rake $0.24
Board [2h Js Ks]
Seat 1: 69benji (big blind) folded on the Flop
Seat 6: Azrarn (button) (small blind) collected ($11.76)


PokerStars Hand #148794076737:  Hold'em Limit ($3/$6 USD) - 2016/02/14 12:20:49 ET
Table 'Jimarnold' 6-max Seat #1 is the button
Seat 1: 69benji ($141.74 in chips)
Seat 6: Azrarn ($99.40 in chips)
69benji: posts small blind $1
Azrarn: posts big blind $3
*** HOLE CARDS ***
69benji: folds
Uncalled bet ($2) returned to Azrarn
Azrarn collected $2 from pot
Azrarn: doesn't show hand
*** SUMMARY ***
Total pot $2 | Rake $0
Seat 1: 69benji (button) (small blind) folded before Flop
Seat 6: Azrarn (big blind) collected ($2)


PokerStars Hand #148794067042:  Hold'em Limit ($3/$6 USD) - 2016/02/14 12:20:39 ET
Table 'Jimarnold' 6-max Seat #6 is the button
Seat 1: 69benji ($144.74 in chips)
Seat 6: Azrarn ($96.40 in chips)
Azrarn: posts small blind $1
69benji: posts big blind $3
*** HOLE CARDS ***
Azrarn: raises $3 to $6
69benji: folds
Uncalled bet ($3) returned to Azrarn
Azrarn collected $6 from pot
Azrarn: doesn't show hand
*** SUMMARY ***
Total pot $6 | Rake $0
Seat 1: 69benji (big blind) folded before Flop
Seat 6: Azrarn (button) (small blind) collected ($6)


PokerStars Hand #148794048561:  Hold'em Limit ($3/$6 USD) - 2016/02/14 12:20:21 ET
Table 'Jimarnold' 6-max Seat #1 is the button
Seat 1: 69benji ($153.74 in chips)
Seat 6: Azrarn ($87.76 in chips)
69benji: posts small blind $1
Azrarn: posts big blind $3
*** HOLE CARDS ***
69benji: raises $3 to $6
Azrarn: calls $3
*** FLOP *** [Tc 9d 8s]
Azrarn: checks
69benji: bets $3
Azrarn: raises $3 to $6
69benji: folds
Uncalled bet ($3) returned to Azrarn
Azrarn collected $17.64 from pot
Azrarn: doesn't show hand
*** SUMMARY ***
Total pot $18 | Rake $0.36
Board [Tc 9d 8s]
Seat 1: 69benji (button) (small blind) folded on the Flop
Seat 6: Azrarn (big blind) collected ($17.64)


PokerStars Hand #148794110771:  Hold'em Limit ($3/$6 USD) - 2016/02/14 12:21:22 ET
Table 'Jimarnold' 6-max Seat #1 is the button
Seat 1: 69benji ($134.74 in chips)
Seat 6: Azrarn ($106.16 in chips)
69benji: posts small blind $1
Azrarn: posts big blind $3
*** HOLE CARDS ***
69benji: folds
Uncalled bet ($2) returned to Azrarn
Azrarn collected $2 from pot
Azrarn: doesn't show hand
*** SUMMARY ***
Total pot $2 | Rake $0
Seat 1: 69benji (button) (small blind) folded before Flop
Seat 6: Azrarn (big blind) collected ($2)


PokerStars Hand #148794115574:  Hold'em Limit ($3/$6 USD) - 2016/02/14 12:21:27 ET
Table 'Jimarnold' 6-max Seat #6 is the button
Seat 1: 69benji ($133.74 in chips)
Seat 6: Azrarn ($107.16 in chips)
Azrarn: posts small blind $1
69benji: posts big blind $3
*** HOLE CARDS ***
Azrarn: raises $3 to $6
69benji: calls $3
*** FLOP *** [Qs 6d 9s]
69benji: checks
Azrarn: bets $3
69benji: calls $3
*** TURN *** [Qs 6d 9s] [Js]
69benji: checks
Azrarn: bets $6
69benji: calls $6
*** RIVER *** [Qs 6d 9s Js] [Qd]
69benji: checks
Azrarn: bets $6
cvillegurl joins the table at seat #3
69benji: calls $6
*** SHOW DOWN ***
Azrarn: shows [7d Qc] (three of a kind, Queens)
69benji: mucks hand
Azrarn collected $41.50 from pot
*** SUMMARY ***
Total pot $42 | Rake $0.50
Board [Qs 6d 9s Js Qd]
Seat 1: 69benji (big blind) mucked
Seat 6: Azrarn (button) (small blind) showed [7d Qc] and won ($41.50) with three of a kind, Queens


PokerStars Hand #148804055265:  Hold'em Limit ($3/$6 USD) - 2016/02/14 14:52:26 ET
Table 'Jimarnold' 6-max Seat #4 is the button
Seat 2: Chessnok ($73.33 in chips)
Seat 4: bodo1444 ($134.58 in chips)
bodo1444: posts small blind $1
Chessnok: posts big blind $3
*** HOLE CARDS ***
bodo1444: raises $3 to $6
Chessnok: raises $3 to $9
bodo1444: calls $3
*** FLOP *** [Ac 7s Qs]
Chessnok: bets $3
bodo1444: folds
Uncalled bet ($3) returned to Chessnok
Chessnok collected $17.64 from pot
Chessnok: doesn't show hand
*** SUMMARY ***
Total pot $18 | Rake $0.36
Board [Ac 7s Qs]
Seat 2: Chessnok (big blind) collected ($17.64)
Seat 4: bodo1444 (button) (small blind) folded on the Flop


PokerStars Hand #148804049432:  Hold'em Limit ($3/$6 USD) - 2016/02/14 14:52:21 ET
Table 'Jimarnold' 6-max Seat #2 is the button
Seat 2: Chessnok ($74.33 in chips)
Seat 4: bodo1444 ($133.58 in chips)
Chessnok: posts small blind $1
bodo1444: posts big blind $3
*** HOLE CARDS ***
Chessnok: folds
Uncalled bet ($2) returned to bodo1444
bodo1444 collected $2 from pot
bodo1444: doesn't show hand
*** SUMMARY ***
Total pot $2 | Rake $0
Seat 2: Chessnok (button) (small blind) folded before Flop
Seat 4: bodo1444 (big blind) collected ($2)


PokerStars Hand #148804007199:  Hold'em Limit ($3/$6 USD) - 2016/02/14 14:51:45 ET
Table 'Jimarnold' 6-max Seat #4 is the button
Seat 2: Chessnok ($65.69 in chips)
Seat 4: bodo1444 ($142.58 in chips)
bodo1444: posts small blind $1
marhae: is sitting out
Chessnok: posts big blind $3
*** HOLE CARDS ***
marhae leaves the table
bodo1444: raises $3 to $6
Chessnok: calls $3
*** FLOP *** [9c 4d 4c]
Chessnok: bets $3
bodo1444: calls $3
*** TURN *** [9c 4d 4c] [2h]
Chessnok: bets $6
bodo1444: folds
Uncalled bet ($6) returned to Chessnok
Chessnok collected $17.64 from pot
Chessnok: doesn't show hand
*** SUMMARY ***
Total pot $18 | Rake $0.36
Board [9c 4d 4c 2h]
Seat 2: Chessnok (big blind) collected ($17.64)
Seat 4: bodo1444 (button) (small blind) folded on the Turn


PokerStars Hand #148804134250:  Hold'em Limit ($3/$6 USD) - 2016/02/14 14:53:33 ET
Table 'Jimarnold' 6-max Seat #4 is the button
Seat 2: Chessnok ($123.97 in chips)
Seat 4: bodo1444 ($82.58 in chips)
bodo1444: posts small blind $1
Chessnok: posts big blind $3
*** HOLE CARDS ***
bodo1444: folds
Uncalled bet ($2) returned to Chessnok
tttzzz joins the table at seat #1
Chessnok collected $2 from pot
Chessnok: doesn't show hand
*** SUMMARY ***
Total pot $2 | Rake $0
Seat 2: Chessnok (big blind) collected ($2)
Seat 4: bodo1444 (button) (small blind) folded before Flop


PokerStars Hand #148804129399:  Hold'em Limit ($3/$6 USD) - 2016/02/14 14:53:29 ET
Table 'Jimarnold' 6-max Seat #2 is the button
Seat 2: Chessnok ($124.97 in chips)
Seat 4: bodo1444 ($81.58 in chips)
Chessnok: posts small blind $1
bodo1444: posts big blind $3
*** HOLE CARDS ***
Chessnok: folds
Uncalled bet ($2) returned to bodo1444
bodo1444 collected $2 from pot
bodo1444: doesn't show hand
*** SUMMARY ***
Total pot $2 | Rake $0
Seat 2: Chessnok (button) (small blind) folded before Flop
Seat 4: bodo1444 (big blind) collected ($2)


PokerStars Hand #148804104610:  Hold'em Limit ($3/$6 USD) - 2016/02/14 14:53:08 ET
Table 'Jimarnold' 6-max Seat #4 is the button
Seat 2: Chessnok ($101.47 in chips)
Seat 4: bodo1444 ($105.58 in chips)
bodo1444: posts small blind $1
Chessnok: posts big blind $3
*** HOLE CARDS ***
bodo1444: raises $3 to $6
Chessnok: calls $3
*** FLOP *** [4d 7h 7s]
Chessnok: checks
bodo1444: bets $3
Chessnok: raises $3 to $6
bodo1444: calls $3
*** TURN *** [4d 7h 7s] [5d]
Chessnok: bets $6
bodo1444: calls $6
*** RIVER *** [4d 7h 7s 5d] [Qh]
Chessnok: bets $6
bodo1444: calls $6
*** SHOW DOWN ***
Chessnok: shows [3c 3h] (two pair, Sevens and Threes)
bodo1444: mucks hand
Chessnok collected $47.50 from pot
*** SUMMARY ***
Total pot $48 | Rake $0.50
Board [4d 7h 7s 5d Qh]
Seat 2: Chessnok (big blind) showed [3c 3h] and won ($47.50) with two pair, Sevens and Threes
Seat 4: bodo1444 (button) (small blind) mucked


PokerStars Hand #148804099041:  Hold'em Limit ($3/$6 USD) - 2016/02/14 14:53:03 ET
Table 'Jimarnold' 6-max Seat #2 is the button
Seat 2: Chessnok ($102.47 in chips)
Seat 4: bodo1444 ($104.58 in chips)
Chessnok: posts small blind $1
bodo1444: posts big blind $3
*** HOLE CARDS ***
Chessnok: folds
Uncalled bet ($2) returned to bodo1444
bodo1444 collected $2 from pot
bodo1444: doesn't show hand
*** SUMMARY ***
Total pot $2 | Rake $0
Seat 2: Chessnok (button) (small blind) folded before Flop
Seat 4: bodo1444 (big blind) collected ($2)


PokerStars Hand #148804078570:  Hold'em Limit ($3/$6 USD) - 2016/02/14 14:52:46 ET
Table 'Jimarnold' 6-max Seat #4 is the button
Seat 2: Chessnok ($84.97 in chips)
Seat 4: bodo1444 ($122.58 in chips)
bodo1444: posts small blind $1
Chessnok: posts big blind $3
*** HOLE CARDS ***
bodo1444: raises $3 to $6
Chessnok: calls $3
*** FLOP *** [8c 7h Qc]
Chessnok: checks
bodo1444: bets $3
Chessnok: raises $3 to $6
bodo1444: calls $3
*** TURN *** [8c 7h Qc] [7d]
Chessnok: bets $6
bodo1444: calls $6
*** RIVER *** [8c 7h Qc 7d] [Th]
Chessnok: bets $6
bodo1444: folds
Uncalled bet ($6) returned to Chessnok
Chessnok collected $35.50 from pot
Chessnok: doesn't show hand
*** SUMMARY ***
Total pot $36 | Rake $0.50
Board [8c 7h Qc 7d Th]
Seat 2: Chessnok (big blind) collected ($35.50)
Seat 4: bodo1444 (button) (small blind) folded on the River


PokerStars Hand #148804070965:  Hold'em Limit ($3/$6 USD) - 2016/02/14 14:52:39 ET
Table 'Jimarnold' 6-max Seat #2 is the button
Seat 2: Chessnok ($81.97 in chips)
Seat 4: bodo1444 ($125.58 in chips)
Chessnok: posts small blind $1
bodo1444: posts big blind $3
*** HOLE CARDS ***
Chessnok: raises $3 to $6
bodo1444: folds
Uncalled bet ($3) returned to Chessnok
Chessnok collected $6 from pot
Chessnok: doesn't show hand
*** SUMMARY ***
Total pot $6 | Rake $0
Seat 2: Chessnok (button) (small blind) collected ($6)
Seat 4: bodo1444 (big blind) folded before Flop


PokerStars Hand #148804141391:  Hold'em Limit ($3/$6 USD) - 2016/02/14 14:53:39 ET
Table 'Jimarnold' 6-max Seat #2 is the button
Seat 2: Chessnok ($124.97 in chips)
Seat 4: bodo1444 ($81.58 in chips)
Chessnok: posts small blind $1
bodo1444: posts big blind $3
*** HOLE CARDS ***
Chessnok: raises $3 to $6
bodo1444: calls $3
*** FLOP *** [Kh Jd Ah]
bodo1444: bets $3
Chessnok: calls $3
*** TURN *** [Kh Jd Ah] [4s]
RafaQu joins the table at seat #5
bodo1444: bets $6
Chessnok: folds
Uncalled bet ($6) returned to bodo1444
bodo1444 collected $17.64 from pot
bodo1444: doesn't show hand
*** SUMMARY ***
Total pot $18 | Rake $0.36
Board [Kh Jd Ah 4s]
Seat 2: Chessnok (button) (small blind) folded on the Turn
Seat 4: bodo1444 (big blind) collected ($17.64)


PokerStars Hand #148807470846:  Hold'em Limit ($3/$6 USD) - 2016/02/14 15:40:35 ET
Table 'Jimarnold' 6-max Seat #4 is the button
Seat 2: Chessnok ($71.83 in chips)
Seat 4: Longstaaf ($37.71 in chips)
Longstaaf: posts small blind $1
Azrarn: is sitting out
Chessnok: posts big blind $3
*** HOLE CARDS ***
Longstaaf: folds
Uncalled bet ($2) returned to Chessnok
Azrarn leaves the table
Chessnok collected $2 from pot
Chessnok: doesn't show hand
*** SUMMARY ***
Total pot $2 | Rake $0
Seat 2: Chessnok (big blind) collected ($2)
Seat 4: Longstaaf (button) (small blind) folded before Flop


