PokerStars Hand #166185576319:  Hold'em Limit ($3/$6 USD) - 2017/02/14 1:34:56 ET
Table 'Jimarnold' 6-max Seat #4 is the button
Seat 3: hairy1961 ($72.53 in chips)
Seat 4: Agrotait ($73 in chips)
abster2366 joins the table at seat #6
Agrotait: posts small blind $1
hairy1961: posts big blind $3
*** HOLE CARDS ***
Agrotait: raises $3 to $6
hairy1961: folds
Uncalled bet ($3) returned to Agrotait
AzureCaper leaves the table
Agrotait collected $6 from pot
Agrotait: doesn't show hand
*** SUMMARY ***
Total pot $6 | Rake $0
Seat 3: hairy1961 (big blind) folded before Flop
Seat 4: Agrotait (button) (small blind) collected ($6)


PokerStars Hand #166185578126:  Hold'em Limit ($3/$6 USD) - 2017/02/14 1:35:03 ET
Table 'Jimarnold' 6-max Seat #3 is the button
Seat 3: hairy1961 ($69.53 in chips)
Seat 4: Agrotait ($76 in chips)
hairy1961: posts small blind $1
Agrotait: posts big blind $3
*** HOLE CARDS ***
hairy1961: folds
Uncalled bet ($2) returned to Agrotait
Agrotait collected $2 from pot
Agrotait: doesn't show hand
*** SUMMARY ***
Total pot $2 | Rake $0
Seat 3: hairy1961 (button) (small blind) folded before Flop
Seat 4: Agrotait (big blind) collected ($2)


PokerStars Hand #166185611958:  Hold'em Limit ($3/$6 USD) - 2017/02/14 1:37:07 ET
Table 'Jimarnold' 6-max Seat #1 is the button
Seat 1: AzureCaper ($72 in chips)
Seat 4: Agrotait ($79 in chips)
AzureCaper: posts small blind $1
Agrotait: posts big blind $3
*** HOLE CARDS ***
AzureCaper: raises $3 to $6
Agrotait: folds
Uncalled bet ($3) returned to AzureCaper
abster2366 leaves the table
AzureCaper collected $6 from pot
AzureCaper: doesn't show hand
*** SUMMARY ***
Total pot $6 | Rake $0
Seat 1: AzureCaper (button) (small blind) collected ($6)
Seat 4: Agrotait (big blind) folded before Flop


PokerStars Hand #166185609550:  Hold'em Limit ($3/$6 USD) - 2017/02/14 1:36:58 ET
Table 'Jimarnold' 6-max Seat #4 is the button
Seat 1: AzureCaper ($72 in chips)
Seat 4: Agrotait ($76 in chips)
Agrotait: posts small blind $1
abster2366: is sitting out
AzureCaper: posts big blind $3
*** HOLE CARDS ***
Agrotait: raises $3 to $6
AzureCaper: folds
Uncalled bet ($3) returned to Agrotait
Agrotait collected $6 from pot
Agrotait: doesn't show hand
*** SUMMARY ***
Total pot $6 | Rake $0
Seat 1: AzureCaper (big blind) folded before Flop
Seat 4: Agrotait (button) (small blind) collected ($6)


