PokerStars Hand #166324399280:  Hold'em Limit ($3/$6 USD) - 2017/02/16 20:41:23 ET
Table 'Jimarnold' 6-max Seat #6 is the button
Seat 1: Chessnok ($230.21 in chips)
Seat 6: fugu82 ($68.26 in chips)
fugu82: posts small blind $1
Chessnok: posts big blind $3
*** HOLE CARDS ***
fugu82: folds
Uncalled bet ($2) returned to Chessnok
Chessnok collected $2 from pot
Chessnok: doesn't show hand
*** SUMMARY ***
Total pot $2 | Rake $0
Seat 1: Chessnok (big blind) collected ($2)
Seat 6: fugu82 (button) (small blind) folded before Flop


PokerStars Hand #166324401752:  Hold'em Limit ($3/$6 USD) - 2017/02/16 20:41:28 ET
Table 'Jimarnold' 6-max Seat #1 is the button
Seat 1: Chessnok ($231.21 in chips)
Seat 6: fugu82 ($67.26 in chips)
Chessnok: posts small blind $1
fugu82: posts big blind $3
*** HOLE CARDS ***
Chessnok: raises $3 to $6
fugu82: raises $3 to $9
Chessnok: calls $3
*** FLOP *** [2h 2s 4c]
fugu82: bets $3
Chessnok: calls $3
*** TURN *** [2h 2s 4c] [Qd]
fugu82: bets $6
Chessnok: calls $6
*** RIVER *** [2h 2s 4c Qd] [Ks]
fugu82: bets $6
knas5 is disconnected
Mirkoo68 leaves the table
Chessnok: calls $6
*** SHOW DOWN ***
fugu82: shows [Qs Ah] (two pair, Queens and Deuces)
Chessnok: mucks hand
fugu82 collected $47.50 from pot
*** SUMMARY ***
Total pot $48 | Rake $0.50
Board [2h 2s 4c Qd Ks]
Seat 1: Chessnok (button) (small blind) mucked
Seat 6: fugu82 (big blind) showed [Qs Ah] and won ($47.50) with two pair, Queens and Deuces


PokerStars Hand #166324415799:  Hold'em Limit ($3/$6 USD) - 2017/02/16 20:41:58 ET
Table 'Jimarnold' 6-max Seat #6 is the button
Seat 1: Chessnok ($207.21 in chips)
Seat 6: fugu82 ($90.76 in chips)
fugu82: posts small blind $1
Chessnok: posts big blind $3
*** HOLE CARDS ***
fugu82: raises $3 to $6
Chessnok: raises $3 to $9
fugu82: raises $3 to $12
Betting is capped
Chessnok: calls $3
*** FLOP *** [Ks 8c 6d]
Chessnok: checks
fugu82: bets $3
Chessnok: raises $3 to $6
fugu82: calls $3
*** TURN *** [Ks 8c 6d] [7s]
Chessnok: bets $6
fugu82: calls $6
*** RIVER *** [Ks 8c 6d 7s] [Kc]
Chessnok: bets $6
fugu82: calls $6
*** SHOW DOWN ***
Chessnok: shows [Ah 9c] (a pair of Kings)
fugu82: shows [As Qd] (a pair of Kings - Ace+Queen kicker)
fugu82 collected $59.50 from pot
*** SUMMARY ***
Total pot $60 | Rake $0.50
Board [Ks 8c 6d 7s Kc]
Seat 1: Chessnok (big blind) showed [Ah 9c] and lost with a pair of Kings
Seat 6: fugu82 (button) (small blind) showed [As Qd] and won ($59.50) with a pair of Kings


PokerStars Hand #166324436338:  Hold'em Limit ($3/$6 USD) - 2017/02/16 20:42:41 ET
Table 'Jimarnold' 6-max Seat #6 is the button
Seat 1: Chessnok ($180.21 in chips)
Seat 6: fugu82 ($117.26 in chips)
fugu82: posts small blind $1
Chessnok: posts big blind $3
*** HOLE CARDS ***
fugu82: folds
Uncalled bet ($2) returned to Chessnok
Chessnok collected $2 from pot
Chessnok: doesn't show hand
*** SUMMARY ***
Total pot $2 | Rake $0
Seat 1: Chessnok (big blind) collected ($2)
Seat 6: fugu82 (button) (small blind) folded before Flop


PokerStars Hand #166324432458:  Hold'em Limit ($3/$6 USD) - 2017/02/16 20:42:33 ET
Table 'Jimarnold' 6-max Seat #1 is the button
Seat 1: Chessnok ($177.21 in chips)
Seat 6: fugu82 ($120.26 in chips)
Chessnok: posts small blind $1
fugu82: posts big blind $3
*** HOLE CARDS ***
Chessnok: raises $3 to $6
fugu82: folds
Uncalled bet ($3) returned to Chessnok
Chessnok collected $6 from pot
Chessnok: doesn't show hand
*** SUMMARY ***
Total pot $6 | Rake $0
Seat 1: Chessnok (button) (small blind) collected ($6)
Seat 6: fugu82 (big blind) folded before Flop


PokerStars Hand #166324438605:  Hold'em Limit ($3/$6 USD) - 2017/02/16 20:42:46 ET
Table 'Jimarnold' 6-max Seat #1 is the button
Seat 1: Chessnok ($181.21 in chips)
Seat 6: fugu82 ($116.26 in chips)
Chessnok: posts small blind $1
fugu82: posts big blind $3
*** HOLE CARDS ***
Chessnok: raises $3 to $6
fugu82: calls $3
*** FLOP *** [Tc Qh 9h]
fugu82: checks
Chessnok: bets $3
fugu82: calls $3
*** TURN *** [Tc Qh 9h] [Th]
fugu82: bets $6
Chessnok: calls $6
*** RIVER *** [Tc Qh 9h Th] [Jh]
fugu82: bets $6
Chessnok: raises $6 to $12
fugu82: raises $6 to $18
Chessnok: calls $6
*** SHOW DOWN ***
fugu82: shows [Kh 2s] (a straight flush, Nine to King)
Chessnok: mucks hand
fugu82 collected $65.50 from pot
*** SUMMARY ***
Total pot $66 | Rake $0.50
Board [Tc Qh 9h Th Jh]
Seat 1: Chessnok (button) (small blind) mucked
Seat 6: fugu82 (big blind) showed [Kh 2s] and won ($65.50) with a straight flush, Nine to King


PokerStars Hand #166324479248:  Hold'em Limit ($3/$6 USD) - 2017/02/16 20:44:11 ET
Table 'Jimarnold' 6-max Seat #6 is the button
Seat 1: Chessnok ($163.71 in chips)
Seat 6: fugu82 ($132.28 in chips)
fugu82: posts small blind $1
Chessnok: posts big blind $3
*** HOLE CARDS ***
fugu82: raises $3 to $6
Chessnok: calls $3
*** FLOP *** [3c 7d Ac]
Chessnok: checks
fugu82: bets $3
Chessnok: calls $3
*** TURN *** [3c 7d Ac] [4c]
Chessnok: checks
fugu82: checks
*** RIVER *** [3c 7d Ac 4c] [8h]
Chessnok: checks
fugu82: bets $6
Chessnok: folds
Uncalled bet ($6) returned to fugu82
fugu82 collected $17.64 from pot
fugu82: doesn't show hand
*** SUMMARY ***
Total pot $18 | Rake $0.36
Board [3c 7d Ac 4c 8h]
Seat 1: Chessnok (big blind) folded on the River
Seat 6: fugu82 (button) (small blind) collected ($17.64)


PokerStars Hand #166324453818:  Hold'em Limit ($3/$6 USD) - 2017/02/16 20:43:18 ET
Table 'Jimarnold' 6-max Seat #6 is the button
Seat 1: Chessnok ($148.21 in chips)
Seat 6: fugu82 ($148.76 in chips)
fugu82: posts small blind $1
Chessnok: posts big blind $3
*** HOLE CARDS ***
fugu82: raises $3 to $6
Chessnok: calls $3
*** FLOP *** [8h 5h 5s]
Chessnok: checks
fugu82: bets $3
Chessnok: raises $3 to $6
fugu82: calls $3
*** TURN *** [8h 5h 5s] [3s]
Chessnok: bets $6
fugu82: calls $6
*** RIVER *** [8h 5h 5s 3s] [7c]
Chessnok: bets $6
fugu82: calls $6
*** SHOW DOWN ***
Chessnok: shows [Ac 5d] (three of a kind, Fives)
fugu82: mucks hand
Chessnok collected $47.50 from pot
*** SUMMARY ***
Total pot $48 | Rake $0.50
Board [8h 5h 5s 3s 7c]
Seat 1: Chessnok (big blind) showed [Ac 5d] and won ($47.50) with three of a kind, Fives
Seat 6: fugu82 (button) (small blind) mucked


PokerStars Hand #166324468484:  Hold'em Limit ($3/$6 USD) - 2017/02/16 20:43:48 ET
Table 'Jimarnold' 6-max Seat #6 is the button
Seat 1: Chessnok ($174.71 in chips)
Seat 6: fugu82 ($121.76 in chips)
fugu82: posts small blind $1
Chessnok: posts big blind $3
*** HOLE CARDS ***
fugu82: folds
Uncalled bet ($2) returned to Chessnok
Chessnok collected $2 from pot
Chessnok: doesn't show hand
*** SUMMARY ***
Total pot $2 | Rake $0
Seat 1: Chessnok (big blind) collected ($2)
Seat 6: fugu82 (button) (small blind) folded before Flop


PokerStars Hand #166324465650:  Hold'em Limit ($3/$6 USD) - 2017/02/16 20:43:42 ET
Table 'Jimarnold' 6-max Seat #1 is the button
Seat 1: Chessnok ($171.71 in chips)
Seat 6: fugu82 ($124.76 in chips)
Chessnok: posts small blind $1
fugu82: posts big blind $3
*** HOLE CARDS ***
Chessnok: raises $3 to $6
fugu82: folds
Uncalled bet ($3) returned to Chessnok
Chessnok collected $6 from pot
Chessnok: doesn't show hand
*** SUMMARY ***
Total pot $6 | Rake $0
Seat 1: Chessnok (button) (small blind) collected ($6)
Seat 6: fugu82 (big blind) folded before Flop


PokerStars Hand #166324497060:  Hold'em Limit ($3/$6 USD) - 2017/02/16 20:44:48 ET
Table 'Jimarnold' 6-max Seat #6 is the button
Seat 1: Chessnok ($142.71 in chips)
Seat 6: fugu82 ($152.44 in chips)
fugu82: posts small blind $1
Chessnok: posts big blind $3
*** HOLE CARDS ***
fugu82: folds
Uncalled bet ($2) returned to Chessnok
Chessnok collected $2 from pot
Chessnok: doesn't show hand
*** SUMMARY ***
Total pot $2 | Rake $0
Seat 1: Chessnok (big blind) collected ($2)
Seat 6: fugu82 (button) (small blind) folded before Flop


PokerStars Hand #166324499816:  Hold'em Limit ($3/$6 USD) - 2017/02/16 20:44:54 ET
Table 'Jimarnold' 6-max Seat #1 is the button
Seat 1: Chessnok ($143.71 in chips)
Seat 6: fugu82 ($151.44 in chips)
Chessnok: posts small blind $1
fugu82: posts big blind $3
*** HOLE CARDS ***
Chessnok: folds
Uncalled bet ($2) returned to fugu82
fugu82 collected $2 from pot
fugu82: doesn't show hand
*** SUMMARY ***
Total pot $2 | Rake $0
Seat 1: Chessnok (button) (small blind) folded before Flop
Seat 6: fugu82 (big blind) collected ($2)


PokerStars Hand #166324501925:  Hold'em Limit ($3/$6 USD) - 2017/02/16 20:44:58 ET
Table 'Jimarnold' 6-max Seat #6 is the button
Seat 1: Chessnok ($142.71 in chips)
Seat 6: fugu82 ($152.44 in chips)
fugu82: posts small blind $1
Chessnok: posts big blind $3
*** HOLE CARDS ***
fugu82: raises $3 to $6
Chessnok: calls $3
*** FLOP *** [9c 3d Ah]
Chessnok: bets $3
fugu82: raises $3 to $6
Chessnok: calls $3
*** TURN *** [9c 3d Ah] [7c]
Chessnok: checks
fugu82: bets $6
ede56 joins the table at seat #3
Chessnok: calls $6
*** RIVER *** [9c 3d Ah 7c] [As]
Chessnok: checks
fugu82: bets $6
Chessnok: raises $6 to $12
fugu82: calls $6
*** SHOW DOWN ***
Chessnok: shows [Jc 6c] (a pair of Aces)
fugu82: shows [9s 8h] (two pair, Aces and Nines)
fugu82 collected $59.50 from pot
*** SUMMARY ***
Total pot $60 | Rake $0.50
Board [9c 3d Ah 7c As]
Seat 1: Chessnok (big blind) showed [Jc 6c] and lost with a pair of Aces
Seat 6: fugu82 (button) (small blind) showed [9s 8h] and won ($59.50) with two pair, Aces and Nines


PokerStars Hand #166325533867:  Hold'em Limit ($3/$6 USD) - 2017/02/16 21:22:31 ET
Table 'Jimarnold' 6-max Seat #1 is the button
Seat 1: Chessnok ($93.14 in chips)
Seat 4: ABATAPP ($90.67 in chips)
fugu82 will be allowed to play after the button
Chessnok: posts small blind $1
tttzzz: is sitting out
ABATAPP: posts big blind $3
*** HOLE CARDS ***
Chessnok: raises $3 to $6
ABATAPP: calls $3
*** FLOP *** [6c Th 8h]
ABATAPP: checks
Chessnok: bets $3
tttzzz leaves the table
ABATAPP: calls $3
*** TURN *** [6c Th 8h] [Kd]
ABATAPP: checks
Chessnok: checks
*** RIVER *** [6c Th 8h Kd] [Jc]
ABATAPP: bets $6
Chessnok: calls $6
*** SHOW DOWN ***
ABATAPP: shows [7d Qd] (high card King)
Chessnok: shows [6d Ad] (a pair of Sixes)
Chessnok collected $29.50 from pot
*** SUMMARY ***
Total pot $30 | Rake $0.50
Board [6c Th 8h Kd Jc]
Seat 1: Chessnok (button) (small blind) showed [6d Ad] and won ($29.50) with a pair of Sixes
Seat 4: ABATAPP (big blind) showed [7d Qd] and lost with high card King


PokerStars Hand #166327780788:  Hold'em Limit ($3/$6 USD) - 2017/02/16 23:01:33 ET
Table 'Jimarnold' 6-max Seat #6 is the button
Seat 2: tttzzz ($119.91 in chips)
Seat 6: Fabulous108 ($168.09 in chips)
Fabulous108: posts small blind $1
tttzzz: posts big blind $3
*** HOLE CARDS ***
Fabulous108: raises $3 to $6
sarasa46 leaves the table
tttzzz: calls $3
*** FLOP *** [3s 2s 7d]
ABATAPP joins the table at seat #3
tttzzz: bets $3
Fabulous108: calls $3
*** TURN *** [3s 2s 7d] [Ks]
tttzzz: bets $6
Fabulous108: calls $6
*** RIVER *** [3s 2s 7d Ks] [Jc]
tttzzz: bets $6
Fabulous108: raises $6 to $12
tttzzz: calls $6
*** SHOW DOWN ***
Fabulous108: shows [Jd 8s] (a pair of Jacks)
tttzzz: mucks hand
Fabulous108 collected $53.50 from pot
*** SUMMARY ***
Total pot $54 | Rake $0.50
Board [3s 2s 7d Ks Jc]
Seat 2: tttzzz (big blind) mucked
Seat 6: Fabulous108 (button) (small blind) showed [Jd 8s] and won ($53.50) with a pair of Jacks


PokerStars Hand #166327799188:  Hold'em Limit ($3/$6 USD) - 2017/02/16 23:02:30 ET
Table 'Jimarnold' 6-max Seat #3 is the button
Seat 2: tttzzz ($71.91 in chips)
Seat 3: ABATAPP ($139.74 in chips)
ABATAPP: posts small blind $1
Fabulous108: is sitting out
tttzzz: posts big blind $3
*** HOLE CARDS ***
ABATAPP: raises $3 to $6
tttzzz: folds
Uncalled bet ($3) returned to ABATAPP
ABATAPP collected $6 from pot
ABATAPP: doesn't show hand
*** SUMMARY ***
Total pot $6 | Rake $0
Seat 2: tttzzz (big blind) folded before Flop
Seat 3: ABATAPP (button) (small blind) collected ($6)


PokerStars Hand #166327801881:  Hold'em Limit ($3/$6 USD) - 2017/02/16 23:02:38 ET
Table 'Jimarnold' 6-max Seat #2 is the button
Seat 2: tttzzz ($68.91 in chips)
Seat 3: ABATAPP ($142.74 in chips)
tttzzz: posts small blind $1
ABATAPP: posts big blind $3
*** HOLE CARDS ***
tttzzz: raises $3 to $6
ABATAPP: calls $3
*** FLOP *** [9s Qs 3d]
ABATAPP: checks
tttzzz: bets $3
ABATAPP: calls $3
*** TURN *** [9s Qs 3d] [Tc]
ABATAPP: checks
tttzzz: bets $6
ABATAPP: calls $6
*** RIVER *** [9s Qs 3d Tc] [6h]
ABATAPP: bets $6
tttzzz: raises $6 to $12
ABATAPP: calls $6
*** SHOW DOWN ***
tttzzz: shows [Th Qh] (two pair, Queens and Tens)
ABATAPP: mucks hand
tttzzz collected $53.50 from pot
*** SUMMARY ***
Total pot $54 | Rake $0.50
Board [9s Qs 3d Tc 6h]
Seat 2: tttzzz (button) (small blind) showed [Th Qh] and won ($53.50) with two pair, Queens and Tens
Seat 3: ABATAPP (big blind) mucked


PokerStars Hand #166327964454:  Hold'em Limit ($3/$6 USD) - 2017/02/16 23:10:34 ET
Table 'Jimarnold' 6-max Seat #6 is the button
Seat 3: ABATAPP ($125.82 in chips)
Seat 6: Fabulous108 ($222.88 in chips)
Fabulous108: posts small blind $1
tttzzz: is sitting out
ABATAPP: posts big blind $3
*** HOLE CARDS ***
Fabulous108 said, "LOL"
tttzzz leaves the table
Fabulous108 said, "i"
Fabulous108 said, "F U"
Fabulous108: folds
Uncalled bet ($2) returned to ABATAPP
ABATAPP collected $2 from pot
ABATAPP: doesn't show hand
*** SUMMARY ***
Total pot $2 | Rake $0
Seat 3: ABATAPP (big blind) collected ($2)
Seat 6: Fabulous108 (button) (small blind) folded before Flop


