PokerStars Hand #155796804422:  Hold'em Limit ($3/$6 USD) - 2016/07/10 11:25:25 ET
Table 'Jimarnold' 6-max Seat #3 is the button
Seat 3: xxXguardXxx ($64.94 in chips)
Seat 5: patrikskjold ($47.80 in chips)
xxXguardXxx: posts small blind $1
patrikskjold: posts big blind $3
*** HOLE CARDS ***
xxXguardXxx: calls $2
patrikskjold: checks
*** FLOP *** [Qd 8h Tc]
patrikskjold: checks
xxXguardXxx: bets $3
patrikskjold: folds
Uncalled bet ($3) returned to xxXguardXxx
xxXguardXxx collected $5.88 from pot
xxXguardXxx: doesn't show hand
*** SUMMARY ***
Total pot $6 | Rake $0.12
Board [Qd 8h Tc]
Seat 3: xxXguardXxx (button) (small blind) collected ($5.88)
Seat 5: patrikskjold (big blind) folded on the Flop


PokerStars Hand #155796837924:  Hold'em Limit ($3/$6 USD) - 2016/07/10 11:26:16 ET
Table 'Jimarnold' 6-max Seat #5 is the button
Seat 3: xxXguardXxx ($96.96 in chips)
Seat 5: patrikskjold ($14.80 in chips)
patrikskjold: posts small blind $1
xxXguardXxx: posts big blind $3
*** HOLE CARDS ***
patrikskjold: raises $3 to $6
xxXguardXxx: calls $3
*** FLOP *** [9c Ac 7s]
xxXguardXxx: checks
patrikskjold: bets $3
xxXguardXxx: calls $3
*** TURN *** [9c Ac 7s] [6s]
xxXguardXxx: checks
patrikskjold: bets $5.80 and is all-in
xxXguardXxx: folds
Uncalled bet ($5.80) returned to patrikskjold
patrikskjold collected $17.64 from pot
patrikskjold: doesn't show hand
*** SUMMARY ***
Total pot $18 | Rake $0.36
Board [9c Ac 7s 6s]
Seat 3: xxXguardXxx (big blind) folded on the Turn
Seat 5: patrikskjold (button) (small blind) collected ($17.64)


PokerStars Hand #155796824813:  Hold'em Limit ($3/$6 USD) - 2016/07/10 11:25:56 ET
Table 'Jimarnold' 6-max Seat #3 is the button
Seat 3: xxXguardXxx ($76.46 in chips)
Seat 5: patrikskjold ($35.80 in chips)
xxXguardXxx: posts small blind $1
patrikskjold: posts big blind $3
*** HOLE CARDS ***
xxXguardXxx: calls $2
patrikskjold: raises $3 to $6
xxXguardXxx: calls $3
*** FLOP *** [6h As 2d]
patrikskjold: bets $3
xxXguardXxx: calls $3
*** TURN *** [6h As 2d] [6s]
patrikskjold: checks
xxXguardXxx: bets $6
patrikskjold: calls $6
*** RIVER *** [6h As 2d 6s] [Ts]
patrikskjold: checks
xxXguardXxx: bets $6
patrikskjold: calls $6
*** SHOW DOWN ***
xxXguardXxx: shows [6c 4s] (three of a kind, Sixes)
patrikskjold: mucks hand
xxXguardXxx collected $41.50 from pot
*** SUMMARY ***
Total pot $42 | Rake $0.50
Board [6h As 2d 6s Ts]
Seat 3: xxXguardXxx (button) (small blind) showed [6c 4s] and won ($41.50) with three of a kind, Sixes
Seat 5: patrikskjold (big blind) mucked


PokerStars Hand #155796811310:  Hold'em Limit ($3/$6 USD) - 2016/07/10 11:25:36 ET
Table 'Jimarnold' 6-max Seat #5 is the button
Seat 3: xxXguardXxx ($67.82 in chips)
Seat 5: patrikskjold ($44.80 in chips)
patrikskjold: posts small blind $1
xxXguardXxx: posts big blind $3
*** HOLE CARDS ***
patrikskjold: raises $3 to $6
xxXguardXxx: calls $3
*** FLOP *** [6d 2h 4d]
xxXguardXxx: checks
patrikskjold: bets $3
xxXguardXxx: calls $3
*** TURN *** [6d 2h 4d] [2s]
xxXguardXxx: checks
patrikskjold: checks
*** RIVER *** [6d 2h 4d 2s] [3s]
xxXguardXxx: bets $6
patrikskjold: folds
Uncalled bet ($6) returned to xxXguardXxx
xxXguardXxx collected $17.64 from pot
xxXguardXxx: doesn't show hand
*** SUMMARY ***
Total pot $18 | Rake $0.36
Board [6d 2h 4d 2s 3s]
Seat 3: xxXguardXxx (big blind) collected ($17.64)
Seat 5: patrikskjold (button) (small blind) folded on the River


PokerStars Hand #155796880326:  Hold'em Limit ($3/$6 USD) - 2016/07/10 11:27:21 ET
Table 'Jimarnold' 6-max Seat #3 is the button
Seat 3: xxXguardXxx ($97.02 in chips)
Seat 5: patrikskjold ($13.58 in chips)
xxXguardXxx: posts small blind $1
patrikskjold: posts big blind $3
*** HOLE CARDS ***
xxXguardXxx: raises $3 to $6
patrikskjold: calls $3
*** FLOP *** [3h Th 6s]
patrikskjold: checks
xxXguardXxx: bets $3
patrikskjold: raises $3 to $6
xxXguardXxx: raises $3 to $9
patrikskjold: calls $1.58 and is all-in
Uncalled bet ($1.42) returned to xxXguardXxx
*** TURN *** [3h Th 6s] [7h]
*** RIVER *** [3h Th 6s 7h] [Kh]
*** SHOW DOWN ***
patrikskjold: shows [Kd 5s] (a pair of Kings)
xxXguardXxx: shows [8h Js] (a flush, King high)
xxXguardXxx collected $26.66 from pot
*** SUMMARY ***
Total pot $27.16 | Rake $0.50
Board [3h Th 6s 7h Kh]
Seat 3: xxXguardXxx (button) (small blind) showed [8h Js] and won ($26.66) with a flush, King high
Seat 5: patrikskjold (big blind) showed [Kd 5s] and lost with a pair of Kings


PokerStars Hand #155796876803:  Hold'em Limit ($3/$6 USD) - 2016/07/10 11:27:16 ET
Table 'Jimarnold' 6-max Seat #5 is the button
Seat 3: xxXguardXxx ($96.02 in chips)
Seat 5: patrikskjold ($14.58 in chips)
patrikskjold: posts small blind $1
xxXguardXxx: posts big blind $3
*** HOLE CARDS ***
patrikskjold: folds
Uncalled bet ($2) returned to xxXguardXxx
xxXguardXxx collected $2 from pot
xxXguardXxx: doesn't show hand
*** SUMMARY ***
Total pot $2 | Rake $0
Seat 3: xxXguardXxx (big blind) collected ($2)
Seat 5: patrikskjold (button) (small blind) folded before Flop


PokerStars Hand #155796867783:  Hold'em Limit ($3/$6 USD) - 2016/07/10 11:27:02 ET
Table 'Jimarnold' 6-max Seat #3 is the button
Seat 3: xxXguardXxx ($103.46 in chips)
Seat 5: patrikskjold ($7.44 in chips)
xxXguardXxx: posts small blind $1
patrikskjold: posts big blind $3
*** HOLE CARDS ***
xxXguardXxx: raises $3 to $6
patrikskjold: raises $1.44 to $7.44 and is all-in
xxXguardXxx: calls $1.44
*** FLOP *** [Ks Qh 5h]
*** TURN *** [Ks Qh 5h] [Qc]
*** RIVER *** [Ks Qh 5h Qc] [7d]
*** SHOW DOWN ***
patrikskjold: shows [Jc 7s] (two pair, Queens and Sevens)
xxXguardXxx: shows [8c Ah] (a pair of Queens)
patrikskjold collected $14.58 from pot
*** SUMMARY ***
Total pot $14.88 | Rake $0.30
Board [Ks Qh 5h Qc 7d]
Seat 3: xxXguardXxx (button) (small blind) showed [8c Ah] and lost with a pair of Queens
Seat 5: patrikskjold (big blind) showed [Jc 7s] and won ($14.58) with two pair, Queens and Sevens


PokerStars Hand #155796864543:  Hold'em Limit ($3/$6 USD) - 2016/07/10 11:26:57 ET
Table 'Jimarnold' 6-max Seat #5 is the button
Seat 3: xxXguardXxx ($102.46 in chips)
Seat 5: patrikskjold ($8.44 in chips)
patrikskjold: posts small blind $1
xxXguardXxx: posts big blind $3
*** HOLE CARDS ***
patrikskjold: folds
Uncalled bet ($2) returned to xxXguardXxx
xxXguardXxx collected $2 from pot
xxXguardXxx: doesn't show hand
*** SUMMARY ***
Total pot $2 | Rake $0
Seat 3: xxXguardXxx (big blind) collected ($2)
Seat 5: patrikskjold (button) (small blind) folded before Flop


PokerStars Hand #155796848232:  Hold'em Limit ($3/$6 USD) - 2016/07/10 11:26:32 ET
Table 'Jimarnold' 6-max Seat #3 is the button
Seat 3: xxXguardXxx ($87.96 in chips)
Seat 5: patrikskjold ($23.44 in chips)
xxXguardXxx: posts small blind $1
patrikskjold: posts big blind $3
*** HOLE CARDS ***
xxXguardXxx: calls $2
patrikskjold: checks
*** FLOP *** [Qh 9h 2s]
patrikskjold: bets $3
xxXguardXxx: raises $3 to $6
patrikskjold: calls $3
*** TURN *** [Qh 9h 2s] [Jh]
patrikskjold: checks
xxXguardXxx: bets $6
patrikskjold: calls $6
*** RIVER *** [Qh 9h 2s Jh] [4d]
patrikskjold: checks
xxXguardXxx: bets $6
patrikskjold: folds
Uncalled bet ($6) returned to xxXguardXxx
xxXguardXxx collected $29.50 from pot
xxXguardXxx: doesn't show hand
*** SUMMARY ***
Total pot $30 | Rake $0.50
Board [Qh 9h 2s Jh 4d]
Seat 3: xxXguardXxx (button) (small blind) collected ($29.50)
Seat 5: patrikskjold (big blind) folded on the River


PokerStars Hand #155796922043:  Hold'em Limit ($3/$6 USD) - 2016/07/10 11:28:25 ET
Table 'Jimarnold' 6-max Seat #3 is the button
Seat 3: xxXguardXxx ($103.60 in chips)
Seat 5: patrikskjold ($53.26 in chips)
xxXguardXxx: posts small blind $1
patrikskjold: posts big blind $3
*** HOLE CARDS ***
xxXguardXxx: folds
Uncalled bet ($2) returned to patrikskjold
patrikskjold collected $2 from pot
patrikskjold: doesn't show hand
*** SUMMARY ***
Total pot $2 | Rake $0
Seat 3: xxXguardXxx (button) (small blind) folded before Flop
Seat 5: patrikskjold (big blind) collected ($2)


PokerStars Hand #155796910577:  Hold'em Limit ($3/$6 USD) - 2016/07/10 11:28:07 ET
Table 'Jimarnold' 6-max Seat #5 is the button
Seat 3: xxXguardXxx ($89.10 in chips)
Seat 5: patrikskjold ($68.26 in chips)
patrikskjold: posts small blind $1
xxXguardXxx: posts big blind $3
*** HOLE CARDS ***
patrikskjold: raises $3 to $6
xxXguardXxx: calls $3
*** FLOP *** [Kd 8c 3h]
xxXguardXxx: checks
patrikskjold: bets $3
xxXguardXxx: calls $3
*** TURN *** [Kd 8c 3h] [5s]
xxXguardXxx: checks
patrikskjold: bets $6
xxXguardXxx: calls $6
*** RIVER *** [Kd 8c 3h 5s] [4d]
xxXguardXxx: checks
patrikskjold: checks
*** SHOW DOWN ***
xxXguardXxx: shows [5c As] (a pair of Fives)
patrikskjold: mucks hand
xxXguardXxx collected $29.50 from pot
*** SUMMARY ***
Total pot $30 | Rake $0.50
Board [Kd 8c 3h 5s 4d]
Seat 3: xxXguardXxx (big blind) showed [5c As] and won ($29.50) with a pair of Fives
Seat 5: patrikskjold (button) (small blind) mucked


PokerStars Hand #155796902223:  Hold'em Limit ($3/$6 USD) - 2016/07/10 11:27:55 ET
Table 'Jimarnold' 6-max Seat #3 is the button
Seat 3: xxXguardXxx ($95.10 in chips)
Seat 5: patrikskjold ($62.50 in chips)
xxXguardXxx: posts small blind $1
patrikskjold: posts big blind $3
*** HOLE CARDS ***
xxXguardXxx: calls $2
patrikskjold: checks
*** FLOP *** [As 8s 3d]
patrikskjold: checks
xxXguardXxx: bets $3
patrikskjold: raises $3 to $6
xxXguardXxx: folds
Uncalled bet ($3) returned to patrikskjold
patrikskjold collected $11.76 from pot
patrikskjold: doesn't show hand
*** SUMMARY ***
Total pot $12 | Rake $0.24
Board [As 8s 3d]
Seat 3: xxXguardXxx (button) (small blind) folded on the Flop
Seat 5: patrikskjold (big blind) collected ($11.76)


PokerStars Hand #155796890998:  Hold'em Limit ($3/$6 USD) - 2016/07/10 11:27:38 ET
Table 'Jimarnold' 6-max Seat #5 is the button
Seat 3: xxXguardXxx ($110.10 in chips)
Seat 5: patrikskjold ($48 in chips)
patrikskjold: posts small blind $1
xxXguardXxx: posts big blind $3
*** HOLE CARDS ***
patrikskjold: raises $3 to $6
xxXguardXxx: calls $3
*** FLOP *** [3c Td Ah]
xxXguardXxx: checks
patrikskjold: bets $3
xxXguardXxx: calls $3
*** TURN *** [3c Td Ah] [Ts]
xxXguardXxx: checks
patrikskjold: checks
*** RIVER *** [3c Td Ah Ts] [Jc]
xxXguardXxx: checks
patrikskjold: bets $6
xxXguardXxx: calls $6
*** SHOW DOWN ***
patrikskjold: shows [Jd 4d] (two pair, Jacks and Tens)
xxXguardXxx: mucks hand
patrikskjold collected $29.50 from pot
*** SUMMARY ***
Total pot $30 | Rake $0.50
Board [3c Td Ah Ts Jc]
Seat 3: xxXguardXxx (big blind) mucked
Seat 5: patrikskjold (button) (small blind) showed [Jd 4d] and won ($29.50) with two pair, Jacks and Tens


PokerStars Hand #155796958989:  Hold'em Limit ($3/$6 USD) - 2016/07/10 11:29:21 ET
Table 'Jimarnold' 6-max Seat #3 is the button
Seat 3: xxXguardXxx ($60.60 in chips)
Seat 5: patrikskjold ($95.02 in chips)
xxXguardXxx: posts small blind $1
patrikskjold: posts big blind $3
*** HOLE CARDS ***
xxXguardXxx: raises $3 to $6
patrikskjold: calls $3
*** FLOP *** [4h Kh 5d]
patrikskjold: checks
xxXguardXxx: bets $3
patrikskjold: raises $3 to $6
xxXguardXxx: calls $3
*** TURN *** [4h Kh 5d] [7d]
patrikskjold: bets $6
xxXguardXxx: calls $6
*** RIVER *** [4h Kh 5d 7d] [9s]
patrikskjold: bets $6
xxXguardXxx: calls $6
*** SHOW DOWN ***
patrikskjold: shows [Tc 4d] (a pair of Fours)
xxXguardXxx: mucks hand
patrikskjold collected $47.50 from pot
*** SUMMARY ***
Total pot $48 | Rake $0.50
Board [4h Kh 5d 7d 9s]
Seat 3: xxXguardXxx (button) (small blind) mucked
Seat 5: patrikskjold (big blind) showed [Tc 4d] and won ($47.50) with a pair of Fours


PokerStars Hand #155796946511:  Hold'em Limit ($3/$6 USD) - 2016/07/10 11:29:02 ET
Table 'Jimarnold' 6-max Seat #5 is the button
Seat 3: xxXguardXxx ($81.60 in chips)
Seat 5: patrikskjold ($74.52 in chips)
patrikskjold: posts small blind $1
xxXguardXxx: posts big blind $3
*** HOLE CARDS ***
patrikskjold: raises $3 to $6
xxXguardXxx: calls $3
*** FLOP *** [3s Kc Kh]
xxXguardXxx: checks
patrikskjold: bets $3
xxXguardXxx: calls $3
*** TURN *** [3s Kc Kh] [Kd]
xxXguardXxx: checks
patrikskjold: bets $6
xxXguardXxx: calls $6
*** RIVER *** [3s Kc Kh Kd] [Ac]
xxXguardXxx: checks
patrikskjold: bets $6
xxXguardXxx: calls $6
*** SHOW DOWN ***
patrikskjold: shows [3c Qh] (a full house, Kings full of Threes)
xxXguardXxx: mucks hand
patrikskjold collected $41.50 from pot
*** SUMMARY ***
Total pot $42 | Rake $0.50
Board [3s Kc Kh Kd Ac]
Seat 3: xxXguardXxx (big blind) mucked
Seat 5: patrikskjold (button) (small blind) showed [3c Qh] and won ($41.50) with a full house, Kings full of Threes


PokerStars Hand #155796939580:  Hold'em Limit ($3/$6 USD) - 2016/07/10 11:28:51 ET
Table 'Jimarnold' 6-max Seat #3 is the button
Seat 3: xxXguardXxx ($87.60 in chips)
Seat 5: patrikskjold ($68.76 in chips)
xxXguardXxx: posts small blind $1
patrikskjold: posts big blind $3
*** HOLE CARDS ***
xxXguardXxx: calls $2
patrikskjold: raises $3 to $6
xxXguardXxx: calls $3
*** FLOP *** [As Qd Th]
patrikskjold: bets $3
xxXguardXxx: folds
Uncalled bet ($3) returned to patrikskjold
patrikskjold collected $11.76 from pot
patrikskjold: doesn't show hand
*** SUMMARY ***
Total pot $12 | Rake $0.24
Board [As Qd Th]
Seat 3: xxXguardXxx (button) (small blind) folded on the Flop
Seat 5: patrikskjold (big blind) collected ($11.76)


PokerStars Hand #155796925900:  Hold'em Limit ($3/$6 USD) - 2016/07/10 11:28:31 ET
Table 'Jimarnold' 6-max Seat #5 is the button
Seat 3: xxXguardXxx ($102.60 in chips)
Seat 5: patrikskjold ($54.26 in chips)
patrikskjold: posts small blind $1
xxXguardXxx: posts big blind $3
*** HOLE CARDS ***
patrikskjold: raises $3 to $6
xxXguardXxx: calls $3
*** FLOP *** [8c Qh Js]
xxXguardXxx: checks
patrikskjold: bets $3
xxXguardXxx: calls $3
*** TURN *** [8c Qh Js] [9h]
xxXguardXxx: checks
patrikskjold: checks
*** RIVER *** [8c Qh Js 9h] [Tc]
xxXguardXxx: checks
patrikskjold: bets $6
xxXguardXxx: calls $6
*** SHOW DOWN ***
patrikskjold: shows [Kd 7s] (a straight, Nine to King)
xxXguardXxx: mucks hand
patrikskjold collected $29.50 from pot
*** SUMMARY ***
Total pot $30 | Rake $0.50
Board [8c Qh Js 9h Tc]
Seat 3: xxXguardXxx (big blind) mucked
Seat 5: patrikskjold (button) (small blind) showed [Kd 7s] and won ($29.50) with a straight, Nine to King


PokerStars Hand #155797000094:  Hold'em Limit ($3/$6 USD) - 2016/07/10 11:30:23 ET
Table 'Jimarnold' 6-max Seat #3 is the button
Seat 3: xxXguardXxx ($83.36 in chips)
Seat 5: patrikskjold ($70.52 in chips)
xxXguardXxx: posts small blind $1
patrikskjold: posts big blind $3
*** HOLE CARDS ***
xxXguardXxx: raises $3 to $6
patrikskjold: calls $3
*** FLOP *** [Jh Qd 3s]
patrikskjold: checks
xxXguardXxx: bets $3
patrikskjold: raises $3 to $6
xxXguardXxx: calls $3
*** TURN *** [Jh Qd 3s] [Kd]
patrikskjold: bets $6
xxXguardXxx: calls $6
*** RIVER *** [Jh Qd 3s Kd] [Jd]
patrikskjold: checks
xxXguardXxx: bets $6
patrikskjold: calls $6
*** SHOW DOWN ***
xxXguardXxx: shows [Th 8h] (a pair of Jacks)
patrikskjold: shows [Qc 2h] (two pair, Queens and Jacks)
patrikskjold collected $47.50 from pot
*** SUMMARY ***
Total pot $48 | Rake $0.50
Board [Jh Qd 3s Kd Jd]
Seat 3: xxXguardXxx (button) (small blind) showed [Th 8h] and lost with a pair of Jacks
Seat 5: patrikskjold (big blind) showed [Qc 2h] and won ($47.50) with two pair, Queens and Jacks


PokerStars Hand #155796985399:  Hold'em Limit ($3/$6 USD) - 2016/07/10 11:30:01 ET
Table 'Jimarnold' 6-max Seat #5 is the button
Seat 3: xxXguardXxx ($65.86 in chips)
Seat 5: patrikskjold ($88.52 in chips)
patrikskjold: posts small blind $1
xxXguardXxx: posts big blind $3
*** HOLE CARDS ***
patrikskjold: raises $3 to $6
xxXguardXxx: calls $3
*** FLOP *** [3d 6c Ac]
xxXguardXxx: bets $3
patrikskjold: raises $3 to $6
xxXguardXxx: calls $3
*** TURN *** [3d 6c Ac] [9d]
xxXguardXxx: bets $6
patrikskjold: calls $6
*** RIVER *** [3d 6c Ac 9d] [4c]
xxXguardXxx: bets $6
patrikskjold: folds
Uncalled bet ($6) returned to xxXguardXxx
xxXguardXxx collected $35.50 from pot
xxXguardXxx: doesn't show hand
*** SUMMARY ***
Total pot $36 | Rake $0.50
Board [3d 6c Ac 9d 4c]
Seat 3: xxXguardXxx (big blind) collected ($35.50)
Seat 5: patrikskjold (button) (small blind) folded on the River


PokerStars Hand #155796979111:  Hold'em Limit ($3/$6 USD) - 2016/07/10 11:29:52 ET
Table 'Jimarnold' 6-max Seat #3 is the button
Seat 3: xxXguardXxx ($60.10 in chips)
Seat 5: patrikskjold ($94.52 in chips)
xxXguardXxx: posts small blind $1
patrikskjold: posts big blind $3
*** HOLE CARDS ***
xxXguardXxx: raises $3 to $6
patrikskjold: calls $3
*** FLOP *** [9h 4c 6s]
patrikskjold: checks
xxXguardXxx: bets $3
patrikskjold: folds
Uncalled bet ($3) returned to xxXguardXxx
xxXguardXxx collected $11.76 from pot
xxXguardXxx: doesn't show hand
*** SUMMARY ***
Total pot $12 | Rake $0.24
Board [9h 4c 6s]
Seat 3: xxXguardXxx (button) (small blind) collected ($11.76)
Seat 5: patrikskjold (big blind) folded on the Flop


PokerStars Hand #155796970036:  Hold'em Limit ($3/$6 USD) - 2016/07/10 11:29:38 ET
Table 'Jimarnold' 6-max Seat #5 is the button
Seat 3: xxXguardXxx ($36.60 in chips)
Seat 5: patrikskjold ($118.52 in chips)
patrikskjold: posts small blind $1
xxXguardXxx: posts big blind $3
*** HOLE CARDS ***
patrikskjold: raises $3 to $6
xxXguardXxx: raises $3 to $9
patrikskjold: calls $3
*** FLOP *** [6s Qs Th]
xxXguardXxx: bets $3
patrikskjold: calls $3
*** TURN *** [6s Qs Th] [3h]
xxXguardXxx: bets $6
patrikskjold: calls $6
*** RIVER *** [6s Qs Th 3h] [Ts]
xxXguardXxx: bets $6
patrikskjold: calls $6
*** SHOW DOWN ***
xxXguardXxx: shows [Qc Js] (two pair, Queens and Tens)
patrikskjold: mucks hand
xxXguardXxx collected $47.50 from pot
*** SUMMARY ***
Total pot $48 | Rake $0.50
Board [6s Qs Th 3h Ts]
Seat 3: xxXguardXxx (big blind) showed [Qc Js] and won ($47.50) with two pair, Queens and Tens
Seat 5: patrikskjold (button) (small blind) mucked


PokerStars Hand #155797039769:  Hold'em Limit ($3/$6 USD) - 2016/07/10 11:31:22 ET
Table 'Jimarnold' 6-max Seat #3 is the button
Seat 3: xxXguardXxx ($77.64 in chips)
Seat 5: patrikskjold ($75.02 in chips)
xxXguardXxx: posts small blind $1
patrikskjold: posts big blind $3
*** HOLE CARDS ***
xxXguardXxx: calls $2
patrikskjold: raises $3 to $6
xxXguardXxx: calls $3
*** FLOP *** [3d 3h 5s]
patrikskjold: bets $3
xxXguardXxx: calls $3
*** TURN *** [3d 3h 5s] [Qd]
patrikskjold: bets $6
xxXguardXxx: calls $6
*** RIVER *** [3d 3h 5s Qd] [6h]
patrikskjold: bets $6
xxXguardXxx: calls $6
*** SHOW DOWN ***
patrikskjold: shows [Ts Tc] (two pair, Tens and Threes)
xxXguardXxx: mucks hand
patrikskjold collected $41.50 from pot
*** SUMMARY ***
Total pot $42 | Rake $0.50
Board [3d 3h 5s Qd 6h]
Seat 3: xxXguardXxx (button) (small blind) mucked
Seat 5: patrikskjold (big blind) showed [Ts Tc] and won ($41.50) with two pair, Tens and Threes


PokerStars Hand #155797036246:  Hold'em Limit ($3/$6 USD) - 2016/07/10 11:31:17 ET
Table 'Jimarnold' 6-max Seat #5 is the button
Seat 3: xxXguardXxx ($76.64 in chips)
Seat 5: patrikskjold ($76.02 in chips)
patrikskjold: posts small blind $1
xxXguardXxx: posts big blind $3
*** HOLE CARDS ***
patrikskjold: folds
Uncalled bet ($2) returned to xxXguardXxx
xxXguardXxx collected $2 from pot
xxXguardXxx: doesn't show hand
*** SUMMARY ***
Total pot $2 | Rake $0
Seat 3: xxXguardXxx (big blind) collected ($2)
Seat 5: patrikskjold (button) (small blind) folded before Flop


PokerStars Hand #155797025192:  Hold'em Limit ($3/$6 USD) - 2016/07/10 11:31:01 ET
Table 'Jimarnold' 6-max Seat #3 is the button
Seat 3: xxXguardXxx ($70.88 in chips)
Seat 5: patrikskjold ($82.02 in chips)
xxXguardXxx: posts small blind $1
patrikskjold: posts big blind $3
*** HOLE CARDS ***
xxXguardXxx: calls $2
patrikskjold: checks
*** FLOP *** [4s Ks Qh]
patrikskjold: checks
xxXguardXxx: bets $3
patrikskjold: calls $3
*** TURN *** [4s Ks Qh] [6c]
patrikskjold: checks
xxXguardXxx: checks
*** RIVER *** [4s Ks Qh 6c] [2s]
patrikskjold: checks
xxXguardXxx: bets $6
patrikskjold: folds
Uncalled bet ($6) returned to xxXguardXxx
xxXguardXxx collected $11.76 from pot
xxXguardXxx: doesn't show hand
*** SUMMARY ***
Total pot $12 | Rake $0.24
Board [4s Ks Qh 6c 2s]
Seat 3: xxXguardXxx (button) (small blind) collected ($11.76)
Seat 5: patrikskjold (big blind) folded on the River


PokerStars Hand #155797012355:  Hold'em Limit ($3/$6 USD) - 2016/07/10 11:30:41 ET
Table 'Jimarnold' 6-max Seat #5 is the button
Seat 3: xxXguardXxx ($59.36 in chips)
Seat 5: patrikskjold ($94.02 in chips)
patrikskjold: posts small blind $1
xxXguardXxx: posts big blind $3
*** HOLE CARDS ***
patrikskjold: raises $3 to $6
xxXguardXxx: raises $3 to $9
patrikskjold: calls $3
*** FLOP *** [Jc Qs 7c]
xxXguardXxx: bets $3
patrikskjold: calls $3
*** TURN *** [Jc Qs 7c] [9d]
xxXguardXxx: checks
patrikskjold: checks
*** RIVER *** [Jc Qs 7c 9d] [2s]
xxXguardXxx: bets $6
patrikskjold: folds
Uncalled bet ($6) returned to xxXguardXxx
xxXguardXxx collected $23.52 from pot
xxXguardXxx: doesn't show hand
*** SUMMARY ***
Total pot $24 | Rake $0.48
Board [Jc Qs 7c 9d 2s]
Seat 3: xxXguardXxx (big blind) collected ($23.52)
Seat 5: patrikskjold (button) (small blind) folded on the River


PokerStars Hand #155797072058:  Hold'em Limit ($3/$6 USD) - 2016/07/10 11:32:11 ET
Table 'Jimarnold' 6-max Seat #5 is the button
Seat 3: xxXguardXxx ($75.14 in chips)
Seat 5: patrikskjold ($76.52 in chips)
patrikskjold: posts small blind $1
xxXguardXxx: posts big blind $3
*** HOLE CARDS ***
patrikskjold: raises $3 to $6
xxXguardXxx: calls $3
*** FLOP *** [5h 8d 5d]
xxXguardXxx: checks
patrikskjold: bets $3
xxXguardXxx: calls $3
*** TURN *** [5h 8d 5d] [Kh]
xxXguardXxx: checks
patrikskjold: bets $6
xxXguardXxx: calls $6
*** RIVER *** [5h 8d 5d Kh] [3h]
xxXguardXxx: checks
patrikskjold: bets $6
xxXguardXxx: calls $6
*** SHOW DOWN ***
patrikskjold: shows [Ks 5c] (a full house, Fives full of Kings)
xxXguardXxx: mucks hand
patrikskjold collected $41.50 from pot
*** SUMMARY ***
Total pot $42 | Rake $0.50
Board [5h 8d 5d Kh 3h]
Seat 3: xxXguardXxx (big blind) mucked
Seat 5: patrikskjold (button) (small blind) showed [Ks 5c] and won ($41.50) with a full house, Fives full of Kings


PokerStars Hand #155797055133:  Hold'em Limit ($3/$6 USD) - 2016/07/10 11:31:45 ET
Table 'Jimarnold' 6-max Seat #3 is the button
Seat 3: xxXguardXxx ($57.64 in chips)
Seat 5: patrikskjold ($94.52 in chips)
xxXguardXxx: posts small blind $1
patrikskjold: posts big blind $3
*** HOLE CARDS ***
xxXguardXxx: raises $3 to $6
patrikskjold: calls $3
*** FLOP *** [9h 7d Kd]
patrikskjold: checks
xxXguardXxx: bets $3
patrikskjold: raises $3 to $6
xxXguardXxx: calls $3
*** TURN *** [9h 7d Kd] [Js]
patrikskjold: bets $6
xxXguardXxx: raises $6 to $12
patrikskjold: folds
Uncalled bet ($6) returned to xxXguardXxx
xxXguardXxx collected $35.50 from pot
xxXguardXxx: doesn't show hand
*** SUMMARY ***
Total pot $36 | Rake $0.50
Board [9h 7d Kd Js]
Seat 3: xxXguardXxx (button) (small blind) collected ($35.50)
Seat 5: patrikskjold (big blind) folded on the Turn


PokerStars Hand #155797052088:  Hold'em Limit ($3/$6 USD) - 2016/07/10 11:31:41 ET
Table 'Jimarnold' 6-max Seat #5 is the button
Seat 3: xxXguardXxx ($56.64 in chips)
Seat 5: patrikskjold ($95.52 in chips)
patrikskjold: posts small blind $1
xxXguardXxx: posts big blind $3
*** HOLE CARDS ***
patrikskjold: folds
Uncalled bet ($2) returned to xxXguardXxx
xxXguardXxx collected $2 from pot
xxXguardXxx: doesn't show hand
*** SUMMARY ***
Total pot $2 | Rake $0
Seat 3: xxXguardXxx (big blind) collected ($2)
Seat 5: patrikskjold (button) (small blind) folded before Flop


PokerStars Hand #155797120302:  Hold'em Limit ($3/$6 USD) - 2016/07/10 11:33:23 ET
Table 'Jimarnold' 6-max Seat #5 is the button
Seat 3: xxXguardXxx ($17.91 in chips)
Seat 5: patrikskjold ($131.88 in chips)
patrikskjold: posts small blind $1
xxXguardXxx: posts big blind $3
*** HOLE CARDS ***
patrikskjold: raises $3 to $6
xxXguardXxx: calls $3
*** FLOP *** [4d Kh As]
xxXguardXxx: bets $3
patrikskjold: calls $3
*** TURN *** [4d Kh As] [Td]
xxXguardXxx: bets $6
patrikskjold: raises $6 to $12
xxXguardXxx: calls $2.91 and is all-in
Uncalled bet ($3.09) returned to patrikskjold
*** RIVER *** [4d Kh As Td] [5d]
*** SHOW DOWN ***
xxXguardXxx: shows [Tc 9h] (a pair of Tens)
patrikskjold: shows [6s Ad] (a pair of Aces)
patrikskjold collected $35.32 from pot
xxXguardXxx leaves the table
*** SUMMARY ***
Total pot $35.82 | Rake $0.50
Board [4d Kh As Td 5d]
Seat 3: xxXguardXxx (big blind) showed [Tc 9h] and lost with a pair of Tens
Seat 5: patrikskjold (button) (small blind) showed [6s Ad] and won ($35.32) with a pair of Aces


PokerStars Hand #155797110474:  Hold'em Limit ($3/$6 USD) - 2016/07/10 11:33:08 ET
Table 'Jimarnold' 6-max Seat #3 is the button
Seat 3: xxXguardXxx ($9.14 in chips)
Seat 5: patrikskjold ($141.02 in chips)
xxXguardXxx: posts small blind $1
patrikskjold: posts big blind $3
*** HOLE CARDS ***
xxXguardXxx: raises $3 to $6
patrikskjold: raises $3 to $9
xxXguardXxx: raises $0.14 to $9.14 and is all-in
Betting is capped
patrikskjold: calls $0.14
*** FLOP *** [5h 2c Kh]
*** TURN *** [5h 2c Kh] [7h]
*** RIVER *** [5h 2c Kh 7h] [5s]
*** SHOW DOWN ***
patrikskjold: shows [Qh Jd] (a pair of Fives)
xxXguardXxx: shows [4c Kc] (two pair, Kings and Fives)
xxXguardXxx collected $17.91 from pot
*** SUMMARY ***
Total pot $18.28 | Rake $0.37
Board [5h 2c Kh 7h 5s]
Seat 3: xxXguardXxx (button) (small blind) showed [4c Kc] and won ($17.91) with two pair, Kings and Fives
Seat 5: patrikskjold (big blind) showed [Qh Jd] and lost with a pair of Fives


PokerStars Hand #155797097860:  Hold'em Limit ($3/$6 USD) - 2016/07/10 11:32:49 ET
Table 'Jimarnold' 6-max Seat #5 is the button
Seat 3: xxXguardXxx ($27.14 in chips)
Seat 5: patrikskjold ($123.52 in chips)
patrikskjold: posts small blind $1
xxXguardXxx: posts big blind $3
*** HOLE CARDS ***
patrikskjold: raises $3 to $6
xxXguardXxx: raises $3 to $9
patrikskjold: calls $3
*** FLOP *** [3d 9s 3c]
xxXguardXxx: bets $3
patrikskjold: calls $3
*** TURN *** [3d 9s 3c] [Jc]
xxXguardXxx: bets $6
patrikskjold: raises $6 to $12
xxXguardXxx: folds
Uncalled bet ($6) returned to patrikskjold
patrikskjold collected $35.50 from pot
patrikskjold: doesn't show hand
*** SUMMARY ***
Total pot $36 | Rake $0.50
Board [3d 9s 3c Jc]
Seat 3: xxXguardXxx (big blind) folded on the Turn
Seat 5: patrikskjold (button) (small blind) collected ($35.50)


PokerStars Hand #155797086323:  Hold'em Limit ($3/$6 USD) - 2016/07/10 11:32:32 ET
Table 'Jimarnold' 6-max Seat #3 is the button
Seat 3: xxXguardXxx ($54.14 in chips)
Seat 5: patrikskjold ($97.02 in chips)
xxXguardXxx: posts small blind $1
patrikskjold: posts big blind $3
*** HOLE CARDS ***
xxXguardXxx: calls $2
patrikskjold: raises $3 to $6
xxXguardXxx: calls $3
*** FLOP *** [5c Td Jd]
patrikskjold: bets $3
xxXguardXxx: calls $3
*** TURN *** [5c Td Jd] [Qc]
patrikskjold: bets $6
xxXguardXxx: calls $6
*** RIVER *** [5c Td Jd Qc] [6d]
patrikskjold: bets $6
xxXguardXxx: raises $6 to $12
patrikskjold: calls $6
*** SHOW DOWN ***
xxXguardXxx: shows [6c 5s] (two pair, Sixes and Fives)
patrikskjold: shows [Kh Ac] (a straight, Ten to Ace)
patrikskjold collected $53.50 from pot
*** SUMMARY ***
Total pot $54 | Rake $0.50
Board [5c Td Jd Qc 6d]
Seat 3: xxXguardXxx (button) (small blind) showed [6c 5s] and lost with two pair, Sixes and Fives
Seat 5: patrikskjold (big blind) showed [Kh Ac] and won ($53.50) with a straight, Ten to Ace


