PokerStars Hand #167555271711:  Hold'em Limit ($3/$6 USD) - 2017/03/13 20:45:44 ET
Table 'Joella' 6-max Seat #4 is the button
Seat 3: savtchenko10 ($210.50 in chips)
Seat 4: Actionni13 ($150 in chips)
Actionni13: posts small blind $1
savtchenko10: posts big blind $3
*** HOLE CARDS ***
Actionni13: raises $3 to $6
savtchenko10: calls $3
*** FLOP *** [Ts Kh Jc]
savtchenko10: checks
Actionni13: bets $3
savtchenko10: calls $3
*** TURN *** [Ts Kh Jc] [Ad]
savtchenko10: checks
Actionni13: checks
*** RIVER *** [Ts Kh Jc Ad] [8h]
savtchenko10: bets $6
Actionni13: folds
Uncalled bet ($6) returned to savtchenko10
savtchenko10 collected $17.64 from pot
ToDaFelt joins the table at seat #5
*** SUMMARY ***
Total pot $18 | Rake $0.36
Board [Ts Kh Jc Ad 8h]
Seat 3: savtchenko10 (big blind) collected ($17.64)
Seat 4: Actionni13 (button) (small blind) folded on the River


PokerStars Hand #167555281657:  Hold'em Limit ($3/$6 USD) - 2017/03/13 20:46:02 ET
Table 'Joella' 6-max Seat #3 is the button
Seat 3: savtchenko10 ($219.14 in chips)
Seat 4: Actionni13 ($150 in chips)
savtchenko10: posts small blind $1
Actionni13: posts big blind $3
*** HOLE CARDS ***
savtchenko10: folds
Uncalled bet ($2) returned to Actionni13
Actionni13 collected $2 from pot
Actionni13: doesn't show hand
*** SUMMARY ***
Total pot $2 | Rake $0
Seat 3: savtchenko10 (button) (small blind) folded before Flop
Seat 4: Actionni13 (big blind) collected ($2)


