PokerStars Hand #164981703876:  Hold'em Limit ($3/$6 USD) - 2017/01/22 8:16:34 ET
Table 'Joella II' 6-max Seat #4 is the button
Seat 1: cola26licht ($56.57 in chips)
Seat 4: Agrotait ($95.50 in chips)
Agrotait: posts small blind $1
cola26licht: posts big blind $3
*** HOLE CARDS ***
Agrotait: raises $3 to $6
cola26licht: folds
Uncalled bet ($3) returned to Agrotait
Agrotait collected $6 from pot
Agrotait: doesn't show hand
*** SUMMARY ***
Total pot $6 | Rake $0
Seat 1: cola26licht (big blind) folded before Flop
Seat 4: Agrotait (button) (small blind) collected ($6)


PokerStars Hand #164981662239:  Hold'em Limit ($3/$6 USD) - 2017/01/22 8:15:30 ET
Table 'Joella II' 6-max Seat #1 is the button
Seat 1: cola26licht ($80.57 in chips)
Seat 4: Agrotait ($72 in chips)
cola26licht: posts small blind $1
Agrotait: posts big blind $3
*** HOLE CARDS ***
cola26licht: raises $3 to $6
Agrotait: raises $3 to $9
TinaTurner72 joins the table at seat #2
cola26licht: calls $3
*** FLOP *** [4c 7h 7c]
Agrotait: bets $3
cola26licht: calls $3
*** TURN *** [4c 7h 7c] [Jd]
Agrotait: bets $6
cola26licht: calls $6
*** RIVER *** [4c 7h 7c Jd] [2d]
Agrotait: bets $6
cola26licht: calls $6
*** SHOW DOWN ***
Agrotait: shows [8s 8h] (two pair, Eights and Sevens)
cola26licht: mucks hand
Agrotait collected $47.50 from pot
*** SUMMARY ***
Total pot $48 | Rake $0.50
Board [4c 7h 7c Jd 2d]
Seat 1: cola26licht (button) (small blind) mucked
Seat 4: Agrotait (big blind) showed [8s 8h] and won ($47.50) with two pair, Eights and Sevens


PokerStars Hand #164982195598:  Hold'em Limit ($3/$6 USD) - 2017/01/22 8:28:40 ET
Table 'Joella II' 6-max Seat #5 is the button
Seat 2: TinaTurner72 ($102.16 in chips)
Seat 5: _fayzulllo_ ($62.10 in chips)
_fayzulllo_: posts small blind $1
TinaTurner72: posts big blind $3
*** HOLE CARDS ***
_fayzulllo_: folds
Uncalled bet ($2) returned to TinaTurner72
TinaTurner72 collected $2 from pot
TinaTurner72: doesn't show hand
*** SUMMARY ***
Total pot $2 | Rake $0
Seat 2: TinaTurner72 (big blind) collected ($2)
Seat 5: _fayzulllo_ (button) (small blind) folded before Flop


PokerStars Hand #164982176925:  Hold'em Limit ($3/$6 USD) - 2017/01/22 8:28:12 ET
Table 'Joella II' 6-max Seat #2 is the button
Seat 2: TinaTurner72 ($96.40 in chips)
Seat 5: _fayzulllo_ ($68.10 in chips)
TinaTurner72: posts small blind $1
_fayzulllo_: posts big blind $3
*** HOLE CARDS ***
TinaTurner72: raises $3 to $6
_fayzulllo_: calls $3
*** FLOP *** [Kc Jc Td]
_fayzulllo_: checks
TinaTurner72: bets $3
_fayzulllo_: folds
Uncalled bet ($3) returned to TinaTurner72
TinaTurner72 collected $11.76 from pot
TinaTurner72: doesn't show hand
*** SUMMARY ***
Total pot $12 | Rake $0.24
Board [Kc Jc Td]
Seat 2: TinaTurner72 (button) (small blind) collected ($11.76)
Seat 5: _fayzulllo_ (big blind) folded on the Flop


PokerStars Hand #164982199014:  Hold'em Limit ($3/$6 USD) - 2017/01/22 8:28:45 ET
Table 'Joella II' 6-max Seat #2 is the button
Seat 2: TinaTurner72 ($103.16 in chips)
Seat 5: _fayzulllo_ ($61.10 in chips)
TinaTurner72: posts small blind $1
_fayzulllo_: posts big blind $3
*** HOLE CARDS ***
TinaTurner72: raises $3 to $6
_fayzulllo_: folds
Uncalled bet ($3) returned to TinaTurner72
TinaTurner72 collected $6 from pot
TinaTurner72: doesn't show hand
*** SUMMARY ***
Total pot $6 | Rake $0
Seat 2: TinaTurner72 (button) (small blind) collected ($6)
Seat 5: _fayzulllo_ (big blind) folded before Flop


PokerStars Hand #164982203342:  Hold'em Limit ($3/$6 USD) - 2017/01/22 8:28:51 ET
Table 'Joella II' 6-max Seat #5 is the button
Seat 2: TinaTurner72 ($106.16 in chips)
Seat 5: _fayzulllo_ ($58.10 in chips)
_fayzulllo_: posts small blind $1
TinaTurner72: posts big blind $3
*** HOLE CARDS ***
_fayzulllo_: raises $3 to $6
TinaTurner72: raises $3 to $9
_fayzulllo_: calls $3
*** FLOP *** [Ad Qc Td]
TinaTurner72: bets $3
_fayzulllo_: calls $3
*** TURN *** [Ad Qc Td] [Jc]
TinaTurner72: bets $6
_fayzulllo_: calls $6
*** RIVER *** [Ad Qc Td Jc] [7c]
TinaTurner72: bets $6
_fayzulllo_: raises $6 to $12
TinaTurner72: calls $6
*** SHOW DOWN ***
_fayzulllo_: shows [9c Kh] (a straight, Ten to Ace)
TinaTurner72: shows [Ac Ks] (a straight, Ten to Ace)
TinaTurner72 collected $29.75 from pot
_fayzulllo_ collected $29.75 from pot
*** SUMMARY ***
Total pot $60 | Rake $0.50
Board [Ad Qc Td Jc 7c]
Seat 2: TinaTurner72 (big blind) showed [Ac Ks] and won ($29.75) with a straight, Ten to Ace
Seat 5: _fayzulllo_ (button) (small blind) showed [9c Kh] and won ($29.75) with a straight, Ten to Ace


PokerStars Hand #164982229632:  Hold'em Limit ($3/$6 USD) - 2017/01/22 8:29:30 ET
Table 'Joella II' 6-max Seat #2 is the button
Seat 2: TinaTurner72 ($105.91 in chips)
Seat 5: _fayzulllo_ ($57.85 in chips)
TinaTurner72: posts small blind $1
_fayzulllo_: posts big blind $3
*** HOLE CARDS ***
TinaTurner72: folds
Uncalled bet ($2) returned to _fayzulllo_
_fayzulllo_ collected $2 from pot
_fayzulllo_: doesn't show hand
*** SUMMARY ***
Total pot $2 | Rake $0
Seat 2: TinaTurner72 (button) (small blind) folded before Flop
Seat 5: _fayzulllo_ (big blind) collected ($2)


PokerStars Hand #164982234411:  Hold'em Limit ($3/$6 USD) - 2017/01/22 8:29:37 ET
Table 'Joella II' 6-max Seat #5 is the button
Seat 2: TinaTurner72 ($104.91 in chips)
Seat 5: _fayzulllo_ ($58.85 in chips)
_fayzulllo_: posts small blind $1
TinaTurner72: posts big blind $3
*** HOLE CARDS ***
_fayzulllo_: raises $3 to $6
TinaTurner72: calls $3
*** FLOP *** [Th 3s Kc]
TinaTurner72: checks
_fayzulllo_: checks
*** TURN *** [Th 3s Kc] [Td]
TinaTurner72: checks
_fayzulllo_: bets $6
TinaTurner72: folds
Uncalled bet ($6) returned to _fayzulllo_
_fayzulllo_ collected $11.76 from pot
_fayzulllo_: doesn't show hand
*** SUMMARY ***
Total pot $12 | Rake $0.24
Board [Th 3s Kc Td]
Seat 2: TinaTurner72 (big blind) folded on the Turn
Seat 5: _fayzulllo_ (button) (small blind) collected ($11.76)


PokerStars Hand #164982262444:  Hold'em Limit ($3/$6 USD) - 2017/01/22 8:30:19 ET
Table 'Joella II' 6-max Seat #5 is the button
Seat 2: TinaTurner72 ($104.67 in chips)
Seat 5: _fayzulllo_ ($58.61 in chips)
_fayzulllo_: posts small blind $1
TinaTurner72: posts big blind $3
*** HOLE CARDS ***
_fayzulllo_: folds
Uncalled bet ($2) returned to TinaTurner72
TinaTurner72 collected $2 from pot
TinaTurner72: doesn't show hand
*** SUMMARY ***
Total pot $2 | Rake $0
Seat 2: TinaTurner72 (big blind) collected ($2)
Seat 5: _fayzulllo_ (button) (small blind) folded before Flop


PokerStars Hand #164982248352:  Hold'em Limit ($3/$6 USD) - 2017/01/22 8:29:58 ET
Table 'Joella II' 6-max Seat #2 is the button
Seat 2: TinaTurner72 ($98.91 in chips)
Seat 5: _fayzulllo_ ($64.61 in chips)
TinaTurner72: posts small blind $1
_fayzulllo_: posts big blind $3
*** HOLE CARDS ***
TinaTurner72: raises $3 to $6
_fayzulllo_: calls $3
*** FLOP *** [Js Tc 3s]
_fayzulllo_: checks
TinaTurner72: bets $3
_fayzulllo_: folds
Uncalled bet ($3) returned to TinaTurner72
TinaTurner72 collected $11.76 from pot
TinaTurner72: doesn't show hand
*** SUMMARY ***
Total pot $12 | Rake $0.24
Board [Js Tc 3s]
Seat 2: TinaTurner72 (button) (small blind) collected ($11.76)
Seat 5: _fayzulllo_ (big blind) folded on the Flop


PokerStars Hand #164982284901:  Hold'em Limit ($3/$6 USD) - 2017/01/22 8:30:51 ET
Table 'Joella II' 6-max Seat #5 is the button
Seat 2: TinaTurner72 ($105.42 in chips)
Seat 5: _fayzulllo_ ($57.36 in chips)
_fayzulllo_: posts small blind $1
TinaTurner72: posts big blind $3
*** HOLE CARDS ***
_fayzulllo_: folds
Uncalled bet ($2) returned to TinaTurner72
TinaTurner72 collected $2 from pot
TinaTurner72: doesn't show hand
*** SUMMARY ***
Total pot $2 | Rake $0
Seat 2: TinaTurner72 (big blind) collected ($2)
Seat 5: _fayzulllo_ (button) (small blind) folded before Flop


PokerStars Hand #164982266326:  Hold'em Limit ($3/$6 USD) - 2017/01/22 8:30:24 ET
Table 'Joella II' 6-max Seat #2 is the button
Seat 2: TinaTurner72 ($105.67 in chips)
Seat 5: _fayzulllo_ ($57.61 in chips)
TinaTurner72: posts small blind $1
_fayzulllo_: posts big blind $3
*** HOLE CARDS ***
TinaTurner72: raises $3 to $6
_fayzulllo_: raises $3 to $9
TinaTurner72: calls $3
*** FLOP *** [4s Ac 3h]
_fayzulllo_: bets $3
TinaTurner72: raises $3 to $6
_fayzulllo_: calls $3
*** TURN *** [4s Ac 3h] [2d]
_fayzulllo_: checks
TinaTurner72: checks
*** RIVER *** [4s Ac 3h 2d] [5d]
_fayzulllo_: checks
TinaTurner72: checks
*** SHOW DOWN ***
_fayzulllo_: shows [Tc Ts] (a straight, Ace to Five)
TinaTurner72: shows [Jh 2s] (a straight, Ace to Five)
_fayzulllo_ collected $14.75 from pot
TinaTurner72 collected $14.75 from pot
*** SUMMARY ***
Total pot $30 | Rake $0.50
Board [4s Ac 3h 2d 5d]
Seat 2: TinaTurner72 (button) (small blind) showed [Jh 2s] and won ($14.75) with a straight, Ace to Five
Seat 5: _fayzulllo_ (big blind) showed [Tc Ts] and won ($14.75) with a straight, Ace to Five


PokerStars Hand #164982288621:  Hold'em Limit ($3/$6 USD) - 2017/01/22 8:30:56 ET
Table 'Joella II' 6-max Seat #2 is the button
Seat 2: TinaTurner72 ($106.42 in chips)
Seat 5: _fayzulllo_ ($56.36 in chips)
TinaTurner72: posts small blind $1
_fayzulllo_: posts big blind $3
*** HOLE CARDS ***
TinaTurner72: folds
Uncalled bet ($2) returned to _fayzulllo_
_fayzulllo_ collected $2 from pot
_fayzulllo_: doesn't show hand
*** SUMMARY ***
Total pot $2 | Rake $0
Seat 2: TinaTurner72 (button) (small blind) folded before Flop
Seat 5: _fayzulllo_ (big blind) collected ($2)


PokerStars Hand #164982293461:  Hold'em Limit ($3/$6 USD) - 2017/01/22 8:31:03 ET
Table 'Joella II' 6-max Seat #5 is the button
Seat 2: TinaTurner72 ($105.42 in chips)
Seat 5: _fayzulllo_ ($57.36 in chips)
_fayzulllo_: posts small blind $1
TinaTurner72: posts big blind $3
*** HOLE CARDS ***
_fayzulllo_: raises $3 to $6
TinaTurner72: calls $3
*** FLOP *** [Qh 6s Kd]
TinaTurner72: checks
_fayzulllo_: bets $3
TinaTurner72: folds
Uncalled bet ($3) returned to _fayzulllo_
_fayzulllo_ collected $11.76 from pot
_fayzulllo_: doesn't show hand
*** SUMMARY ***
Total pot $12 | Rake $0.24
Board [Qh 6s Kd]
Seat 2: TinaTurner72 (big blind) folded on the Flop
Seat 5: _fayzulllo_ (button) (small blind) collected ($11.76)


PokerStars Hand #164982325305:  Hold'em Limit ($3/$6 USD) - 2017/01/22 8:31:49 ET
Table 'Joella II' 6-max Seat #5 is the button
Seat 2: TinaTurner72 ($87.42 in chips)
Seat 5: _fayzulllo_ ($74.64 in chips)
_fayzulllo_: posts small blind $1
TinaTurner72: posts big blind $3
*** HOLE CARDS ***
_fayzulllo_: folds
Uncalled bet ($2) returned to TinaTurner72
TinaTurner72 collected $2 from pot
TinaTurner72: doesn't show hand
*** SUMMARY ***
Total pot $2 | Rake $0
Seat 2: TinaTurner72 (big blind) collected ($2)
Seat 5: _fayzulllo_ (button) (small blind) folded before Flop


PokerStars Hand #164982305404:  Hold'em Limit ($3/$6 USD) - 2017/01/22 8:31:20 ET
Table 'Joella II' 6-max Seat #2 is the button
Seat 2: TinaTurner72 ($99.42 in chips)
Seat 5: _fayzulllo_ ($63.12 in chips)
TinaTurner72: posts small blind $1
_fayzulllo_: posts big blind $3
*** HOLE CARDS ***
TinaTurner72: raises $3 to $6
_fayzulllo_: calls $3
*** FLOP *** [Kh 7s 5s]
_fayzulllo_: checks
TinaTurner72: bets $3
_fayzulllo_: raises $3 to $6
TinaTurner72: calls $3
*** TURN *** [Kh 7s 5s] [Jd]
_fayzulllo_: bets $6
TinaTurner72: folds
Uncalled bet ($6) returned to _fayzulllo_
_fayzulllo_ collected $23.52 from pot
_fayzulllo_: doesn't show hand
*** SUMMARY ***
Total pot $24 | Rake $0.48
Board [Kh 7s 5s Jd]
Seat 2: TinaTurner72 (button) (small blind) folded on the Turn
Seat 5: _fayzulllo_ (big blind) collected ($23.52)


PokerStars Hand #164982329114:  Hold'em Limit ($3/$6 USD) - 2017/01/22 8:31:55 ET
Table 'Joella II' 6-max Seat #2 is the button
Seat 2: TinaTurner72 ($88.42 in chips)
Seat 5: _fayzulllo_ ($73.64 in chips)
TinaTurner72: posts small blind $1
_fayzulllo_: posts big blind $3
*** HOLE CARDS ***
TinaTurner72: raises $3 to $6
_fayzulllo_: calls $3
*** FLOP *** [2h Qd Kd]
_fayzulllo_: checks
TinaTurner72: bets $3
_fayzulllo_: calls $3
*** TURN *** [2h Qd Kd] [9h]
_fayzulllo_: checks
TinaTurner72: bets $6
_fayzulllo_: folds
Uncalled bet ($6) returned to TinaTurner72
TinaTurner72 collected $17.64 from pot
TinaTurner72: doesn't show hand
*** SUMMARY ***
Total pot $18 | Rake $0.36
Board [2h Qd Kd 9h]
Seat 2: TinaTurner72 (button) (small blind) collected ($17.64)
Seat 5: _fayzulllo_ (big blind) folded on the Turn


PokerStars Hand #164982344231:  Hold'em Limit ($3/$6 USD) - 2017/01/22 8:32:17 ET
Table 'Joella II' 6-max Seat #5 is the button
Seat 2: TinaTurner72 ($97.06 in chips)
Seat 5: _fayzulllo_ ($64.64 in chips)
_fayzulllo_: posts small blind $1
TinaTurner72: posts big blind $3
*** HOLE CARDS ***
_fayzulllo_: raises $3 to $6
TinaTurner72: calls $3
*** FLOP *** [Jd 3s Jh]
TinaTurner72: checks
_fayzulllo_: checks
*** TURN *** [Jd 3s Jh] [Ks]
TinaTurner72: bets $6
_fayzulllo_: calls $6
*** RIVER *** [Jd 3s Jh Ks] [9s]
TinaTurner72: bets $6
_fayzulllo_: raises $6 to $12
TinaTurner72: raises $6 to $18
_fayzulllo_: calls $6
*** SHOW DOWN ***
TinaTurner72: shows [5s 2s] (a flush, King high)
_fayzulllo_: mucks hand
TinaTurner72 collected $59.50 from pot
*** SUMMARY ***
Total pot $60 | Rake $0.50
Board [Jd 3s Jh Ks 9s]
Seat 2: TinaTurner72 (big blind) showed [5s 2s] and won ($59.50) with a flush, King high
Seat 5: _fayzulllo_ (button) (small blind) mucked


PokerStars Hand #164982366795:  Hold'em Limit ($3/$6 USD) - 2017/01/22 8:32:50 ET
Table 'Joella II' 6-max Seat #5 is the button
Seat 2: TinaTurner72 ($125.56 in chips)
Seat 5: _fayzulllo_ ($35.64 in chips)
_fayzulllo_: posts small blind $1
TinaTurner72: posts big blind $3
*** HOLE CARDS ***
_fayzulllo_: folds
Uncalled bet ($2) returned to TinaTurner72
TinaTurner72 collected $2 from pot
TinaTurner72: doesn't show hand
*** SUMMARY ***
Total pot $2 | Rake $0
Seat 2: TinaTurner72 (big blind) collected ($2)
Seat 5: _fayzulllo_ (button) (small blind) folded before Flop


PokerStars Hand #164982362057:  Hold'em Limit ($3/$6 USD) - 2017/01/22 8:32:43 ET
Table 'Joella II' 6-max Seat #2 is the button
Seat 2: TinaTurner72 ($126.56 in chips)
Seat 5: _fayzulllo_ ($34.64 in chips)
TinaTurner72: posts small blind $1
_fayzulllo_: posts big blind $3
*** HOLE CARDS ***
TinaTurner72: folds
Uncalled bet ($2) returned to _fayzulllo_
_fayzulllo_ collected $2 from pot
_fayzulllo_: doesn't show hand
*** SUMMARY ***
Total pot $2 | Rake $0
Seat 2: TinaTurner72 (button) (small blind) folded before Flop
Seat 5: _fayzulllo_ (big blind) collected ($2)


PokerStars Hand #164982389412:  Hold'em Limit ($3/$6 USD) - 2017/01/22 8:33:23 ET
Table 'Joella II' 6-max Seat #5 is the button
Seat 2: TinaTurner72 ($147.06 in chips)
Seat 5: _fayzulllo_ ($13.64 in chips)
_fayzulllo_: posts small blind $1
TinaTurner72: posts big blind $3
*** HOLE CARDS ***
_fayzulllo_: folds
Uncalled bet ($2) returned to TinaTurner72
TinaTurner72 collected $2 from pot
TinaTurner72: doesn't show hand
*** SUMMARY ***
Total pot $2 | Rake $0
Seat 2: TinaTurner72 (big blind) collected ($2)
Seat 5: _fayzulllo_ (button) (small blind) folded before Flop


PokerStars Hand #164982371296:  Hold'em Limit ($3/$6 USD) - 2017/01/22 8:32:56 ET
Table 'Joella II' 6-max Seat #2 is the button
Seat 2: TinaTurner72 ($126.56 in chips)
Seat 5: _fayzulllo_ ($34.64 in chips)
TinaTurner72: posts small blind $1
_fayzulllo_: posts big blind $3
*** HOLE CARDS ***
TinaTurner72: raises $3 to $6
_fayzulllo_: calls $3
*** FLOP *** [As 2s 5c]
_fayzulllo_: checks
TinaTurner72: bets $3
_fayzulllo_: calls $3
*** TURN *** [As 2s 5c] [Ah]
_fayzulllo_: checks
TinaTurner72: bets $6
_fayzulllo_: calls $6
*** RIVER *** [As 2s 5c Ah] [Kc]
_fayzulllo_: checks
TinaTurner72: bets $6
_fayzulllo_: calls $6
*** SHOW DOWN ***
TinaTurner72: shows [Ac 8d] (three of a kind, Aces)
_fayzulllo_: mucks hand
TinaTurner72 collected $41.50 from pot
*** SUMMARY ***
Total pot $42 | Rake $0.50
Board [As 2s 5c Ah Kc]
Seat 2: TinaTurner72 (button) (small blind) showed [Ac 8d] and won ($41.50) with three of a kind, Aces
Seat 5: _fayzulllo_ (big blind) mucked


PokerStars Hand #164982427687:  Hold'em Limit ($3/$6 USD) - 2017/01/22 8:34:18 ET
Table 'Joella II' 6-max Seat #3 is the button
Seat 2: TinaTurner72 ($174.56 in chips)
Seat 3: tuz1214 ($93 in chips)
tuz1214: posts small blind $1
TinaTurner72: posts big blind $3
*** HOLE CARDS ***
tuz1214: raises $3 to $6
TinaTurner72: calls $3
*** FLOP *** [9s Jh 2d]
TinaTurner72: checks
tuz1214: checks
*** TURN *** [9s Jh 2d] [Kh]
TinaTurner72: checks
tuz1214: checks
*** RIVER *** [9s Jh 2d Kh] [Jc]
TinaTurner72: checks
tuz1214: bets $6
TinaTurner72: folds
Uncalled bet ($6) returned to tuz1214
tuz1214 collected $11.76 from pot
*** SUMMARY ***
Total pot $12 | Rake $0.24
Board [9s Jh 2d Kh Jc]
Seat 2: TinaTurner72 (big blind) folded on the River
Seat 3: tuz1214 (button) (small blind) collected ($11.76)


PokerStars Hand #164982403797:  Hold'em Limit ($3/$6 USD) - 2017/01/22 8:33:44 ET
Table 'Joella II' 6-max Seat #2 is the button
Seat 2: TinaTurner72 ($148.06 in chips)
Seat 3: tuz1214 ($120 in chips)
TinaTurner72: posts small blind $1
tuz1214: posts big blind $3
*** HOLE CARDS ***
TinaTurner72: raises $3 to $6
tuz1214: calls $3
*** FLOP *** [Ac Jc Jd]
tuz1214: bets $3
TinaTurner72: calls $3
*** TURN *** [Ac Jc Jd] [Kh]
tuz1214: bets $6
TinaTurner72: calls $6
*** RIVER *** [Ac Jc Jd Kh] [4d]
tuz1214: bets $6
TinaTurner72: raises $6 to $12
tuz1214: calls $6
*** SHOW DOWN ***
TinaTurner72: shows [Jh 4c] (a full house, Jacks full of Fours)
tuz1214: mucks hand
TinaTurner72 collected $53.50 from pot
*** SUMMARY ***
Total pot $54 | Rake $0.50
Board [Ac Jc Jd Kh 4d]
Seat 2: TinaTurner72 (button) (small blind) showed [Jh 4c] and won ($53.50) with a full house, Jacks full of Fours
Seat 3: tuz1214 (big blind) mucked


PokerStars Hand #164982460048:  Hold'em Limit ($3/$6 USD) - 2017/01/22 8:35:05 ET
Table 'Joella II' 6-max Seat #3 is the button
Seat 2: TinaTurner72 ($180.08 in chips)
Seat 3: tuz1214 ($86.76 in chips)
tuz1214: posts small blind $1
TinaTurner72: posts big blind $3
*** HOLE CARDS ***
tuz1214: raises $3 to $6
TinaTurner72: calls $3
*** FLOP *** [Kd 9c 4h]
TinaTurner72: checks
tuz1214: bets $3
TinaTurner72: folds
Uncalled bet ($3) returned to tuz1214
tuz1214 collected $11.76 from pot
*** SUMMARY ***
Total pot $12 | Rake $0.24
Board [Kd 9c 4h]
Seat 2: TinaTurner72 (big blind) folded on the Flop
Seat 3: tuz1214 (button) (small blind) collected ($11.76)


PokerStars Hand #164982446395:  Hold'em Limit ($3/$6 USD) - 2017/01/22 8:34:45 ET
Table 'Joella II' 6-max Seat #2 is the button
Seat 2: TinaTurner72 ($168.56 in chips)
Seat 3: tuz1214 ($98.76 in chips)
TinaTurner72: posts small blind $1
tuz1214: posts big blind $3
*** HOLE CARDS ***
TinaTurner72: raises $3 to $6
tuz1214: calls $3
*** FLOP *** [Qd 3c 9h]
tuz1214: bets $3
TinaTurner72: raises $3 to $6
tuz1214: calls $3
*** TURN *** [Qd 3c 9h] [Ks]
tuz1214: checks
TinaTurner72: bets $6
tuz1214: folds
Uncalled bet ($6) returned to TinaTurner72
TinaTurner72 collected $23.52 from pot
TinaTurner72: doesn't show hand
*** SUMMARY ***
Total pot $24 | Rake $0.48
Board [Qd 3c 9h Ks]
Seat 2: TinaTurner72 (button) (small blind) collected ($23.52)
Seat 3: tuz1214 (big blind) folded on the Turn


PokerStars Hand #164982515879:  Hold'em Limit ($3/$6 USD) - 2017/01/22 8:36:26 ET
Table 'Joella II' 6-max Seat #3 is the button
Seat 2: TinaTurner72 ($180.58 in chips)
Seat 3: tuz1214 ($85.02 in chips)
tuz1214: posts small blind $1
TinaTurner72: posts big blind $3
*** HOLE CARDS ***
tuz1214: raises $3 to $6
TinaTurner72: calls $3
*** FLOP *** [2c Jh 8c]
TinaTurner72: checks
tuz1214: checks
*** TURN *** [2c Jh 8c] [3c]
TinaTurner72: checks
tuz1214: checks
*** RIVER *** [2c Jh 8c 3c] [Qd]
TinaTurner72: bets $6
tuz1214: folds
Uncalled bet ($6) returned to TinaTurner72
TinaTurner72 collected $11.76 from pot
TinaTurner72: doesn't show hand
*** SUMMARY ***
Total pot $12 | Rake $0.24
Board [2c Jh 8c 3c Qd]
Seat 2: TinaTurner72 (big blind) collected ($11.76)
Seat 3: tuz1214 (button) (small blind) folded on the River


PokerStars Hand #164982498467:  Hold'em Limit ($3/$6 USD) - 2017/01/22 8:36:01 ET
Table 'Joella II' 6-max Seat #2 is the button
Seat 2: TinaTurner72 ($198.58 in chips)
Seat 3: tuz1214 ($67.52 in chips)
TinaTurner72: posts small blind $1
tuz1214: posts big blind $3
*** HOLE CARDS ***
TinaTurner72: raises $3 to $6
tuz1214: calls $3
*** FLOP *** [9s Tc Td]
tuz1214: bets $3
TinaTurner72: raises $3 to $6
tuz1214: calls $3
*** TURN *** [9s Tc Td] [4h]
tuz1214: checks
TinaTurner72: bets $6
tuz1214: calls $6
*** RIVER *** [9s Tc Td 4h] [5c]
tuz1214: checks
TinaTurner72: checks
*** SHOW DOWN ***
tuz1214: shows [9d 4d] (two pair, Tens and Nines)
TinaTurner72: mucks hand
tuz1214 collected $35.50 from pot
*** SUMMARY ***
Total pot $36 | Rake $0.50
Board [9s Tc Td 4h 5c]
Seat 2: TinaTurner72 (button) (small blind) mucked
Seat 3: tuz1214 (big blind) showed [9d 4d] and won ($35.50) with two pair, Tens and Nines


PokerStars Hand #164982491128:  Hold'em Limit ($3/$6 USD) - 2017/01/22 8:35:50 ET
Table 'Joella II' 6-max Seat #3 is the button
Seat 2: TinaTurner72 ($197.58 in chips)
Seat 3: tuz1214 ($68.52 in chips)
tuz1214: posts small blind $1
TinaTurner72: posts big blind $3
*** HOLE CARDS ***
tuz1214: folds
Uncalled bet ($2) returned to TinaTurner72
TinaTurner72 collected $2 from pot
TinaTurner72: doesn't show hand
*** SUMMARY ***
Total pot $2 | Rake $0
Seat 2: TinaTurner72 (big blind) collected ($2)
Seat 3: tuz1214 (button) (small blind) folded before Flop


PokerStars Hand #164982474983:  Hold'em Limit ($3/$6 USD) - 2017/01/22 8:35:27 ET
Table 'Joella II' 6-max Seat #2 is the button
Seat 2: TinaTurner72 ($174.08 in chips)
Seat 3: tuz1214 ($92.52 in chips)
TinaTurner72: posts small blind $1
tuz1214: posts big blind $3
*** HOLE CARDS ***
TinaTurner72: raises $3 to $6
tuz1214: calls $3
*** FLOP *** [6c Jh Qh]
tuz1214: bets $3
TinaTurner72: raises $3 to $6
tuz1214: calls $3
*** TURN *** [6c Jh Qh] [8d]
tuz1214: checks
TinaTurner72: bets $6
tuz1214: calls $6
*** RIVER *** [6c Jh Qh 8d] [Qs]
tuz1214: bets $6
TinaTurner72: calls $6
*** SHOW DOWN ***
tuz1214: shows [As 9s] (a pair of Queens)
TinaTurner72: shows [9h 6h] (two pair, Queens and Sixes)
TinaTurner72 collected $47.50 from pot
*** SUMMARY ***
Total pot $48 | Rake $0.50
Board [6c Jh Qh 8d Qs]
Seat 2: TinaTurner72 (button) (small blind) showed [9h 6h] and won ($47.50) with two pair, Queens and Sixes
Seat 3: tuz1214 (big blind) showed [As 9s] and lost with a pair of Queens


PokerStars Hand #164982529173:  Hold'em Limit ($3/$6 USD) - 2017/01/22 8:36:45 ET
Table 'Joella II' 6-max Seat #2 is the button
Seat 2: TinaTurner72 ($186.34 in chips)
Seat 3: tuz1214 ($79.02 in chips)
TinaTurner72: posts small blind $1
tuz1214: posts big blind $3
*** HOLE CARDS ***
TinaTurner72: raises $3 to $6
tuz1214: calls $3
*** FLOP *** [9c 4c 5c]
tuz1214: bets $3
TinaTurner72: calls $3
*** TURN *** [9c 4c 5c] [Ts]
tuz1214: bets $6
TinaTurner72: calls $6
*** RIVER *** [9c 4c 5c Ts] [Js]
DePokeraap joins the table at seat #5
tuz1214: bets $6
TinaTurner72: calls $6
*** SHOW DOWN ***
tuz1214: shows [Ad Jc] (a pair of Jacks)
TinaTurner72: mucks hand
tuz1214 collected $41.50 from pot
*** SUMMARY ***
Total pot $42 | Rake $0.50
Board [9c 4c 5c Ts Js]
Seat 2: TinaTurner72 (button) (small blind) mucked
Seat 3: tuz1214 (big blind) showed [Ad Jc] and won ($41.50) with a pair of Jacks


PokerStars Hand #164984789564:  Hold'em Limit ($3/$6 USD) - 2017/01/22 9:29:29 ET
Table 'Joella II' 6-max Seat #1 is the button
Seat 1: yasmins1990 ($221.86 in chips)
Seat 2: TinaTurner72 ($201.51 in chips)
yasmins1990: posts small blind $1
TinaTurner72: posts big blind $3
*** HOLE CARDS ***
yasmins1990: folds
Uncalled bet ($2) returned to TinaTurner72
TinaTurner72 collected $2 from pot
TinaTurner72: doesn't show hand
*** SUMMARY ***
Total pot $2 | Rake $0
Seat 1: yasmins1990 (button) (small blind) folded before Flop
Seat 2: TinaTurner72 (big blind) collected ($2)


