PokerStars Hand #153775202497:  Hold'em Limit ($3/$6 USD) - 2016/05/24 10:33:33 ET
Table 'Joella' 10-max Seat #8 is the button
Seat 7: Airbag999 ($204.30 in chips)
Seat 8: Ale4o ($110.83 in chips)
Ale4o: posts small blind $1
Punkyfee: is sitting out
Airbag999: posts big blind $3
*** HOLE CARDS ***
Ale4o: raises $3 to $6
Airbag999: calls $3
*** FLOP *** [6s Jc 8c]
Airbag999: checks
Ale4o: bets $3
Airbag999: raises $3 to $6
Ale4o: raises $3 to $9
Airbag999: calls $3
*** TURN *** [6s Jc 8c] [Jd]
Airbag999: checks
Ale4o: checks
*** RIVER *** [6s Jc 8c Jd] [3d]
tomte999 joins the table at seat #10
Airbag999: checks
Ale4o: checks
*** SHOW DOWN ***
Airbag999: shows [5c 8d] (two pair, Jacks and Eights)
Ale4o: mucks hand
Airbag999 collected $29.50 from pot
*** SUMMARY ***
Total pot $30 | Rake $0.50
Board [6s Jc 8c Jd 3d]
Seat 7: Airbag999 (big blind) showed [5c 8d] and won ($29.50) with two pair, Jacks and Eights
Seat 8: Ale4o (button) (small blind) mucked


PokerStars Hand #153777028232:  Hold'em Limit ($3/$6 USD) - 2016/05/24 11:23:22 ET
Table 'Joella' 10-max Seat #1 is the button
Seat 1: SnatchPot ($104.34 in chips)
Seat 9: Punkyfee ($112.52 in chips)
SnatchPot: posts small blind $1
TopDJTex: is sitting out
Airbag999: is sitting out
Punkyfee: posts big blind $3
*** HOLE CARDS ***
SnatchPot: raises $3 to $6
Punkyfee: calls $3
*** FLOP *** [6s Ac 5s]
Punkyfee: checks
TopDJTex leaves the table
SnatchPot: bets $3
Punkyfee: folds
Uncalled bet ($3) returned to SnatchPot
SnatchPot collected $11.76 from pot
SnatchPot: doesn't show hand
*** SUMMARY ***
Total pot $12 | Rake $0.24
Board [6s Ac 5s]
Seat 1: SnatchPot (button) (small blind) collected ($11.76)
Seat 9: Punkyfee (big blind) folded on the Flop


PokerStars Hand #153780173959:  Hold'em Limit ($3/$6 USD) - 2016/05/24 12:41:08 ET
Table 'Joella' 10-max Seat #1 is the button
Seat 1: BARCA1CRIS ($518.71 in chips)
Seat 7: Airbag999 ($100 in chips)
BARCA1CRIS: posts small blind $1
Airbag999: posts big blind $3
*** HOLE CARDS ***
BARCA1CRIS: calls $2
Airbag999: checks
*** FLOP *** [3d Qd Kh]
Airbag999: checks
BARCA1CRIS: bets $3
Airbag999: folds
Uncalled bet ($3) returned to BARCA1CRIS
BARCA1CRIS collected $5.88 from pot
BARCA1CRIS: doesn't show hand
*** SUMMARY ***
Total pot $6 | Rake $0.12
Board [3d Qd Kh]
Seat 1: BARCA1CRIS (button) (small blind) collected ($5.88)
Seat 7: Airbag999 (big blind) folded on the Flop


PokerStars Hand #153780159993:  Hold'em Limit ($3/$6 USD) - 2016/05/24 12:40:48 ET
Table 'Joella' 10-max Seat #7 is the button
Seat 1: BARCA1CRIS ($498.21 in chips)
Seat 7: Airbag999 ($121 in chips)
Airbag999: posts small blind $1
BARCA1CRIS: posts big blind $3
*** HOLE CARDS ***
Airbag999: raises $3 to $6
BARCA1CRIS: raises $3 to $9
Airbag999: calls $3
*** FLOP *** [9s 9h 5d]
BARCA1CRIS: checks
Airbag999: checks
*** TURN *** [9s 9h 5d] [6d]
BARCA1CRIS: bets $6
Airbag999: calls $6
*** RIVER *** [9s 9h 5d 6d] [Th]
BARCA1CRIS: bets $6
Airbag999: calls $6
*** SHOW DOWN ***
BARCA1CRIS: shows [9c As] (three of a kind, Nines)
Airbag999: mucks hand
BARCA1CRIS collected $41.50 from pot
*** SUMMARY ***
Total pot $42 | Rake $0.50
Board [9s 9h 5d 6d Th]
Seat 1: BARCA1CRIS (big blind) showed [9c As] and won ($41.50) with three of a kind, Nines
Seat 7: Airbag999 (button) (small blind) mucked


PokerStars Hand #153780152028:  Hold'em Limit ($3/$6 USD) - 2016/05/24 12:40:37 ET
Table 'Joella' 10-max Seat #1 is the button
Seat 1: BARCA1CRIS ($495.21 in chips)
Seat 7: Airbag999 ($124 in chips)
BARCA1CRIS: posts small blind $1
Airbag999: posts big blind $3
*** HOLE CARDS ***
BARCA1CRIS: raises $3 to $6
Airbag999: folds
Uncalled bet ($3) returned to BARCA1CRIS
BARCA1CRIS collected $6 from pot
BARCA1CRIS: doesn't show hand
*** SUMMARY ***
Total pot $6 | Rake $0
Seat 1: BARCA1CRIS (button) (small blind) collected ($6)
Seat 7: Airbag999 (big blind) folded before Flop


PokerStars Hand #153780141582:  Hold'em Limit ($3/$6 USD) - 2016/05/24 12:40:30 ET
Table 'Joella' 10-max Seat #7 is the button
Seat 1: BARCA1CRIS ($498.21 in chips)
Seat 7: Airbag999 ($121 in chips)
Airbag999: posts small blind $1
BARCA1CRIS: posts big blind $3
*** HOLE CARDS ***
Airbag999: raises $3 to $6
BARCA1CRIS: folds
Uncalled bet ($3) returned to Airbag999
Airbag999 collected $6 from pot
Airbag999: doesn't show hand
*** SUMMARY ***
Total pot $6 | Rake $0
Seat 1: BARCA1CRIS (big blind) folded before Flop
Seat 7: Airbag999 (button) (small blind) collected ($6)


PokerStars Hand #153780198689:  Hold'em Limit ($3/$6 USD) - 2016/05/24 12:41:42 ET
Table 'Joella' 10-max Seat #7 is the button
Seat 1: BARCA1CRIS ($529.23 in chips)
Seat 7: Airbag999 ($121 in chips)
Airbag999: posts small blind $1
BARCA1CRIS: posts big blind $3
*** HOLE CARDS ***
Airbag999: raises $3 to $6
BARCA1CRIS: calls $3
*** FLOP *** [Tc 2h 5h]
BARCA1CRIS: checks
Airbag999: bets $3
BARCA1CRIS: calls $3
*** TURN *** [Tc 2h 5h] [4c]
BARCA1CRIS: checks
Airbag999: checks
*** RIVER *** [Tc 2h 5h 4c] [6h]
BARCA1CRIS: checks
Airbag999: checks
*** SHOW DOWN ***
BARCA1CRIS: shows [7h As] (high card Ace)
Airbag999: shows [Ac Qc] (high card Ace - Queen kicker)
Airbag999 collected $17.64 from pot
*** SUMMARY ***
Total pot $18 | Rake $0.36
Board [Tc 2h 5h 4c 6h]
Seat 1: BARCA1CRIS (big blind) showed [7h As] and lost with high card Ace
Seat 7: Airbag999 (button) (small blind) showed [Ac Qc] and won ($17.64) with high card Ace


PokerStars Hand #153780195416:  Hold'em Limit ($3/$6 USD) - 2016/05/24 12:41:38 ET
Table 'Joella' 10-max Seat #1 is the button
Seat 1: BARCA1CRIS ($530.23 in chips)
Seat 7: Airbag999 ($120 in chips)
BARCA1CRIS: posts small blind $1
Airbag999: posts big blind $3
*** HOLE CARDS ***
kolaz03 joins the table at seat #2
BARCA1CRIS: folds
Uncalled bet ($2) returned to Airbag999
Airbag999 collected $2 from pot
Airbag999: doesn't show hand
*** SUMMARY ***
Total pot $2 | Rake $0
Seat 1: BARCA1CRIS (button) (small blind) folded before Flop
Seat 7: Airbag999 (big blind) collected ($2)


PokerStars Hand #153780182822:  Hold'em Limit ($3/$6 USD) - 2016/05/24 12:41:20 ET
Table 'Joella' 10-max Seat #7 is the button
Seat 1: BARCA1CRIS ($521.59 in chips)
Seat 7: Airbag999 ($97 in chips)
Airbag999: posts small blind $1
BARCA1CRIS: posts big blind $3
*** HOLE CARDS ***
Airbag999: raises $3 to $6
BARCA1CRIS: calls $3
*** FLOP *** [7s As 9c]
BARCA1CRIS: checks
Airbag999: bets $3
BARCA1CRIS: calls $3
*** TURN *** [7s As 9c] [6h]
BARCA1CRIS: checks
Airbag999: checks
*** RIVER *** [7s As 9c 6h] [4s]
BARCA1CRIS: checks
Airbag999: checks
*** SHOW DOWN ***
BARCA1CRIS: shows [5h 5c] (a pair of Fives)
Airbag999: mucks hand
BARCA1CRIS collected $17.64 from pot
*** SUMMARY ***
Total pot $18 | Rake $0.36
Board [7s As 9c 6h 4s]
Seat 1: BARCA1CRIS (big blind) showed [5h 5c] and won ($17.64) with a pair of Fives
Seat 7: Airbag999 (button) (small blind) mucked


