PokerStars Hand #148825524979:  Hold'em Limit ($3/$6 USD) - 2016/02/14 22:22:59 ET
Table 'Joella' 6-max Seat #1 is the button
Seat 1: Velbor107 ($300 in chips)
Seat 4: chipmover360 ($120 in chips)
Velbor107: posts small blind $1
chipmover360: posts big blind $3
*** HOLE CARDS ***
Velbor107: raises $3 to $6
chipmover360: calls $3
*** FLOP *** [4h 5s 3c]
chipmover360: checks
Velbor107: checks
*** TURN *** [4h 5s 3c] [Kc]
chipmover360: bets $6
Velbor107: folds
Uncalled bet ($6) returned to chipmover360
chipmover360 collected $11.76 from pot
chipmover360: doesn't show hand
*** SUMMARY ***
Total pot $12 | Rake $0.24
Board [4h 5s 3c Kc]
Seat 1: Velbor107 (button) (small blind) folded on the Turn
Seat 4: chipmover360 (big blind) collected ($11.76)


PokerStars Hand #148825541901:  Hold'em Limit ($3/$6 USD) - 2016/02/14 22:23:47 ET
Table 'Joella' 6-max Seat #4 is the button
Seat 1: Velbor107 ($294 in chips)
Seat 4: chipmover360 ($125.76 in chips)
chipmover360: posts small blind $1
Velbor107: posts big blind $3
*** HOLE CARDS ***
chipmover360: folds
Uncalled bet ($2) returned to Velbor107
Velbor107 collected $2 from pot
*** SUMMARY ***
Total pot $2 | Rake $0
Seat 1: Velbor107 (big blind) collected ($2)
Seat 4: chipmover360 (button) (small blind) folded before Flop


PokerStars Hand #148825543946:  Hold'em Limit ($3/$6 USD) - 2016/02/14 22:23:52 ET
Table 'Joella' 6-max Seat #1 is the button
Seat 1: Velbor107 ($295 in chips)
Seat 4: chipmover360 ($124.76 in chips)
Velbor107: posts small blind $1
chipmover360: posts big blind $3
*** HOLE CARDS ***
Velbor107: raises $3 to $6
chipmover360: raises $3 to $9
Velbor107: calls $3
*** FLOP *** [9c 6c 2c]
chipmover360: bets $3
Velbor107: calls $3
*** TURN *** [9c 6c 2c] [7c]
chipmover360: checks
Velbor107: bets $6
chipmover360: folds
Uncalled bet ($6) returned to Velbor107
Velbor107 collected $23.52 from pot
*** SUMMARY ***
Total pot $24 | Rake $0.48
Board [9c 6c 2c 7c]
Seat 1: Velbor107 (button) (small blind) collected ($23.52)
Seat 4: chipmover360 (big blind) folded on the Turn


PokerStars Hand #148825566823:  Hold'em Limit ($3/$6 USD) - 2016/02/14 22:24:56 ET
Table 'Joella' 6-max Seat #4 is the button
Seat 1: Velbor107 ($306.52 in chips)
Seat 4: chipmover360 ($112.76 in chips)
chipmover360: posts small blind $1
Velbor107: posts big blind $3
*** HOLE CARDS ***
chipmover360: raises $3 to $6
Velbor107: calls $3
*** FLOP *** [9c Jc 4s]
Velbor107: checks
chipmover360: bets $3
Velbor107: raises $3 to $6
chipmover360: calls $3
*** TURN *** [9c Jc 4s] [3s]
Velbor107: bets $6
chipmover360: calls $6
*** RIVER *** [9c Jc 4s 3s] [Th]
JMMROCHA joins the table at seat #3
Velbor107: bets $6
chipmover360: calls $6
*** SHOW DOWN ***
Velbor107: shows [Jh 3h] (two pair, Jacks and Threes)
chipmover360: mucks hand
Velbor107 collected $47.50 from pot
*** SUMMARY ***
Total pot $48 | Rake $0.50
Board [9c Jc 4s 3s Th]
Seat 1: Velbor107 (big blind) showed [Jh 3h] and won ($47.50) with two pair, Jacks and Threes
Seat 4: chipmover360 (button) (small blind) mucked


PokerStars Hand #148825681615:  Hold'em Limit ($3/$6 USD) - 2016/02/14 22:30:19 ET
Table 'Joella' 6-max Seat #1 is the button
Seat 1: Velbor107 ($347.63 in chips)
Seat 4: chipmover360 ($96.09 in chips)
cawz will be allowed to play after the button
Velbor107: posts small blind $1
chipmover360: posts big blind $3
*** HOLE CARDS ***
Velbor107: raises $3 to $6
chipmover360: calls $3
*** FLOP *** [6h Ah 6s]
chipmover360: checks
Velbor107: bets $3
chipmover360: folds
Uncalled bet ($3) returned to Velbor107
Velbor107 collected $11.76 from pot
*** SUMMARY ***
Total pot $12 | Rake $0.24
Board [6h Ah 6s]
Seat 1: Velbor107 (button) (small blind) collected ($11.76)
Seat 4: chipmover360 (big blind) folded on the Flop


PokerStars Hand #148826353119:  Hold'em Limit ($3/$6 USD) - 2016/02/14 23:04:21 ET
Table 'Joella' 6-max Seat #5 is the button
Seat 1: Velbor107 ($452.47 in chips)
Seat 5: BWTMAGIC ($118.51 in chips)
BWTMAGIC: posts small blind $1
Velbor107: posts big blind $3
*** HOLE CARDS ***
BWTMAGIC: raises $3 to $6
Velbor107: calls $3
*** FLOP *** [4s Qd Ad]
Velbor107: checks
BWTMAGIC: bets $3
Velbor107: raises $3 to $6
BWTMAGIC: raises $3 to $9
Velbor107: raises $3 to $12
Betting is capped
BWTMAGIC: calls $3
*** TURN *** [4s Qd Ad] [Qs]
Velbor107: checks
BWTMAGIC: bets $6
Velbor107: calls $6
*** RIVER *** [4s Qd Ad Qs] [2h]
Velbor107: checks
BWTMAGIC: checks
*** SHOW DOWN ***
Velbor107: shows [As 5d] (two pair, Aces and Queens)
BWTMAGIC: mucks hand
Velbor107 collected $47.50 from pot
*** SUMMARY ***
Total pot $48 | Rake $0.50
Board [4s Qd Ad Qs 2h]
Seat 1: Velbor107 (big blind) showed [As 5d] and won ($47.50) with two pair, Aces and Queens
Seat 5: BWTMAGIC (button) (small blind) mucked


PokerStars Hand #148826350500:  Hold'em Limit ($3/$6 USD) - 2016/02/14 23:04:13 ET
Table 'Joella' 6-max Seat #1 is the button
Seat 1: Velbor107 ($449.47 in chips)
Seat 5: BWTMAGIC ($121.51 in chips)
Velbor107: posts small blind $1
RainBoVan was removed from the table for failing to post
BWTMAGIC: posts big blind $3
*** HOLE CARDS ***
Velbor107: raises $3 to $6
BWTMAGIC: folds
Uncalled bet ($3) returned to Velbor107
Velbor107 collected $6 from pot
*** SUMMARY ***
Total pot $6 | Rake $0
Seat 1: Velbor107 (button) (small blind) collected ($6)
Seat 5: BWTMAGIC (big blind) folded before Flop


PokerStars Hand #148826369411:  Hold'em Limit ($3/$6 USD) - 2016/02/14 23:05:12 ET
Table 'Joella' 6-max Seat #1 is the button
Seat 1: Velbor107 ($496.47 in chips)
Seat 5: BWTMAGIC ($73.51 in chips)
Velbor107: posts small blind $1
BWTMAGIC: posts big blind $3
*** HOLE CARDS ***
Velbor107: raises $3 to $6
BWTMAGIC: raises $3 to $9
Velbor107: calls $3
*** FLOP *** [8h Jh 5d]
BWTMAGIC: bets $3
Velbor107: calls $3
*** TURN *** [8h Jh 5d] [5s]
BWTMAGIC: bets $6
Velbor107: raises $6 to $12
BWTMAGIC: calls $6
*** RIVER *** [8h Jh 5d 5s] [Td]
BWTMAGIC: checks
Velbor107: bets $6
BWTMAGIC: calls $6
*** SHOW DOWN ***
Velbor107: shows [Jd 7s] (two pair, Jacks and Fives)
BWTMAGIC: shows [Jc 2d] (two pair, Jacks and Fives)
BWTMAGIC collected $29.75 from pot
Velbor107 collected $29.75 from pot
*** SUMMARY ***
Total pot $60 | Rake $0.50
Board [8h Jh 5d 5s Td]
Seat 1: Velbor107 (button) (small blind) showed [Jd 7s] and won ($29.75) with two pair, Jacks and Fives
Seat 5: BWTMAGIC (big blind) showed [Jc 2d] and won ($29.75) with two pair, Jacks and Fives


PokerStars Hand #148826368081:  Hold'em Limit ($3/$6 USD) - 2016/02/14 23:05:08 ET
Table 'Joella' 6-max Seat #5 is the button
Seat 1: Velbor107 ($499.47 in chips)
Seat 5: BWTMAGIC ($70.51 in chips)
BWTMAGIC: posts small blind $1
Velbor107: posts big blind $3
*** HOLE CARDS ***
BWTMAGIC: raises $3 to $6
Velbor107: folds
Uncalled bet ($3) returned to BWTMAGIC
BWTMAGIC collected $6 from pot
BWTMAGIC: doesn't show hand
*** SUMMARY ***
Total pot $6 | Rake $0
Seat 1: Velbor107 (big blind) folded before Flop
Seat 5: BWTMAGIC (button) (small blind) collected ($6)


PokerStars Hand #148826359772:  Hold'em Limit ($3/$6 USD) - 2016/02/14 23:04:42 ET
Table 'Joella' 6-max Seat #1 is the button
Seat 1: Velbor107 ($475.97 in chips)
Seat 5: BWTMAGIC ($94.51 in chips)
Velbor107: posts small blind $1
BWTMAGIC: posts big blind $3
*** HOLE CARDS ***
Velbor107: raises $3 to $6
BWTMAGIC: calls $3
*** FLOP *** [6c As 3c]
BWTMAGIC: checks
Velbor107: bets $3
BWTMAGIC: raises $3 to $6
Velbor107: calls $3
*** TURN *** [6c As 3c] [Qs]
BWTMAGIC: bets $6
Velbor107: calls $6
*** RIVER *** [6c As 3c Qs] [7c]
BWTMAGIC: bets $6
Velbor107: calls $6
*** SHOW DOWN ***
BWTMAGIC: shows [Js 5c] (high card Ace)
Velbor107: shows [6d Ks] (a pair of Sixes)
Velbor107 collected $47.50 from pot
*** SUMMARY ***
Total pot $48 | Rake $0.50
Board [6c As 3c Qs 7c]
Seat 1: Velbor107 (button) (small blind) showed [6d Ks] and won ($47.50) with a pair of Sixes
Seat 5: BWTMAGIC (big blind) showed [Js 5c] and lost with high card Ace


PokerStars Hand #148826378954:  Hold'em Limit ($3/$6 USD) - 2016/02/14 23:05:42 ET
Table 'Joella' 6-max Seat #5 is the button
Seat 1: Velbor107 ($496.22 in chips)
Seat 5: BWTMAGIC ($73.26 in chips)
BWTMAGIC: posts small blind $1
Velbor107: posts big blind $3
*** HOLE CARDS ***
BWTMAGIC: raises $3 to $6
Velbor107: calls $3
*** FLOP *** [Jd 7h Qd]
Velbor107: checks
BWTMAGIC: checks
*** TURN *** [Jd 7h Qd] [9d]
Velbor107: checks
BWTMAGIC: bets $6
Velbor107: calls $6
*** RIVER *** [Jd 7h Qd 9d] [Th]
Velbor107: checks
BWTMAGIC: checks
*** SHOW DOWN ***
Velbor107: shows [7c Ah] (a pair of Sevens)
BWTMAGIC: shows [9h Jh] (two pair, Jacks and Nines)
BWTMAGIC collected $23.52 from pot
*** SUMMARY ***
Total pot $24 | Rake $0.48
Board [Jd 7h Qd 9d Th]
Seat 1: Velbor107 (big blind) showed [7c Ah] and lost with a pair of Sevens
Seat 5: BWTMAGIC (button) (small blind) showed [9h Jh] and won ($23.52) with two pair, Jacks and Nines


PokerStars Hand #148826385493:  Hold'em Limit ($3/$6 USD) - 2016/02/14 23:06:04 ET
Table 'Joella' 6-max Seat #1 is the button
Seat 1: Velbor107 ($484.22 in chips)
Seat 5: BWTMAGIC ($84.78 in chips)
Velbor107: posts small blind $1
BWTMAGIC: posts big blind $3
*** HOLE CARDS ***
Velbor107: raises $3 to $6
BWTMAGIC: raises $3 to $9
Velbor107: calls $3
*** FLOP *** [5h 7h Jd]
BWTMAGIC: bets $3
Velbor107: calls $3
*** TURN *** [5h 7h Jd] [5s]
BWTMAGIC: bets $6
Velbor107: calls $6
*** RIVER *** [5h 7h Jd 5s] [5c]
BWTMAGIC: checks
Velbor107: checks
*** SHOW DOWN ***
BWTMAGIC: shows [9s Qs] (three of a kind, Fives)
Velbor107: mucks hand
BWTMAGIC collected $35.50 from pot
*** SUMMARY ***
Total pot $36 | Rake $0.50
Board [5h 7h Jd 5s 5c]
Seat 1: Velbor107 (button) (small blind) mucked
Seat 5: BWTMAGIC (big blind) showed [9s Qs] and won ($35.50) with three of a kind, Fives


PokerStars Hand #148826393647:  Hold'em Limit ($3/$6 USD) - 2016/02/14 23:06:30 ET
Table 'Joella' 6-max Seat #5 is the button
Seat 1: Velbor107 ($466.22 in chips)
Seat 5: BWTMAGIC ($102.28 in chips)
BWTMAGIC: posts small blind $1
Velbor107: posts big blind $3
*** HOLE CARDS ***
BWTMAGIC: raises $3 to $6
Velbor107: calls $3
*** FLOP *** [Kd Qc 8s]
Velbor107: checks
BWTMAGIC: bets $3
Velbor107: raises $3 to $6
BWTMAGIC: calls $3
*** TURN *** [Kd Qc 8s] [As]
Velbor107: checks
BWTMAGIC: checks
*** RIVER *** [Kd Qc 8s As] [Jd]
Velbor107: checks
BWTMAGIC: checks
*** SHOW DOWN ***
Velbor107: shows [4s Kc] (a pair of Kings)
BWTMAGIC: mucks hand
Velbor107 collected $23.52 from pot
*** SUMMARY ***
Total pot $24 | Rake $0.48
Board [Kd Qc 8s As Jd]
Seat 1: Velbor107 (big blind) showed [4s Kc] and won ($23.52) with a pair of Kings
Seat 5: BWTMAGIC (button) (small blind) mucked


PokerStars Hand #148826417343:  Hold'em Limit ($3/$6 USD) - 2016/02/14 23:07:46 ET
Table 'Joella' 6-max Seat #5 is the button
Seat 1: Velbor107 ($542.88 in chips)
Seat 5: BWTMAGIC ($24.28 in chips)
BWTMAGIC: posts small blind $1
Velbor107: posts big blind $3
*** HOLE CARDS ***
BWTMAGIC: raises $3 to $6
Velbor107: calls $3
*** FLOP *** [Qc 2c Jc]
Velbor107: checks
BWTMAGIC: bets $3
Velbor107: folds
Uncalled bet ($3) returned to BWTMAGIC
BWTMAGIC collected $11.76 from pot
BWTMAGIC: doesn't show hand
*** SUMMARY ***
Total pot $12 | Rake $0.24
Board [Qc 2c Jc]
Seat 1: Velbor107 (big blind) folded on the Flop
Seat 5: BWTMAGIC (button) (small blind) collected ($11.76)


PokerStars Hand #148826415186:  Hold'em Limit ($3/$6 USD) - 2016/02/14 23:07:39 ET
Table 'Joella' 6-max Seat #1 is the button
Seat 1: Velbor107 ($539.88 in chips)
Seat 5: BWTMAGIC ($27.28 in chips)
Velbor107: posts small blind $1
BWTMAGIC: posts big blind $3
*** HOLE CARDS ***
Velbor107: raises $3 to $6
BWTMAGIC: folds
Uncalled bet ($3) returned to Velbor107
Velbor107 collected $6 from pot
*** SUMMARY ***
Total pot $6 | Rake $0
Seat 1: Velbor107 (button) (small blind) collected ($6)
Seat 5: BWTMAGIC (big blind) folded before Flop


PokerStars Hand #148826406402:  Hold'em Limit ($3/$6 USD) - 2016/02/14 23:07:11 ET
Table 'Joella' 6-max Seat #5 is the button
Seat 1: Velbor107 ($486.38 in chips)
Seat 5: BWTMAGIC ($81.28 in chips)
BWTMAGIC: posts small blind $1
Velbor107: posts big blind $3
*** HOLE CARDS ***
BWTMAGIC: raises $3 to $6
Velbor107: raises $3 to $9
BWTMAGIC: raises $3 to $12
Betting is capped
Velbor107: calls $3
*** FLOP *** [6h 8c Qd]
Velbor107: checks
BWTMAGIC: bets $3
Velbor107: raises $3 to $6
BWTMAGIC: raises $3 to $9
Velbor107: raises $3 to $12
Betting is capped
BWTMAGIC: calls $3
*** TURN *** [6h 8c Qd] [Kc]
Velbor107: bets $6
BWTMAGIC: raises $6 to $12
Velbor107: raises $6 to $18
BWTMAGIC: raises $6 to $24
Betting is capped
Velbor107: calls $6
*** RIVER *** [6h 8c Qd Kc] [As]
Velbor107: bets $6
BWTMAGIC: calls $6
*** SHOW DOWN ***
Velbor107: shows [6c 6s] (three of a kind, Sixes)
BWTMAGIC: mucks hand
Velbor107 collected $107.50 from pot
*** SUMMARY ***
Total pot $108 | Rake $0.50
Board [6h 8c Qd Kc As]
Seat 1: Velbor107 (big blind) showed [6c 6s] and won ($107.50) with three of a kind, Sixes
Seat 5: BWTMAGIC (button) (small blind) mucked


PokerStars Hand #148826401470:  Hold'em Limit ($3/$6 USD) - 2016/02/14 23:06:55 ET
Table 'Joella' 6-max Seat #1 is the button
Seat 1: Velbor107 ($477.74 in chips)
Seat 5: BWTMAGIC ($90.28 in chips)
Velbor107: posts small blind $1
BWTMAGIC: posts big blind $3
*** HOLE CARDS ***
Velbor107: raises $3 to $6
BWTMAGIC: calls $3
*** FLOP *** [Jd 9h 2c]
BWTMAGIC: checks
Velbor107: bets $3
BWTMAGIC: calls $3
*** TURN *** [Jd 9h 2c] [6h]
BWTMAGIC: checks
Velbor107: bets $6
BWTMAGIC: folds
Uncalled bet ($6) returned to Velbor107
Velbor107 collected $17.64 from pot
*** SUMMARY ***
Total pot $18 | Rake $0.36
Board [Jd 9h 2c 6h]
Seat 1: Velbor107 (button) (small blind) collected ($17.64)
Seat 5: BWTMAGIC (big blind) folded on the Turn


PokerStars Hand #148826422105:  Hold'em Limit ($3/$6 USD) - 2016/02/14 23:08:01 ET
Table 'Joella' 6-max Seat #1 is the button
Seat 1: Velbor107 ($536.88 in chips)
Seat 5: BWTMAGIC ($30.04 in chips)
Velbor107: posts small blind $1
BWTMAGIC: posts big blind $3
*** HOLE CARDS ***
Velbor107: raises $3 to $6
BWTMAGIC: raises $3 to $9
Velbor107: calls $3
*** FLOP *** [8s 2c 9s]
BWTMAGIC: bets $3
Velbor107: calls $3
*** TURN *** [8s 2c 9s] [3d]
BWTMAGIC: bets $6
Velbor107: raises $6 to $12
BWTMAGIC: raises $6 to $18
Velbor107: raises $6 to $24
Betting is capped
BWTMAGIC: calls $0.04 and is all-in
Uncalled bet ($5.96) returned to Velbor107
*** RIVER *** [8s 2c 9s 3d] [9h]
*** SHOW DOWN ***
BWTMAGIC: shows [Ad 4c] (a pair of Nines)
Velbor107: shows [9c Ah] (three of a kind, Nines)
Velbor107 collected $59.58 from pot
*** SUMMARY ***
Total pot $60.08 | Rake $0.50
Board [8s 2c 9s 3d 9h]
Seat 1: Velbor107 (button) (small blind) showed [9c Ah] and won ($59.58) with three of a kind, Nines
Seat 5: BWTMAGIC (big blind) showed [Ad 4c] and lost with a pair of Nines


PokerStars Hand #148826443919:  Hold'em Limit ($3/$6 USD) - 2016/02/14 23:09:12 ET
Table 'Joella' 6-max Seat #5 is the button
Seat 1: Velbor107 ($566.42 in chips)
Seat 5: BWTMAGIC ($109.35 in chips)
BWTMAGIC: posts small blind $1
Velbor107: posts big blind $3
*** HOLE CARDS ***
BWTMAGIC: raises $3 to $6
Velbor107: calls $3
*** FLOP *** [5s 8s Kh]
Velbor107: checks
BWTMAGIC: bets $3
Velbor107: calls $3
*** TURN *** [5s 8s Kh] [Qc]
Velbor107: checks
BWTMAGIC: bets $6
Velbor107: folds
Uncalled bet ($6) returned to BWTMAGIC
BWTMAGIC collected $17.64 from pot
BWTMAGIC: doesn't show hand
*** SUMMARY ***
Total pot $18 | Rake $0.36
Board [5s 8s Kh Qc]
Seat 1: Velbor107 (big blind) folded on the Turn
Seat 5: BWTMAGIC (button) (small blind) collected ($17.64)


PokerStars Hand #148826466574:  Hold'em Limit ($3/$6 USD) - 2016/02/14 23:10:25 ET
Table 'Joella' 6-max Seat #1 is the button
Seat 1: Velbor107 ($540.42 in chips)
Seat 5: BWTMAGIC ($134.49 in chips)
Velbor107: posts small blind $1
BWTMAGIC: posts big blind $3
*** HOLE CARDS ***
Velbor107: raises $3 to $6
BWTMAGIC: calls $3
*** FLOP *** [2s Td 6c]
BWTMAGIC: checks
Velbor107: checks
*** TURN *** [2s Td 6c] [As]
BWTMAGIC: bets $6
Velbor107: calls $6
*** RIVER *** [2s Td 6c As] [Tc]
BWTMAGIC: bets $6
Velbor107: calls $6
*** SHOW DOWN ***
BWTMAGIC: shows [7c 4h] (a pair of Tens)
Velbor107: shows [5d Kd] (a pair of Tens - Ace+King kicker)
Velbor107 collected $35.50 from pot
*** SUMMARY ***
Total pot $36 | Rake $0.50
Board [2s Td 6c As Tc]
Seat 1: Velbor107 (button) (small blind) showed [5d Kd] and won ($35.50) with a pair of Tens
Seat 5: BWTMAGIC (big blind) showed [7c 4h] and lost with a pair of Tens


PokerStars Hand #148826464931:  Hold'em Limit ($3/$6 USD) - 2016/02/14 23:10:20 ET
Table 'Joella' 6-max Seat #5 is the button
Seat 1: Velbor107 ($539.42 in chips)
Seat 5: BWTMAGIC ($135.49 in chips)
BWTMAGIC: posts small blind $1
Velbor107: posts big blind $3
*** HOLE CARDS ***
BWTMAGIC: folds
Uncalled bet ($2) returned to Velbor107
Velbor107 collected $2 from pot
*** SUMMARY ***
Total pot $2 | Rake $0
Seat 1: Velbor107 (big blind) collected ($2)
Seat 5: BWTMAGIC (button) (small blind) folded before Flop


PokerStars Hand #148826455143:  Hold'em Limit ($3/$6 USD) - 2016/02/14 23:09:48 ET
Table 'Joella' 6-max Seat #1 is the button
Seat 1: Velbor107 ($557.42 in chips)
Seat 5: BWTMAGIC ($117.99 in chips)
Velbor107: posts small blind $1
BWTMAGIC: posts big blind $3
*** HOLE CARDS ***
Velbor107: raises $3 to $6
BWTMAGIC: calls $3
*** FLOP *** [3d 8d Kd]
BWTMAGIC: checks
Velbor107: bets $3
BWTMAGIC: raises $3 to $6
Velbor107: calls $3
*** TURN *** [3d 8d Kd] [Ac]
BWTMAGIC: bets $6
Velbor107: calls $6
*** RIVER *** [3d 8d Kd Ac] [4c]
BWTMAGIC: checks
Velbor107: checks
*** SHOW DOWN ***
BWTMAGIC: shows [3c 7d] (a pair of Threes)
Velbor107: mucks hand
BWTMAGIC collected $35.50 from pot
*** SUMMARY ***
Total pot $36 | Rake $0.50
Board [3d 8d Kd Ac 4c]
Seat 1: Velbor107 (button) (small blind) mucked
Seat 5: BWTMAGIC (big blind) showed [3c 7d] and won ($35.50) with a pair of Threes


PokerStars Hand #148826492170:  Hold'em Limit ($3/$6 USD) - 2016/02/14 23:11:49 ET
Table 'Joella' 6-max Seat #1 is the button
Seat 1: Velbor107 ($522.92 in chips)
Seat 5: BWTMAGIC ($150.75 in chips)
Velbor107: posts small blind $1
BWTMAGIC: posts big blind $3
*** HOLE CARDS ***
Velbor107: raises $3 to $6
BWTMAGIC: folds
Uncalled bet ($3) returned to Velbor107
Velbor107 collected $6 from pot
*** SUMMARY ***
Total pot $6 | Rake $0
Seat 1: Velbor107 (button) (small blind) collected ($6)
Seat 5: BWTMAGIC (big blind) folded before Flop


PokerStars Hand #148826490596:  Hold'em Limit ($3/$6 USD) - 2016/02/14 23:11:44 ET
Table 'Joella' 6-max Seat #5 is the button
Seat 1: Velbor107 ($521.92 in chips)
Seat 5: BWTMAGIC ($151.75 in chips)
BWTMAGIC: posts small blind $1
Velbor107: posts big blind $3
*** HOLE CARDS ***
BWTMAGIC: folds
Uncalled bet ($2) returned to Velbor107
Velbor107 collected $2 from pot
*** SUMMARY ***
Total pot $2 | Rake $0
Seat 1: Velbor107 (big blind) collected ($2)
Seat 5: BWTMAGIC (button) (small blind) folded before Flop


PokerStars Hand #148826480496:  Hold'em Limit ($3/$6 USD) - 2016/02/14 23:11:11 ET
Table 'Joella' 6-max Seat #1 is the button
Seat 1: Velbor107 ($551.92 in chips)
Seat 5: BWTMAGIC ($122.25 in chips)
Velbor107: posts small blind $1
BWTMAGIC: posts big blind $3
*** HOLE CARDS ***
Velbor107: raises $3 to $6
BWTMAGIC: raises $3 to $9
Velbor107: calls $3
*** FLOP *** [Kh As 8c]
BWTMAGIC: bets $3
Velbor107: calls $3
*** TURN *** [Kh As 8c] [Td]
BWTMAGIC: checks
Velbor107: bets $6
BWTMAGIC: raises $6 to $12
Velbor107: calls $6
*** RIVER *** [Kh As 8c Td] [4s]
BWTMAGIC: bets $6
Velbor107: calls $6
*** SHOW DOWN ***
BWTMAGIC: shows [Ac Kc] (two pair, Aces and Kings)
Velbor107: mucks hand
BWTMAGIC collected $59.50 from pot
*** SUMMARY ***
Total pot $60 | Rake $0.50
Board [Kh As 8c Td 4s]
Seat 1: Velbor107 (button) (small blind) mucked
Seat 5: BWTMAGIC (big blind) showed [Ac Kc] and won ($59.50) with two pair, Aces and Kings


PokerStars Hand #148826476194:  Hold'em Limit ($3/$6 USD) - 2016/02/14 23:10:57 ET
Table 'Joella' 6-max Seat #5 is the button
Seat 1: Velbor107 ($557.92 in chips)
Seat 5: BWTMAGIC ($116.49 in chips)
BWTMAGIC: posts small blind $1
Velbor107: posts big blind $3
*** HOLE CARDS ***
BWTMAGIC: raises $3 to $6
Velbor107: calls $3
*** FLOP *** [7s 5s 8s]
Velbor107: checks
BWTMAGIC: bets $3
Velbor107: folds
Uncalled bet ($3) returned to BWTMAGIC
BWTMAGIC collected $11.76 from pot
BWTMAGIC: doesn't show hand
*** SUMMARY ***
Total pot $12 | Rake $0.24
Board [7s 5s 8s]
Seat 1: Velbor107 (big blind) folded on the Flop
Seat 5: BWTMAGIC (button) (small blind) collected ($11.76)


PokerStars Hand #148826494250:  Hold'em Limit ($3/$6 USD) - 2016/02/14 23:11:55 ET
Table 'Joella' 6-max Seat #5 is the button
Seat 1: Velbor107 ($525.92 in chips)
Seat 5: BWTMAGIC ($147.75 in chips)
BWTMAGIC: posts small blind $1
Velbor107: posts big blind $3
*** HOLE CARDS ***
BWTMAGIC: raises $3 to $6
Velbor107: calls $3
*** FLOP *** [7s 8c 2h]
Velbor107: checks
BWTMAGIC: bets $3
Velbor107: calls $3
*** TURN *** [7s 8c 2h] [7c]
Velbor107: checks
BWTMAGIC: bets $6
Velbor107: calls $6
*** RIVER *** [7s 8c 2h 7c] [Th]
Velbor107: checks
BWTMAGIC: checks
*** SHOW DOWN ***
Velbor107: shows [6h Ad] (a pair of Sevens)
BWTMAGIC: shows [9d 8d] (two pair, Eights and Sevens)
BWTMAGIC collected $29.50 from pot
*** SUMMARY ***
Total pot $30 | Rake $0.50
Board [7s 8c 2h 7c Th]
Seat 1: Velbor107 (big blind) showed [6h Ad] and lost with a pair of Sevens
Seat 5: BWTMAGIC (button) (small blind) showed [9d 8d] and won ($29.50) with two pair, Eights and Sevens


PokerStars Hand #148826507842:  Hold'em Limit ($3/$6 USD) - 2016/02/14 23:12:40 ET
Table 'Joella' 6-max Seat #5 is the button
Seat 1: Velbor107 ($516.68 in chips)
Seat 5: BWTMAGIC ($156.25 in chips)
BWTMAGIC: posts small blind $1
Velbor107: posts big blind $3
*** HOLE CARDS ***
BWTMAGIC: raises $3 to $6
Velbor107: calls $3
*** FLOP *** [6s Ts 9s]
Velbor107: checks
BWTMAGIC: bets $3
Velbor107: calls $3
*** TURN *** [6s Ts 9s] [5h]
Velbor107: bets $6
BWTMAGIC: raises $6 to $12
Velbor107: calls $6
*** RIVER *** [6s Ts 9s 5h] [3c]
Velbor107: checks
BWTMAGIC: bets $6
Velbor107: calls $6
*** SHOW DOWN ***
BWTMAGIC: shows [Kc Kd] (a pair of Kings)
Velbor107: mucks hand
BWTMAGIC collected $53.50 from pot
*** SUMMARY ***
Total pot $54 | Rake $0.50
Board [6s Ts 9s 5h 3c]
Seat 1: Velbor107 (big blind) mucked
Seat 5: BWTMAGIC (button) (small blind) showed [Kc Kd] and won ($53.50) with a pair of Kings


PokerStars Hand #148826515274:  Hold'em Limit ($3/$6 USD) - 2016/02/14 23:13:04 ET
Table 'Joella' 6-max Seat #1 is the button
Seat 1: Velbor107 ($489.68 in chips)
Seat 5: BWTMAGIC ($182.75 in chips)
Velbor107: posts small blind $1
BWTMAGIC: posts big blind $3
*** HOLE CARDS ***
Velbor107: raises $3 to $6
BWTMAGIC: folds
Uncalled bet ($3) returned to Velbor107
Velbor107 collected $6 from pot
*** SUMMARY ***
Total pot $6 | Rake $0
Seat 1: Velbor107 (button) (small blind) collected ($6)
Seat 5: BWTMAGIC (big blind) folded before Flop


PokerStars Hand #148826517324:  Hold'em Limit ($3/$6 USD) - 2016/02/14 23:13:11 ET
Table 'Joella' 6-max Seat #5 is the button
Seat 1: Velbor107 ($492.68 in chips)
Seat 5: BWTMAGIC ($179.75 in chips)
BWTMAGIC: posts small blind $1
Velbor107: posts big blind $3
*** HOLE CARDS ***
BWTMAGIC: raises $3 to $6
Velbor107: calls $3
*** FLOP *** [6d Qd Ts]
Velbor107: checks
BWTMAGIC: bets $3
Velbor107: folds
Uncalled bet ($3) returned to BWTMAGIC
BWTMAGIC collected $11.76 from pot
BWTMAGIC: doesn't show hand
*** SUMMARY ***
Total pot $12 | Rake $0.24
Board [6d Qd Ts]
Seat 1: Velbor107 (big blind) folded on the Flop
Seat 5: BWTMAGIC (button) (small blind) collected ($11.76)


PokerStars Hand #148826520664:  Hold'em Limit ($3/$6 USD) - 2016/02/14 23:13:22 ET
Table 'Joella' 6-max Seat #1 is the button
Seat 1: Velbor107 ($486.68 in chips)
Seat 5: BWTMAGIC ($185.51 in chips)
Velbor107: posts small blind $1
BWTMAGIC: posts big blind $3
*** HOLE CARDS ***
Velbor107: raises $3 to $6
BWTMAGIC: calls $3
*** FLOP *** [7d Qd 6d]
BWTMAGIC: checks
Velbor107: bets $3
BWTMAGIC: raises $3 to $6
Velbor107: calls $3
*** TURN *** [7d Qd 6d] [Jd]
BWTMAGIC: bets $6
Velbor107: calls $6
*** RIVER *** [7d Qd 6d Jd] [7h]
BWTMAGIC: bets $6
Velbor107: calls $6
*** SHOW DOWN ***
BWTMAGIC: shows [8d 5c] (a flush, Queen high)
Velbor107: shows [9d Ah] (a flush, Queen high - Nine higher)
Velbor107 collected $47.50 from pot
*** SUMMARY ***
Total pot $48 | Rake $0.50
Board [7d Qd 6d Jd 7h]
Seat 1: Velbor107 (button) (small blind) showed [9d Ah] and won ($47.50) with a flush, Queen high
Seat 5: BWTMAGIC (big blind) showed [8d 5c] and lost with a flush, Queen high


PokerStars Hand #148826527785:  Hold'em Limit ($3/$6 USD) - 2016/02/14 23:13:45 ET
Table 'Joella' 6-max Seat #5 is the button
Seat 1: Velbor107 ($510.18 in chips)
Seat 5: BWTMAGIC ($161.51 in chips)
BWTMAGIC: posts small blind $1
Velbor107: posts big blind $3
*** HOLE CARDS ***
BWTMAGIC: raises $3 to $6
Velbor107: calls $3
*** FLOP *** [Jc 8h 7c]
Velbor107: checks
BWTMAGIC: bets $3
Velbor107: calls $3
*** TURN *** [Jc 8h 7c] [Tc]
Velbor107: bets $6
BWTMAGIC: raises $6 to $12
Velbor107: raises $6 to $18
BWTMAGIC: raises $6 to $24
Betting is capped
Velbor107: calls $6
*** RIVER *** [Jc 8h 7c Tc] [Td]
Velbor107: checks
BWTMAGIC: checks
*** SHOW DOWN ***
Velbor107: shows [5c Kc] (a flush, King high)
BWTMAGIC: mucks hand
Velbor107 collected $65.50 from pot
*** SUMMARY ***
Total pot $66 | Rake $0.50
Board [Jc 8h 7c Tc Td]
Seat 1: Velbor107 (big blind) showed [5c Kc] and won ($65.50) with a flush, King high
Seat 5: BWTMAGIC (button) (small blind) mucked


PokerStars Hand #148826541527:  Hold'em Limit ($3/$6 USD) - 2016/02/14 23:14:30 ET
Table 'Joella' 6-max Seat #5 is the button
Seat 1: Velbor107 ($541.68 in chips)
Seat 5: BWTMAGIC ($129.51 in chips)
BWTMAGIC: posts small blind $1
Velbor107: posts big blind $3
*** HOLE CARDS ***
BWTMAGIC: raises $3 to $6
Velbor107: folds
Uncalled bet ($3) returned to BWTMAGIC
BWTMAGIC collected $6 from pot
BWTMAGIC: doesn't show hand
*** SUMMARY ***
Total pot $6 | Rake $0
Seat 1: Velbor107 (big blind) folded before Flop
Seat 5: BWTMAGIC (button) (small blind) collected ($6)


PokerStars Hand #148826540035:  Hold'em Limit ($3/$6 USD) - 2016/02/14 23:14:25 ET
Table 'Joella' 6-max Seat #1 is the button
Seat 1: Velbor107 ($542.68 in chips)
Seat 5: BWTMAGIC ($128.51 in chips)
Velbor107: posts small blind $1
BWTMAGIC: posts big blind $3
*** HOLE CARDS ***
Velbor107: folds
Uncalled bet ($2) returned to BWTMAGIC
BWTMAGIC collected $2 from pot
BWTMAGIC: doesn't show hand
*** SUMMARY ***
Total pot $2 | Rake $0
Seat 1: Velbor107 (button) (small blind) folded before Flop
Seat 5: BWTMAGIC (big blind) collected ($2)


PokerStars Hand #148826543152:  Hold'em Limit ($3/$6 USD) - 2016/02/14 23:14:36 ET
Table 'Joella' 6-max Seat #1 is the button
Seat 1: Velbor107 ($538.68 in chips)
Seat 5: BWTMAGIC ($132.51 in chips)
Velbor107: posts small blind $1
BWTMAGIC: posts big blind $3
*** HOLE CARDS ***
Velbor107: folds
Uncalled bet ($2) returned to BWTMAGIC
BWTMAGIC collected $2 from pot
BWTMAGIC: doesn't show hand
*** SUMMARY ***
Total pot $2 | Rake $0
Seat 1: Velbor107 (button) (small blind) folded before Flop
Seat 5: BWTMAGIC (big blind) collected ($2)


PokerStars Hand #148826544660:  Hold'em Limit ($3/$6 USD) - 2016/02/14 23:14:41 ET
Table 'Joella' 6-max Seat #5 is the button
Seat 1: Velbor107 ($537.68 in chips)
Seat 5: BWTMAGIC ($133.51 in chips)
BWTMAGIC: posts small blind $1
Velbor107: posts big blind $3
*** HOLE CARDS ***
BWTMAGIC: raises $3 to $6
Velbor107: calls $3
*** FLOP *** [8c 7s Kc]
Velbor107: checks
BWTMAGIC: bets $3
Velbor107: raises $3 to $6
BWTMAGIC: raises $3 to $9
Velbor107: calls $3
*** TURN *** [8c 7s Kc] [3s]
Velbor107: checks
BWTMAGIC: checks
*** RIVER *** [8c 7s Kc 3s] [Th]
Velbor107: bets $6
BWTMAGIC: folds
Uncalled bet ($6) returned to Velbor107
Velbor107 collected $29.50 from pot
*** SUMMARY ***
Total pot $30 | Rake $0.50
Board [8c 7s Kc 3s Th]
Seat 1: Velbor107 (big blind) collected ($29.50)
Seat 5: BWTMAGIC (button) (small blind) folded on the River


PokerStars Hand #148826556995:  Hold'em Limit ($3/$6 USD) - 2016/02/14 23:15:21 ET
Table 'Joella' 6-max Seat #1 is the button
Seat 1: Velbor107 ($552.18 in chips)
Seat 5: BWTMAGIC ($118.51 in chips)
Velbor107: posts small blind $1
BWTMAGIC: posts big blind $3
*** HOLE CARDS ***
Velbor107: raises $3 to $6
BWTMAGIC: calls $3
*** FLOP *** [7c Ts 7d]
BWTMAGIC: checks
Velbor107: bets $3
BWTMAGIC: calls $3
*** TURN *** [7c Ts 7d] [2d]
BWTMAGIC: checks
Velbor107: bets $6
BWTMAGIC: folds
Uncalled bet ($6) returned to Velbor107
Velbor107 collected $17.64 from pot
*** SUMMARY ***
Total pot $18 | Rake $0.36
Board [7c Ts 7d 2d]
Seat 1: Velbor107 (button) (small blind) collected ($17.64)
Seat 5: BWTMAGIC (big blind) folded on the Turn


PokerStars Hand #148826574640:  Hold'em Limit ($3/$6 USD) - 2016/02/14 23:16:20 ET
Table 'Joella' 6-max Seat #1 is the button
Seat 1: Velbor107 ($590.32 in chips)
Seat 5: BWTMAGIC ($79.51 in chips)
Velbor107: posts small blind $1
BWTMAGIC: posts big blind $3
*** HOLE CARDS ***
Velbor107: folds
Uncalled bet ($2) returned to BWTMAGIC
BWTMAGIC collected $2 from pot
BWTMAGIC: doesn't show hand
*** SUMMARY ***
Total pot $2 | Rake $0
Seat 1: Velbor107 (button) (small blind) folded before Flop
Seat 5: BWTMAGIC (big blind) collected ($2)


PokerStars Hand #148826581319:  Hold'em Limit ($3/$6 USD) - 2016/02/14 23:16:42 ET
Table 'Joella' 6-max Seat #1 is the button
Seat 1: Velbor107 ($597.96 in chips)
Seat 5: BWTMAGIC ($71.51 in chips)
Velbor107: posts small blind $1
BWTMAGIC: posts big blind $3
*** HOLE CARDS ***
Velbor107: folds
Uncalled bet ($2) returned to BWTMAGIC
BWTMAGIC collected $2 from pot
BWTMAGIC: doesn't show hand
*** SUMMARY ***
Total pot $2 | Rake $0
Seat 1: Velbor107 (button) (small blind) folded before Flop
Seat 5: BWTMAGIC (big blind) collected ($2)


PokerStars Hand #148826576669:  Hold'em Limit ($3/$6 USD) - 2016/02/14 23:16:26 ET
Table 'Joella' 6-max Seat #5 is the button
Seat 1: Velbor107 ($589.32 in chips)
Seat 5: BWTMAGIC ($80.51 in chips)
BWTMAGIC: posts small blind $1
Velbor107: posts big blind $3
*** HOLE CARDS ***
BWTMAGIC: raises $3 to $6
Velbor107: calls $3
*** FLOP *** [8s Jh Kd]
Velbor107: checks
BWTMAGIC: bets $3
Velbor107: raises $3 to $6
BWTMAGIC: folds
Uncalled bet ($3) returned to Velbor107
Velbor107 collected $17.64 from pot
*** SUMMARY ***
Total pot $18 | Rake $0.36
Board [8s Jh Kd]
Seat 1: Velbor107 (big blind) collected ($17.64)
Seat 5: BWTMAGIC (button) (small blind) folded on the Flop


PokerStars Hand #148826562837:  Hold'em Limit ($3/$6 USD) - 2016/02/14 23:15:40 ET
Table 'Joella' 6-max Seat #5 is the button
Seat 1: Velbor107 ($560.82 in chips)
Seat 5: BWTMAGIC ($109.51 in chips)
BWTMAGIC: posts small blind $1
Velbor107: posts big blind $3
*** HOLE CARDS ***
BWTMAGIC: raises $3 to $6
Velbor107: calls $3
*** FLOP *** [Kh 9c 3c]
Velbor107: checks
BWTMAGIC: bets $3
Velbor107: raises $3 to $6
BWTMAGIC: raises $3 to $9
Velbor107: raises $3 to $12
Betting is capped
BWTMAGIC: calls $3
*** TURN *** [Kh 9c 3c] [Th]
Velbor107: bets $6
BWTMAGIC: raises $6 to $12
Velbor107: calls $6
*** RIVER *** [Kh 9c 3c Th] [4s]
Velbor107: checks
BWTMAGIC: checks
*** SHOW DOWN ***
Velbor107: shows [8c Kd] (a pair of Kings)
BWTMAGIC: mucks hand
Velbor107 collected $59.50 from pot
*** SUMMARY ***
Total pot $60 | Rake $0.50
Board [Kh 9c 3c Th 4s]
Seat 1: Velbor107 (big blind) showed [8c Kd] and won ($59.50) with a pair of Kings
Seat 5: BWTMAGIC (button) (small blind) mucked


PokerStars Hand #148826590467:  Hold'em Limit ($3/$6 USD) - 2016/02/14 23:17:12 ET
Table 'Joella' 6-max Seat #1 is the button
Seat 1: Velbor107 ($581.96 in chips)
Seat 5: BWTMAGIC ($87.01 in chips)
Velbor107: posts small blind $1
BWTMAGIC: posts big blind $3
*** HOLE CARDS ***
Velbor107: raises $3 to $6
BWTMAGIC: raises $3 to $9
Velbor107: calls $3
*** FLOP *** [9d 7s Ad]
BWTMAGIC: bets $3
Velbor107: folds
Uncalled bet ($3) returned to BWTMAGIC
BWTMAGIC collected $17.64 from pot
BWTMAGIC: doesn't show hand
*** SUMMARY ***
Total pot $18 | Rake $0.36
Board [9d 7s Ad]
Seat 1: Velbor107 (button) (small blind) folded on the Flop
Seat 5: BWTMAGIC (big blind) collected ($17.64)


PokerStars Hand #148826595005:  Hold'em Limit ($3/$6 USD) - 2016/02/14 23:17:27 ET
Table 'Joella' 6-max Seat #5 is the button
Seat 1: Velbor107 ($572.96 in chips)
Seat 5: BWTMAGIC ($95.65 in chips)
BWTMAGIC: posts small blind $1
Velbor107: posts big blind $3
*** HOLE CARDS ***
BWTMAGIC: raises $3 to $6
Velbor107: calls $3
*** FLOP *** [Qh Ah 5s]
Velbor107: checks
BWTMAGIC: bets $3
Velbor107: folds
Uncalled bet ($3) returned to BWTMAGIC
BWTMAGIC collected $11.76 from pot
BWTMAGIC: doesn't show hand
*** SUMMARY ***
Total pot $12 | Rake $0.24
Board [Qh Ah 5s]
Seat 1: Velbor107 (big blind) folded on the Flop
Seat 5: BWTMAGIC (button) (small blind) collected ($11.76)


PokerStars Hand #148826582676:  Hold'em Limit ($3/$6 USD) - 2016/02/14 23:16:46 ET
Table 'Joella' 6-max Seat #5 is the button
Seat 1: Velbor107 ($596.96 in chips)
Seat 5: BWTMAGIC ($72.51 in chips)
BWTMAGIC: posts small blind $1
Velbor107: posts big blind $3
*** HOLE CARDS ***
BWTMAGIC: raises $3 to $6
Velbor107: calls $3
*** FLOP *** [3h Js 9s]
Velbor107: checks
BWTMAGIC: bets $3
Velbor107: calls $3
*** TURN *** [3h Js 9s] [2c]
Velbor107: checks
BWTMAGIC: bets $6
Velbor107: calls $6
*** RIVER *** [3h Js 9s 2c] [Ah]
Velbor107: checks
BWTMAGIC: bets $6
Velbor107: folds
Uncalled bet ($6) returned to BWTMAGIC
BWTMAGIC collected $29.50 from pot
BWTMAGIC: doesn't show hand
*** SUMMARY ***
Total pot $30 | Rake $0.50
Board [3h Js 9s 2c Ah]
Seat 1: Velbor107 (big blind) folded on the River
Seat 5: BWTMAGIC (button) (small blind) collected ($29.50)


PokerStars Hand #148826616244:  Hold'em Limit ($3/$6 USD) - 2016/02/14 23:18:37 ET
Table 'Joella' 6-max Seat #1 is the button
Seat 1: Velbor107 ($601.98 in chips)
Seat 5: BWTMAGIC ($65.41 in chips)
Velbor107: posts small blind $1
BWTMAGIC: posts big blind $3
*** HOLE CARDS ***
Velbor107: raises $3 to $6
BWTMAGIC: raises $3 to $9
Velbor107: calls $3
*** FLOP *** [6s 2d Ad]
BWTMAGIC: bets $3
Velbor107: calls $3
*** TURN *** [6s 2d Ad] [9d]
BWTMAGIC: bets $6
Velbor107: raises $6 to $12
BWTMAGIC: raises $6 to $18
Velbor107: calls $6
*** RIVER *** [6s 2d Ad 9d] [6h]
BWTMAGIC: bets $6
Velbor107: calls $6
*** SHOW DOWN ***
BWTMAGIC: shows [Kd 9c] (two pair, Nines and Sixes)
Velbor107: shows [As Qc] (two pair, Aces and Sixes)
Velbor107 collected $71.50 from pot
*** SUMMARY ***
Total pot $72 | Rake $0.50
Board [6s 2d Ad 9d 6h]
Seat 1: Velbor107 (button) (small blind) showed [As Qc] and won ($71.50) with two pair, Aces and Sixes
Seat 5: BWTMAGIC (big blind) showed [Kd 9c] and lost with two pair, Nines and Sixes


PokerStars Hand #148826608193:  Hold'em Limit ($3/$6 USD) - 2016/02/14 23:18:10 ET
Table 'Joella' 6-max Seat #5 is the button
Seat 1: Velbor107 ($578.48 in chips)
Seat 5: BWTMAGIC ($89.41 in chips)
BWTMAGIC: posts small blind $1
Velbor107: posts big blind $3
*** HOLE CARDS ***
BWTMAGIC: raises $3 to $6
Velbor107: raises $3 to $9
BWTMAGIC: calls $3
*** FLOP *** [Th 8c 5s]
Velbor107: bets $3
BWTMAGIC: calls $3
*** TURN *** [Th 8c 5s] [Kc]
Velbor107: bets $6
babyblue115 joins the table at seat #6
BWTMAGIC: calls $6
*** RIVER *** [Th 8c 5s Kc] [Qc]
Velbor107: bets $6
BWTMAGIC: calls $6
*** SHOW DOWN ***
Velbor107: shows [Kh Ks] (three of a kind, Kings)
BWTMAGIC: mucks hand
Velbor107 collected $47.50 from pot
*** SUMMARY ***
Total pot $48 | Rake $0.50
Board [Th 8c 5s Kc Qc]
Seat 1: Velbor107 (big blind) showed [Kh Ks] and won ($47.50) with three of a kind, Kings
Seat 5: BWTMAGIC (button) (small blind) mucked


PokerStars Hand #148826636861:  Hold'em Limit ($3/$6 USD) - 2016/02/14 23:19:45 ET
Table 'Joella' 6-max Seat #6 is the button
Seat 1: Velbor107 ($633.48 in chips)
Seat 6: babyblue115 ($114.37 in chips)
babyblue115: posts small blind $1
Velbor107: posts big blind $3
*** HOLE CARDS ***
babyblue115: folds
Uncalled bet ($2) returned to Velbor107
Velbor107 collected $2 from pot
*** SUMMARY ***
Total pot $2 | Rake $0
Seat 1: Velbor107 (big blind) collected ($2)
Seat 6: babyblue115 (button) (small blind) folded before Flop


PokerStars Hand #148826635383:  Hold'em Limit ($3/$6 USD) - 2016/02/14 23:19:40 ET
Table 'Joella' 6-max Seat #1 is the button
Seat 1: Velbor107 ($634.48 in chips)
Seat 6: babyblue115 ($113.37 in chips)
Velbor107: posts small blind $1
BWTMAGIC: is sitting out
babyblue115: posts big blind $3
*** HOLE CARDS ***
Velbor107: folds
Uncalled bet ($2) returned to babyblue115
babyblue115 collected $2 from pot
*** SUMMARY ***
Total pot $2 | Rake $0
Seat 1: Velbor107 (button) (small blind) folded before Flop
Seat 6: babyblue115 (big blind) collected ($2)


PokerStars Hand #148828560437:  Hold'em Limit ($3/$6 USD) - 2016/02/15 1:18:36 ET
Table 'Joella' 6-max Seat #3 is the button
Seat 3: Johnliu ($220.44 in chips)
Seat 6: Zenden28 ($23.65 in chips)
Johnliu: posts small blind $1
Zenden28: posts big blind $3
*** HOLE CARDS ***
Johnliu: folds
Uncalled bet ($2) returned to Zenden28
Zenden28 collected $2 from pot
Zenden28: doesn't show hand
*** SUMMARY ***
Total pot $2 | Rake $0
Seat 3: Johnliu (button) (small blind) folded before Flop
Seat 6: Zenden28 (big blind) collected ($2)


