PokerStars Hand #172914967127:  Hold'em Limit ($3/$6 USD) - 2017/07/11 19:12:31 ET
Table 'Joensuu' 6-max Seat #3 is the button
Seat 3: simper11 ($120 in chips)
Seat 4: Scheubi88 ($120 in chips)
simper11: posts small blind $1
Scheubi88: posts big blind $3
*** HOLE CARDS ***
mylifeluvsol joins the table at seat #6
simper11: folds
Uncalled bet ($2) returned to Scheubi88
Scheubi88 collected $2 from pot
Scheubi88: doesn't show hand
*** SUMMARY ***
Total pot $2 | Rake $0
Seat 3: simper11 (button) (small blind) folded before Flop
Seat 4: Scheubi88 (big blind) collected ($2)


PokerStars Hand #172915006251:  Hold'em Limit ($3/$6 USD) - 2017/07/11 19:13:36 ET
Table 'Joensuu' 6-max Seat #4 is the button
Seat 4: Scheubi88 ($125 in chips)
Seat 6: mylifeluvsol ($26 in chips)
Scheubi88: posts small blind $1
mylifeluvsol: posts big blind $3
*** HOLE CARDS ***
Scheubi88: raises $3 to $6
mylifeluvsol: folds
Uncalled bet ($3) returned to Scheubi88
Scheubi88 collected $6 from pot
Scheubi88: doesn't show hand
*** SUMMARY ***
Total pot $6 | Rake $0
Seat 4: Scheubi88 (button) (small blind) collected ($6)
Seat 6: mylifeluvsol (big blind) folded before Flop


PokerStars Hand #172915002938:  Hold'em Limit ($3/$6 USD) - 2017/07/11 19:13:31 ET
Table 'Joensuu' 6-max Seat #6 is the button
Seat 4: Scheubi88 ($124 in chips)
Seat 6: mylifeluvsol ($27 in chips)
mylifeluvsol: posts small blind $1
Scheubi88: posts big blind $3
*** HOLE CARDS ***
mylifeluvsol: folds
Uncalled bet ($2) returned to Scheubi88
Scheubi88 collected $2 from pot
Scheubi88: doesn't show hand
*** SUMMARY ***
Total pot $2 | Rake $0
Seat 4: Scheubi88 (big blind) collected ($2)
Seat 6: mylifeluvsol (button) (small blind) folded before Flop


PokerStars Hand #172915009635:  Hold'em Limit ($3/$6 USD) - 2017/07/11 19:13:42 ET
Table 'Joensuu' 6-max Seat #6 is the button
Seat 4: Scheubi88 ($128 in chips)
Seat 6: mylifeluvsol ($23 in chips)
mylifeluvsol: posts small blind $1
Scheubi88: posts big blind $3
*** HOLE CARDS ***
simper11 leaves the table
mylifeluvsol: folds
Uncalled bet ($2) returned to Scheubi88
Scheubi88 collected $2 from pot
Scheubi88: doesn't show hand
*** SUMMARY ***
Total pot $2 | Rake $0
Seat 4: Scheubi88 (big blind) collected ($2)
Seat 6: mylifeluvsol (button) (small blind) folded before Flop


PokerStars Hand #172915020760:  Hold'em Limit ($3/$6 USD) - 2017/07/11 19:13:47 ET
Table 'Joensuu' 6-max Seat #4 is the button
Seat 4: Scheubi88 ($129 in chips)
Seat 6: mylifeluvsol ($22 in chips)
Scheubi88: posts small blind $1
mylifeluvsol: posts big blind $3
*** HOLE CARDS ***
Scheubi88: raises $3 to $6
mylifeluvsol: calls $3
*** FLOP *** [8h 4c 3h]
mylifeluvsol: checks
Scheubi88: bets $3
mylifeluvsol: calls $3
*** TURN *** [8h 4c 3h] [Ah]
mylifeluvsol: checks
Scheubi88: checks
*** RIVER *** [8h 4c 3h Ah] [4s]
mylifeluvsol: bets $6
Scheubi88: raises $6 to $12
mylifeluvsol: folds
Uncalled bet ($6) returned to Scheubi88
Scheubi88 collected $29.50 from pot
Scheubi88: doesn't show hand
*** SUMMARY ***
Total pot $30 | Rake $0.50
Board [8h 4c 3h Ah 4s]
Seat 4: Scheubi88 (button) (small blind) collected ($29.50)
Seat 6: mylifeluvsol (big blind) folded on the River


PokerStars Hand #172915032503:  Hold'em Limit ($3/$6 USD) - 2017/07/11 19:14:06 ET
Table 'Joensuu' 6-max Seat #6 is the button
Seat 4: Scheubi88 ($143.50 in chips)
Seat 6: mylifeluvsol ($7 in chips)
mylifeluvsol: posts small blind $1
Scheubi88: posts big blind $3
*** HOLE CARDS ***
mylifeluvsol: raises $3 to $6
Scheubi88: raises $3 to $9
mylifeluvsol: calls $1 and is all-in
Uncalled bet ($2) returned to Scheubi88
*** FLOP *** [9c 8d 5c]
*** TURN *** [9c 8d 5c] [2d]
*** RIVER *** [9c 8d 5c 2d] [7h]
*** SHOW DOWN ***
Scheubi88: shows [Kh 6h] (a straight, Five to Nine)
mylifeluvsol: shows [Tc Kc] (high card King)
Scheubi88 collected $13.72 from pot
*** SUMMARY ***
Total pot $14 | Rake $0.28
Board [9c 8d 5c 2d 7h]
Seat 4: Scheubi88 (big blind) showed [Kh 6h] and won ($13.72) with a straight, Five to Nine
Seat 6: mylifeluvsol (button) (small blind) showed [Tc Kc] and lost with high card King


PokerStars Hand #172915055953:  Hold'em Limit ($3/$6 USD) - 2017/07/11 19:14:46 ET
Table 'Joensuu' 6-max Seat #4 is the button
Seat 4: Scheubi88 ($150.22 in chips)
Seat 6: mylifeluvsol ($47 in chips)
Scheubi88: posts small blind $1
mylifeluvsol: posts big blind $3
*** HOLE CARDS ***
Scheubi88: raises $3 to $6
mylifeluvsol: folds
Uncalled bet ($3) returned to Scheubi88
Scheubi88 collected $6 from pot
Scheubi88: doesn't show hand
*** SUMMARY ***
Total pot $6 | Rake $0
Seat 4: Scheubi88 (button) (small blind) collected ($6)
Seat 6: mylifeluvsol (big blind) folded before Flop


PokerStars Hand #172915059556:  Hold'em Limit ($3/$6 USD) - 2017/07/11 19:14:52 ET
Table 'Joensuu' 6-max Seat #6 is the button
Seat 4: Scheubi88 ($153.22 in chips)
Seat 6: mylifeluvsol ($44 in chips)
mylifeluvsol: posts small blind $1
Scheubi88: posts big blind $3
*** HOLE CARDS ***
mylifeluvsol: folds
Uncalled bet ($2) returned to Scheubi88
Scheubi88 collected $2 from pot
Scheubi88: doesn't show hand
*** SUMMARY ***
Total pot $2 | Rake $0
Seat 4: Scheubi88 (big blind) collected ($2)
Seat 6: mylifeluvsol (button) (small blind) folded before Flop


PokerStars Hand #172915062819:  Hold'em Limit ($3/$6 USD) - 2017/07/11 19:14:57 ET
Table 'Joensuu' 6-max Seat #4 is the button
Seat 4: Scheubi88 ($154.22 in chips)
Seat 6: mylifeluvsol ($43 in chips)
Scheubi88: posts small blind $1
mylifeluvsol: posts big blind $3
*** HOLE CARDS ***
Scheubi88: raises $3 to $6
mylifeluvsol: raises $3 to $9
Scheubi88: calls $3
*** FLOP *** [Jc 5h 2s]
mylifeluvsol: bets $3
Scheubi88: calls $3
*** TURN *** [Jc 5h 2s] [Jd]
mylifeluvsol: checks
Scheubi88: checks
*** RIVER *** [Jc 5h 2s Jd] [4s]
mylifeluvsol: checks
Scheubi88: checks
*** SHOW DOWN ***
mylifeluvsol: shows [Qd Js] (three of a kind, Jacks)
Scheubi88: mucks hand
mylifeluvsol collected $23.52 from pot
*** SUMMARY ***
Total pot $24 | Rake $0.48
Board [Jc 5h 2s Jd 4s]
Seat 4: Scheubi88 (button) (small blind) mucked
Seat 6: mylifeluvsol (big blind) showed [Qd Js] and won ($23.52) with three of a kind, Jacks


PokerStars Hand #172915081897:  Hold'em Limit ($3/$6 USD) - 2017/07/11 19:15:29 ET
Table 'Joensuu' 6-max Seat #4 is the button
Seat 4: Scheubi88 ($147.98 in chips)
Seat 6: mylifeluvsol ($48.52 in chips)
Scheubi88: posts small blind $1
mylifeluvsol: posts big blind $3
*** HOLE CARDS ***
Scheubi88: raises $3 to $6
mylifeluvsol: folds
Uncalled bet ($3) returned to Scheubi88
Scheubi88 collected $6 from pot
Scheubi88: doesn't show hand
*** SUMMARY ***
Total pot $6 | Rake $0
Seat 4: Scheubi88 (button) (small blind) collected ($6)
Seat 6: mylifeluvsol (big blind) folded before Flop


PokerStars Hand #172915072195:  Hold'em Limit ($3/$6 USD) - 2017/07/11 19:15:13 ET
Table 'Joensuu' 6-max Seat #6 is the button
Seat 4: Scheubi88 ($142.22 in chips)
Seat 6: mylifeluvsol ($54.52 in chips)
mylifeluvsol: posts small blind $1
Scheubi88: posts big blind $3
*** HOLE CARDS ***
mylifeluvsol: raises $3 to $6
Scheubi88: calls $3
*** FLOP *** [8h 3s 2c]
Scheubi88: checks
mylifeluvsol: checks
*** TURN *** [8h 3s 2c] [Qd]
Scheubi88: bets $6
mylifeluvsol: folds
Uncalled bet ($6) returned to Scheubi88
Scheubi88 collected $11.76 from pot
Scheubi88: doesn't show hand
*** SUMMARY ***
Total pot $12 | Rake $0.24
Board [8h 3s 2c Qd]
Seat 4: Scheubi88 (big blind) collected ($11.76)
Seat 6: mylifeluvsol (button) (small blind) folded on the Turn


PokerStars Hand #172915088366:  Hold'em Limit ($3/$6 USD) - 2017/07/11 19:15:40 ET
Table 'Joensuu' 6-max Seat #4 is the button
Seat 4: Scheubi88 ($151.98 in chips)
Seat 6: mylifeluvsol ($44.52 in chips)
Scheubi88: posts small blind $1
mylifeluvsol: posts big blind $3
*** HOLE CARDS ***
Scheubi88: raises $3 to $6
mylifeluvsol: folds
Uncalled bet ($3) returned to Scheubi88
Scheubi88 collected $6 from pot
Scheubi88: doesn't show hand
*** SUMMARY ***
Total pot $6 | Rake $0
Seat 4: Scheubi88 (button) (small blind) collected ($6)
Seat 6: mylifeluvsol (big blind) folded before Flop


PokerStars Hand #172915085567:  Hold'em Limit ($3/$6 USD) - 2017/07/11 19:15:35 ET
Table 'Joensuu' 6-max Seat #6 is the button
Seat 4: Scheubi88 ($150.98 in chips)
Seat 6: mylifeluvsol ($45.52 in chips)
mylifeluvsol: posts small blind $1
Scheubi88: posts big blind $3
*** HOLE CARDS ***
mylifeluvsol: folds
Uncalled bet ($2) returned to Scheubi88
Scheubi88 collected $2 from pot
Scheubi88: doesn't show hand
*** SUMMARY ***
Total pot $2 | Rake $0
Seat 4: Scheubi88 (big blind) collected ($2)
Seat 6: mylifeluvsol (button) (small blind) folded before Flop


PokerStars Hand #172915094364:  Hold'em Limit ($3/$6 USD) - 2017/07/11 19:15:50 ET
Table 'Joensuu' 6-max Seat #4 is the button
Seat 4: Scheubi88 ($155.98 in chips)
Seat 6: mylifeluvsol ($40.52 in chips)
Scheubi88: posts small blind $1
mylifeluvsol: posts big blind $3
*** HOLE CARDS ***
Scheubi88: raises $3 to $6
mylifeluvsol: folds
Uncalled bet ($3) returned to Scheubi88
Scheubi88 collected $6 from pot
Scheubi88: doesn't show hand
*** SUMMARY ***
Total pot $6 | Rake $0
Seat 4: Scheubi88 (button) (small blind) collected ($6)
Seat 6: mylifeluvsol (big blind) folded before Flop


PokerStars Hand #172915091622:  Hold'em Limit ($3/$6 USD) - 2017/07/11 19:15:45 ET
Table 'Joensuu' 6-max Seat #6 is the button
Seat 4: Scheubi88 ($154.98 in chips)
Seat 6: mylifeluvsol ($41.52 in chips)
mylifeluvsol: posts small blind $1
Scheubi88: posts big blind $3
*** HOLE CARDS ***
mylifeluvsol: folds
Uncalled bet ($2) returned to Scheubi88
Scheubi88 collected $2 from pot
Scheubi88: doesn't show hand
*** SUMMARY ***
Total pot $2 | Rake $0
Seat 4: Scheubi88 (big blind) collected ($2)
Seat 6: mylifeluvsol (button) (small blind) folded before Flop


PokerStars Hand #172915097712:  Hold'em Limit ($3/$6 USD) - 2017/07/11 19:15:56 ET
Table 'Joensuu' 6-max Seat #6 is the button
Seat 4: Scheubi88 ($158.98 in chips)
Seat 6: mylifeluvsol ($37.52 in chips)
mylifeluvsol: posts small blind $1
Scheubi88: posts big blind $3
*** HOLE CARDS ***
mylifeluvsol: raises $3 to $6
Scheubi88: folds
Uncalled bet ($3) returned to mylifeluvsol
mylifeluvsol collected $6 from pot
mylifeluvsol: doesn't show hand
*** SUMMARY ***
Total pot $6 | Rake $0
Seat 4: Scheubi88 (big blind) folded before Flop
Seat 6: mylifeluvsol (button) (small blind) collected ($6)


PokerStars Hand #172915101672:  Hold'em Limit ($3/$6 USD) - 2017/07/11 19:16:02 ET
Table 'Joensuu' 6-max Seat #4 is the button
Seat 4: Scheubi88 ($155.98 in chips)
Seat 6: mylifeluvsol ($40.52 in chips)
Scheubi88: posts small blind $1
mylifeluvsol: posts big blind $3
*** HOLE CARDS ***
Scheubi88: raises $3 to $6
mylifeluvsol: calls $3
*** FLOP *** [4s 9d 4d]
mylifeluvsol: checks
Scheubi88: bets $3
mylifeluvsol: calls $3
*** TURN *** [4s 9d 4d] [Td]
mylifeluvsol: checks
Scheubi88: bets $6
mylifeluvsol: calls $6
*** RIVER *** [4s 9d 4d Td] [Jd]
mylifeluvsol: bets $6
Scheubi88: raises $6 to $12
mylifeluvsol: calls $6
*** SHOW DOWN ***
Scheubi88: shows [Kd 5c] (a flush, King high)
mylifeluvsol: mucks hand
Scheubi88 collected $53.50 from pot
*** SUMMARY ***
Total pot $54 | Rake $0.50
Board [4s 9d 4d Td Jd]
Seat 4: Scheubi88 (button) (small blind) showed [Kd 5c] and won ($53.50) with a flush, King high
Seat 6: mylifeluvsol (big blind) mucked


PokerStars Hand #172915113312:  Hold'em Limit ($3/$6 USD) - 2017/07/11 19:16:22 ET
Table 'Joensuu' 6-max Seat #6 is the button
Seat 4: Scheubi88 ($182.48 in chips)
Seat 6: mylifeluvsol ($13.52 in chips)
mylifeluvsol: posts small blind $1
Scheubi88: posts big blind $3
*** HOLE CARDS ***
mylifeluvsol: raises $3 to $6
Scheubi88: calls $3
*** FLOP *** [Ks Td 7c]
Scheubi88: checks
mylifeluvsol: bets $3
Scheubi88: folds
Uncalled bet ($3) returned to mylifeluvsol
mylifeluvsol collected $11.76 from pot
mylifeluvsol: doesn't show hand
*** SUMMARY ***
Total pot $12 | Rake $0.24
Board [Ks Td 7c]
Seat 4: Scheubi88 (big blind) folded on the Flop
Seat 6: mylifeluvsol (button) (small blind) collected ($11.76)


PokerStars Hand #172915119512:  Hold'em Limit ($3/$6 USD) - 2017/07/11 19:16:33 ET
Table 'Joensuu' 6-max Seat #4 is the button
Seat 4: Scheubi88 ($176.48 in chips)
Seat 6: mylifeluvsol ($19.28 in chips)
Scheubi88: posts small blind $1
mylifeluvsol: posts big blind $3
*** HOLE CARDS ***
Scheubi88: raises $3 to $6
mylifeluvsol: raises $3 to $9
Scheubi88: calls $3
*** FLOP *** [2s 9h 5d]
mylifeluvsol: bets $3
Scheubi88: calls $3
*** TURN *** [2s 9h 5d] [Qs]
mylifeluvsol: bets $6
Scheubi88: calls $6
*** RIVER *** [2s 9h 5d Qs] [Ks]
mylifeluvsol: bets $1.28 and is all-in
Scheubi88: calls $1.28
*** SHOW DOWN ***
mylifeluvsol: shows [Ac 8c] (high card Ace)
Scheubi88: shows [Kd 7d] (a pair of Kings)
Scheubi88 collected $38.06 from pot
*** SUMMARY ***
Total pot $38.56 | Rake $0.50
Board [2s 9h 5d Qs Ks]
Seat 4: Scheubi88 (button) (small blind) showed [Kd 7d] and won ($38.06) with a pair of Kings
Seat 6: mylifeluvsol (big blind) showed [Ac 8c] and lost with high card Ace


PokerStars Hand #172915147119:  Hold'em Limit ($3/$6 USD) - 2017/07/11 19:17:19 ET
Table 'Joensuu' 6-max Seat #4 is the button
Seat 4: Scheubi88 ($201.02 in chips)
Seat 6: mylifeluvsol ($24 in chips)
Scheubi88: posts small blind $1
mylifeluvsol: posts big blind $3
*** HOLE CARDS ***
Scheubi88: raises $3 to $6
mylifeluvsol: folds
Uncalled bet ($3) returned to Scheubi88
Scheubi88 collected $6 from pot
Scheubi88: doesn't show hand
*** SUMMARY ***
Total pot $6 | Rake $0
Seat 4: Scheubi88 (button) (small blind) collected ($6)
Seat 6: mylifeluvsol (big blind) folded before Flop


PokerStars Hand #172915139226:  Hold'em Limit ($3/$6 USD) - 2017/07/11 19:17:06 ET
Table 'Joensuu' 6-max Seat #6 is the button
Seat 4: Scheubi88 ($195.26 in chips)
Seat 6: mylifeluvsol ($30 in chips)
mylifeluvsol: posts small blind $1
Scheubi88: posts big blind $3
*** HOLE CARDS ***
mylifeluvsol: raises $3 to $6
Scheubi88: calls $3
*** FLOP *** [7h 9d Td]
Scheubi88: checks
mylifeluvsol: checks
*** TURN *** [7h 9d Td] [Ts]
Scheubi88: bets $6
mylifeluvsol: folds
Uncalled bet ($6) returned to Scheubi88
Scheubi88 collected $11.76 from pot
Scheubi88: doesn't show hand
*** SUMMARY ***
Total pot $12 | Rake $0.24
Board [7h 9d Td Ts]
Seat 4: Scheubi88 (big blind) collected ($11.76)
Seat 6: mylifeluvsol (button) (small blind) folded on the Turn


PokerStars Hand #172915150506:  Hold'em Limit ($3/$6 USD) - 2017/07/11 19:17:25 ET
Table 'Joensuu' 6-max Seat #6 is the button
Seat 4: Scheubi88 ($204.02 in chips)
Seat 6: mylifeluvsol ($21 in chips)
mylifeluvsol: posts small blind $1
Scheubi88: posts big blind $3
*** HOLE CARDS ***
mylifeluvsol: folds
Uncalled bet ($2) returned to Scheubi88
Scheubi88 collected $2 from pot
Scheubi88: doesn't show hand
*** SUMMARY ***
Total pot $2 | Rake $0
Seat 4: Scheubi88 (big blind) collected ($2)
Seat 6: mylifeluvsol (button) (small blind) folded before Flop


PokerStars Hand #172915153401:  Hold'em Limit ($3/$6 USD) - 2017/07/11 19:17:30 ET
Table 'Joensuu' 6-max Seat #4 is the button
Seat 4: Scheubi88 ($205.02 in chips)
Seat 6: mylifeluvsol ($20 in chips)
Scheubi88: posts small blind $1
mylifeluvsol: posts big blind $3
*** HOLE CARDS ***
Scheubi88: raises $3 to $6
JAMAL LEMOER joins the table at seat #3
mylifeluvsol: raises $3 to $9
Scheubi88: calls $3
*** FLOP *** [9d 6d Jc]
mylifeluvsol: bets $3
Scheubi88: calls $3
*** TURN *** [9d 6d Jc] [Ks]
mylifeluvsol: bets $6
Scheubi88: raises $6 to $12
mylifeluvsol: calls $2 and is all-in
Uncalled bet ($4) returned to Scheubi88
*** RIVER *** [9d 6d Jc Ks] [Ad]
*** SHOW DOWN ***
mylifeluvsol: shows [Kh Js] (two pair, Kings and Jacks)
Scheubi88: shows [Tc 3c] (high card Ace)
mylifeluvsol collected $39.50 from pot
*** SUMMARY ***
Total pot $40 | Rake $0.50
Board [9d 6d Jc Ks Ad]
Seat 4: Scheubi88 (button) (small blind) showed [Tc 3c] and lost with high card Ace
Seat 6: mylifeluvsol (big blind) showed [Kh Js] and won ($39.50) with two pair, Kings and Jacks


