PokerStars Hand #152845812151:  Hold'em Limit ($3/$6 USD) - 2016/05/04 12:43:11 ET
Table 'Joensuu' 6-max Seat #6 is the button
Seat 5: gluss7777 ($70.32 in chips)
Seat 6: SmellyToes4u ($56 in chips)
SmellyToes4u: posts small blind $1
gluss7777: posts big blind $3
*** HOLE CARDS ***
SmellyToes4u: raises $3 to $6
gluss7777: calls $3
*** FLOP *** [2s As 9h]
gluss7777: checks
SmellyToes4u: bets $3
gluss7777: folds
Uncalled bet ($3) returned to SmellyToes4u
SmellyToes4u collected $11.76 from pot
SmellyToes4u: doesn't show hand
*** SUMMARY ***
Total pot $12 | Rake $0.24
Board [2s As 9h]
Seat 5: gluss7777 (big blind) folded on the Flop
Seat 6: SmellyToes4u (button) (small blind) collected ($11.76)


PokerStars Hand #152845801903:  Hold'em Limit ($3/$6 USD) - 2016/05/04 12:42:56 ET
Table 'Joensuu' 6-max Seat #5 is the button
Seat 5: gluss7777 ($64.56 in chips)
Seat 6: SmellyToes4u ($56 in chips)
gluss7777: posts small blind $1
SmellyToes4u: posts big blind $3
*** HOLE CARDS ***
gluss7777: raises $3 to $6
crash19867 leaves the table
SmellyToes4u: calls $3
*** FLOP *** [5h Jd 8h]
SmellyToes4u: checks
gluss7777: bets $3
SmellyToes4u: folds
Uncalled bet ($3) returned to gluss7777
gluss7777 collected $11.76 from pot
*** SUMMARY ***
Total pot $12 | Rake $0.24
Board [5h Jd 8h]
Seat 5: gluss7777 (button) (small blind) collected ($11.76)
Seat 6: SmellyToes4u (big blind) folded on the Flop


PokerStars Hand #152845786561:  Hold'em Limit ($3/$6 USD) - 2016/05/04 12:42:35 ET
Table 'Joensuu' 6-max Seat #6 is the button
Seat 5: gluss7777 ($50.06 in chips)
Seat 6: SmellyToes4u ($56 in chips)
SmellyToes4u: posts small blind $1
gluss7777: posts big blind $3
*** HOLE CARDS ***
SmellyToes4u: raises $3 to $6
gluss7777: calls $3
*** FLOP *** [Ks Ah Jh]
gluss7777: checks
SmellyToes4u: bets $3
crash19867 joins the table at seat #3
gluss7777: calls $3
*** TURN *** [Ks Ah Jh] [Qh]
gluss7777: checks
SmellyToes4u: bets $6
gluss7777: calls $6
*** RIVER *** [Ks Ah Jh Qh] [8d]
gluss7777: checks
SmellyToes4u: checks
*** SHOW DOWN ***
gluss7777: shows [2s 2h] (a pair of Deuces)
SmellyToes4u: mucks hand
gluss7777 collected $29.50 from pot
*** SUMMARY ***
Total pot $30 | Rake $0.50
Board [Ks Ah Jh Qh 8d]
Seat 5: gluss7777 (big blind) showed [2s 2h] and won ($29.50) with a pair of Deuces
Seat 6: SmellyToes4u (button) (small blind) mucked


PokerStars Hand #152845853221:  Hold'em Limit ($3/$6 USD) - 2016/05/04 12:44:08 ET
Table 'Joensuu' 6-max Seat #5 is the button
Seat 5: gluss7777 ($81.82 in chips)
Seat 6: SmellyToes4u ($59 in chips)
gluss7777: posts small blind $1
SmellyToes4u: posts big blind $3
*** HOLE CARDS ***
gluss7777: raises $3 to $6
SmellyToes4u: calls $3
*** FLOP *** [3s 4d 5d]
SmellyToes4u: checks
gluss7777: bets $3
SmellyToes4u: calls $3
*** TURN *** [3s 4d 5d] [Ks]
SmellyToes4u: checks
gluss7777: checks
*** RIVER *** [3s 4d 5d Ks] [7c]
SmellyToes4u: bets $6
gluss7777: calls $6
*** SHOW DOWN ***
SmellyToes4u: shows [Kd 2h] (a pair of Kings)
gluss7777: mucks hand
SmellyToes4u collected $29.50 from pot
*** SUMMARY ***
Total pot $30 | Rake $0.50
Board [3s 4d 5d Ks 7c]
Seat 5: gluss7777 (button) (small blind) mucked
Seat 6: SmellyToes4u (big blind) showed [Kd 2h] and won ($29.50) with a pair of Kings


PokerStars Hand #152845848873:  Hold'em Limit ($3/$6 USD) - 2016/05/04 12:44:02 ET
Table 'Joensuu' 6-max Seat #6 is the button
Seat 5: gluss7777 ($84.82 in chips)
Seat 6: SmellyToes4u ($56 in chips)
SmellyToes4u: posts small blind $1
gluss7777: posts big blind $3
*** HOLE CARDS ***
SmellyToes4u: raises $3 to $6
gluss7777: folds
Uncalled bet ($3) returned to SmellyToes4u
SmellyToes4u collected $6 from pot
SmellyToes4u: doesn't show hand
*** SUMMARY ***
Total pot $6 | Rake $0
Seat 5: gluss7777 (big blind) folded before Flop
Seat 6: SmellyToes4u (button) (small blind) collected ($6)


PokerStars Hand #152845830399:  Hold'em Limit ($3/$6 USD) - 2016/05/04 12:43:36 ET
Table 'Joensuu' 6-max Seat #5 is the button
Seat 5: gluss7777 ($64.32 in chips)
Seat 6: SmellyToes4u ($61.76 in chips)
gluss7777: posts small blind $1
SmellyToes4u: posts big blind $3
*** HOLE CARDS ***
gluss7777: raises $3 to $6
SmellyToes4u: raises $3 to $9
gluss7777: raises $3 to $12
Betting is capped
SmellyToes4u: calls $3
*** FLOP *** [Ah 5c 2d]
SmellyToes4u: checks
gluss7777: bets $3
SmellyToes4u: calls $3
*** TURN *** [Ah 5c 2d] [Jc]
SmellyToes4u: checks
gluss7777: bets $6
SmellyToes4u: calls $6
*** RIVER *** [Ah 5c 2d Jc] [Ac]
SmellyToes4u: checks
gluss7777: bets $6
SmellyToes4u: folds
Uncalled bet ($6) returned to gluss7777
gluss7777 collected $41.50 from pot
*** SUMMARY ***
Total pot $42 | Rake $0.50
Board [Ah 5c 2d Jc Ac]
Seat 5: gluss7777 (button) (small blind) collected ($41.50)
Seat 6: SmellyToes4u (big blind) folded on the River


PokerStars Hand #152845827183:  Hold'em Limit ($3/$6 USD) - 2016/05/04 12:43:32 ET
Table 'Joensuu' 6-max Seat #6 is the button
Seat 5: gluss7777 ($63.32 in chips)
Seat 6: SmellyToes4u ($62.76 in chips)
SmellyToes4u: posts small blind $1
gluss7777: posts big blind $3
*** HOLE CARDS ***
SmellyToes4u: folds
Uncalled bet ($2) returned to gluss7777
gluss7777 collected $2 from pot
*** SUMMARY ***
Total pot $2 | Rake $0
Seat 5: gluss7777 (big blind) collected ($2)
Seat 6: SmellyToes4u (button) (small blind) folded before Flop


PokerStars Hand #152845823833:  Hold'em Limit ($3/$6 USD) - 2016/05/04 12:43:27 ET
Table 'Joensuu' 6-max Seat #5 is the button
Seat 5: gluss7777 ($64.32 in chips)
Seat 6: SmellyToes4u ($61.76 in chips)
gluss7777: posts small blind $1
SmellyToes4u: posts big blind $3
*** HOLE CARDS ***
gluss7777: folds
Uncalled bet ($2) returned to SmellyToes4u
SmellyToes4u collected $2 from pot
SmellyToes4u: doesn't show hand
*** SUMMARY ***
Total pot $2 | Rake $0
Seat 5: gluss7777 (button) (small blind) folded before Flop
Seat 6: SmellyToes4u (big blind) collected ($2)


PokerStars Hand #152845865368:  Hold'em Limit ($3/$6 USD) - 2016/05/04 12:44:26 ET
Table 'Joensuu' 6-max Seat #6 is the button
Seat 5: gluss7777 ($66.82 in chips)
Seat 6: SmellyToes4u ($73.50 in chips)
SmellyToes4u: posts small blind $1
gluss7777: posts big blind $3
*** HOLE CARDS ***
SmellyToes4u: folds
Uncalled bet ($2) returned to gluss7777
gluss7777 collected $2 from pot
gluss7777 leaves the table
*** SUMMARY ***
Total pot $2 | Rake $0
Seat 5: gluss7777 (big blind) collected ($2)
Seat 6: SmellyToes4u (button) (small blind) folded before Flop


PokerStars Hand #152846027733:  Hold'em Limit ($3/$6 USD) - 2016/05/04 12:48:10 ET
Table 'Joensuu' 6-max Seat #6 is the button
Seat 4: Kenjataimu ($119 in chips)
Seat 6: SmellyToes4u ($73.50 in chips)
SmellyToes4u: posts small blind $1
Kenjataimu: posts big blind $3
*** HOLE CARDS ***
mazael joins the table at seat #1
SmellyToes4u: raises $3 to $6
Kenjataimu: raises $3 to $9
SmellyToes4u: calls $3
*** FLOP *** [Ac 2s Tc]
Kenjataimu: bets $3
SmellyToes4u: calls $3
*** TURN *** [Ac 2s Tc] [3h]
Kenjataimu: bets $6
SmellyToes4u: calls $6
*** RIVER *** [Ac 2s Tc 3h] [8s]
Kenjataimu: bets $6
SmellyToes4u: calls $6
*** SHOW DOWN ***
Kenjataimu: shows [Jh Ad] (a pair of Aces)
SmellyToes4u: mucks hand
Kenjataimu collected $47.50 from pot
*** SUMMARY ***
Total pot $48 | Rake $0.50
Board [Ac 2s Tc 3h 8s]
Seat 4: Kenjataimu (big blind) showed [Jh Ad] and won ($47.50) with a pair of Aces
Seat 6: SmellyToes4u (button) (small blind) mucked


PokerStars Hand #152846042365:  Hold'em Limit ($3/$6 USD) - 2016/05/04 12:48:30 ET
Table 'Joensuu' 6-max Seat #4 is the button
Seat 4: Kenjataimu ($142.50 in chips)
Seat 6: SmellyToes4u ($56 in chips)
Kenjataimu: posts small blind $1
SmellyToes4u: posts big blind $3
*** HOLE CARDS ***
Kenjataimu: raises $3 to $6
SmellyToes4u: calls $3
*** FLOP *** [3s 4c Kd]
SmellyToes4u: checks
Kenjataimu: bets $3
SmellyToes4u: calls $3
*** TURN *** [3s 4c Kd] [3h]
SmellyToes4u: checks
Kenjataimu: bets $6
SmellyToes4u: raises $6 to $12
Kenjataimu: calls $6
*** RIVER *** [3s 4c Kd 3h] [Jh]
SmellyToes4u: bets $6
Kenjataimu: calls $6
*** SHOW DOWN ***
SmellyToes4u: shows [Kc 9s] (two pair, Kings and Threes)
Kenjataimu: shows [9h Kh] (two pair, Kings and Threes)
SmellyToes4u collected $26.75 from pot
Kenjataimu collected $26.75 from pot
*** SUMMARY ***
Total pot $54 | Rake $0.50
Board [3s 4c Kd 3h Jh]
Seat 4: Kenjataimu (button) (small blind) showed [9h Kh] and won ($26.75) with two pair, Kings and Threes
Seat 6: SmellyToes4u (big blind) showed [Kc 9s] and won ($26.75) with two pair, Kings and Threes


PokerStars Hand #152846626523:  Hold'em Limit ($3/$6 USD) - 2016/05/04 13:02:34 ET
Table 'Joensuu' 6-max Seat #5 is the button
Seat 4: gluss7777 ($110.62 in chips)
Seat 5: Big_M ($138.12 in chips)
Big_M: posts small blind $1
gluss7777: posts big blind $3
*** HOLE CARDS ***
Big_M: raises $3 to $6
gluss7777: calls $3
*** FLOP *** [Ah Ks Jd]
gluss7777: bets $3
Big_M: calls $3
*** TURN *** [Ah Ks Jd] [4s]
gluss7777: bets $6
Big_M: folds
Uncalled bet ($6) returned to gluss7777
gluss7777 collected $17.64 from pot
*** SUMMARY ***
Total pot $18 | Rake $0.36
Board [Ah Ks Jd 4s]
Seat 4: gluss7777 (big blind) collected ($17.64)
Seat 5: Big_M (button) (small blind) folded on the Turn


PokerStars Hand #152846621335:  Hold'em Limit ($3/$6 USD) - 2016/05/04 13:02:27 ET
Table 'Joensuu' 6-max Seat #4 is the button
Seat 4: gluss7777 ($107.62 in chips)
Seat 5: Big_M ($141.12 in chips)
gluss7777: posts small blind $1
Big_M: posts big blind $3
*** HOLE CARDS ***
gluss7777: raises $3 to $6
SmellyToes4u leaves the table
Big_M: folds
Uncalled bet ($3) returned to gluss7777
gluss7777 collected $6 from pot
*** SUMMARY ***
Total pot $6 | Rake $0
Seat 4: gluss7777 (button) (small blind) collected ($6)
Seat 5: Big_M (big blind) folded before Flop


