PokerStars Hand #159499218607:  Hold'em Limit ($3/$6 USD) - 2016/10/05 5:06:12 ET
Table 'Joensuu' 6-max Seat #6 is the button
Seat 3: Actionni13 ($190.51 in chips)
Seat 6: 181385 ($194.26 in chips)
181385: posts small blind $1
Actionni13: posts big blind $3
*** HOLE CARDS ***
181385: folds
Uncalled bet ($2) returned to Actionni13
Actionni13 collected $2 from pot
Actionni13: doesn't show hand
*** SUMMARY ***
Total pot $2 | Rake $0
Seat 3: Actionni13 (big blind) collected ($2)
Seat 6: 181385 (button) (small blind) folded before Flop


PokerStars Hand #159499217122:  Hold'em Limit ($3/$6 USD) - 2016/10/05 5:06:08 ET
Table 'Joensuu' 6-max Seat #3 is the button
Seat 3: Actionni13 ($191.51 in chips)
Seat 6: 181385 ($193.26 in chips)
Actionni13: posts small blind $1
AzureCaper: is sitting out
181385: posts big blind $3
*** HOLE CARDS ***
Actionni13: folds
Uncalled bet ($2) returned to 181385
AzureCaper leaves the table
181385 collected $2 from pot
181385: doesn't show hand
*** SUMMARY ***
Total pot $2 | Rake $0
Seat 3: Actionni13 (button) (small blind) folded before Flop
Seat 6: 181385 (big blind) collected ($2)


