PokerStars Hand #171501199953:  Hold'em Limit ($3/$6 USD) - 2017/06/08 7:30:22 ET
Table 'Joensuu' 6-max Seat #3 is the button
Seat 3: Kosova1968 ($120 in chips)
Seat 4: Agrotait ($72 in chips)
Kosova1968: posts small blind $1
Agrotait: posts big blind $3
*** HOLE CARDS ***
Kosova1968: raises $3 to $6
Agrotait: calls $3
*** FLOP *** [Tc 2d 6c]
Agrotait: checks
Kosova1968: checks
*** TURN *** [Tc 2d 6c] [5c]
Agrotait: checks
Kosova1968: bets $6
Agrotait: calls $6
*** RIVER *** [Tc 2d 6c 5c] [2c]
DismasX joins the table at seat #5
Agrotait: checks
Kosova1968: bets $6
Agrotait: calls $6
*** SHOW DOWN ***
Kosova1968: shows [9d Ac] (a flush, Ace high)
Agrotait: mucks hand
Kosova1968 collected $35.50 from pot
*** SUMMARY ***
Total pot $36 | Rake $0.50
Board [Tc 2d 6c 5c 2c]
Seat 3: Kosova1968 (button) (small blind) showed [9d Ac] and won ($35.50) with a flush, Ace high
Seat 4: Agrotait (big blind) mucked


PokerStars Hand #171501395640:  Hold'em Limit ($3/$6 USD) - 2017/06/08 7:37:39 ET
Table 'Joensuu' 6-max Seat #5 is the button
Seat 3: Kosova1968 ($62.26 in chips)
Seat 5: DismasX ($72 in chips)
DismasX: posts small blind $1
Kosova1968: posts big blind $3
*** HOLE CARDS ***
DismasX: raises $3 to $6
Kosova1968: raises $3 to $9
DismasX: calls $3
*** FLOP *** [5h Jd 6d]
Kosova1968: bets $3
DismasX: calls $3
*** TURN *** [5h Jd 6d] [9s]
Kosova1968: bets $6
DismasX: raises $6 to $12
Kosova1968: calls $6
*** RIVER *** [5h Jd 6d 9s] [Kh]
Kosova1968: checks
DismasX: bets $6
Kosova1968: calls $6
*** SHOW DOWN ***
DismasX: shows [As Ad] (a pair of Aces)
Kosova1968: mucks hand
DismasX collected $59.50 from pot
*** SUMMARY ***
Total pot $60 | Rake $0.50
Board [5h Jd 6d 9s Kh]
Seat 3: Kosova1968 (big blind) mucked
Seat 5: DismasX (button) (small blind) showed [As Ad] and won ($59.50) with a pair of Aces


PokerStars Hand #171501392921:  Hold'em Limit ($3/$6 USD) - 2017/06/08 7:37:33 ET
Table 'Joensuu' 6-max Seat #3 is the button
Seat 3: Kosova1968 ($59.26 in chips)
Seat 5: DismasX ($72 in chips)
Kosova1968: posts small blind $1
DismasX: posts big blind $3
*** HOLE CARDS ***
Kosova1968: raises $3 to $6
DismasX: folds
Uncalled bet ($3) returned to Kosova1968
Kosova1968 collected $6 from pot
*** SUMMARY ***
Total pot $6 | Rake $0
Seat 3: Kosova1968 (button) (small blind) collected ($6)
Seat 5: DismasX (big blind) folded before Flop


PokerStars Hand #171501391007:  Hold'em Limit ($3/$6 USD) - 2017/06/08 7:37:29 ET
Table 'Joensuu' 6-max Seat #5 is the button
Seat 3: Kosova1968 ($58.26 in chips)
Seat 5: DismasX ($72 in chips)
DismasX: posts small blind $1
Kosova1968: posts big blind $3
*** HOLE CARDS ***
DismasX: folds
Uncalled bet ($2) returned to Kosova1968
Kosova1968 collected $2 from pot
Agrotait leaves the table
*** SUMMARY ***
Total pot $2 | Rake $0
Seat 3: Kosova1968 (big blind) collected ($2)
Seat 5: DismasX (button) (small blind) folded before Flop


PokerStars Hand #171501382777:  Hold'em Limit ($3/$6 USD) - 2017/06/08 7:37:09 ET
Table 'Joensuu' 6-max Seat #3 is the button
Seat 3: Kosova1968 ($31.76 in chips)
Seat 5: DismasX ($83.25 in chips)
Kosova1968: posts small blind $1
Agrotait: is sitting out
DismasX: posts big blind $3
*** HOLE CARDS ***
Kosova1968: raises $3 to $6
DismasX: calls $3
*** FLOP *** [3c 8d 3s]
DismasX: checks
Kosova1968: bets $3
DismasX: calls $3
*** TURN *** [3c 8d 3s] [9d]
DismasX: checks
Kosova1968: bets $6
DismasX: raises $6 to $12
Kosova1968: calls $6
*** RIVER *** [3c 8d 3s 9d] [2c]
DismasX: bets $6
Kosova1968: calls $6
*** SHOW DOWN ***
DismasX: shows [7h 6d] (a pair of Threes)
Kosova1968: shows [8h 6c] (two pair, Eights and Threes)
Kosova1968 collected $53.50 from pot
*** SUMMARY ***
Total pot $54 | Rake $0.50
Board [3c 8d 3s 9d 2c]
Seat 3: Kosova1968 (button) (small blind) showed [8h 6c] and won ($53.50) with two pair, Eights and Threes
Seat 5: DismasX (big blind) showed [7h 6d] and lost with a pair of Threes


PokerStars Hand #171501421836:  Hold'em Limit ($3/$6 USD) - 2017/06/08 7:38:41 ET
Table 'Joensuu' 6-max Seat #5 is the button
Seat 5: DismasX ($101.50 in chips)
Seat 6: Grieserix ($120 in chips)
DismasX: posts small blind $1
Grieserix: posts big blind $3
*** HOLE CARDS ***
DismasX: raises $3 to $6
Grieserix: calls $3
*** FLOP *** [7d Th 8h]
Grieserix: checks
DismasX: bets $3
Grieserix: calls $3
*** TURN *** [7d Th 8h] [5h]
Grieserix: checks
DismasX: bets $6
Grieserix: calls $6
*** RIVER *** [7d Th 8h 5h] [2h]
Grieserix: bets $6
DismasX: folds
Uncalled bet ($6) returned to Grieserix
Grieserix collected $29.50 from pot
*** SUMMARY ***
Total pot $30 | Rake $0.50
Board [7d Th 8h 5h 2h]
Seat 5: DismasX (button) (small blind) folded on the River
Seat 6: Grieserix (big blind) collected ($29.50)


PokerStars Hand #171501432934:  Hold'em Limit ($3/$6 USD) - 2017/06/08 7:39:07 ET
Table 'Joensuu' 6-max Seat #3 is the button
Seat 3: Kosova1968 ($32.26 in chips)
Seat 5: DismasX ($86.50 in chips)
Kosova1968: posts small blind $1
DismasX: posts big blind $3
*** HOLE CARDS ***
Kosova1968: raises $3 to $6
DismasX: calls $3
*** FLOP *** [3d 8h 2d]
DismasX: checks
Kosova1968: checks
*** TURN *** [3d 8h 2d] [Tc]
DismasX: bets $6
Kosova1968: raises $6 to $12
DismasX: folds
Uncalled bet ($6) returned to Kosova1968
Kosova1968 collected $23.52 from pot
*** SUMMARY ***
Total pot $24 | Rake $0.48
Board [3d 8h 2d Tc]
Seat 3: Kosova1968 (button) (small blind) collected ($23.52)
Seat 5: DismasX (big blind) folded on the Turn


PokerStars Hand #171501456916:  Hold'em Limit ($3/$6 USD) - 2017/06/08 7:40:03 ET
Table 'Joensuu' 6-max Seat #3 is the button
Seat 3: Kosova1968 ($22.78 in chips)
Seat 5: DismasX ($95 in chips)
Kosova1968: posts small blind $1
DismasX: posts big blind $3
*** HOLE CARDS ***
Kosova1968: raises $3 to $6
DismasX: folds
Uncalled bet ($3) returned to Kosova1968
Kosova1968 collected $6 from pot
*** SUMMARY ***
Total pot $6 | Rake $0
Seat 3: Kosova1968 (button) (small blind) collected ($6)
Seat 5: DismasX (big blind) folded before Flop


PokerStars Hand #171501442881:  Hold'em Limit ($3/$6 USD) - 2017/06/08 7:39:30 ET
Table 'Joensuu' 6-max Seat #5 is the button
Seat 3: Kosova1968 ($43.78 in chips)
Seat 5: DismasX ($74.50 in chips)
DismasX: posts small blind $1
Kosova1968: posts big blind $3
*** HOLE CARDS ***
DismasX: raises $3 to $6
Kosova1968: raises $3 to $9
DismasX: calls $3
*** FLOP *** [Jc Td 5c]
Kosova1968: checks
DismasX: checks
*** TURN *** [Jc Td 5c] [9d]
Kosova1968: checks
DismasX: bets $6
Kosova1968: calls $6
*** RIVER *** [Jc Td 5c 9d] [Ts]
Kosova1968: checks
DismasX: bets $6
Kosova1968: calls $6
*** SHOW DOWN ***
DismasX: shows [7h 8h] (a straight, Seven to Jack)
Kosova1968: mucks hand
DismasX collected $41.50 from pot
*** SUMMARY ***
Total pot $42 | Rake $0.50
Board [Jc Td 5c 9d Ts]
Seat 3: Kosova1968 (big blind) mucked
Seat 5: DismasX (button) (small blind) showed [7h 8h] and won ($41.50) with a straight, Seven to Jack


