PokerStars Hand #176925023708:  Hold'em Limit ($3/$6 USD) - 2017/10/14 19:32:24 ET
Table 'Johanna' 6-max Seat #3 is the button
Seat 3: simper11 ($90 in chips)
Seat 6: doggindavexx ($165.91 in chips)
simper11: posts small blind $1
doggindavexx: posts big blind $3
*** HOLE CARDS ***
simper11: raises $3 to $6
doggindavexx: calls $3
*** FLOP *** [4s Qs 3h]
doggindavexx: checks
sussie118 joins the table at seat #2
simper11: bets $3
doggindavexx: folds
Uncalled bet ($3) returned to simper11
simper11 collected $11.76 from pot
simper11: doesn't show hand
*** SUMMARY ***
Total pot $12 | Rake $0.24
Board [4s Qs 3h]
Seat 3: simper11 (button) (small blind) collected ($11.76)
Seat 6: doggindavexx (big blind) folded on the Flop


PokerStars Hand #176925119472:  Hold'em Limit ($3/$6 USD) - 2017/10/14 19:35:18 ET
Table 'Johanna' 6-max Seat #6 is the button
Seat 3: simper11 ($92.61 in chips)
Seat 6: doggindavexx ($110.73 in chips)
doggindavexx: posts small blind $1
simper11: posts big blind $3
*** HOLE CARDS ***
doggindavexx: raises $3 to $6
simper11: folds
Uncalled bet ($3) returned to doggindavexx
doggindavexx collected $6 from pot
doggindavexx: doesn't show hand
*** SUMMARY ***
Total pot $6 | Rake $0
Seat 3: simper11 (big blind) folded before Flop
Seat 6: doggindavexx (button) (small blind) collected ($6)


PokerStars Hand #176925116788:  Hold'em Limit ($3/$6 USD) - 2017/10/14 19:35:13 ET
Table 'Johanna' 6-max Seat #3 is the button
Seat 3: simper11 ($93.61 in chips)
Seat 6: doggindavexx ($109.73 in chips)
simper11: posts small blind $1
doggindavexx: posts big blind $3
*** HOLE CARDS ***
simper11: folds
Uncalled bet ($2) returned to doggindavexx
doggindavexx collected $2 from pot
doggindavexx: doesn't show hand
*** SUMMARY ***
Total pot $2 | Rake $0
Seat 3: simper11 (button) (small blind) folded before Flop
Seat 6: doggindavexx (big blind) collected ($2)


PokerStars Hand #176925114085:  Hold'em Limit ($3/$6 USD) - 2017/10/14 19:35:08 ET
Table 'Johanna' 6-max Seat #6 is the button
Seat 3: simper11 ($96.61 in chips)
Seat 6: doggindavexx ($106.73 in chips)
doggindavexx: posts small blind $1
simper11: posts big blind $3
*** HOLE CARDS ***
doggindavexx: raises $3 to $6
simper11: folds
Uncalled bet ($3) returned to doggindavexx
doggindavexx collected $6 from pot
doggindavexx: doesn't show hand
sussie118 leaves the table
*** SUMMARY ***
Total pot $6 | Rake $0
Seat 3: simper11 (big blind) folded before Flop
Seat 6: doggindavexx (button) (small blind) collected ($6)


PokerStars Hand #176925139107:  Hold'em Limit ($3/$6 USD) - 2017/10/14 19:35:54 ET
Table 'Johanna' 6-max Seat #3 is the button
Seat 3: simper11 ($92.64 in chips)
Seat 6: doggindavexx ($110.49 in chips)
simper11: posts small blind $1
doggindavexx: posts big blind $3
*** HOLE CARDS ***
simper11: raises $3 to $6
sussie118 joins the table at seat #2
doggindavexx: calls $3
*** FLOP *** [Qs Qd 5s]
doggindavexx: checks
simper11: bets $3
doggindavexx: raises $3 to $6
simper11: calls $3
*** TURN *** [Qs Qd 5s] [3s]
doggindavexx: bets $6
simper11: folds
Uncalled bet ($6) returned to doggindavexx
doggindavexx collected $23.52 from pot
doggindavexx: doesn't show hand
*** SUMMARY ***
Total pot $24 | Rake $0.48
Board [Qs Qd 5s 3s]
Seat 3: simper11 (button) (small blind) folded on the Turn
Seat 6: doggindavexx (big blind) collected ($23.52)


PokerStars Hand #176925131910:  Hold'em Limit ($3/$6 USD) - 2017/10/14 19:35:41 ET
Table 'Johanna' 6-max Seat #6 is the button
Seat 3: simper11 ($98.64 in chips)
Seat 6: doggindavexx ($104.73 in chips)
doggindavexx: posts small blind $1
simper11: posts big blind $3
*** HOLE CARDS ***
doggindavexx: raises $3 to $6
simper11: calls $3
*** FLOP *** [7s 8h Ks]
simper11: checks
doggindavexx: bets $3
simper11: folds
Uncalled bet ($3) returned to doggindavexx
doggindavexx collected $11.76 from pot
doggindavexx: doesn't show hand
*** SUMMARY ***
Total pot $12 | Rake $0.24
Board [7s 8h Ks]
Seat 3: simper11 (big blind) folded on the Flop
Seat 6: doggindavexx (button) (small blind) collected ($11.76)


PokerStars Hand #176925122633:  Hold'em Limit ($3/$6 USD) - 2017/10/14 19:35:24 ET
Table 'Johanna' 6-max Seat #3 is the button
Seat 3: simper11 ($90 in chips)
Seat 6: doggindavexx ($113.73 in chips)
simper11: posts small blind $1
doggindavexx: posts big blind $3
*** HOLE CARDS ***
simper11: raises $3 to $6
doggindavexx: calls $3
*** FLOP *** [3d 2s 7c]
doggindavexx: bets $3
simper11: calls $3
*** TURN *** [3d 2s 7c] [7d]
doggindavexx: checks
simper11: bets $6
doggindavexx: folds
Uncalled bet ($6) returned to simper11
simper11 collected $17.64 from pot
simper11: doesn't show hand
*** SUMMARY ***
Total pot $18 | Rake $0.36
Board [3d 2s 7c 7d]
Seat 3: simper11 (button) (small blind) collected ($17.64)
Seat 6: doggindavexx (big blind) folded on the Turn


