PokerStars Hand #150881679540:  Hold'em Limit ($3/$6 USD) - 2016/03/24 20:44:05 ET
Table 'Johanna' 10-max Seat #8 is the button
Seat 7: Zubasa07 ($508.64 in chips)
Seat 8: perten ($57.94 in chips)
perten: posts small blind $1
Zubasa07: posts big blind $3
*** HOLE CARDS ***
perten: folds
Uncalled bet ($2) returned to Zubasa07
Zubasa07 collected $2 from pot
Zubasa07: doesn't show hand
*** SUMMARY ***
Total pot $2 | Rake $0
Seat 7: Zubasa07 (big blind) collected ($2)
Seat 8: perten (button) (small blind) folded before Flop


PokerStars Hand #150881661005:  Hold'em Limit ($3/$6 USD) - 2016/03/24 20:43:34 ET
Table 'Johanna' 10-max Seat #7 is the button
Seat 7: Zubasa07 ($500 in chips)
Seat 8: perten ($66.94 in chips)
Zubasa07: posts small blind $1
perten: posts big blind $3
*** HOLE CARDS ***
Zubasa07: raises $3 to $6
perten: calls $3
*** FLOP *** [Kd Ad 6h]
perten: checks
Zubasa07: bets $3
perten: calls $3
*** TURN *** [Kd Ad 6h] [2c]
perten: checks
Zubasa07: bets $6
perten: folds
Uncalled bet ($6) returned to Zubasa07
Zubasa07 collected $17.64 from pot
Zubasa07: doesn't show hand
*** SUMMARY ***
Total pot $18 | Rake $0.36
Board [Kd Ad 6h 2c]
Seat 7: Zubasa07 (button) (small blind) collected ($17.64)
Seat 8: perten (big blind) folded on the Turn


PokerStars Hand #150881706447:  Hold'em Limit ($3/$6 USD) - 2016/03/24 20:44:51 ET
Table 'Johanna' 10-max Seat #8 is the button
Seat 7: Zubasa07 ($533.14 in chips)
Seat 8: perten ($32.94 in chips)
perten: posts small blind $1
Zubasa07: posts big blind $3
*** HOLE CARDS ***
perten: folds
Uncalled bet ($2) returned to Zubasa07
Zubasa07 collected $2 from pot
Zubasa07: doesn't show hand
*** SUMMARY ***
Total pot $2 | Rake $0
Seat 7: Zubasa07 (big blind) collected ($2)
Seat 8: perten (button) (small blind) folded before Flop


PokerStars Hand #150881682454:  Hold'em Limit ($3/$6 USD) - 2016/03/24 20:44:11 ET
Table 'Johanna' 10-max Seat #7 is the button
Seat 7: Zubasa07 ($509.64 in chips)
Seat 8: perten ($56.94 in chips)
Zubasa07: posts small blind $1
perten: posts big blind $3
*** HOLE CARDS ***
Zubasa07: raises $3 to $6
perten: raises $3 to $9
Zubasa07: calls $3
*** FLOP *** [9d 3c 4h]
perten: bets $3
Zubasa07: calls $3
*** TURN *** [9d 3c 4h] [Js]
perten: bets $6
Zubasa07: calls $6
*** RIVER *** [9d 3c 4h Js] [3h]
perten: bets $6
Zubasa07: calls $6
*** SHOW DOWN ***
perten: shows [Qc Kc] (a pair of Threes)
Zubasa07: shows [5d Ac] (a pair of Threes - Ace kicker)
Zubasa07 collected $47.50 from pot
*** SUMMARY ***
Total pot $48 | Rake $0.50
Board [9d 3c 4h Js 3h]
Seat 7: Zubasa07 (button) (small blind) showed [5d Ac] and won ($47.50) with a pair of Threes
Seat 8: perten (big blind) showed [Qc Kc] and lost with a pair of Threes


PokerStars Hand #150884283278:  Hold'em Limit ($3/$6 USD) - 2016/03/24 22:08:50 ET
Table 'Johanna' 10-max Seat #8 is the button
Seat 6: cutio ($48 in chips)
Seat 8: Zubasa07 ($500 in chips)
Zubasa07: posts small blind $1
cutio: posts big blind $3
*** HOLE CARDS ***
Zubasa07: raises $3 to $6
cutio: folds
Uncalled bet ($3) returned to Zubasa07
Zubasa07 collected $6 from pot
Zubasa07: doesn't show hand
*** SUMMARY ***
Total pot $6 | Rake $0
Seat 6: cutio (big blind) folded before Flop
Seat 8: Zubasa07 (button) (small blind) collected ($6)


PokerStars Hand #150884299111:  Hold'em Limit ($3/$6 USD) - 2016/03/24 22:09:25 ET
Table 'Johanna' 10-max Seat #8 is the button
Seat 6: cutio ($50.76 in chips)
Seat 8: Zubasa07 ($497 in chips)
Zubasa07: posts small blind $1
cutio: posts big blind $3
*** HOLE CARDS ***
Zubasa07: raises $3 to $6
cutio: calls $3
*** FLOP *** [Td 9d 5h]
cutio: checks
Zubasa07: bets $3
cutio: raises $3 to $6
Zubasa07: calls $3
*** TURN *** [Td 9d 5h] [Jh]
cutio: bets $6
Zubasa07: raises $6 to $12
cutio: raises $6 to $18
Zubasa07: calls $6
*** RIVER *** [Td 9d 5h Jh] [2d]
cutio: bets $6
Zubasa07: calls $6
*** SHOW DOWN ***
cutio: shows [Kc Qs] (a straight, Nine to King)
Zubasa07: mucks hand
cutio collected $71.50 from pot
*** SUMMARY ***
Total pot $72 | Rake $0.50
Board [Td 9d 5h Jh 2d]
Seat 6: cutio (big blind) showed [Kc Qs] and won ($71.50) with a straight, Nine to King
Seat 8: Zubasa07 (button) (small blind) mucked


PokerStars Hand #150884287785:  Hold'em Limit ($3/$6 USD) - 2016/03/24 22:09:00 ET
Table 'Johanna' 10-max Seat #6 is the button
Seat 6: cutio ($45 in chips)
Seat 8: Zubasa07 ($503 in chips)
cutio: posts small blind $1
Zubasa07: posts big blind $3
*** HOLE CARDS ***
cutio: calls $2
Zubasa07: checks
*** FLOP *** [Qd Kc 6h]
Zubasa07: bets $3
cutio: calls $3
*** TURN *** [Qd Kc 6h] [5h]
Zubasa07: checks
cutio: bets $6
Zubasa07: folds
Uncalled bet ($6) returned to cutio
cutio collected $11.76 from pot
cutio: doesn't show hand
*** SUMMARY ***
Total pot $12 | Rake $0.24
Board [Qd Kc 6h 5h]
Seat 6: cutio (button) (small blind) collected ($11.76)
Seat 8: Zubasa07 (big blind) folded on the Turn


PokerStars Hand #150884321587:  Hold'em Limit ($3/$6 USD) - 2016/03/24 22:10:15 ET
Table 'Johanna' 10-max Seat #6 is the button
Seat 6: cutio ($86.26 in chips)
Seat 8: Zubasa07 ($461 in chips)
cutio: posts small blind $1
Zubasa07: posts big blind $3
*** HOLE CARDS ***
cutio: calls $2
Zubasa07: checks
*** FLOP *** [7d Ac 3h]
Zubasa07: bets $3
cutio: folds
Uncalled bet ($3) returned to Zubasa07
Zubasa07 collected $5.88 from pot
Zubasa07: doesn't show hand
*** SUMMARY ***
Total pot $6 | Rake $0.12
Board [7d Ac 3h]
Seat 6: cutio (button) (small blind) folded on the Flop
Seat 8: Zubasa07 (big blind) collected ($5.88)


PokerStars Hand #150884327140:  Hold'em Limit ($3/$6 USD) - 2016/03/24 22:10:28 ET
Table 'Johanna' 10-max Seat #8 is the button
Seat 6: cutio ($83.26 in chips)
Seat 8: Zubasa07 ($463.88 in chips)
Zubasa07: posts small blind $1
cutio: posts big blind $3
*** HOLE CARDS ***
Zubasa07: raises $3 to $6
cutio: calls $3
*** FLOP *** [Jh Qh Tc]
cutio: checks
Zubasa07: bets $3
cutio: folds
Uncalled bet ($3) returned to Zubasa07
Zubasa07 collected $11.76 from pot
Zubasa07: doesn't show hand
*** SUMMARY ***
Total pot $12 | Rake $0.24
Board [Jh Qh Tc]
Seat 6: cutio (big blind) folded on the Flop
Seat 8: Zubasa07 (button) (small blind) collected ($11.76)


PokerStars Hand #150884335078:  Hold'em Limit ($3/$6 USD) - 2016/03/24 22:10:46 ET
Table 'Johanna' 10-max Seat #8 is the button
Seat 6: cutio ($76.26 in chips)
Seat 8: Zubasa07 ($470.64 in chips)
Zubasa07: posts small blind $1
cutio: posts big blind $3
*** HOLE CARDS ***
Zubasa07: raises $3 to $6
cutio: calls $3
*** FLOP *** [8d 6c Ac]
cutio: checks
Zubasa07: bets $3
cutio: calls $3
*** TURN *** [8d 6c Ac] [3s]
cutio: checks
Zubasa07: bets $6
cutio: raises $6 to $12
Brama Br joins the table at seat #4
Zubasa07: calls $6
*** RIVER *** [8d 6c Ac 3s] [3h]
cutio is disconnected
cutio is connected
cutio: bets $6
Zubasa07: calls $6
*** SHOW DOWN ***
cutio: shows [Jh Ad] (two pair, Aces and Threes)
Zubasa07: mucks hand
cutio collected $53.50 from pot
*** SUMMARY ***
Total pot $54 | Rake $0.50
Board [8d 6c Ac 3s 3h]
Seat 6: cutio (big blind) showed [Jh Ad] and won ($53.50) with two pair, Aces and Threes
Seat 8: Zubasa07 (button) (small blind) mucked


PokerStars Hand #150884409201:  Hold'em Limit ($3/$6 USD) - 2016/03/24 22:13:33 ET
Table 'Johanna' 10-max Seat #6 is the button
Seat 6: cutio ($102.76 in chips)
Seat 8: Zubasa07 ($443.64 in chips)
cutio: posts small blind $1
Zubasa07: posts big blind $3
*** HOLE CARDS ***
cutio: calls $2
Zubasa07: raises $3 to $6
cutio: calls $3
*** FLOP *** [2s Js Jc]
Zubasa07: bets $3
cutio: folds
Uncalled bet ($3) returned to Zubasa07
Zubasa07 collected $11.76 from pot
Zubasa07: doesn't show hand
*** SUMMARY ***
Total pot $12 | Rake $0.24
Board [2s Js Jc]
Seat 6: cutio (button) (small blind) folded on the Flop
Seat 8: Zubasa07 (big blind) collected ($11.76)


PokerStars Hand #150884414888:  Hold'em Limit ($3/$6 USD) - 2016/03/24 22:13:46 ET
Table 'Johanna' 10-max Seat #8 is the button
Seat 6: cutio ($96.76 in chips)
Seat 8: Zubasa07 ($449.40 in chips)
Zubasa07: posts small blind $1
cutio: posts big blind $3
*** HOLE CARDS ***
Zubasa07: raises $3 to $6
cutio: folds
Uncalled bet ($3) returned to Zubasa07
Zubasa07 collected $6 from pot
Zubasa07: doesn't show hand
*** SUMMARY ***
Total pot $6 | Rake $0
Seat 6: cutio (big blind) folded before Flop
Seat 8: Zubasa07 (button) (small blind) collected ($6)


PokerStars Hand #150884417255:  Hold'em Limit ($3/$6 USD) - 2016/03/24 22:13:51 ET
Table 'Johanna' 10-max Seat #6 is the button
Seat 6: cutio ($93.76 in chips)
Seat 8: Zubasa07 ($452.40 in chips)
cutio: posts small blind $1
Zubasa07: posts big blind $3
*** HOLE CARDS ***
cutio: calls $2
Zubasa07: checks
*** FLOP *** [7d 8d Qs]
Zubasa07: checks
cutio: bets $3
Zubasa07: folds
Uncalled bet ($3) returned to cutio
cutio collected $5.88 from pot
cutio: doesn't show hand
*** SUMMARY ***
Total pot $6 | Rake $0.12
Board [7d 8d Qs]
Seat 6: cutio (button) (small blind) collected ($5.88)
Seat 8: Zubasa07 (big blind) folded on the Flop


PokerStars Hand #150884431617:  Hold'em Limit ($3/$6 USD) - 2016/03/24 22:14:24 ET
Table 'Johanna' 10-max Seat #6 is the button
Seat 6: cutio ($72.64 in chips)
Seat 8: Zubasa07 ($472.90 in chips)
cutio: posts small blind $1
Zubasa07: posts big blind $3
*** HOLE CARDS ***
cutio: raises $3 to $6
Zubasa07: calls $3
*** FLOP *** [Ah 3c Tc]
Zubasa07: checks
cutio: bets $3
Zubasa07: calls $3
*** TURN *** [Ah 3c Tc] [3h]
Zubasa07: checks
cutio: bets $6
Zubasa07: calls $6
*** RIVER *** [Ah 3c Tc 3h] [Qc]
Zubasa07: checks
cutio: checks
*** SHOW DOWN ***
Zubasa07: shows [Kh 6c] (a pair of Threes)
cutio: shows [2h Th] (two pair, Tens and Threes)
cutio collected $29.50 from pot
*** SUMMARY ***
Total pot $30 | Rake $0.50
Board [Ah 3c Tc 3h Qc]
Seat 6: cutio (button) (small blind) showed [2h Th] and won ($29.50) with two pair, Tens and Threes
Seat 8: Zubasa07 (big blind) showed [Kh 6c] and lost with a pair of Threes


PokerStars Hand #150884421887:  Hold'em Limit ($3/$6 USD) - 2016/03/24 22:14:01 ET
Table 'Johanna' 10-max Seat #8 is the button
Seat 6: cutio ($96.64 in chips)
Seat 8: Zubasa07 ($449.40 in chips)
Zubasa07: posts small blind $1
cutio: posts big blind $3
*** HOLE CARDS ***
Zubasa07: raises $3 to $6
cutio: calls $3
*** FLOP *** [Ah 3c Tc]
cutio: checks
Zubasa07: bets $3
cutio: raises $3 to $6
Zubasa07: calls $3
*** TURN *** [Ah 3c Tc] [3s]
cutio: bets $6
Zubasa07: calls $6
*** RIVER *** [Ah 3c Tc 3s] [7h]
cutio: bets $6
Zubasa07: calls $6
*** SHOW DOWN ***
cutio: shows [4c 6d] (a pair of Threes)
Zubasa07: shows [Ac 6h] (two pair, Aces and Threes)
Zubasa07 collected $47.50 from pot
*** SUMMARY ***
Total pot $48 | Rake $0.50
Board [Ah 3c Tc 3s 7h]
Seat 6: cutio (big blind) showed [4c 6d] and lost with a pair of Threes
Seat 8: Zubasa07 (button) (small blind) showed [Ac 6h] and won ($47.50) with two pair, Aces and Threes


PokerStars Hand #150884446512:  Hold'em Limit ($3/$6 USD) - 2016/03/24 22:14:57 ET
Table 'Johanna' 10-max Seat #8 is the button
Seat 6: cutio ($87.14 in chips)
Seat 8: Zubasa07 ($457.90 in chips)
Zubasa07: posts small blind $1
cutio: posts big blind $3
*** HOLE CARDS ***
Zubasa07: raises $3 to $6
cutio: calls $3
*** FLOP *** [Ah 9d Jh]
cutio: checks
Zubasa07: bets $3
cutio: folds
Uncalled bet ($3) returned to Zubasa07
Zubasa07 collected $11.76 from pot
Zubasa07: doesn't show hand
*** SUMMARY ***
Total pot $12 | Rake $0.24
Board [Ah 9d Jh]
Seat 6: cutio (big blind) folded on the Flop
Seat 8: Zubasa07 (button) (small blind) collected ($11.76)


PokerStars Hand #150884464685:  Hold'em Limit ($3/$6 USD) - 2016/03/24 22:15:38 ET
Table 'Johanna' 10-max Seat #6 is the button
Seat 6: cutio ($45.14 in chips)
Seat 8: Zubasa07 ($499.16 in chips)
cutio: posts small blind $1
Zubasa07: posts big blind $3
*** HOLE CARDS ***
cutio: raises $3 to $6
Zubasa07: calls $3
*** FLOP *** [3h 9d Qh]
Zubasa07: checks
cutio: bets $3
Zubasa07: calls $3
*** TURN *** [3h 9d Qh] [2c]
Zubasa07: checks
cutio: checks
*** RIVER *** [3h 9d Qh 2c] [Ah]
Zubasa07: checks
cutio: checks
*** SHOW DOWN ***
Zubasa07: shows [As 4h] (a pair of Aces)
cutio: mucks hand
Zubasa07 collected $17.64 from pot
*** SUMMARY ***
Total pot $18 | Rake $0.36
Board [3h 9d Qh 2c Ah]
Seat 6: cutio (button) (small blind) mucked
Seat 8: Zubasa07 (big blind) showed [As 4h] and won ($17.64) with a pair of Aces


PokerStars Hand #150884462485:  Hold'em Limit ($3/$6 USD) - 2016/03/24 22:15:33 ET
Table 'Johanna' 10-max Seat #8 is the button
Seat 6: cutio ($48.14 in chips)
Seat 8: Zubasa07 ($496.16 in chips)
Zubasa07: posts small blind $1
cutio: posts big blind $3
*** HOLE CARDS ***
Zubasa07: raises $3 to $6
cutio: folds
Uncalled bet ($3) returned to Zubasa07
Zubasa07 collected $6 from pot
Zubasa07: doesn't show hand
*** SUMMARY ***
Total pot $6 | Rake $0
Seat 6: cutio (big blind) folded before Flop
Seat 8: Zubasa07 (button) (small blind) collected ($6)


PokerStars Hand #150884499281:  Hold'em Limit ($3/$6 USD) - 2016/03/24 22:16:56 ET
Table 'Johanna' 10-max Seat #6 is the button
Seat 6: cutio ($42 in chips)
Seat 8: Zubasa07 ($549.07 in chips)
cutio: posts small blind $1
Zubasa07: posts big blind $3
*** HOLE CARDS ***
cutio: calls $2
Zubasa07: raises $3 to $6
cutio: calls $3
*** FLOP *** [As Ac 2d]
Zubasa07: bets $3
cutio: calls $3
*** TURN *** [As Ac 2d] [4d]
Zubasa07: bets $6
cutio: folds
Uncalled bet ($6) returned to Zubasa07
Zubasa07 collected $17.64 from pot
Zubasa07: doesn't show hand
*** SUMMARY ***
Total pot $18 | Rake $0.36
Board [As Ac 2d 4d]
Seat 6: cutio (button) (small blind) folded on the Turn
Seat 8: Zubasa07 (big blind) collected ($17.64)


PokerStars Hand #150884494042:  Hold'em Limit ($3/$6 USD) - 2016/03/24 22:16:44 ET
Table 'Johanna' 10-max Seat #8 is the button
Seat 6: cutio ($48 in chips)
Seat 8: Zubasa07 ($543.31 in chips)
Zubasa07: posts small blind $1
cutio: posts big blind $3
*** HOLE CARDS ***
Zubasa07: raises $3 to $6
cutio: calls $3
*** FLOP *** [5d 2d Jd]
cutio: checks
Zubasa07: bets $3
cutio: folds
Uncalled bet ($3) returned to Zubasa07
Zubasa07 collected $11.76 from pot
Zubasa07: doesn't show hand
*** SUMMARY ***
Total pot $12 | Rake $0.24
Board [5d 2d Jd]
Seat 6: cutio (big blind) folded on the Flop
Seat 8: Zubasa07 (button) (small blind) collected ($11.76)


PokerStars Hand #150884485610:  Hold'em Limit ($3/$6 USD) - 2016/03/24 22:16:25 ET
Table 'Johanna' 10-max Seat #6 is the button
Seat 6: cutio ($3.14 in chips)
Seat 8: Zubasa07 ($540.30 in chips)
cutio: posts small blind $1
Zubasa07: posts big blind $3
*** HOLE CARDS ***
cutio: raises $0.14 to $3.14 and is all-in
Zubasa07: calls $0.14
*** FLOP *** [As 4d Ad]
*** TURN *** [As 4d Ad] [5s]
*** RIVER *** [As 4d Ad 5s] [Td]
*** SHOW DOWN ***
Zubasa07: shows [Qd Kd] (a flush, Ace high)
cutio: shows [7h 5c] (two pair, Aces and Fives)
Zubasa07 collected $6.15 from pot
*** SUMMARY ***
Total pot $6.28 | Rake $0.13
Board [As 4d Ad 5s Td]
Seat 6: cutio (button) (small blind) showed [7h 5c] and lost with two pair, Aces and Fives
Seat 8: Zubasa07 (big blind) showed [Qd Kd] and won ($6.15) with a flush, Ace high


PokerStars Hand #150884473430:  Hold'em Limit ($3/$6 USD) - 2016/03/24 22:15:58 ET
Table 'Johanna' 10-max Seat #8 is the button
Seat 6: cutio ($36.14 in chips)
Seat 8: Zubasa07 ($507.80 in chips)
Zubasa07: posts small blind $1
cutio: posts big blind $3
*** HOLE CARDS ***
Zubasa07: raises $3 to $6
cutio: calls $3
*** FLOP *** [4s Ad Ts]
cutio: bets $3
Zubasa07: calls $3
*** TURN *** [4s Ad Ts] [Qh]
cutio: bets $6
Zubasa07: raises $6 to $12
cutio: raises $6 to $18
Zubasa07: calls $6
*** RIVER *** [4s Ad Ts Qh] [6h]
cutio: bets $6
Zubasa07: calls $6
*** SHOW DOWN ***
cutio: shows [Qs 7s] (a pair of Queens)
Zubasa07: shows [Jd As] (a pair of Aces)
Zubasa07 collected $65.50 from pot
*** SUMMARY ***
Total pot $66 | Rake $0.50
Board [4s Ad Ts Qh 6h]
Seat 6: cutio (big blind) showed [Qs 7s] and lost with a pair of Queens
Seat 8: Zubasa07 (button) (small blind) showed [Jd As] and won ($65.50) with a pair of Aces


PokerStars Hand #150884521945:  Hold'em Limit ($3/$6 USD) - 2016/03/24 22:17:47 ET
Table 'Johanna' 10-max Seat #6 is the button
Seat 6: cutio ($47.50 in chips)
Seat 8: Zubasa07 ($542.71 in chips)
cutio: posts small blind $1
Zubasa07: posts big blind $3
*** HOLE CARDS ***
cutio: calls $2
Zubasa07: checks
*** FLOP *** [2h 9h 3h]
Zubasa07: bets $3
cutio: folds
Uncalled bet ($3) returned to Zubasa07
Zubasa07 collected $5.88 from pot
Zubasa07: doesn't show hand
*** SUMMARY ***
Total pot $6 | Rake $0.12
Board [2h 9h 3h]
Seat 6: cutio (button) (small blind) folded on the Flop
Seat 8: Zubasa07 (big blind) collected ($5.88)


PokerStars Hand #150884505241:  Hold'em Limit ($3/$6 USD) - 2016/03/24 22:17:09 ET
Table 'Johanna' 10-max Seat #8 is the button
Seat 6: cutio ($33 in chips)
Seat 8: Zubasa07 ($557.71 in chips)
Zubasa07: posts small blind $1
cutio: posts big blind $3
*** HOLE CARDS ***
Zubasa07: raises $3 to $6
cutio: calls $3
*** FLOP *** [4h 5h 7s]
cutio: checks
Zubasa07: bets $3
cutio: calls $3
*** TURN *** [4h 5h 7s] [Td]
cutio: checks
Zubasa07: bets $6
cutio: calls $6
*** RIVER *** [4h 5h 7s Td] [Jc]
cutio: checks
Zubasa07: checks
*** SHOW DOWN ***
cutio: shows [Jh 8d] (a pair of Jacks)
Zubasa07: mucks hand
cutio collected $29.50 from pot
*** SUMMARY ***
Total pot $30 | Rake $0.50
Board [4h 5h 7s Td Jc]
Seat 6: cutio (big blind) showed [Jh 8d] and won ($29.50) with a pair of Jacks
Seat 8: Zubasa07 (button) (small blind) mucked


PokerStars Hand #150884541553:  Hold'em Limit ($3/$6 USD) - 2016/03/24 22:18:32 ET
Table 'Johanna' 10-max Seat #8 is the button
Seat 6: cutio ($58 in chips)
Seat 8: Zubasa07 ($531.59 in chips)
Zubasa07: posts small blind $1
cutio: posts big blind $3
*** HOLE CARDS ***
Zubasa07: raises $3 to $6
cutio: calls $3
*** FLOP *** [6h Kc Qc]
cutio: checks
Zubasa07: bets $3
cutio: raises $3 to $6
Zubasa07: calls $3
*** TURN *** [6h Kc Qc] [Ah]
cutio: bets $6
Zubasa07: calls $6
*** RIVER *** [6h Kc Qc Ah] [Qh]
cutio: bets $6
Zubasa07: calls $6
*** SHOW DOWN ***
cutio: shows [6d 3d] (two pair, Queens and Sixes)
Zubasa07: shows [5h Ks] (two pair, Kings and Queens)
Zubasa07 collected $47.50 from pot
*** SUMMARY ***
Total pot $48 | Rake $0.50
Board [6h Kc Qc Ah Qh]
Seat 6: cutio (big blind) showed [6d 3d] and lost with two pair, Queens and Sixes
Seat 8: Zubasa07 (button) (small blind) showed [5h Ks] and won ($47.50) with two pair, Kings and Queens


PokerStars Hand #150884539360:  Hold'em Limit ($3/$6 USD) - 2016/03/24 22:18:27 ET
Table 'Johanna' 10-max Seat #6 is the button
Seat 6: cutio ($59 in chips)
Seat 8: Zubasa07 ($530.59 in chips)
cutio: posts small blind $1
Zubasa07: posts big blind $3
*** HOLE CARDS ***
cutio: folds
Uncalled bet ($2) returned to Zubasa07
Zubasa07 collected $2 from pot
Zubasa07: doesn't show hand
*** SUMMARY ***
Total pot $2 | Rake $0
Seat 6: cutio (button) (small blind) folded before Flop
Seat 8: Zubasa07 (big blind) collected ($2)


PokerStars Hand #150884529737:  Hold'em Limit ($3/$6 USD) - 2016/03/24 22:18:05 ET
Table 'Johanna' 10-max Seat #8 is the button
Seat 6: cutio ($44.50 in chips)
Seat 8: Zubasa07 ($545.59 in chips)
Zubasa07: posts small blind $1
cutio: posts big blind $3
*** HOLE CARDS ***
Zubasa07: raises $3 to $6
cutio: calls $3
*** FLOP *** [Ks 9h 5s]
cutio: checks
Zubasa07: bets $3
cutio: calls $3
*** TURN *** [Ks 9h 5s] [Qs]
cutio: checks
Zubasa07: checks
*** RIVER *** [Ks 9h 5s Qs] [5c]
cutio: bets $6
Zubasa07: calls $6
*** SHOW DOWN ***
cutio: shows [3s 7s] (a flush, King high)
Zubasa07: mucks hand
cutio collected $29.50 from pot
*** SUMMARY ***
Total pot $30 | Rake $0.50
Board [Ks 9h 5s Qs 5c]
Seat 6: cutio (big blind) showed [3s 7s] and won ($29.50) with a flush, King high
Seat 8: Zubasa07 (button) (small blind) mucked


PokerStars Hand #150884563894:  Hold'em Limit ($3/$6 USD) - 2016/03/24 22:19:22 ET
Table 'Johanna' 10-max Seat #8 is the button
Seat 6: cutio ($37 in chips)
Seat 8: Zubasa07 ($552.09 in chips)
Zubasa07: posts small blind $1
cutio: posts big blind $3
*** HOLE CARDS ***
Zubasa07: raises $3 to $6
cutio: calls $3
*** FLOP *** [Kh 2c 5h]
cutio: checks
Zubasa07: bets $3
cutio: raises $3 to $6
Zubasa07: calls $3
*** TURN *** [Kh 2c 5h] [Ts]
cutio: checks
Zubasa07: checks
*** RIVER *** [Kh 2c 5h Ts] [3s]
cutio: bets $6
Zubasa07: calls $6
*** SHOW DOWN ***
cutio: shows [Ac 2s] (a pair of Deuces)
Zubasa07: mucks hand
cutio collected $35.50 from pot
*** SUMMARY ***
Total pot $36 | Rake $0.50
Board [Kh 2c 5h Ts 3s]
Seat 6: cutio (big blind) showed [Ac 2s] and won ($35.50) with a pair of Deuces
Seat 8: Zubasa07 (button) (small blind) mucked


PokerStars Hand #150884556871:  Hold'em Limit ($3/$6 USD) - 2016/03/24 22:19:06 ET
Table 'Johanna' 10-max Seat #6 is the button
Seat 6: cutio ($34 in chips)
Seat 8: Zubasa07 ($555.09 in chips)
cutio: posts small blind $1
Zubasa07: posts big blind $3
*** HOLE CARDS ***
cutio: raises $3 to $6
Zubasa07: folds
Uncalled bet ($3) returned to cutio
cutio collected $6 from pot
cutio: doesn't show hand
*** SUMMARY ***
Total pot $6 | Rake $0
Seat 6: cutio (button) (small blind) collected ($6)
Seat 8: Zubasa07 (big blind) folded before Flop


PokerStars Hand #150884586171:  Hold'em Limit ($3/$6 USD) - 2016/03/24 22:20:13 ET
Table 'Johanna' 10-max Seat #6 is the button
Seat 6: cutio ($54.50 in chips)
Seat 8: Zubasa07 ($534.09 in chips)
cutio: posts small blind $1
Zubasa07: posts big blind $3
*** HOLE CARDS ***
cutio: calls $2
Zubasa07: checks
*** FLOP *** [7s 5h Qh]
Zubasa07: checks
cutio: bets $3
Zubasa07: folds
Uncalled bet ($3) returned to cutio
cutio collected $5.88 from pot
cutio: doesn't show hand
*** SUMMARY ***
Total pot $6 | Rake $0.12
Board [7s 5h Qh]
Seat 6: cutio (button) (small blind) collected ($5.88)
Seat 8: Zubasa07 (big blind) folded on the Flop


PokerStars Hand #150884610630:  Hold'em Limit ($3/$6 USD) - 2016/03/24 22:20:55 ET
Table 'Johanna' 10-max Seat #6 is the button
Seat 6: cutio ($63.14 in chips)
Seat 8: Zubasa07 ($525.09 in chips)
cutio: posts small blind $1
Zubasa07: posts big blind $3
*** HOLE CARDS ***
cutio: calls $2
Zubasa07: raises $3 to $6
cutio: calls $3
*** FLOP *** [7h 6h 8c]
Zubasa07: checks
cutio: bets $3
Zubasa07: calls $3
*** TURN *** [7h 6h 8c] [8h]
Zubasa07: checks
cutio: checks
*** RIVER *** [7h 6h 8c 8h] [Jc]
Zubasa07: checks
cutio: checks
*** SHOW DOWN ***
Zubasa07: shows [Kd Ah] (a pair of Eights)
cutio: shows [9d 6s] (two pair, Eights and Sixes)
cutio collected $17.64 from pot
*** SUMMARY ***
Total pot $18 | Rake $0.36
Board [7h 6h 8c 8h Jc]
Seat 6: cutio (button) (small blind) showed [9d 6s] and won ($17.64) with two pair, Eights and Sixes
Seat 8: Zubasa07 (big blind) showed [Kd Ah] and lost with a pair of Eights


PokerStars Hand #150884595906:  Hold'em Limit ($3/$6 USD) - 2016/03/24 22:20:34 ET
Table 'Johanna' 10-max Seat #8 is the button
Seat 6: cutio ($57.38 in chips)
Seat 8: Zubasa07 ($531.09 in chips)
Zubasa07: posts small blind $1
cutio: posts big blind $3
*** HOLE CARDS ***
Zubasa07: raises $3 to $6
cutio: calls $3
*** FLOP *** [9d 8c 7s]
cutio: checks
Zubasa07: checks
*** TURN *** [9d 8c 7s] [Jh]
cutio: bets $6
Zubasa07: folds
Uncalled bet ($6) returned to cutio
cutio collected $11.76 from pot
cutio: doesn't show hand
*** SUMMARY ***
Total pot $12 | Rake $0.24
Board [9d 8c 7s Jh]
Seat 6: cutio (big blind) collected ($11.76)
Seat 8: Zubasa07 (button) (small blind) folded on the Turn


PokerStars Hand #150884641721:  Hold'em Limit ($3/$6 USD) - 2016/03/24 22:22:06 ET
Table 'Johanna' 10-max Seat #6 is the button
Seat 6: cutio ($80.42 in chips)
Seat 8: Zubasa07 ($507.09 in chips)
cutio: posts small blind $1
Zubasa07: posts big blind $3
*** HOLE CARDS ***
cutio: folds
Uncalled bet ($2) returned to Zubasa07
Zubasa07 collected $2 from pot
Zubasa07: doesn't show hand
*** SUMMARY ***
Total pot $2 | Rake $0
Seat 6: cutio (button) (small blind) folded before Flop
Seat 8: Zubasa07 (big blind) collected ($2)


PokerStars Hand #150884639698:  Hold'em Limit ($3/$6 USD) - 2016/03/24 22:22:01 ET
Table 'Johanna' 10-max Seat #8 is the button
Seat 6: cutio ($79.42 in chips)
Seat 8: Zubasa07 ($508.09 in chips)
Zubasa07: posts small blind $1
cutio: posts big blind $3
*** HOLE CARDS ***
Zubasa07: folds
Uncalled bet ($2) returned to cutio
cutio collected $2 from pot
cutio: doesn't show hand
*** SUMMARY ***
Total pot $2 | Rake $0
Seat 6: cutio (big blind) collected ($2)
Seat 8: Zubasa07 (button) (small blind) folded before Flop


PokerStars Hand #150884636936:  Hold'em Limit ($3/$6 USD) - 2016/03/24 22:21:55 ET
Table 'Johanna' 10-max Seat #6 is the button
Seat 6: cutio ($80.42 in chips)
Seat 8: Zubasa07 ($507.09 in chips)
cutio: posts small blind $1
Zubasa07: posts big blind $3
*** HOLE CARDS ***
cutio: folds
Uncalled bet ($2) returned to Zubasa07
Zubasa07 collected $2 from pot
Zubasa07: doesn't show hand
*** SUMMARY ***
Total pot $2 | Rake $0
Seat 6: cutio (button) (small blind) folded before Flop
Seat 8: Zubasa07 (big blind) collected ($2)


PokerStars Hand #150884622477:  Hold'em Limit ($3/$6 USD) - 2016/03/24 22:21:22 ET
Table 'Johanna' 10-max Seat #8 is the button
Seat 6: cutio ($71.78 in chips)
Seat 8: Zubasa07 ($516.09 in chips)
Zubasa07: posts small blind $1
cutio: posts big blind $3
*** HOLE CARDS ***
Zubasa07: raises $3 to $6
cutio: calls $3
*** FLOP *** [Qs Ah Jd]
cutio: checks
Zubasa07: bets $3
cutio: calls $3
*** TURN *** [Qs Ah Jd] [8h]
cutio: checks
Zubasa07: checks
*** RIVER *** [Qs Ah Jd 8h] [Ac]
cutio: bets $6
Zubasa07: folds
Uncalled bet ($6) returned to cutio
cutio collected $17.64 from pot
cutio: doesn't show hand
*** SUMMARY ***
Total pot $18 | Rake $0.36
Board [Qs Ah Jd 8h Ac]
Seat 6: cutio (big blind) collected ($17.64)
Seat 8: Zubasa07 (button) (small blind) folded on the River


PokerStars Hand #150884652416:  Hold'em Limit ($3/$6 USD) - 2016/03/24 22:22:31 ET
Table 'Johanna' 10-max Seat #6 is the button
Seat 6: cutio ($70.42 in chips)
Seat 8: Zubasa07 ($516.73 in chips)
cutio: posts small blind $1
Zubasa07: posts big blind $3
*** HOLE CARDS ***
cutio: calls $2
Zubasa07: checks
*** FLOP *** [Kh 2d 5s]
Zubasa07: bets $3
cutio: folds
Uncalled bet ($3) returned to Zubasa07
Zubasa07 collected $5.88 from pot
Zubasa07: doesn't show hand
*** SUMMARY ***
Total pot $6 | Rake $0.12
Board [Kh 2d 5s]
Seat 6: cutio (button) (small blind) folded on the Flop
Seat 8: Zubasa07 (big blind) collected ($5.88)


PokerStars Hand #150884643795:  Hold'em Limit ($3/$6 USD) - 2016/03/24 22:22:11 ET
Table 'Johanna' 10-max Seat #8 is the button
Seat 6: cutio ($79.42 in chips)
Seat 8: Zubasa07 ($508.09 in chips)
Zubasa07: posts small blind $1
cutio: posts big blind $3
*** HOLE CARDS ***
Zubasa07: raises $3 to $6
cutio: calls $3
*** FLOP *** [9c Ah 2s]
cutio: checks
Zubasa07: bets $3
cutio: calls $3
*** TURN *** [9c Ah 2s] [5c]
cutio: checks
ShinChan_o0 joins the table at seat #10
Zubasa07: bets $6
cutio: folds
Uncalled bet ($6) returned to Zubasa07
Zubasa07 collected $17.64 from pot
Zubasa07: doesn't show hand
*** SUMMARY ***
Total pot $18 | Rake $0.36
Board [9c Ah 2s 5c]
Seat 6: cutio (big blind) folded on the Turn
Seat 8: Zubasa07 (button) (small blind) collected ($17.64)


PokerStars Hand #150885023229:  Hold'em Limit ($3/$6 USD) - 2016/03/24 22:36:40 ET
Table 'Johanna' 10-max Seat #6 is the button
Seat 2: Kongdori ($150 in chips)
Seat 6: cutio ($147.05 in chips)
cutio: posts small blind $1
Zubasa07: is sitting out
GoliafUa: is sitting out
Kongdori: posts big blind $3
*** HOLE CARDS ***
cutio: calls $2
Zubasa07 leaves the table
Kongdori: raises $3 to $6
cutio: calls $3
*** FLOP *** [9h Qs 8d]
Kongdori: bets $3
cutio: raises $3 to $6
Kongdori: calls $3
*** TURN *** [9h Qs 8d] [6h]
Kongdori: checks
cutio: bets $6
Kongdori: calls $6
*** RIVER *** [9h Qs 8d 6h] [5s]
Kongdori: checks
cutio: checks
*** SHOW DOWN ***
Kongdori: shows [5c Qh] (two pair, Queens and Fives)
cutio: mucks hand
Kongdori collected $35.50 from pot
*** SUMMARY ***
Total pot $36 | Rake $0.50
Board [9h Qs 8d 6h 5s]
Seat 2: Kongdori (big blind) showed [5c Qh] and won ($35.50) with two pair, Queens and Fives
Seat 6: cutio (button) (small blind) mucked


PokerStars Hand #150885036071:  Hold'em Limit ($3/$6 USD) - 2016/03/24 22:37:10 ET
Table 'Johanna' 10-max Seat #2 is the button
Seat 2: Kongdori ($167.50 in chips)
Seat 6: cutio ($129.05 in chips)
Kongdori: posts small blind $1
cutio: posts big blind $3
*** HOLE CARDS ***
Kongdori: raises $3 to $6
cutio: calls $3
*** FLOP *** [Jh 4s 8d]
cutio: checks
Kongdori: bets $3
cutio: raises $3 to $6
Kongdori: raises $3 to $9
cutio: calls $3
*** TURN *** [Jh 4s 8d] [2c]
cutio: checks
Kongdori: bets $6
cutio: calls $6
*** RIVER *** [Jh 4s 8d 2c] [6h]
cutio: checks
Kongdori: bets $6
cutio: folds
Uncalled bet ($6) returned to Kongdori
Kongdori collected $41.50 from pot
*** SUMMARY ***
Total pot $42 | Rake $0.50
Board [Jh 4s 8d 2c 6h]
Seat 2: Kongdori (button) (small blind) collected ($41.50)
Seat 6: cutio (big blind) folded on the River


PokerStars Hand #150885046066:  Hold'em Limit ($3/$6 USD) - 2016/03/24 22:37:35 ET
Table 'Johanna' 10-max Seat #6 is the button
Seat 2: Kongdori ($188 in chips)
Seat 6: cutio ($108.05 in chips)
cutio: posts small blind $1
Kongdori: posts big blind $3
*** HOLE CARDS ***
cutio: calls $2
Kongdori: raises $3 to $6
cutio: calls $3
*** FLOP *** [9d Ks Kd]
Kongdori: bets $3
cutio: folds
Uncalled bet ($3) returned to Kongdori
Kongdori collected $11.76 from pot
*** SUMMARY ***
Total pot $12 | Rake $0.24
Board [9d Ks Kd]
Seat 2: Kongdori (big blind) collected ($11.76)
Seat 6: cutio (button) (small blind) folded on the Flop


PokerStars Hand #150885049652:  Hold'em Limit ($3/$6 USD) - 2016/03/24 22:37:43 ET
Table 'Johanna' 10-max Seat #2 is the button
Seat 2: Kongdori ($193.76 in chips)
Seat 6: cutio ($102.05 in chips)
Kongdori: posts small blind $1
cutio: posts big blind $3
*** HOLE CARDS ***
Kongdori: raises $3 to $6
cutio: calls $3
*** FLOP *** [6h 5d Kd]
cutio: checks
Kongdori: bets $3
cutio: calls $3
*** TURN *** [6h 5d Kd] [9s]
cutio: checks
Kongdori: bets $6
cutio: calls $6
*** RIVER *** [6h 5d Kd 9s] [3c]
cutio: checks
Kongdori: bets $6
cutio: calls $6
*** SHOW DOWN ***
Kongdori: shows [Ah Kh] (a pair of Kings)
cutio: mucks hand
Kongdori collected $41.50 from pot
*** SUMMARY ***
Total pot $42 | Rake $0.50
Board [6h 5d Kd 9s 3c]
Seat 2: Kongdori (button) (small blind) showed [Ah Kh] and won ($41.50) with a pair of Kings
Seat 6: cutio (big blind) mucked


PokerStars Hand #150885067722:  Hold'em Limit ($3/$6 USD) - 2016/03/24 22:38:27 ET
Table 'Johanna' 10-max Seat #2 is the button
Seat 2: Kongdori ($231.76 in chips)
Seat 6: cutio ($63.05 in chips)
Kongdori: posts small blind $1
cutio: posts big blind $3
*** HOLE CARDS ***
Kongdori: raises $3 to $6
cutio: calls $3
*** FLOP *** [3h 2d 8s]
cutio: checks
Kongdori: bets $3
cutio: calls $3
*** TURN *** [3h 2d 8s] [9d]
cutio: checks
Kongdori: checks
*** RIVER *** [3h 2d 8s 9d] [8d]
cutio: bets $6
Kongdori: calls $6
*** SHOW DOWN ***
cutio: shows [6h 5h] (a pair of Eights)
Kongdori: shows [Qc 2h] (two pair, Eights and Deuces)
Kongdori collected $29.50 from pot
*** SUMMARY ***
Total pot $30 | Rake $0.50
Board [3h 2d 8s 9d 8d]
Seat 2: Kongdori (button) (small blind) showed [Qc 2h] and won ($29.50) with two pair, Eights and Deuces
Seat 6: cutio (big blind) showed [6h 5h] and lost with a pair of Eights


PokerStars Hand #150885058906:  Hold'em Limit ($3/$6 USD) - 2016/03/24 22:38:06 ET
Table 'Johanna' 10-max Seat #6 is the button
Seat 2: Kongdori ($214.26 in chips)
Seat 6: cutio ($81.05 in chips)
cutio: posts small blind $1
Kongdori: posts big blind $3
*** HOLE CARDS ***
cutio: calls $2
Kongdori: raises $3 to $6
cutio: calls $3
*** FLOP *** [Tc 9h 7s]
Kongdori: bets $3
cutio: raises $3 to $6
Kongdori: calls $3
*** TURN *** [Tc 9h 7s] [3h]
Kongdori: checks
cutio: bets $6
Kongdori: calls $6
*** RIVER *** [Tc 9h 7s 3h] [8s]
Kongdori: bets $6
cutio: folds
Uncalled bet ($6) returned to Kongdori
Kongdori collected $35.50 from pot
*** SUMMARY ***
Total pot $36 | Rake $0.50
Board [Tc 9h 7s 3h 8s]
Seat 2: Kongdori (big blind) collected ($35.50)
Seat 6: cutio (button) (small blind) folded on the River


PokerStars Hand #150885075741:  Hold'em Limit ($3/$6 USD) - 2016/03/24 22:38:46 ET
Table 'Johanna' 10-max Seat #6 is the button
Seat 2: Kongdori ($246.26 in chips)
Seat 6: cutio ($48.05 in chips)
cutio: posts small blind $1
Kongdori: posts big blind $3
*** HOLE CARDS ***
cutio: raises $3 to $6
Kongdori: raises $3 to $9
cutio: calls $3
*** FLOP *** [Jh 5s 9c]
Kongdori: bets $3
cutio: raises $3 to $6
Kongdori: calls $3
*** TURN *** [Jh 5s 9c] [5d]
Kongdori: checks
cutio: bets $6
Kongdori: calls $6
*** RIVER *** [Jh 5s 9c 5d] [Kd]
Kongdori: checks
cutio: checks
*** SHOW DOWN ***
Kongdori: shows [7h 7d] (two pair, Sevens and Fives)
cutio: shows [6h 9h] (two pair, Nines and Fives)
cutio collected $41.50 from pot
*** SUMMARY ***
Total pot $42 | Rake $0.50
Board [Jh 5s 9c 5d Kd]
Seat 2: Kongdori (big blind) showed [7h 7d] and lost with two pair, Sevens and Fives
Seat 6: cutio (button) (small blind) showed [6h 9h] and won ($41.50) with two pair, Nines and Fives


PokerStars Hand #150885110963:  Hold'em Limit ($3/$6 USD) - 2016/03/24 22:40:12 ET
Table 'Johanna' 10-max Seat #2 is the button
Seat 2: Kongdori ($242.28 in chips)
Seat 6: cutio ($50.19 in chips)
Kongdori: posts small blind $1
cutio: posts big blind $3
*** HOLE CARDS ***
Kongdori: raises $3 to $6
cutio: calls $3
*** FLOP *** [6h Qh 8d]
cutio: checks
Kongdori: bets $3
cutio: folds
Uncalled bet ($3) returned to Kongdori
Kongdori collected $11.76 from pot
*** SUMMARY ***
Total pot $12 | Rake $0.24
Board [6h Qh 8d]
Seat 2: Kongdori (button) (small blind) collected ($11.76)
Seat 6: cutio (big blind) folded on the Flop


PokerStars Hand #150885083413:  Hold'em Limit ($3/$6 USD) - 2016/03/24 22:39:05 ET
Table 'Johanna' 10-max Seat #2 is the button
Seat 2: Kongdori ($225.26 in chips)
Seat 6: cutio ($68.55 in chips)
Kongdori: posts small blind $1
cutio: posts big blind $3
*** HOLE CARDS ***
Kongdori: raises $3 to $6
cutio: calls $3
*** FLOP *** [7d Ad 4h]
cutio: checks
Kongdori: bets $3
cutio: calls $3
*** TURN *** [7d Ad 4h] [Kd]
cutio: checks
Kongdori: checks
*** RIVER *** [7d Ad 4h Kd] [6d]
cutio: bets $6
Kongdori: folds
Uncalled bet ($6) returned to cutio
cutio collected $17.64 from pot
cutio: doesn't show hand
*** SUMMARY ***
Total pot $18 | Rake $0.36
Board [7d Ad 4h Kd 6d]
Seat 2: Kongdori (button) (small blind) folded on the River
Seat 6: cutio (big blind) collected ($17.64)


PokerStars Hand #150885092295:  Hold'em Limit ($3/$6 USD) - 2016/03/24 22:39:27 ET
Table 'Johanna' 10-max Seat #6 is the button
Seat 2: Kongdori ($216.26 in chips)
Seat 6: cutio ($77.19 in chips)
cutio: posts small blind $1
Kongdori: posts big blind $3
*** HOLE CARDS ***
cutio: calls $2
Kongdori: checks
*** FLOP *** [Qd 9d 2h]
Kongdori: checks
cutio: bets $3
Kongdori: calls $3
*** TURN *** [Qd 9d 2h] [3h]
Kongdori: checks
cutio: checks
*** RIVER *** [Qd 9d 2h 3h] [Qc]
Kongdori: bets $6
cutio: folds
Uncalled bet ($6) returned to Kongdori
Kongdori collected $11.76 from pot
*** SUMMARY ***
Total pot $12 | Rake $0.24
Board [Qd 9d 2h 3h Qc]
Seat 2: Kongdori (big blind) collected ($11.76)
Seat 6: cutio (button) (small blind) folded on the River


PokerStars Hand #150885100661:  Hold'em Limit ($3/$6 USD) - 2016/03/24 22:39:47 ET
Table 'Johanna' 10-max Seat #2 is the button
Seat 2: Kongdori ($222.02 in chips)
Seat 6: cutio ($71.19 in chips)
Kongdori: posts small blind $1
cutio: posts big blind $3
*** HOLE CARDS ***
Kongdori: raises $3 to $6
cutio: calls $3
*** FLOP *** [2s Ah 6s]
cutio: checks
Kongdori: bets $3
cutio: folds
Uncalled bet ($3) returned to Kongdori
Kongdori collected $11.76 from pot
*** SUMMARY ***
Total pot $12 | Rake $0.24
Board [2s Ah 6s]
Seat 2: Kongdori (button) (small blind) collected ($11.76)
Seat 6: cutio (big blind) folded on the Flop


PokerStars Hand #150885105181:  Hold'em Limit ($3/$6 USD) - 2016/03/24 22:39:58 ET
Table 'Johanna' 10-max Seat #6 is the button
Seat 2: Kongdori ($227.78 in chips)
Seat 6: cutio ($65.19 in chips)
cutio: posts small blind $1
Kongdori: posts big blind $3
*** HOLE CARDS ***
cutio: calls $2
Kongdori: raises $3 to $6
cutio: calls $3
*** FLOP *** [7s 2s Jc]
Kongdori: bets $3
cutio: calls $3
*** TURN *** [7s 2s Jc] [7d]
Kongdori: checks
cutio: bets $6
Kongdori: raises $6 to $12
cutio: folds
Uncalled bet ($6) returned to Kongdori
Kongdori collected $29.50 from pot
*** SUMMARY ***
Total pot $30 | Rake $0.50
Board [7s 2s Jc 7d]
Seat 2: Kongdori (big blind) collected ($29.50)
Seat 6: cutio (button) (small blind) folded on the Turn


PokerStars Hand #150885126839:  Hold'em Limit ($3/$6 USD) - 2016/03/24 22:40:51 ET
Table 'Johanna' 10-max Seat #2 is the button
Seat 2: Kongdori ($224.04 in chips)
Seat 6: cutio ($67.69 in chips)
Kongdori: posts small blind $1
cutio: posts big blind $3
*** HOLE CARDS ***
ElverGalinda joins the table at seat #3
Kongdori: raises $3 to $6
cutio: calls $3
*** FLOP *** [2h 9c 6d]
cutio: checks
Kongdori: bets $3
cutio: calls $3
*** TURN *** [2h 9c 6d] [6s]
cutio: checks
Kongdori: bets $6
cutio: folds
Uncalled bet ($6) returned to Kongdori
Kongdori collected $17.64 from pot
*** SUMMARY ***
Total pot $18 | Rake $0.36
Board [2h 9c 6d 6s]
Seat 2: Kongdori (button) (small blind) collected ($17.64)
Seat 6: cutio (big blind) folded on the Turn


PokerStars Hand #150885135552:  Hold'em Limit ($3/$6 USD) - 2016/03/24 22:41:12 ET
Table 'Johanna' 10-max Seat #6 is the button
Seat 2: Kongdori ($232.68 in chips)
Seat 6: cutio ($58.69 in chips)
cutio: posts small blind $1
Kongdori: posts big blind $3
*** HOLE CARDS ***
cutio: calls $2
Kongdori: checks
*** FLOP *** [6s Kd Ks]
Kongdori: bets $3
cutio: folds
Uncalled bet ($3) returned to Kongdori
Kongdori collected $5.88 from pot
*** SUMMARY ***
Total pot $6 | Rake $0.12
Board [6s Kd Ks]
Seat 2: Kongdori (big blind) collected ($5.88)
Seat 6: cutio (button) (small blind) folded on the Flop


PokerStars Hand #150885118148:  Hold'em Limit ($3/$6 USD) - 2016/03/24 22:40:30 ET
Table 'Johanna' 10-max Seat #2 is the button
Seat 2: Kongdori ($249.04 in chips)
Seat 6: cutio ($43.19 in chips)
Kongdori: posts small blind $1
cutio: posts big blind $3
*** HOLE CARDS ***
Kongdori: folds
Uncalled bet ($2) returned to cutio
cutio collected $2 from pot
cutio: doesn't show hand
*** SUMMARY ***
Total pot $2 | Rake $0
Seat 2: Kongdori (button) (small blind) folded before Flop
Seat 6: cutio (big blind) collected ($2)


PokerStars Hand #150885116374:  Hold'em Limit ($3/$6 USD) - 2016/03/24 22:40:25 ET
Table 'Johanna' 10-max Seat #6 is the button
Seat 2: Kongdori ($248.04 in chips)
Seat 6: cutio ($44.19 in chips)
cutio: posts small blind $1
Kongdori: posts big blind $3
*** HOLE CARDS ***
cutio: folds
Uncalled bet ($2) returned to Kongdori
Kongdori collected $2 from pot
*** SUMMARY ***
Total pot $2 | Rake $0
Seat 2: Kongdori (big blind) collected ($2)
Seat 6: cutio (button) (small blind) folded before Flop


PokerStars Hand #150890453858:  Hold'em Limit ($3/$6 USD) - 2016/03/25 3:19:21 ET
Table 'Johanna' 10-max Seat #6 is the button
Seat 1: saldanhacida ($160.98 in chips)
Seat 6: Chessnok ($179.33 in chips)
Chessnok: posts small blind $1
MissEKAmouse: is sitting out
saldanhacida: posts big blind $3
*** HOLE CARDS ***
Chessnok: raises $3 to $6
saldanhacida: calls $3
*** FLOP *** [5h Kh 3h]
MissEKAmouse leaves the table
saldanhacida: checks
Chessnok: bets $3
saldanhacida: calls $3
*** TURN *** [5h Kh 3h] [Js]
saldanhacida: checks
Chessnok: checks
*** RIVER *** [5h Kh 3h Js] [Tc]
saldanhacida: bets $6
Chessnok: folds
Uncalled bet ($6) returned to saldanhacida
saldanhacida collected $17.64 from pot
saldanhacida: doesn't show hand
*** SUMMARY ***
Total pot $18 | Rake $0.36
Board [5h Kh 3h Js Tc]
Seat 1: saldanhacida (big blind) collected ($17.64)
Seat 6: Chessnok (button) (small blind) folded on the River


PokerStars Hand #150890462963:  Hold'em Limit ($3/$6 USD) - 2016/03/25 3:19:49 ET
Table 'Johanna' 10-max Seat #1 is the button
Seat 1: saldanhacida ($169.62 in chips)
Seat 6: Chessnok ($170.33 in chips)
saldanhacida: posts small blind $1
Chessnok: posts big blind $3
*** HOLE CARDS ***
saldanhacida: calls $2
Chessnok: checks
*** FLOP *** [4s 9d 4d]
Chessnok: checks
saldanhacida: checks
*** TURN *** [4s 9d 4d] [As]
Chessnok: checks
saldanhacida: checks
*** RIVER *** [4s 9d 4d As] [8d]
Chessnok: checks
saldanhacida: checks
*** SHOW DOWN ***
Chessnok: shows [5h Tc] (a pair of Fours)
saldanhacida: mucks hand
Chessnok collected $5.88 from pot
*** SUMMARY ***
Total pot $6 | Rake $0.12
Board [4s 9d 4d As 8d]
Seat 1: saldanhacida (button) (small blind) mucked
Seat 6: Chessnok (big blind) showed [5h Tc] and won ($5.88) with a pair of Fours


PokerStars Hand #150890468856:  Hold'em Limit ($3/$6 USD) - 2016/03/25 3:20:08 ET
Table 'Johanna' 10-max Seat #6 is the button
Seat 1: saldanhacida ($166.62 in chips)
Seat 6: Chessnok ($173.21 in chips)
Chessnok: posts small blind $1
saldanhacida: posts big blind $3
*** HOLE CARDS ***
Chessnok: raises $3 to $6
saldanhacida: folds
Uncalled bet ($3) returned to Chessnok
Chessnok collected $6 from pot
Chessnok: doesn't show hand
*** SUMMARY ***
Total pot $6 | Rake $0
Seat 1: saldanhacida (big blind) folded before Flop
Seat 6: Chessnok (button) (small blind) collected ($6)


PokerStars Hand #150890476502:  Hold'em Limit ($3/$6 USD) - 2016/03/25 3:20:32 ET
Table 'Johanna' 10-max Seat #6 is the button
Seat 1: saldanhacida ($142.62 in chips)
Seat 6: Chessnok ($196.71 in chips)
Chessnok: posts small blind $1
saldanhacida: posts big blind $3
*** HOLE CARDS ***
Chessnok: raises $3 to $6
saldanhacida: calls $3
*** FLOP *** [7h Kh 9h]
saldanhacida: checks
Chessnok: bets $3
saldanhacida: calls $3
*** TURN *** [7h Kh 9h] [3d]
saldanhacida: checks
Chessnok: bets $6
saldanhacida: calls $6
*** RIVER *** [7h Kh 9h 3d] [4h]
saldanhacida: checks
Chessnok: bets $6
saldanhacida: calls $6
*** SHOW DOWN ***
Chessnok: shows [Kc Qc] (a pair of Kings)
saldanhacida: mucks hand
Chessnok collected $41.50 from pot
*** SUMMARY ***
Total pot $42 | Rake $0.50
Board [7h Kh 9h 3d 4h]
Seat 1: saldanhacida (big blind) mucked
Seat 6: Chessnok (button) (small blind) showed [Kc Qc] and won ($41.50) with a pair of Kings


PokerStars Hand #150890496950:  Hold'em Limit ($3/$6 USD) - 2016/03/25 3:21:36 ET
Table 'Johanna' 10-max Seat #1 is the button
Seat 1: saldanhacida ($168.62 in chips)
Seat 6: Chessnok ($169.21 in chips)
saldanhacida: posts small blind $1
Chessnok: posts big blind $3
*** HOLE CARDS ***
saldanhacida: folds
Uncalled bet ($2) returned to Chessnok
Chessnok collected $2 from pot
Chessnok: doesn't show hand
*** SUMMARY ***
Total pot $2 | Rake $0
Seat 1: saldanhacida (button) (small blind) folded before Flop
Seat 6: Chessnok (big blind) collected ($2)


PokerStars Hand #150890490835:  Hold'em Limit ($3/$6 USD) - 2016/03/25 3:21:17 ET
Table 'Johanna' 10-max Seat #6 is the button
Seat 1: saldanhacida ($154.12 in chips)
Seat 6: Chessnok ($184.21 in chips)
Chessnok: posts small blind $1
saldanhacida: posts big blind $3
*** HOLE CARDS ***
Chessnok: raises $3 to $6
saldanhacida: calls $3
*** FLOP *** [Js Kh 8c]
saldanhacida: checks
Chessnok: bets $3
saldanhacida: calls $3
*** TURN *** [Js Kh 8c] [Qh]
saldanhacida: checks
Chessnok: bets $6
saldanhacida: raises $6 to $12
Chessnok: folds
Uncalled bet ($6) returned to saldanhacida
saldanhacida collected $29.50 from pot
saldanhacida: doesn't show hand
*** SUMMARY ***
Total pot $30 | Rake $0.50
Board [Js Kh 8c Qh]
Seat 1: saldanhacida (big blind) collected ($29.50)
Seat 6: Chessnok (button) (small blind) folded on the Turn


PokerStars Hand #150890498664:  Hold'em Limit ($3/$6 USD) - 2016/03/25 3:21:41 ET
Table 'Johanna' 10-max Seat #6 is the button
Seat 1: saldanhacida ($167.62 in chips)
Seat 6: Chessnok ($170.21 in chips)
Chessnok: posts small blind $1
saldanhacida: posts big blind $3
*** HOLE CARDS ***
Chessnok: raises $3 to $6
saldanhacida: folds
Uncalled bet ($3) returned to Chessnok
Chessnok collected $6 from pot
Chessnok: doesn't show hand
*** SUMMARY ***
Total pot $6 | Rake $0
Seat 1: saldanhacida (big blind) folded before Flop
Seat 6: Chessnok (button) (small blind) collected ($6)


PokerStars Hand #150890483134:  Hold'em Limit ($3/$6 USD) - 2016/03/25 3:20:53 ET
Table 'Johanna' 10-max Seat #1 is the button
Seat 1: saldanhacida ($121.62 in chips)
Seat 6: Chessnok ($217.21 in chips)
saldanhacida: posts small blind $1
Chessnok: posts big blind $3
*** HOLE CARDS ***
saldanhacida: raises $3 to $6
Chessnok: raises $3 to $9
saldanhacida: raises $3 to $12
Betting is capped
Chessnok: calls $3
*** FLOP *** [4d 4c 9d]
Chessnok: checks
saldanhacida: bets $3
Chessnok: raises $3 to $6
saldanhacida: raises $3 to $9
Chessnok: calls $3
*** TURN *** [4d 4c 9d] [Kh]
Chessnok: checks
saldanhacida: bets $6
Chessnok: calls $6
*** RIVER *** [4d 4c 9d Kh] [Qs]
Chessnok: checks
saldanhacida: bets $6
Chessnok: calls $6
*** SHOW DOWN ***
saldanhacida: shows [Ah Ks] (two pair, Kings and Fours)
Chessnok: mucks hand
saldanhacida collected $65.50 from pot
*** SUMMARY ***
Total pot $66 | Rake $0.50
Board [4d 4c 9d Kh Qs]
Seat 1: saldanhacida (button) (small blind) showed [Ah Ks] and won ($65.50) with two pair, Kings and Fours
Seat 6: Chessnok (big blind) mucked


PokerStars Hand #150890509167:  Hold'em Limit ($3/$6 USD) - 2016/03/25 3:22:14 ET
Table 'Johanna' 10-max Seat #6 is the button
Seat 1: saldanhacida ($143.62 in chips)
Seat 6: Chessnok ($193.71 in chips)
Chessnok: posts small blind $1
saldanhacida: posts big blind $3
*** HOLE CARDS ***
Chessnok: raises $3 to $6
saldanhacida: calls $3
*** FLOP *** [Js 2d As]
saldanhacida: checks
Chessnok: bets $3
saldanhacida: calls $3
*** TURN *** [Js 2d As] [Qs]
saldanhacida: checks
Chessnok: checks
*** RIVER *** [Js 2d As Qs] [5s]
saldanhacida: bets $6
Chessnok: calls $6
*** SHOW DOWN ***
saldanhacida: shows [Ks 9s] (a flush, Ace high)
Chessnok: mucks hand
saldanhacida collected $29.50 from pot
*** SUMMARY ***
Total pot $30 | Rake $0.50
Board [Js 2d As Qs 5s]
Seat 1: saldanhacida (big blind) showed [Ks 9s] and won ($29.50) with a flush, Ace high
Seat 6: Chessnok (button) (small blind) mucked


PokerStars Hand #150890533693:  Hold'em Limit ($3/$6 USD) - 2016/03/25 3:23:32 ET
Table 'Johanna' 10-max Seat #1 is the button
Seat 1: saldanhacida ($134.12 in chips)
Seat 6: Chessnok ($201.85 in chips)
saldanhacida: posts small blind $1
Chessnok: posts big blind $3
*** HOLE CARDS ***
saldanhacida: calls $2
Chessnok: raises $3 to $6
saldanhacida: calls $3
*** FLOP *** [5c Th 8h]
Chessnok: bets $3
saldanhacida: calls $3
*** TURN *** [5c Th 8h] [Kh]
Chessnok: checks
saldanhacida: checks
*** RIVER *** [5c Th 8h Kh] [Kd]
Chessnok: checks
saldanhacida: checks
*** SHOW DOWN ***
Chessnok: shows [Qd 6d] (a pair of Kings)
saldanhacida: mucks hand
Chessnok collected $17.64 from pot
*** SUMMARY ***
Total pot $18 | Rake $0.36
Board [5c Th 8h Kh Kd]
Seat 1: saldanhacida (button) (small blind) mucked
Seat 6: Chessnok (big blind) showed [Qd 6d] and won ($17.64) with a pair of Kings


PokerStars Hand #150890539453:  Hold'em Limit ($3/$6 USD) - 2016/03/25 3:23:50 ET
Table 'Johanna' 10-max Seat #6 is the button
Seat 1: saldanhacida ($125.12 in chips)
Seat 6: Chessnok ($210.49 in chips)
Chessnok: posts small blind $1
saldanhacida: posts big blind $3
*** HOLE CARDS ***
Chessnok: raises $3 to $6
saldanhacida: folds
Uncalled bet ($3) returned to Chessnok
Chessnok collected $6 from pot
Chessnok: doesn't show hand
*** SUMMARY ***
Total pot $6 | Rake $0
Seat 1: saldanhacida (big blind) folded before Flop
Seat 6: Chessnok (button) (small blind) collected ($6)


PokerStars Hand #150890532156:  Hold'em Limit ($3/$6 USD) - 2016/03/25 3:23:27 ET
Table 'Johanna' 10-max Seat #6 is the button
Seat 1: saldanhacida ($133.12 in chips)
Seat 6: Chessnok ($202.85 in chips)
Chessnok: posts small blind $1
saldanhacida: posts big blind $3
*** HOLE CARDS ***
Chessnok: folds
Uncalled bet ($2) returned to saldanhacida
saldanhacida collected $2 from pot
saldanhacida: doesn't show hand
*** SUMMARY ***
Total pot $2 | Rake $0
Seat 1: saldanhacida (big blind) collected ($2)
Seat 6: Chessnok (button) (small blind) folded before Flop


PokerStars Hand #150890530657:  Hold'em Limit ($3/$6 USD) - 2016/03/25 3:23:22 ET
Table 'Johanna' 10-max Seat #1 is the button
Seat 1: saldanhacida ($134.12 in chips)
Seat 6: Chessnok ($201.85 in chips)
saldanhacida: posts small blind $1
Chessnok: posts big blind $3
*** HOLE CARDS ***
saldanhacida: folds
Uncalled bet ($2) returned to Chessnok
Chessnok collected $2 from pot
Chessnok: doesn't show hand
*** SUMMARY ***
Total pot $2 | Rake $0
Seat 1: saldanhacida (button) (small blind) folded before Flop
Seat 6: Chessnok (big blind) collected ($2)


PokerStars Hand #150890523315:  Hold'em Limit ($3/$6 USD) - 2016/03/25 3:22:59 ET
Table 'Johanna' 10-max Seat #6 is the button
Seat 1: saldanhacida ($143.12 in chips)
Seat 6: Chessnok ($193.21 in chips)
Chessnok: posts small blind $1
saldanhacida: posts big blind $3
*** HOLE CARDS ***
Chessnok: raises $3 to $6
saldanhacida: calls $3
*** FLOP *** [4s 5s 3h]
saldanhacida: checks
Chessnok: bets $3
saldanhacida: calls $3
*** TURN *** [4s 5s 3h] [2s]
saldanhacida: checks
Chessnok: checks
*** RIVER *** [4s 5s 3h 2s] [3s]
saldanhacida: checks
Chessnok: checks
*** SHOW DOWN ***
saldanhacida: shows [Td 2d] (two pair, Threes and Deuces)
Chessnok: shows [Qd 4d] (two pair, Fours and Threes)
Chessnok collected $17.64 from pot
*** SUMMARY ***
Total pot $18 | Rake $0.36
Board [4s 5s 3h 2s 3s]
Seat 1: saldanhacida (big blind) showed [Td 2d] and lost with two pair, Threes and Deuces
Seat 6: Chessnok (button) (small blind) showed [Qd 4d] and won ($17.64) with two pair, Fours and Threes


PokerStars Hand #150890541123:  Hold'em Limit ($3/$6 USD) - 2016/03/25 3:23:55 ET
Table 'Johanna' 10-max Seat #1 is the button
Seat 1: saldanhacida ($122.12 in chips)
Seat 6: Chessnok ($213.49 in chips)
saldanhacida: posts small blind $1
Chessnok: posts big blind $3
*** HOLE CARDS ***
saldanhacida: calls $2
Chessnok: checks
*** FLOP *** [Ad Tc Qd]
Chessnok: checks
saldanhacida: bets $3
Chessnok: folds
Uncalled bet ($3) returned to saldanhacida
saldanhacida collected $5.88 from pot
saldanhacida: doesn't show hand
*** SUMMARY ***
Total pot $6 | Rake $0.12
Board [Ad Tc Qd]
Seat 1: saldanhacida (button) (small blind) collected ($5.88)
Seat 6: Chessnok (big blind) folded on the Flop


PokerStars Hand #150890551052:  Hold'em Limit ($3/$6 USD) - 2016/03/25 3:24:26 ET
Table 'Johanna' 10-max Seat #6 is the button
Seat 1: saldanhacida ($118 in chips)
Seat 6: Chessnok ($217.25 in chips)
Chessnok: posts small blind $1
saldanhacida: posts big blind $3
*** HOLE CARDS ***
Chessnok: raises $3 to $6
saldanhacida: calls $3
*** FLOP *** [Ts 7c Ks]
saldanhacida: checks
Chessnok: bets $3
saldanhacida: calls $3
*** TURN *** [Ts 7c Ks] [5c]
saldanhacida: checks
Chessnok: bets $6
saldanhacida: calls $6
*** RIVER *** [Ts 7c Ks 5c] [Jc]
saldanhacida: checks
Chessnok: bets $6
saldanhacida: calls $6
*** SHOW DOWN ***
Chessnok: shows [Tc Ac] (a flush, Ace high)
saldanhacida: mucks hand
Chessnok collected $41.50 from pot
*** SUMMARY ***
Total pot $42 | Rake $0.50
Board [Ts 7c Ks 5c Jc]
Seat 1: saldanhacida (big blind) mucked
Seat 6: Chessnok (button) (small blind) showed [Tc Ac] and won ($41.50) with a flush, Ace high


PokerStars Hand #150890558585:  Hold'em Limit ($3/$6 USD) - 2016/03/25 3:24:49 ET
Table 'Johanna' 10-max Seat #1 is the button
Seat 1: saldanhacida ($97 in chips)
Seat 6: Chessnok ($237.75 in chips)
saldanhacida: posts small blind $1
Chessnok: posts big blind $3
*** HOLE CARDS ***
saldanhacida: folds
Uncalled bet ($2) returned to Chessnok
Chessnok collected $2 from pot
Chessnok: doesn't show hand
*** SUMMARY ***
Total pot $2 | Rake $0
Seat 1: saldanhacida (button) (small blind) folded before Flop
Seat 6: Chessnok (big blind) collected ($2)


PokerStars Hand #150890549467:  Hold'em Limit ($3/$6 USD) - 2016/03/25 3:24:21 ET
Table 'Johanna' 10-max Seat #1 is the button
Seat 1: saldanhacida ($119 in chips)
Seat 6: Chessnok ($216.25 in chips)
saldanhacida: posts small blind $1
Chessnok: posts big blind $3
*** HOLE CARDS ***
saldanhacida: folds
Uncalled bet ($2) returned to Chessnok
Chessnok collected $2 from pot
Chessnok: doesn't show hand
*** SUMMARY ***
Total pot $2 | Rake $0
Seat 1: saldanhacida (button) (small blind) folded before Flop
Seat 6: Chessnok (big blind) collected ($2)


PokerStars Hand #150890545138:  Hold'em Limit ($3/$6 USD) - 2016/03/25 3:24:08 ET
Table 'Johanna' 10-max Seat #6 is the button
Seat 1: saldanhacida ($125 in chips)
Seat 6: Chessnok ($210.49 in chips)
Chessnok: posts small blind $1
saldanhacida: posts big blind $3
*** HOLE CARDS ***
Chessnok: raises $3 to $6
saldanhacida: calls $3
*** FLOP *** [9h Ac 3d]
saldanhacida: checks
Chessnok: bets $3
saldanhacida: folds
Uncalled bet ($3) returned to Chessnok
Chessnok collected $11.76 from pot
Chessnok: doesn't show hand
*** SUMMARY ***
Total pot $12 | Rake $0.24
Board [9h Ac 3d]
Seat 1: saldanhacida (big blind) folded on the Flop
Seat 6: Chessnok (button) (small blind) collected ($11.76)


PokerStars Hand #150890560289:  Hold'em Limit ($3/$6 USD) - 2016/03/25 3:24:55 ET
Table 'Johanna' 10-max Seat #6 is the button
Seat 1: saldanhacida ($96 in chips)
Seat 6: Chessnok ($238.75 in chips)
Chessnok: posts small blind $1
saldanhacida: posts big blind $3
*** HOLE CARDS ***
Chessnok: raises $3 to $6
saldanhacida: calls $3
*** FLOP *** [Th 2c 3c]
saldanhacida: checks
Chessnok: bets $3
saldanhacida: calls $3
*** TURN *** [Th 2c 3c] [Ks]
saldanhacida: checks
Chessnok: checks
*** RIVER *** [Th 2c 3c Ks] [2h]
saldanhacida: checks
Chessnok: checks
*** SHOW DOWN ***
saldanhacida: shows [4c 7c] (a pair of Deuces)
Chessnok: shows [9h Qs] (a pair of Deuces - King+Queen kicker)
Chessnok collected $17.64 from pot
saldanhacida leaves the table
*** SUMMARY ***
Total pot $18 | Rake $0.36
Board [Th 2c 3c Ks 2h]
Seat 1: saldanhacida (big blind) showed [4c 7c] and lost with a pair of Deuces
Seat 6: Chessnok (button) (small blind) showed [9h Qs] and won ($17.64) with a pair of Deuces


