PokerStars Hand #159011041586:  Hold'em Limit ($3/$6 USD) - 2016/09/23 22:01:16 ET
Table 'Johanna' 6-max Seat #3 is the button
Seat 2: wobetting ($71.55 in chips)
Seat 3: RaisemyNut$ ($177.34 in chips)
RaisemyNut$: posts small blind $1
Pelurile: is sitting out
wobetting: posts big blind $3
*** HOLE CARDS ***
Pelurile leaves the table
RaisemyNut$: raises $3 to $6
wobetting: folds
Uncalled bet ($3) returned to RaisemyNut$
RaisemyNut$ collected $6 from pot
RaisemyNut$: doesn't show hand
*** SUMMARY ***
Total pot $6 | Rake $0
Seat 2: wobetting (big blind) folded before Flop
Seat 3: RaisemyNut$ (button) (small blind) collected ($6)


PokerStars Hand #159011046924:  Hold'em Limit ($3/$6 USD) - 2016/09/23 22:01:31 ET
Table 'Johanna' 6-max Seat #2 is the button
Seat 2: wobetting ($68.55 in chips)
Seat 3: RaisemyNut$ ($180.34 in chips)
wobetting: posts small blind $1
RaisemyNut$: posts big blind $3
*** HOLE CARDS ***
wobetting: folds
Uncalled bet ($2) returned to RaisemyNut$
RaisemyNut$ collected $2 from pot
RaisemyNut$: doesn't show hand
*** SUMMARY ***
Total pot $2 | Rake $0
Seat 2: wobetting (button) (small blind) folded before Flop
Seat 3: RaisemyNut$ (big blind) collected ($2)


PokerStars Hand #159011117797:  Hold'em Limit ($3/$6 USD) - 2016/09/23 22:04:44 ET
Table 'Johanna' 6-max Seat #4 is the button
Seat 3: RaisemyNut$ ($175.34 in chips)
Seat 4: RJF1943 ($107.76 in chips)
RJF1943: posts small blind $1
RaisemyNut$: posts big blind $3
*** HOLE CARDS ***
RJF1943: folds
Uncalled bet ($2) returned to RaisemyNut$
RaisemyNut$ collected $2 from pot
RaisemyNut$: doesn't show hand
*** SUMMARY ***
Total pot $2 | Rake $0
Seat 3: RaisemyNut$ (big blind) collected ($2)
Seat 4: RJF1943 (button) (small blind) folded before Flop


PokerStars Hand #159011111224:  Hold'em Limit ($3/$6 USD) - 2016/09/23 22:04:26 ET
Table 'Johanna' 6-max Seat #3 is the button
Seat 3: RaisemyNut$ ($181.34 in chips)
Seat 4: RJF1943 ($102 in chips)
RaisemyNut$: posts small blind $1
RJF1943: posts big blind $3
*** HOLE CARDS ***
RaisemyNut$: raises $3 to $6
RJF1943: calls $3
*** FLOP *** [3c 2s 3s]
RJF1943: checks
RaisemyNut$: checks
*** TURN *** [3c 2s 3s] [6d]
RJF1943: bets $6
RaisemyNut$: folds
Uncalled bet ($6) returned to RJF1943
RJF1943 collected $11.76 from pot
RJF1943: doesn't show hand
*** SUMMARY ***
Total pot $12 | Rake $0.24
Board [3c 2s 3s 6d]
Seat 3: RaisemyNut$ (button) (small blind) folded on the Turn
Seat 4: RJF1943 (big blind) collected ($11.76)


PokerStars Hand #159011125840:  Hold'em Limit ($3/$6 USD) - 2016/09/23 22:05:06 ET
Table 'Johanna' 6-max Seat #4 is the button
Seat 3: RaisemyNut$ ($184.98 in chips)
Seat 4: RJF1943 ($97.76 in chips)
RJF1943: posts small blind $1
RaisemyNut$: posts big blind $3
*** HOLE CARDS ***
RJF1943: folds
Uncalled bet ($2) returned to RaisemyNut$
RaisemyNut$ collected $2 from pot
RaisemyNut$: doesn't show hand
*** SUMMARY ***
Total pot $2 | Rake $0
Seat 3: RaisemyNut$ (big blind) collected ($2)
Seat 4: RJF1943 (button) (small blind) folded before Flop


PokerStars Hand #159011119754:  Hold'em Limit ($3/$6 USD) - 2016/09/23 22:04:50 ET
Table 'Johanna' 6-max Seat #3 is the button
Seat 3: RaisemyNut$ ($176.34 in chips)
Seat 4: RJF1943 ($106.76 in chips)
RaisemyNut$: posts small blind $1
RJF1943: posts big blind $3
*** HOLE CARDS ***
RaisemyNut$: raises $3 to $6
RJF1943: calls $3
*** FLOP *** [Jh 8d Qh]
RJF1943: bets $3
RaisemyNut$: raises $3 to $6
RJF1943: folds
Uncalled bet ($3) returned to RaisemyNut$
RaisemyNut$ collected $17.64 from pot
RaisemyNut$: doesn't show hand
*** SUMMARY ***
Total pot $18 | Rake $0.36
Board [Jh 8d Qh]
Seat 3: RaisemyNut$ (button) (small blind) collected ($17.64)
Seat 4: RJF1943 (big blind) folded on the Flop


PokerStars Hand #159011127916:  Hold'em Limit ($3/$6 USD) - 2016/09/23 22:05:12 ET
Table 'Johanna' 6-max Seat #3 is the button
Seat 3: RaisemyNut$ ($185.98 in chips)
Seat 4: RJF1943 ($96.76 in chips)
RaisemyNut$: posts small blind $1
RJF1943: posts big blind $3
*** HOLE CARDS ***
RaisemyNut$: folds
Uncalled bet ($2) returned to RJF1943
RJF1943 collected $2 from pot
RJF1943: doesn't show hand
*** SUMMARY ***
Total pot $2 | Rake $0
Seat 3: RaisemyNut$ (button) (small blind) folded before Flop
Seat 4: RJF1943 (big blind) collected ($2)


PokerStars Hand #159011130517:  Hold'em Limit ($3/$6 USD) - 2016/09/23 22:05:19 ET
Table 'Johanna' 6-max Seat #4 is the button
Seat 3: RaisemyNut$ ($184.98 in chips)
Seat 4: RJF1943 ($97.76 in chips)
RJF1943: posts small blind $1
RaisemyNut$: posts big blind $3
*** HOLE CARDS ***
RJF1943: folds
Uncalled bet ($2) returned to RaisemyNut$
RaisemyNut$ collected $2 from pot
RaisemyNut$: doesn't show hand
*** SUMMARY ***
Total pot $2 | Rake $0
Seat 3: RaisemyNut$ (big blind) collected ($2)
Seat 4: RJF1943 (button) (small blind) folded before Flop


PokerStars Hand #159011137678:  Hold'em Limit ($3/$6 USD) - 2016/09/23 22:05:39 ET
Table 'Johanna' 6-max Seat #4 is the button
Seat 3: RaisemyNut$ ($191.74 in chips)
Seat 4: RJF1943 ($90.76 in chips)
RJF1943: posts small blind $1
RaisemyNut$: posts big blind $3
*** HOLE CARDS ***
RJF1943: raises $3 to $6
RaisemyNut$: calls $3
*** FLOP *** [Th 7d 7h]
RaisemyNut$: checks
RJF1943: bets $3
RaisemyNut$: calls $3
*** TURN *** [Th 7d 7h] [6d]
RaisemyNut$: checks
RJF1943: bets $6
RaisemyNut$: calls $6
*** RIVER *** [Th 7d 7h 6d] [Kd]
RaisemyNut$: checks
RJF1943: bets $6
RaisemyNut$: calls $6
*** SHOW DOWN ***
RJF1943: shows [8s 8c] (two pair, Eights and Sevens)
RaisemyNut$: mucks hand
RJF1943 collected $41.50 from pot
*** SUMMARY ***
Total pot $42 | Rake $0.50
Board [Th 7d 7h 6d Kd]
Seat 3: RaisemyNut$ (big blind) mucked
Seat 4: RJF1943 (button) (small blind) showed [8s 8c] and won ($41.50) with two pair, Eights and Sevens


PokerStars Hand #159011132660:  Hold'em Limit ($3/$6 USD) - 2016/09/23 22:05:25 ET
Table 'Johanna' 6-max Seat #3 is the button
Seat 3: RaisemyNut$ ($185.98 in chips)
Seat 4: RJF1943 ($96.76 in chips)
RaisemyNut$: posts small blind $1
RJF1943: posts big blind $3
*** HOLE CARDS ***
RaisemyNut$: raises $3 to $6
RJF1943: calls $3
*** FLOP *** [Qc 4h 2d]
RJF1943: checks
RaisemyNut$: bets $3
RJF1943: folds
Uncalled bet ($3) returned to RaisemyNut$
RaisemyNut$ collected $11.76 from pot
RaisemyNut$: doesn't show hand
*** SUMMARY ***
Total pot $12 | Rake $0.24
Board [Qc 4h 2d]
Seat 3: RaisemyNut$ (button) (small blind) collected ($11.76)
Seat 4: RJF1943 (big blind) folded on the Flop


PokerStars Hand #159011156109:  Hold'em Limit ($3/$6 USD) - 2016/09/23 22:06:30 ET
Table 'Johanna' 6-max Seat #3 is the button
Seat 3: RaisemyNut$ ($170.74 in chips)
Seat 4: RJF1943 ($111.26 in chips)
RaisemyNut$: posts small blind $1
RJF1943: posts big blind $3
*** HOLE CARDS ***
RaisemyNut$: raises $3 to $6
RJF1943: calls $3
*** FLOP *** [5c Tc Td]
RJF1943: bets $3
RaisemyNut$: calls $3
*** TURN *** [5c Tc Td] [6s]
RJF1943: checks
RaisemyNut$: bets $6
RJF1943: folds
Uncalled bet ($6) returned to RaisemyNut$
RaisemyNut$ collected $17.64 from pot
RaisemyNut$: doesn't show hand
*** SUMMARY ***
Total pot $18 | Rake $0.36
Board [5c Tc Td 6s]
Seat 3: RaisemyNut$ (button) (small blind) collected ($17.64)
Seat 4: RJF1943 (big blind) folded on the Turn


PokerStars Hand #159011165026:  Hold'em Limit ($3/$6 USD) - 2016/09/23 22:06:54 ET
Table 'Johanna' 6-max Seat #4 is the button
Seat 3: RaisemyNut$ ($179.38 in chips)
Seat 4: RJF1943 ($102.26 in chips)
RJF1943: posts small blind $1
RaisemyNut$: posts big blind $3
*** HOLE CARDS ***
RJF1943: raises $3 to $6
RaisemyNut$: calls $3
*** FLOP *** [Td Tc 4h]
RaisemyNut$: checks
RJF1943: bets $3
RaisemyNut$: calls $3
*** TURN *** [Td Tc 4h] [8c]
RaisemyNut$: checks
RJF1943: bets $6
RaisemyNut$: folds
Uncalled bet ($6) returned to RJF1943
RJF1943 collected $17.64 from pot
RJF1943: doesn't show hand
*** SUMMARY ***
Total pot $18 | Rake $0.36
Board [Td Tc 4h 8c]
Seat 3: RaisemyNut$ (big blind) folded on the Turn
Seat 4: RJF1943 (button) (small blind) collected ($17.64)


PokerStars Hand #159011171570:  Hold'em Limit ($3/$6 USD) - 2016/09/23 22:07:12 ET
Table 'Johanna' 6-max Seat #3 is the button
Seat 3: RaisemyNut$ ($170.38 in chips)
Seat 4: RJF1943 ($110.90 in chips)
RaisemyNut$: posts small blind $1
RJF1943: posts big blind $3
*** HOLE CARDS ***
RaisemyNut$: raises $3 to $6
RJF1943: calls $3
*** FLOP *** [4s Jd 8c]
RJF1943: checks
RaisemyNut$: bets $3
RJF1943: folds
Uncalled bet ($3) returned to RaisemyNut$
RaisemyNut$ collected $11.76 from pot
RaisemyNut$: doesn't show hand
*** SUMMARY ***
Total pot $12 | Rake $0.24
Board [4s Jd 8c]
Seat 3: RaisemyNut$ (button) (small blind) collected ($11.76)
Seat 4: RJF1943 (big blind) folded on the Flop


PokerStars Hand #159011181582:  Hold'em Limit ($3/$6 USD) - 2016/09/23 22:07:40 ET
Table 'Johanna' 6-max Seat #3 is the button
Seat 3: RaisemyNut$ ($173.14 in chips)
Seat 4: RJF1943 ($107.90 in chips)
RaisemyNut$: posts small blind $1
RJF1943: posts big blind $3
*** HOLE CARDS ***
RaisemyNut$: raises $3 to $6
RJF1943: calls $3
*** FLOP *** [Js Th 3c]
RJF1943: checks
RaisemyNut$: bets $3
RJF1943: folds
Uncalled bet ($3) returned to RaisemyNut$
RaisemyNut$ collected $11.76 from pot
RaisemyNut$: doesn't show hand
*** SUMMARY ***
Total pot $12 | Rake $0.24
Board [Js Th 3c]
Seat 3: RaisemyNut$ (button) (small blind) collected ($11.76)
Seat 4: RJF1943 (big blind) folded on the Flop


PokerStars Hand #159011186256:  Hold'em Limit ($3/$6 USD) - 2016/09/23 22:07:53 ET
Table 'Johanna' 6-max Seat #4 is the button
Seat 3: RaisemyNut$ ($178.90 in chips)
Seat 4: RJF1943 ($101.90 in chips)
RJF1943: posts small blind $1
RaisemyNut$: posts big blind $3
*** HOLE CARDS ***
RJF1943: raises $3 to $6
RaisemyNut$: raises $3 to $9
RJF1943: calls $3
*** FLOP *** [4d 6s Jh]
RaisemyNut$: bets $3
RJF1943: calls $3
*** TURN *** [4d 6s Jh] [8h]
RaisemyNut$: bets $6
RJF1943: folds
Uncalled bet ($6) returned to RaisemyNut$
RaisemyNut$ collected $23.52 from pot
RaisemyNut$: doesn't show hand
*** SUMMARY ***
Total pot $24 | Rake $0.48
Board [4d 6s Jh 8h]
Seat 3: RaisemyNut$ (big blind) collected ($23.52)
Seat 4: RJF1943 (button) (small blind) folded on the Turn


PokerStars Hand #159011178529:  Hold'em Limit ($3/$6 USD) - 2016/09/23 22:07:31 ET
Table 'Johanna' 6-max Seat #4 is the button
Seat 3: RaisemyNut$ ($176.14 in chips)
Seat 4: RJF1943 ($104.90 in chips)
RJF1943: posts small blind $1
RaisemyNut$: posts big blind $3
*** HOLE CARDS ***
RJF1943: raises $3 to $6
RaisemyNut$: folds
Uncalled bet ($3) returned to RJF1943
RJF1943 collected $6 from pot
RJF1943: doesn't show hand
*** SUMMARY ***
Total pot $6 | Rake $0
Seat 3: RaisemyNut$ (big blind) folded before Flop
Seat 4: RJF1943 (button) (small blind) collected ($6)


PokerStars Hand #159011215934:  Hold'em Limit ($3/$6 USD) - 2016/09/23 22:08:49 ET
Table 'Johanna' 6-max Seat #4 is the button
Seat 3: RaisemyNut$ ($216.92 in chips)
Seat 4: RJF1943 ($62.90 in chips)
RJF1943: posts small blind $1
RaisemyNut$: posts big blind $3
*** HOLE CARDS ***
RJF1943: folds
Uncalled bet ($2) returned to RaisemyNut$
RaisemyNut$ collected $2 from pot
RaisemyNut$: doesn't show hand
*** SUMMARY ***
Total pot $2 | Rake $0
Seat 3: RaisemyNut$ (big blind) collected ($2)
Seat 4: RJF1943 (button) (small blind) folded before Flop


PokerStars Hand #159011217976:  Hold'em Limit ($3/$6 USD) - 2016/09/23 22:08:54 ET
Table 'Johanna' 6-max Seat #3 is the button
Seat 3: RaisemyNut$ ($217.92 in chips)
Seat 4: RJF1943 ($61.90 in chips)
RaisemyNut$: posts small blind $1
RJF1943: posts big blind $3
*** HOLE CARDS ***
RaisemyNut$: raises $3 to $6
RJF1943: calls $3
*** FLOP *** [2d 3d 5s]
RJF1943: checks
RaisemyNut$: bets $3
RJF1943: calls $3
*** TURN *** [2d 3d 5s] [Kc]
RJF1943: checks
RaisemyNut$: bets $6
RJF1943: folds
Uncalled bet ($6) returned to RaisemyNut$
RaisemyNut$ collected $17.64 from pot
RaisemyNut$: doesn't show hand
*** SUMMARY ***
Total pot $18 | Rake $0.36
Board [2d 3d 5s Kc]
Seat 3: RaisemyNut$ (button) (small blind) collected ($17.64)
Seat 4: RJF1943 (big blind) folded on the Turn


PokerStars Hand #159011204187:  Hold'em Limit ($3/$6 USD) - 2016/09/23 22:08:16 ET
Table 'Johanna' 6-max Seat #3 is the button
Seat 3: RaisemyNut$ ($190.42 in chips)
Seat 4: RJF1943 ($89.90 in chips)
RaisemyNut$: posts small blind $1
RJF1943: posts big blind $3
*** HOLE CARDS ***
RaisemyNut$: raises $3 to $6
RJF1943: calls $3
*** FLOP *** [9s 6s 5s]
RJF1943: bets $3
RaisemyNut$: calls $3
*** TURN *** [9s 6s 5s] [Tc]
RJF1943: bets $6
RaisemyNut$: raises $6 to $12
RJF1943: calls $6
*** RIVER *** [9s 6s 5s Tc] [9d]
RJF1943: checks
RaisemyNut$: bets $6
RJF1943: calls $6
*** SHOW DOWN ***
RaisemyNut$: shows [As 4s] (a flush, Ace high)
RJF1943: mucks hand
RaisemyNut$ collected $53.50 from pot
*** SUMMARY ***
Total pot $54 | Rake $0.50
Board [9s 6s 5s Tc 9d]
Seat 3: RaisemyNut$ (button) (small blind) showed [As 4s] and won ($53.50) with a flush, Ace high
Seat 4: RJF1943 (big blind) mucked


PokerStars Hand #159011246348:  Hold'em Limit ($3/$6 USD) - 2016/09/23 22:10:12 ET
Table 'Johanna' 6-max Seat #4 is the button
Seat 3: RaisemyNut$ ($217.20 in chips)
Seat 4: RJF1943 ($61.40 in chips)
RJF1943: posts small blind $1
RaisemyNut$: posts big blind $3
*** HOLE CARDS ***
RJF1943: folds
Uncalled bet ($2) returned to RaisemyNut$
RaisemyNut$ collected $2 from pot
RaisemyNut$: doesn't show hand
*** SUMMARY ***
Total pot $2 | Rake $0
Seat 3: RaisemyNut$ (big blind) collected ($2)
Seat 4: RJF1943 (button) (small blind) folded before Flop


PokerStars Hand #159011244119:  Hold'em Limit ($3/$6 USD) - 2016/09/23 22:10:06 ET
Table 'Johanna' 6-max Seat #3 is the button
Seat 3: RaisemyNut$ ($218.20 in chips)
Seat 4: RJF1943 ($60.40 in chips)
RaisemyNut$: posts small blind $1
RJF1943: posts big blind $3
*** HOLE CARDS ***
RaisemyNut$: folds
Uncalled bet ($2) returned to RJF1943
RJF1943 collected $2 from pot
RJF1943: doesn't show hand
*** SUMMARY ***
Total pot $2 | Rake $0
Seat 3: RaisemyNut$ (button) (small blind) folded before Flop
Seat 4: RJF1943 (big blind) collected ($2)


PokerStars Hand #159011242254:  Hold'em Limit ($3/$6 USD) - 2016/09/23 22:10:01 ET
Table 'Johanna' 6-max Seat #4 is the button
Seat 3: RaisemyNut$ ($217.20 in chips)
Seat 4: RJF1943 ($61.40 in chips)
RJF1943: posts small blind $1
RaisemyNut$: posts big blind $3
*** HOLE CARDS ***
RJF1943: folds
Uncalled bet ($2) returned to RaisemyNut$
RaisemyNut$ collected $2 from pot
RaisemyNut$: doesn't show hand
*** SUMMARY ***
Total pot $2 | Rake $0
Seat 3: RaisemyNut$ (big blind) collected ($2)
Seat 4: RJF1943 (button) (small blind) folded before Flop


PokerStars Hand #159011233694:  Hold'em Limit ($3/$6 USD) - 2016/09/23 22:09:37 ET
Table 'Johanna' 6-max Seat #3 is the button
Seat 3: RaisemyNut$ ($208.56 in chips)
Seat 4: RJF1943 ($70.40 in chips)
RaisemyNut$: posts small blind $1
RJF1943: posts big blind $3
*** HOLE CARDS ***
RaisemyNut$: raises $3 to $6
RJF1943: calls $3
*** FLOP *** [6c Js 9c]
RJF1943: checks
RaisemyNut$: bets $3
RJF1943: calls $3
*** TURN *** [6c Js 9c] [Qs]
RJF1943: checks
RaisemyNut$: bets $6
RJF1943: folds
Uncalled bet ($6) returned to RaisemyNut$
RaisemyNut$ collected $17.64 from pot
RaisemyNut$: doesn't show hand
*** SUMMARY ***
Total pot $18 | Rake $0.36
Board [6c Js 9c Qs]
Seat 3: RaisemyNut$ (button) (small blind) collected ($17.64)
Seat 4: RJF1943 (big blind) folded on the Turn


PokerStars Hand #159011225424:  Hold'em Limit ($3/$6 USD) - 2016/09/23 22:09:15 ET
Table 'Johanna' 6-max Seat #4 is the button
Seat 3: RaisemyNut$ ($226.56 in chips)
Seat 4: RJF1943 ($52.90 in chips)
RJF1943: posts small blind $1
RaisemyNut$: posts big blind $3
*** HOLE CARDS ***
RJF1943: raises $3 to $6
RaisemyNut$: raises $3 to $9
RJF1943: calls $3
*** FLOP *** [2s 7d 4h]
RaisemyNut$: bets $3
RJF1943: calls $3
*** TURN *** [2s 7d 4h] [Qc]
RaisemyNut$: bets $6
RJF1943: calls $6
*** RIVER *** [2s 7d 4h Qc] [Ts]
RaisemyNut$: checks
RJF1943: checks
*** SHOW DOWN ***
RaisemyNut$: shows [8h 9h] (high card Queen)
RJF1943: shows [5d 7h] (a pair of Sevens)
RJF1943 collected $35.50 from pot
*** SUMMARY ***
Total pot $36 | Rake $0.50
Board [2s 7d 4h Qc Ts]
Seat 3: RaisemyNut$ (big blind) showed [8h 9h] and lost with high card Queen
Seat 4: RJF1943 (button) (small blind) showed [5d 7h] and won ($35.50) with a pair of Sevens


PokerStars Hand #159011248393:  Hold'em Limit ($3/$6 USD) - 2016/09/23 22:10:18 ET
Table 'Johanna' 6-max Seat #3 is the button
Seat 3: RaisemyNut$ ($218.20 in chips)
Seat 4: RJF1943 ($60.40 in chips)
RaisemyNut$: posts small blind $1
RJF1943: posts big blind $3
*** HOLE CARDS ***
dmonr joins the table at seat #6
RaisemyNut$: raises $3 to $6
RJF1943: calls $3
*** FLOP *** [6c 3h Ac]
RJF1943: bets $3
RaisemyNut$: calls $3
*** TURN *** [6c 3h Ac] [Jh]
RJF1943: bets $6
RaisemyNut$: folds
Uncalled bet ($6) returned to RJF1943
RJF1943 collected $17.64 from pot
*** SUMMARY ***
Total pot $18 | Rake $0.36
Board [6c 3h Ac Jh]
Seat 3: RaisemyNut$ (button) (small blind) folded on the Turn
Seat 4: RJF1943 (big blind) collected ($17.64)


PokerStars Hand #159014295169:  Hold'em Limit ($3/$6 USD) - 2016/09/24 1:04:18 ET
Table 'Johanna' 6-max Seat #6 is the button
Seat 3: RaisemyNut$ ($113.15 in chips)
Seat 6: Chari-fari ($101.16 in chips)
Chari-fari: posts small blind $1
Bonkman05: is sitting out
RaisemyNut$: posts big blind $3
*** HOLE CARDS ***
Chari-fari: raises $3 to $6
RaisemyNut$: folds
Uncalled bet ($3) returned to Chari-fari
Bonkman05 leaves the table
Chari-fari collected $6 from pot
*** SUMMARY ***
Total pot $6 | Rake $0
Seat 3: RaisemyNut$ (big blind) folded before Flop
Seat 6: Chari-fari (button) (small blind) collected ($6)


