PokerStars Hand #166836757764:  Hold'em Limit ($3/$6 USD) - 2017/02/27 0:09:46 ET
Table 'Johanna' 6-max Seat #4 is the button
Seat 1: LifeisagameX ($84 in chips)
Seat 4: ARARAT ANAPA ($59.47 in chips)
ARARAT ANAPA: posts small blind $1
LifeisagameX: posts big blind $3
*** HOLE CARDS ***
ARARAT ANAPA: folds
Uncalled bet ($2) returned to LifeisagameX
LifeisagameX collected $2 from pot
LifeisagameX: doesn't show hand
*** SUMMARY ***
Total pot $2 | Rake $0
Seat 1: LifeisagameX (big blind) collected ($2)
Seat 4: ARARAT ANAPA (button) (small blind) folded before Flop


PokerStars Hand #166836759342:  Hold'em Limit ($3/$6 USD) - 2017/02/27 0:09:52 ET
Table 'Johanna' 6-max Seat #1 is the button
Seat 1: LifeisagameX ($85 in chips)
Seat 4: ARARAT ANAPA ($58.47 in chips)
LifeisagameX: posts small blind $1
ARARAT ANAPA: posts big blind $3
*** HOLE CARDS ***
LifeisagameX: raises $3 to $6
ARARAT ANAPA: calls $3
*** FLOP *** [As Kh 3c]
ARARAT ANAPA: checks
LifeisagameX: bets $3
ARARAT ANAPA: folds
Uncalled bet ($3) returned to LifeisagameX
LifeisagameX collected $11.76 from pot
LifeisagameX: doesn't show hand
*** SUMMARY ***
Total pot $12 | Rake $0.24
Board [As Kh 3c]
Seat 1: LifeisagameX (button) (small blind) collected ($11.76)
Seat 4: ARARAT ANAPA (big blind) folded on the Flop


PokerStars Hand #166836765419:  Hold'em Limit ($3/$6 USD) - 2017/02/27 0:10:16 ET
Table 'Johanna' 6-max Seat #4 is the button
Seat 1: LifeisagameX ($90.76 in chips)
Seat 4: ARARAT ANAPA ($52.47 in chips)
ARARAT ANAPA: posts small blind $1
LifeisagameX: posts big blind $3
*** HOLE CARDS ***
ARARAT ANAPA: folds
Uncalled bet ($2) returned to LifeisagameX
LifeisagameX collected $2 from pot
LifeisagameX: doesn't show hand
*** SUMMARY ***
Total pot $2 | Rake $0
Seat 1: LifeisagameX (big blind) collected ($2)
Seat 4: ARARAT ANAPA (button) (small blind) folded before Flop


PokerStars Hand #166836779492:  Hold'em Limit ($3/$6 USD) - 2017/02/27 0:11:11 ET
Table 'Johanna' 6-max Seat #4 is the button
Seat 1: LifeisagameX ($84 in chips)
Seat 4: ARARAT ANAPA ($62.99 in chips)
ARARAT ANAPA: posts small blind $1
LifeisagameX: posts big blind $3
*** HOLE CARDS ***
ARARAT ANAPA: folds
Uncalled bet ($2) returned to LifeisagameX
LifeisagameX collected $2 from pot
LifeisagameX: doesn't show hand
*** SUMMARY ***
Total pot $2 | Rake $0
Seat 1: LifeisagameX (big blind) collected ($2)
Seat 4: ARARAT ANAPA (button) (small blind) folded before Flop


PokerStars Hand #166836767018:  Hold'em Limit ($3/$6 USD) - 2017/02/27 0:10:22 ET
Table 'Johanna' 6-max Seat #1 is the button
Seat 1: LifeisagameX ($91.76 in chips)
Seat 4: ARARAT ANAPA ($51.47 in chips)
LifeisagameX: posts small blind $1
ARARAT ANAPA: posts big blind $3
*** HOLE CARDS ***
LifeisagameX: raises $3 to $6
ARARAT ANAPA: calls $3
*** FLOP *** [3c 4c 9s]
ARARAT ANAPA: checks
LifeisagameX: bets $3
ARARAT ANAPA: raises $3 to $6
LifeisagameX: calls $3
*** TURN *** [3c 4c 9s] [7h]
ARARAT ANAPA: checks
LifeisagameX: checks
*** RIVER *** [3c 4c 9s 7h] [Td]
ARARAT ANAPA: bets $6
LifeisagameX: folds
Uncalled bet ($6) returned to ARARAT ANAPA
ARARAT ANAPA collected $23.52 from pot
*** SUMMARY ***
Total pot $24 | Rake $0.48
Board [3c 4c 9s 7h Td]
Seat 1: LifeisagameX (button) (small blind) folded on the River
Seat 4: ARARAT ANAPA (big blind) collected ($23.52)


PokerStars Hand #166836781071:  Hold'em Limit ($3/$6 USD) - 2017/02/27 0:11:17 ET
Table 'Johanna' 6-max Seat #1 is the button
Seat 1: LifeisagameX ($85 in chips)
Seat 4: ARARAT ANAPA ($61.99 in chips)
LifeisagameX: posts small blind $1
ARARAT ANAPA: posts big blind $3
*** HOLE CARDS ***
LifeisagameX: raises $3 to $6
ARARAT ANAPA: calls $3
*** FLOP *** [Kd Qd 2d]
ARARAT ANAPA: checks
LifeisagameX: bets $3
ARARAT ANAPA: calls $3
*** TURN *** [Kd Qd 2d] [4s]
ARARAT ANAPA: checks
LifeisagameX: checks
*** RIVER *** [Kd Qd 2d 4s] [Ac]
ARARAT ANAPA: checks
LifeisagameX: checks
*** SHOW DOWN ***
ARARAT ANAPA: shows [7d Qh] (a pair of Queens)
LifeisagameX: mucks hand
ARARAT ANAPA collected $17.64 from pot
*** SUMMARY ***
Total pot $18 | Rake $0.36
Board [Kd Qd 2d 4s Ac]
Seat 1: LifeisagameX (button) (small blind) mucked
Seat 4: ARARAT ANAPA (big blind) showed [7d Qh] and won ($17.64) with a pair of Queens


PokerStars Hand #166836808319:  Hold'em Limit ($3/$6 USD) - 2017/02/27 0:13:05 ET
Table 'Johanna' 6-max Seat #1 is the button
Seat 1: LifeisagameX ($104.50 in chips)
Seat 4: ARARAT ANAPA ($49.63 in chips)
LifeisagameX: posts small blind $1
ARARAT ANAPA: posts big blind $3
*** HOLE CARDS ***
LifeisagameX: raises $3 to $6
ARARAT ANAPA: calls $3
*** FLOP *** [Ah 2c 9c]
ARARAT ANAPA: checks
LifeisagameX: bets $3
ARARAT ANAPA: calls $3
*** TURN *** [Ah 2c 9c] [Ad]
ARARAT ANAPA: checks
all_in_lol joins the table at seat #6
LifeisagameX: checks
*** RIVER *** [Ah 2c 9c Ad] [Jc]
ARARAT ANAPA: bets $6
LifeisagameX: calls $6
*** SHOW DOWN ***
ARARAT ANAPA: shows [3d 3h] (two pair, Aces and Threes)
LifeisagameX: mucks hand
ARARAT ANAPA collected $29.50 from pot
*** SUMMARY ***
Total pot $30 | Rake $0.50
Board [Ah 2c 9c Ad Jc]
Seat 1: LifeisagameX (button) (small blind) mucked
Seat 4: ARARAT ANAPA (big blind) showed [3d 3h] and won ($29.50) with two pair, Aces and Threes


PokerStars Hand #166836794374:  Hold'em Limit ($3/$6 USD) - 2017/02/27 0:12:10 ET
Table 'Johanna' 6-max Seat #4 is the button
Seat 1: LifeisagameX ($84 in chips)
Seat 4: ARARAT ANAPA ($70.63 in chips)
ARARAT ANAPA: posts small blind $1
LifeisagameX: posts big blind $3
*** HOLE CARDS ***
ARARAT ANAPA: calls $2
LifeisagameX: checks
*** FLOP *** [9c Qd 4c]
LifeisagameX: checks
ARARAT ANAPA: bets $3
LifeisagameX: raises $3 to $6
ARARAT ANAPA: calls $3
*** TURN *** [9c Qd 4c] [6h]
LifeisagameX: bets $6
ARARAT ANAPA: calls $6
*** RIVER *** [9c Qd 4c 6h] [Qs]
LifeisagameX: bets $6
ARARAT ANAPA: calls $6
*** SHOW DOWN ***
LifeisagameX: shows [Qc Th] (three of a kind, Queens)
ARARAT ANAPA: mucks hand
LifeisagameX collected $41.50 from pot
*** SUMMARY ***
Total pot $42 | Rake $0.50
Board [9c Qd 4c 6h Qs]
Seat 1: LifeisagameX (big blind) showed [Qc Th] and won ($41.50) with three of a kind, Queens
Seat 4: ARARAT ANAPA (button) (small blind) mucked


PokerStars Hand #166836847454:  Hold'em Limit ($3/$6 USD) - 2017/02/27 0:15:29 ET
Table 'Johanna' 6-max Seat #6 is the button
Seat 4: ARARAT ANAPA ($42.77 in chips)
Seat 6: all_in_lol ($79.78 in chips)
all_in_lol: posts small blind $1
ARARAT ANAPA: posts big blind $3
*** HOLE CARDS ***
all_in_lol: calls $2
ARARAT ANAPA: raises $3 to $6
all_in_lol: calls $3
*** FLOP *** [Jd 6s 5s]
ARARAT ANAPA: checks
all_in_lol: checks
*** TURN *** [Jd 6s 5s] [8s]
ARARAT ANAPA: checks
all_in_lol: checks
*** RIVER *** [Jd 6s 5s 8s] [Js]
ARARAT ANAPA: checks
all_in_lol: checks
*** SHOW DOWN ***
ARARAT ANAPA: shows [Kd 9d] (a pair of Jacks)
all_in_lol: mucks hand
ARARAT ANAPA collected $11.76 from pot
*** SUMMARY ***
Total pot $12 | Rake $0.24
Board [Jd 6s 5s 8s Js]
Seat 4: ARARAT ANAPA (big blind) showed [Kd 9d] and won ($11.76) with a pair of Jacks
Seat 6: all_in_lol (button) (small blind) mucked


PokerStars Hand #166836837490:  Hold'em Limit ($3/$6 USD) - 2017/02/27 0:14:50 ET
Table 'Johanna' 6-max Seat #4 is the button
Seat 4: ARARAT ANAPA ($63.77 in chips)
Seat 6: all_in_lol ($59.28 in chips)
ARARAT ANAPA: posts small blind $1
all_in_lol: posts big blind $3
*** HOLE CARDS ***
LifeisagameX leaves the table
ARARAT ANAPA: raises $3 to $6
all_in_lol: calls $3
*** FLOP *** [6c Jd Th]
all_in_lol: checks
ARARAT ANAPA: bets $3
all_in_lol: calls $3
*** TURN *** [6c Jd Th] [Ad]
all_in_lol: bets $6
ARARAT ANAPA: calls $6
*** RIVER *** [6c Jd Th Ad] [Kh]
all_in_lol: bets $6
ARARAT ANAPA: calls $6
*** SHOW DOWN ***
all_in_lol: shows [Ac Qs] (a straight, Ten to Ace)
ARARAT ANAPA: mucks hand
all_in_lol collected $41.50 from pot
*** SUMMARY ***
Total pot $42 | Rake $0.50
Board [6c Jd Th Ad Kh]
Seat 4: ARARAT ANAPA (button) (small blind) mucked
Seat 6: all_in_lol (big blind) showed [Ac Qs] and won ($41.50) with a straight, Ten to Ace


PokerStars Hand #166836866642:  Hold'em Limit ($3/$6 USD) - 2017/02/27 0:16:45 ET
Table 'Johanna' 6-max Seat #6 is the button
Seat 4: ARARAT ANAPA ($18.53 in chips)
Seat 6: all_in_lol ($102.68 in chips)
all_in_lol: posts small blind $1
ARARAT ANAPA: posts big blind $3
*** HOLE CARDS ***
all_in_lol: raises $3 to $6
ARARAT ANAPA: raises $3 to $9
all_in_lol: calls $3
*** FLOP *** [Js As 6h]
ARARAT ANAPA: bets $3
all_in_lol: folds
Uncalled bet ($3) returned to ARARAT ANAPA
ARARAT ANAPA collected $17.64 from pot
*** SUMMARY ***
Total pot $18 | Rake $0.36
Board [Js As 6h]
Seat 4: ARARAT ANAPA (big blind) collected ($17.64)
Seat 6: all_in_lol (button) (small blind) folded on the Flop


PokerStars Hand #166836865176:  Hold'em Limit ($3/$6 USD) - 2017/02/27 0:16:39 ET
Table 'Johanna' 6-max Seat #4 is the button
Seat 4: ARARAT ANAPA ($15.53 in chips)
Seat 6: all_in_lol ($105.68 in chips)
ARARAT ANAPA: posts small blind $1
all_in_lol: posts big blind $3
*** HOLE CARDS ***
ARARAT ANAPA: raises $3 to $6
all_in_lol: folds
Uncalled bet ($3) returned to ARARAT ANAPA
ARARAT ANAPA collected $6 from pot
*** SUMMARY ***
Total pot $6 | Rake $0
Seat 4: ARARAT ANAPA (button) (small blind) collected ($6)
Seat 6: all_in_lol (big blind) folded before Flop


PokerStars Hand #166836857021:  Hold'em Limit ($3/$6 USD) - 2017/02/27 0:16:07 ET
Table 'Johanna' 6-max Seat #4 is the button
Seat 4: ARARAT ANAPA ($42.53 in chips)
Seat 6: all_in_lol ($79.42 in chips)
ARARAT ANAPA: posts small blind $1
all_in_lol: posts big blind $3
*** HOLE CARDS ***
ARARAT ANAPA: raises $3 to $6
all_in_lol: calls $3
*** FLOP *** [Ts 9s 7h]
all_in_lol: bets $3
ARARAT ANAPA: calls $3
*** TURN *** [Ts 9s 7h] [Js]
all_in_lol: bets $6
ARARAT ANAPA: calls $6
*** RIVER *** [Ts 9s 7h Js] [3c]
all_in_lol: bets $6
ARARAT ANAPA: calls $6
*** SHOW DOWN ***
all_in_lol: shows [Tc 8c] (a straight, Seven to Jack)
ARARAT ANAPA: mucks hand
all_in_lol collected $41.50 from pot
*** SUMMARY ***
Total pot $42 | Rake $0.50
Board [Ts 9s 7h Js 3c]
Seat 4: ARARAT ANAPA (button) (small blind) mucked
Seat 6: all_in_lol (big blind) showed [Tc 8c] and won ($41.50) with a straight, Seven to Jack


PokerStars Hand #166836879922:  Hold'em Limit ($3/$6 USD) - 2017/02/27 0:17:38 ET
Table 'Johanna' 6-max Seat #4 is the button
Seat 4: ARARAT ANAPA ($43.67 in chips)
Seat 6: all_in_lol ($76.44 in chips)
ARARAT ANAPA: posts small blind $1
all_in_lol: posts big blind $3
*** HOLE CARDS ***
ARARAT ANAPA: raises $3 to $6
all_in_lol: raises $3 to $9
ARARAT ANAPA: calls $3
*** FLOP *** [Ks Ah 9h]
all_in_lol: bets $3
ARARAT ANAPA: calls $3
*** TURN *** [Ks Ah 9h] [Ac]
all_in_lol: bets $6
ARARAT ANAPA: folds
Uncalled bet ($6) returned to all_in_lol
all_in_lol collected $23.52 from pot
*** SUMMARY ***
Total pot $24 | Rake $0.48
Board [Ks Ah 9h Ac]
Seat 4: ARARAT ANAPA (button) (small blind) folded on the Turn
Seat 6: all_in_lol (big blind) collected ($23.52)


PokerStars Hand #166836878409:  Hold'em Limit ($3/$6 USD) - 2017/02/27 0:17:32 ET
Table 'Johanna' 6-max Seat #6 is the button
Seat 4: ARARAT ANAPA ($42.67 in chips)
Seat 6: all_in_lol ($77.44 in chips)
all_in_lol: posts small blind $1
ARARAT ANAPA: posts big blind $3
*** HOLE CARDS ***
all_in_lol: folds
Uncalled bet ($2) returned to ARARAT ANAPA
ARARAT ANAPA collected $2 from pot
*** SUMMARY ***
Total pot $2 | Rake $0
Seat 4: ARARAT ANAPA (big blind) collected ($2)
Seat 6: all_in_lol (button) (small blind) folded before Flop


PokerStars Hand #166836874351:  Hold'em Limit ($3/$6 USD) - 2017/02/27 0:17:16 ET
Table 'Johanna' 6-max Seat #6 is the button
Seat 4: ARARAT ANAPA ($47.67 in chips)
Seat 6: all_in_lol ($72.68 in chips)
all_in_lol: posts small blind $1
ARARAT ANAPA: posts big blind $3
*** HOLE CARDS ***
all_in_lol: folds
Uncalled bet ($2) returned to ARARAT ANAPA
ARARAT ANAPA collected $2 from pot
*** SUMMARY ***
Total pot $2 | Rake $0
Seat 4: ARARAT ANAPA (big blind) collected ($2)
Seat 6: all_in_lol (button) (small blind) folded before Flop


PokerStars Hand #166836869822:  Hold'em Limit ($3/$6 USD) - 2017/02/27 0:16:58 ET
Table 'Johanna' 6-max Seat #4 is the button
Seat 4: ARARAT ANAPA ($27.17 in chips)
Seat 6: all_in_lol ($93.68 in chips)
ARARAT ANAPA: posts small blind $1
all_in_lol: posts big blind $3
*** HOLE CARDS ***
ARARAT ANAPA: raises $3 to $6
all_in_lol: calls $3
*** FLOP *** [3c Ks 6h]
all_in_lol: bets $3
ARARAT ANAPA: calls $3
*** TURN *** [3c Ks 6h] [7s]
all_in_lol: bets $6
ARARAT ANAPA: calls $6
*** RIVER *** [3c Ks 6h 7s] [6c]
all_in_lol: bets $6
ARARAT ANAPA: calls $6
*** SHOW DOWN ***
all_in_lol: shows [Tc 4d] (a pair of Sixes)
ARARAT ANAPA: shows [8d 8s] (two pair, Eights and Sixes)
ARARAT ANAPA collected $41.50 from pot
*** SUMMARY ***
Total pot $42 | Rake $0.50
Board [3c Ks 6h 7s 6c]
Seat 4: ARARAT ANAPA (button) (small blind) showed [8d 8s] and won ($41.50) with two pair, Eights and Sixes
Seat 6: all_in_lol (big blind) showed [Tc 4d] and lost with a pair of Sixes


PokerStars Hand #166836891950:  Hold'em Limit ($3/$6 USD) - 2017/02/27 0:18:25 ET
Table 'Johanna' 6-max Seat #6 is the button
Seat 4: ARARAT ANAPA ($36.43 in chips)
Seat 6: all_in_lol ($82.96 in chips)
all_in_lol: posts small blind $1
ARARAT ANAPA: posts big blind $3
*** HOLE CARDS ***
all_in_lol: raises $3 to $6
ARARAT ANAPA: calls $3
*** FLOP *** [6h 3s Tc]
ARARAT ANAPA: checks
all_in_lol: bets $3
ARARAT ANAPA: raises $3 to $6
all_in_lol: calls $3
*** TURN *** [6h 3s Tc] [5d]
ARARAT ANAPA: bets $6
all_in_lol: calls $6
*** RIVER *** [6h 3s Tc 5d] [Th]
ARARAT ANAPA: bets $6
all_in_lol: calls $6
*** SHOW DOWN ***
ARARAT ANAPA: shows [4d Td] (three of a kind, Tens)
all_in_lol: mucks hand
ARARAT ANAPA collected $47.50 from pot
*** SUMMARY ***
Total pot $48 | Rake $0.50
Board [6h 3s Tc 5d Th]
Seat 4: ARARAT ANAPA (big blind) showed [4d Td] and won ($47.50) with three of a kind, Tens
Seat 6: all_in_lol (button) (small blind) mucked


PokerStars Hand #166836889187:  Hold'em Limit ($3/$6 USD) - 2017/02/27 0:18:14 ET
Table 'Johanna' 6-max Seat #6 is the button
Seat 4: ARARAT ANAPA ($36.43 in chips)
Seat 6: all_in_lol ($82.96 in chips)
all_in_lol: posts small blind $1
ARARAT ANAPA: posts big blind $3
*** HOLE CARDS ***
all_in_lol: folds
Uncalled bet ($2) returned to ARARAT ANAPA
ARARAT ANAPA collected $2 from pot
*** SUMMARY ***
Total pot $2 | Rake $0
Seat 4: ARARAT ANAPA (big blind) collected ($2)
Seat 6: all_in_lol (button) (small blind) folded before Flop


PokerStars Hand #166836887827:  Hold'em Limit ($3/$6 USD) - 2017/02/27 0:18:09 ET
Table 'Johanna' 6-max Seat #4 is the button
Seat 4: ARARAT ANAPA ($37.43 in chips)
Seat 6: all_in_lol ($81.96 in chips)
ARARAT ANAPA: posts small blind $1
all_in_lol: posts big blind $3
*** HOLE CARDS ***
ARARAT ANAPA: folds
Uncalled bet ($2) returned to all_in_lol
all_in_lol collected $2 from pot
*** SUMMARY ***
Total pot $2 | Rake $0
Seat 4: ARARAT ANAPA (button) (small blind) folded before Flop
Seat 6: all_in_lol (big blind) collected ($2)


PokerStars Hand #166836883296:  Hold'em Limit ($3/$6 USD) - 2017/02/27 0:17:51 ET
Table 'Johanna' 6-max Seat #6 is the button
Seat 4: ARARAT ANAPA ($31.67 in chips)
Seat 6: all_in_lol ($87.96 in chips)
all_in_lol: posts small blind $1
ARARAT ANAPA: posts big blind $3
*** HOLE CARDS ***
all_in_lol: calls $2
ARARAT ANAPA: raises $3 to $6
all_in_lol: calls $3
*** FLOP *** [4h 6c 3s]
ARARAT ANAPA: checks
all_in_lol: checks
*** TURN *** [4h 6c 3s] [Qs]
ARARAT ANAPA: checks
all_in_lol: checks
*** RIVER *** [4h 6c 3s Qs] [5h]
ARARAT ANAPA: checks
all_in_lol: checks
*** SHOW DOWN ***
ARARAT ANAPA: shows [Tc Kd] (high card King)
all_in_lol: mucks hand
ARARAT ANAPA collected $11.76 from pot
*** SUMMARY ***
Total pot $12 | Rake $0.24
Board [4h 6c 3s Qs 5h]
Seat 4: ARARAT ANAPA (big blind) showed [Tc Kd] and won ($11.76) with high card King
Seat 6: all_in_lol (button) (small blind) mucked


PokerStars Hand #166836890527:  Hold'em Limit ($3/$6 USD) - 2017/02/27 0:18:20 ET
Table 'Johanna' 6-max Seat #4 is the button
Seat 4: ARARAT ANAPA ($37.43 in chips)
Seat 6: all_in_lol ($81.96 in chips)
ARARAT ANAPA: posts small blind $1
all_in_lol: posts big blind $3
*** HOLE CARDS ***
ARARAT ANAPA: folds
Uncalled bet ($2) returned to all_in_lol
all_in_lol collected $2 from pot
*** SUMMARY ***
Total pot $2 | Rake $0
Seat 4: ARARAT ANAPA (button) (small blind) folded before Flop
Seat 6: all_in_lol (big blind) collected ($2)


PokerStars Hand #166836904848:  Hold'em Limit ($3/$6 USD) - 2017/02/27 0:19:15 ET
Table 'Johanna' 6-max Seat #4 is the button
Seat 4: ARARAT ANAPA ($39.93 in chips)
Seat 6: all_in_lol ($78.46 in chips)
ARARAT ANAPA: posts small blind $1
all_in_lol: posts big blind $3
*** HOLE CARDS ***
ARARAT ANAPA: raises $3 to $6
all_in_lol: folds
Uncalled bet ($3) returned to ARARAT ANAPA
ARARAT ANAPA collected $6 from pot
*** SUMMARY ***
Total pot $6 | Rake $0
Seat 4: ARARAT ANAPA (button) (small blind) collected ($6)
Seat 6: all_in_lol (big blind) folded before Flop


PokerStars Hand #166836903441:  Hold'em Limit ($3/$6 USD) - 2017/02/27 0:19:10 ET
Table 'Johanna' 6-max Seat #6 is the button
Seat 4: ARARAT ANAPA ($38.93 in chips)
Seat 6: all_in_lol ($79.46 in chips)
all_in_lol: posts small blind $1
ARARAT ANAPA: posts big blind $3
*** HOLE CARDS ***
all_in_lol: folds
Uncalled bet ($2) returned to ARARAT ANAPA
Azrarn joins the table at seat #1
ARARAT ANAPA collected $2 from pot
*** SUMMARY ***
Total pot $2 | Rake $0
Seat 4: ARARAT ANAPA (big blind) collected ($2)
Seat 6: all_in_lol (button) (small blind) folded before Flop


PokerStars Hand #166836897159:  Hold'em Limit ($3/$6 USD) - 2017/02/27 0:18:45 ET
Table 'Johanna' 6-max Seat #4 is the button
Seat 4: ARARAT ANAPA ($59.93 in chips)
Seat 6: all_in_lol ($58.96 in chips)
ARARAT ANAPA: posts small blind $1
all_in_lol: posts big blind $3
*** HOLE CARDS ***
ARARAT ANAPA: calls $2
all_in_lol: checks
*** FLOP *** [4s 2s 5c]
all_in_lol: bets $3
ARARAT ANAPA: raises $3 to $6
all_in_lol: calls $3
*** TURN *** [4s 2s 5c] [Jd]
all_in_lol: checks
ARARAT ANAPA: bets $6
all_in_lol: calls $6
*** RIVER *** [4s 2s 5c Jd] [3s]
all_in_lol: bets $6
ARARAT ANAPA: calls $6
*** SHOW DOWN ***
all_in_lol: shows [8d 6c] (a straight, Deuce to Six)
ARARAT ANAPA: mucks hand
all_in_lol collected $41.50 from pot
*** SUMMARY ***
Total pot $42 | Rake $0.50
Board [4s 2s 5c Jd 3s]
Seat 4: ARARAT ANAPA (button) (small blind) mucked
Seat 6: all_in_lol (big blind) showed [8d 6c] and won ($41.50) with a straight, Deuce to Six


PokerStars Hand #166836954364:  Hold'em Limit ($3/$6 USD) - 2017/02/27 0:22:31 ET
Table 'Johanna' 6-max Seat #4 is the button
Seat 4: ARARAT ANAPA ($47.24 in chips)
Seat 6: all_in_lol ($69.84 in chips)
ARARAT ANAPA: posts small blind $1
all_in_lol: posts big blind $3
*** HOLE CARDS ***
ARARAT ANAPA: folds
Uncalled bet ($2) returned to all_in_lol
all_in_lol collected $2 from pot
*** SUMMARY ***
Total pot $2 | Rake $0
Seat 4: ARARAT ANAPA (button) (small blind) folded before Flop
Seat 6: all_in_lol (big blind) collected ($2)


PokerStars Hand #166836955817:  Hold'em Limit ($3/$6 USD) - 2017/02/27 0:22:36 ET
Table 'Johanna' 6-max Seat #6 is the button
Seat 4: ARARAT ANAPA ($46.24 in chips)
Seat 6: all_in_lol ($70.84 in chips)
all_in_lol: posts small blind $1
ARARAT ANAPA: posts big blind $3
*** HOLE CARDS ***
all_in_lol: raises $3 to $6
ARARAT ANAPA: calls $3
*** FLOP *** [5h Jc 7c]
ARARAT ANAPA: checks
all_in_lol: bets $3
ARARAT ANAPA: calls $3
*** TURN *** [5h Jc 7c] [6c]
ARARAT ANAPA: checks
all_in_lol: bets $6
ARARAT ANAPA: raises $6 to $12
all_in_lol: calls $6
*** RIVER *** [5h Jc 7c 6c] [6d]
ARARAT ANAPA: bets $6
all_in_lol: calls $6
*** SHOW DOWN ***
ARARAT ANAPA: shows [9c 8s] (a straight, Five to Nine)
all_in_lol: mucks hand
ARARAT ANAPA collected $53.50 from pot
*** SUMMARY ***
Total pot $54 | Rake $0.50
Board [5h Jc 7c 6c 6d]
Seat 4: ARARAT ANAPA (big blind) showed [9c 8s] and won ($53.50) with a straight, Five to Nine
Seat 6: all_in_lol (button) (small blind) mucked


PokerStars Hand #166836949005:  Hold'em Limit ($3/$6 USD) - 2017/02/27 0:22:09 ET
Table 'Johanna' 6-max Seat #6 is the button
Seat 4: ARARAT ANAPA ($26.74 in chips)
Seat 6: all_in_lol ($90.84 in chips)
all_in_lol: posts small blind $1
ARARAT ANAPA: posts big blind $3
*** HOLE CARDS ***
all_in_lol: raises $3 to $6
ARARAT ANAPA: calls $3
*** FLOP *** [7d 6d Td]
ARARAT ANAPA: bets $3
all_in_lol: calls $3
*** TURN *** [7d 6d Td] [9s]
ARARAT ANAPA: bets $6
all_in_lol: calls $6
*** RIVER *** [7d 6d Td 9s] [Ac]
ARARAT ANAPA: bets $6
all_in_lol: calls $6
*** SHOW DOWN ***
ARARAT ANAPA: shows [9h 4d] (a pair of Nines)
all_in_lol: mucks hand
ARARAT ANAPA collected $41.50 from pot
*** SUMMARY ***
Total pot $42 | Rake $0.50
Board [7d 6d Td 9s Ac]
Seat 4: ARARAT ANAPA (big blind) showed [9h 4d] and won ($41.50) with a pair of Nines
Seat 6: all_in_lol (button) (small blind) mucked


PokerStars Hand #166836960983:  Hold'em Limit ($3/$6 USD) - 2017/02/27 0:22:56 ET
Table 'Johanna' 6-max Seat #4 is the button
Seat 4: ARARAT ANAPA ($72.74 in chips)
Seat 6: all_in_lol ($43.84 in chips)
ARARAT ANAPA: posts small blind $1
all_in_lol: posts big blind $3
*** HOLE CARDS ***
ARARAT ANAPA: raises $3 to $6
all_in_lol: calls $3
*** FLOP *** [9s 9d 6s]
all_in_lol: checks
ARARAT ANAPA: checks
*** TURN *** [9s 9d 6s] [7c]
all_in_lol: bets $6
ARARAT ANAPA: raises $6 to $12
all_in_lol: calls $6
*** RIVER *** [9s 9d 6s 7c] [Qs]
all_in_lol: checks
ARARAT ANAPA: bets $6
all_in_lol: folds
Uncalled bet ($6) returned to ARARAT ANAPA
ARARAT ANAPA collected $35.50 from pot
*** SUMMARY ***
Total pot $36 | Rake $0.50
Board [9s 9d 6s 7c Qs]
Seat 4: ARARAT ANAPA (button) (small blind) collected ($35.50)
Seat 6: all_in_lol (big blind) folded on the River


PokerStars Hand #166836973235:  Hold'em Limit ($3/$6 USD) - 2017/02/27 0:23:44 ET
Table 'Johanna' 6-max Seat #6 is the button
Seat 4: ARARAT ANAPA ($58.40 in chips)
Seat 6: all_in_lol ($56.94 in chips)
all_in_lol: posts small blind $1
ARARAT ANAPA: posts big blind $3
*** HOLE CARDS ***
all_in_lol: calls $2
ARARAT ANAPA: checks
*** FLOP *** [4h 7s Td]
patrikskjold joins the table at seat #5
ARARAT ANAPA: checks
all_in_lol: checks
*** TURN *** [4h 7s Td] [5c]
ARARAT ANAPA: bets $6
all_in_lol: folds
Uncalled bet ($6) returned to ARARAT ANAPA
ARARAT ANAPA collected $5.88 from pot
*** SUMMARY ***
Total pot $6 | Rake $0.12
Board [4h 7s Td 5c]
Seat 4: ARARAT ANAPA (big blind) collected ($5.88)
Seat 6: all_in_lol (button) (small blind) folded on the Turn


PokerStars Hand #166836965623:  Hold'em Limit ($3/$6 USD) - 2017/02/27 0:23:14 ET
Table 'Johanna' 6-max Seat #6 is the button
Seat 4: ARARAT ANAPA ($90.24 in chips)
Seat 6: all_in_lol ($25.84 in chips)
all_in_lol: posts small blind $1
ARARAT ANAPA: posts big blind $3
*** HOLE CARDS ***
all_in_lol: raises $3 to $6
ARARAT ANAPA: calls $3
*** FLOP *** [2s 4c 8h]
ARARAT ANAPA: checks
all_in_lol: bets $3
ARARAT ANAPA: calls $3
*** TURN *** [2s 4c 8h] [Ah]
ARARAT ANAPA: checks
all_in_lol: bets $6
ARARAT ANAPA: raises $6 to $12
all_in_lol: raises $4.84 to $16.84 and is all-in
ARARAT ANAPA: calls $4.84
*** RIVER *** [2s 4c 8h Ah] [8s]
*** SHOW DOWN ***
ARARAT ANAPA: shows [9c Ad] (two pair, Aces and Eights)
all_in_lol: shows [6d 8d] (three of a kind, Eights)
all_in_lol collected $51.18 from pot
*** SUMMARY ***
Total pot $51.68 | Rake $0.50
Board [2s 4c 8h Ah 8s]
Seat 4: ARARAT ANAPA (big blind) showed [9c Ad] and lost with two pair, Aces and Eights
Seat 6: all_in_lol (button) (small blind) showed [6d 8d] and won ($51.18) with three of a kind, Eights


PokerStars Hand #166837213403:  Hold'em Limit ($3/$6 USD) - 2017/02/27 0:38:50 ET
Table 'Johanna' 6-max Seat #2 is the button
Seat 1: Agrotait ($103.62 in chips)
Seat 2: yasmins1990 ($35.46 in chips)
yasmins1990: posts small blind $1
makimaki: is sitting out
Agrotait: posts big blind $3
*** HOLE CARDS ***
makimaki leaves the table
yasmins1990: raises $3 to $6
Agrotait: calls $3
*** FLOP *** [9s 9d Qs]
Agrotait: checks
yasmins1990: bets $3
Agrotait: calls $3
*** TURN *** [9s 9d Qs] [7d]
Agrotait: checks
yasmins1990: bets $6
patrikskjold joins the table at seat #3
Agrotait: folds
Uncalled bet ($6) returned to yasmins1990
yasmins1990 collected $17.64 from pot
*** SUMMARY ***
Total pot $18 | Rake $0.36
Board [9s 9d Qs 7d]
Seat 1: Agrotait (big blind) folded on the Turn
Seat 2: yasmins1990 (button) (small blind) collected ($17.64)


