PokerStars Hand #154805194535:  Hold'em Limit ($3/$6 USD) - 2016/06/16 8:53:42 ET
Table 'Jokaste' 6-max Seat #3 is the button
Seat 2: DrAter65 ($66.73 in chips)
Seat 3: B_loJkl ($151 in chips)
B_loJkl: posts small blind $1
DrAter65: posts big blind $3
*** HOLE CARDS ***
B_loJkl: raises $3 to $6
DrAter65: folds
Uncalled bet ($3) returned to B_loJkl
B_loJkl collected $6 from pot
B_loJkl: doesn't show hand
*** SUMMARY ***
Total pot $6 | Rake $0
Seat 2: DrAter65 (big blind) folded before Flop
Seat 3: B_loJkl (button) (small blind) collected ($6)


PokerStars Hand #154805185863:  Hold'em Limit ($3/$6 USD) - 2016/06/16 8:53:24 ET
Table 'Jokaste' 6-max Seat #2 is the button
Seat 2: DrAter65 ($67.73 in chips)
Seat 3: B_loJkl ($150 in chips)
DrAter65: posts small blind $1
B_loJkl: posts big blind $3
*** HOLE CARDS ***
DrAter65: folds
Uncalled bet ($2) returned to B_loJkl
B_loJkl collected $2 from pot
B_loJkl: doesn't show hand
*** SUMMARY ***
Total pot $2 | Rake $0
Seat 2: DrAter65 (button) (small blind) folded before Flop
Seat 3: B_loJkl (big blind) collected ($2)


PokerStars Hand #154805224401:  Hold'em Limit ($3/$6 USD) - 2016/06/16 8:54:43 ET
Table 'Jokaste' 6-max Seat #2 is the button
Seat 2: DrAter65 ($69.37 in chips)
Seat 3: B_loJkl ($148 in chips)
DrAter65: posts small blind $1
B_loJkl: posts big blind $3
*** HOLE CARDS ***
DrAter65: folds
Uncalled bet ($2) returned to B_loJkl
B_loJkl collected $2 from pot
B_loJkl: doesn't show hand
*** SUMMARY ***
Total pot $2 | Rake $0
Seat 2: DrAter65 (button) (small blind) folded before Flop
Seat 3: B_loJkl (big blind) collected ($2)


PokerStars Hand #154805220727:  Hold'em Limit ($3/$6 USD) - 2016/06/16 8:54:36 ET
Table 'Jokaste' 6-max Seat #3 is the button
Seat 2: DrAter65 ($72.37 in chips)
Seat 3: B_loJkl ($145 in chips)
B_loJkl: posts small blind $1
DrAter65: posts big blind $3
*** HOLE CARDS ***
B_loJkl: raises $3 to $6
DrAter65: folds
Uncalled bet ($3) returned to B_loJkl
B_loJkl collected $6 from pot
B_loJkl: doesn't show hand
*** SUMMARY ***
Total pot $6 | Rake $0
Seat 2: DrAter65 (big blind) folded before Flop
Seat 3: B_loJkl (button) (small blind) collected ($6)


PokerStars Hand #154805199044:  Hold'em Limit ($3/$6 USD) - 2016/06/16 8:53:51 ET
Table 'Jokaste' 6-max Seat #2 is the button
Seat 2: DrAter65 ($63.73 in chips)
Seat 3: B_loJkl ($154 in chips)
DrAter65: posts small blind $1
B_loJkl: posts big blind $3
*** HOLE CARDS ***
DrAter65: raises $3 to $6
B_loJkl: calls $3
*** FLOP *** [2d Tc 6d]
B_loJkl: checks
DrAter65: bets $3
B_loJkl: calls $3
*** TURN *** [2d Tc 6d] [6c]
B_loJkl: checks
DrAter65: checks
*** RIVER *** [2d Tc 6d 6c] [9d]
B_loJkl: checks
DrAter65: checks
*** SHOW DOWN ***
B_loJkl: shows [7h Kh] (a pair of Sixes)
DrAter65: shows [Jd Ks] (a pair of Sixes - King+Jack kicker)
DrAter65 collected $17.64 from pot
*** SUMMARY ***
Total pot $18 | Rake $0.36
Board [2d Tc 6d 6c 9d]
Seat 2: DrAter65 (button) (small blind) showed [Jd Ks] and won ($17.64) with a pair of Sixes
Seat 3: B_loJkl (big blind) showed [7h Kh] and lost with a pair of Sixes


PokerStars Hand #154805247289:  Hold'em Limit ($3/$6 USD) - 2016/06/16 8:55:34 ET
Table 'Jokaste' 6-max Seat #3 is the button
Seat 2: DrAter65 ($61.37 in chips)
Seat 3: B_loJkl ($155.76 in chips)
B_loJkl: posts small blind $1
DrAter65: posts big blind $3
*** HOLE CARDS ***
B_loJkl: raises $3 to $6
DrAter65: calls $3
*** FLOP *** [Js 9c Jd]
DrAter65: checks
B_loJkl: bets $3
DrAter65: calls $3
*** TURN *** [Js 9c Jd] [4s]
DrAter65: checks
B_loJkl: bets $6
DrAter65: folds
Uncalled bet ($6) returned to B_loJkl
B_loJkl collected $17.64 from pot
B_loJkl: doesn't show hand
*** SUMMARY ***
Total pot $18 | Rake $0.36
Board [Js 9c Jd 4s]
Seat 2: DrAter65 (big blind) folded on the Turn
Seat 3: B_loJkl (button) (small blind) collected ($17.64)


PokerStars Hand #154805244308:  Hold'em Limit ($3/$6 USD) - 2016/06/16 8:55:27 ET
Table 'Jokaste' 6-max Seat #2 is the button
Seat 2: DrAter65 ($62.37 in chips)
Seat 3: B_loJkl ($154.76 in chips)
DrAter65: posts small blind $1
B_loJkl: posts big blind $3
*** HOLE CARDS ***
DrAter65: folds
Uncalled bet ($2) returned to B_loJkl
B_loJkl collected $2 from pot
B_loJkl: doesn't show hand
*** SUMMARY ***
Total pot $2 | Rake $0
Seat 2: DrAter65 (button) (small blind) folded before Flop
Seat 3: B_loJkl (big blind) collected ($2)


PokerStars Hand #154805228299:  Hold'em Limit ($3/$6 USD) - 2016/06/16 8:54:51 ET
Table 'Jokaste' 6-max Seat #3 is the button
Seat 2: DrAter65 ($68.37 in chips)
Seat 3: B_loJkl ($149 in chips)
B_loJkl: posts small blind $1
DrAter65: posts big blind $3
*** HOLE CARDS ***
B_loJkl: raises $3 to $6
DrAter65: calls $3
*** FLOP *** [Ah 5d As]
DrAter65: checks
B_loJkl: bets $3
DrAter65: folds
Uncalled bet ($3) returned to B_loJkl
B_loJkl collected $11.76 from pot
B_loJkl: doesn't show hand
*** SUMMARY ***
Total pot $12 | Rake $0.24
Board [Ah 5d As]
Seat 2: DrAter65 (big blind) folded on the Flop
Seat 3: B_loJkl (button) (small blind) collected ($11.76)


PokerStars Hand #154805286107:  Hold'em Limit ($3/$6 USD) - 2016/06/16 8:57:07 ET
Table 'Jokaste' 6-max Seat #2 is the button
Seat 2: DrAter65 ($58.01 in chips)
Seat 3: B_loJkl ($158.40 in chips)
DrAter65: posts small blind $1
B_loJkl: posts big blind $3
*** HOLE CARDS ***
DrAter65: folds
Uncalled bet ($2) returned to B_loJkl
B_loJkl collected $2 from pot
B_loJkl: doesn't show hand
*** SUMMARY ***
Total pot $2 | Rake $0
Seat 2: DrAter65 (button) (small blind) folded before Flop
Seat 3: B_loJkl (big blind) collected ($2)


PokerStars Hand #154805282335:  Hold'em Limit ($3/$6 USD) - 2016/06/16 8:56:58 ET
Table 'Jokaste' 6-max Seat #3 is the button
Seat 2: DrAter65 ($61.01 in chips)
Seat 3: B_loJkl ($155.40 in chips)
B_loJkl: posts small blind $1
DrAter65: posts big blind $3
*** HOLE CARDS ***
B_loJkl: raises $3 to $6
DrAter65: folds
Uncalled bet ($3) returned to B_loJkl
B_loJkl collected $6 from pot
B_loJkl: doesn't show hand
*** SUMMARY ***
Total pot $6 | Rake $0
Seat 2: DrAter65 (big blind) folded before Flop
Seat 3: B_loJkl (button) (small blind) collected ($6)


PokerStars Hand #154805263857:  Hold'em Limit ($3/$6 USD) - 2016/06/16 8:56:14 ET
Table 'Jokaste' 6-max Seat #2 is the button
Seat 2: DrAter65 ($52.37 in chips)
Seat 3: B_loJkl ($164.40 in chips)
DrAter65: posts small blind $1
B_loJkl: posts big blind $3
*** HOLE CARDS ***
DrAter65: raises $3 to $6
B_loJkl: calls $3
*** FLOP *** [4d Th Ts]
B_loJkl: checks
DrAter65: bets $3
B_loJkl: calls $3
*** TURN *** [4d Th Ts] [4h]
B_loJkl: checks
DrAter65: bets $6
B_loJkl: folds
Uncalled bet ($6) returned to DrAter65
DrAter65 collected $17.64 from pot
DrAter65: doesn't show hand
*** SUMMARY ***
Total pot $18 | Rake $0.36
Board [4d Th Ts 4h]
Seat 2: DrAter65 (button) (small blind) collected ($17.64)
Seat 3: B_loJkl (big blind) folded on the Turn


PokerStars Hand #154805295749:  Hold'em Limit ($3/$6 USD) - 2016/06/16 8:57:30 ET
Table 'Jokaste' 6-max Seat #2 is the button
Seat 2: DrAter65 ($54.01 in chips)
Seat 3: B_loJkl ($162.40 in chips)
DrAter65: posts small blind $1
B_loJkl: posts big blind $3
*** HOLE CARDS ***
DrAter65: folds
Uncalled bet ($2) returned to B_loJkl
B_loJkl collected $2 from pot
B_loJkl: doesn't show hand
*** SUMMARY ***
Total pot $2 | Rake $0
Seat 2: DrAter65 (button) (small blind) folded before Flop
Seat 3: B_loJkl (big blind) collected ($2)


PokerStars Hand #154805289151:  Hold'em Limit ($3/$6 USD) - 2016/06/16 8:57:14 ET
Table 'Jokaste' 6-max Seat #3 is the button
Seat 2: DrAter65 ($57.01 in chips)
Seat 3: B_loJkl ($159.40 in chips)
B_loJkl: posts small blind $1
DrAter65: posts big blind $3
*** HOLE CARDS ***
B_loJkl: raises $3 to $6
DrAter65: folds
Uncalled bet ($3) returned to B_loJkl
B_loJkl collected $6 from pot
B_loJkl: doesn't show hand
*** SUMMARY ***
Total pot $6 | Rake $0
Seat 2: DrAter65 (big blind) folded before Flop
Seat 3: B_loJkl (button) (small blind) collected ($6)


PokerStars Hand #154805323846:  Hold'em Limit ($3/$6 USD) - 2016/06/16 8:58:37 ET
Table 'Jokaste' 6-max Seat #3 is the button
Seat 2: DrAter65 ($51.76 in chips)
Seat 3: B_loJkl ($164.15 in chips)
B_loJkl: posts small blind $1
DrAter65: posts big blind $3
*** HOLE CARDS ***
B_loJkl: raises $3 to $6
DrAter65: raises $3 to $9
B_loJkl: calls $3
*** FLOP *** [2s Jd 2c]
DrAter65: bets $3
B_loJkl: calls $3
*** TURN *** [2s Jd 2c] [3s]
DrAter65: bets $6
B_loJkl: folds
Uncalled bet ($6) returned to DrAter65
DrAter65 collected $23.52 from pot
DrAter65: doesn't show hand
*** SUMMARY ***
Total pot $24 | Rake $0.48
Board [2s Jd 2c 3s]
Seat 2: DrAter65 (big blind) collected ($23.52)
Seat 3: B_loJkl (button) (small blind) folded on the Turn


PokerStars Hand #154805319785:  Hold'em Limit ($3/$6 USD) - 2016/06/16 8:58:27 ET
Table 'Jokaste' 6-max Seat #2 is the button
Seat 2: DrAter65 ($52.76 in chips)
Seat 3: B_loJkl ($163.15 in chips)
DrAter65: posts small blind $1
B_loJkl: posts big blind $3
*** HOLE CARDS ***
DrAter65: folds
Uncalled bet ($2) returned to B_loJkl
B_loJkl collected $2 from pot
B_loJkl: doesn't show hand
*** SUMMARY ***
Total pot $2 | Rake $0
Seat 2: DrAter65 (button) (small blind) folded before Flop
Seat 3: B_loJkl (big blind) collected ($2)


PokerStars Hand #154805298511:  Hold'em Limit ($3/$6 USD) - 2016/06/16 8:57:36 ET
Table 'Jokaste' 6-max Seat #3 is the button
Seat 2: DrAter65 ($53.01 in chips)
Seat 3: B_loJkl ($163.40 in chips)
B_loJkl: posts small blind $1
DrAter65: posts big blind $3
*** HOLE CARDS ***
B_loJkl: raises $3 to $6
DrAter65: raises $3 to $9
B_loJkl: raises $3 to $12
Betting is capped
DrAter65: calls $3
*** FLOP *** [3d 9h 5d]
DrAter65: checks
B_loJkl: bets $3
DrAter65: calls $3
*** TURN *** [3d 9h 5d] [Jc]
DrAter65: checks
B_loJkl: bets $6
DrAter65: calls $6
*** RIVER *** [3d 9h 5d Jc] [7h]
DrAter65: checks
B_loJkl: checks
*** SHOW DOWN ***
DrAter65: shows [Qs As] (high card Ace)
B_loJkl: shows [Qh Ad] (high card Ace)
DrAter65 collected $20.75 from pot
B_loJkl collected $20.75 from pot
*** SUMMARY ***
Total pot $42 | Rake $0.50
Board [3d 9h 5d Jc 7h]
Seat 2: DrAter65 (big blind) showed [Qs As] and won ($20.75) with high card Ace
Seat 3: B_loJkl (button) (small blind) showed [Qh Ad] and won ($20.75) with high card Ace


PokerStars Hand #154805358017:  Hold'em Limit ($3/$6 USD) - 2016/06/16 8:59:59 ET
Table 'Jokaste' 6-max Seat #2 is the button
Seat 2: DrAter65 ($88.78 in chips)
Seat 3: B_loJkl ($126.15 in chips)
DrAter65: posts small blind $1
B_loJkl: posts big blind $3
*** HOLE CARDS ***
DrAter65: folds
Uncalled bet ($2) returned to B_loJkl
B_loJkl collected $2 from pot
B_loJkl: doesn't show hand
*** SUMMARY ***
Total pot $2 | Rake $0
Seat 2: DrAter65 (button) (small blind) folded before Flop
Seat 3: B_loJkl (big blind) collected ($2)


PokerStars Hand #154805343496:  Hold'em Limit ($3/$6 USD) - 2016/06/16 8:59:24 ET
Table 'Jokaste' 6-max Seat #3 is the button
Seat 2: DrAter65 ($62.28 in chips)
Seat 3: B_loJkl ($153.15 in chips)
B_loJkl: posts small blind $1
DrAter65: posts big blind $3
*** HOLE CARDS ***
B_loJkl: raises $3 to $6
DrAter65: calls $3
*** FLOP *** [Qs Th 8d]
DrAter65: checks
B_loJkl: bets $3
DrAter65: calls $3
*** TURN *** [Qs Th 8d] [Tc]
DrAter65: checks
B_loJkl: bets $6
DrAter65: raises $6 to $12
B_loJkl: calls $6
*** RIVER *** [Qs Th 8d Tc] [Ad]
DrAter65: bets $6
B_loJkl: calls $6
*** SHOW DOWN ***
DrAter65: shows [Td Kd] (three of a kind, Tens)
B_loJkl: mucks hand
DrAter65 collected $53.50 from pot
*** SUMMARY ***
Total pot $54 | Rake $0.50
Board [Qs Th 8d Tc Ad]
Seat 2: DrAter65 (big blind) showed [Td Kd] and won ($53.50) with three of a kind, Tens
Seat 3: B_loJkl (button) (small blind) mucked


PokerStars Hand #154805339916:  Hold'em Limit ($3/$6 USD) - 2016/06/16 8:59:16 ET
Table 'Jokaste' 6-max Seat #2 is the button
Seat 2: DrAter65 ($63.28 in chips)
Seat 3: B_loJkl ($152.15 in chips)
DrAter65: posts small blind $1
B_loJkl: posts big blind $3
*** HOLE CARDS ***
DrAter65: folds
Uncalled bet ($2) returned to B_loJkl
B_loJkl collected $2 from pot
B_loJkl: doesn't show hand
*** SUMMARY ***
Total pot $2 | Rake $0
Seat 2: DrAter65 (button) (small blind) folded before Flop
Seat 3: B_loJkl (big blind) collected ($2)


PokerStars Hand #154805379794:  Hold'em Limit ($3/$6 USD) - 2016/06/16 9:00:49 ET
Table 'Jokaste' 6-max Seat #2 is the button
Seat 2: DrAter65 ($62.78 in chips)
Seat 3: B_loJkl ($151.65 in chips)
DrAter65: posts small blind $1
B_loJkl: posts big blind $3
*** HOLE CARDS ***
DrAter65: folds
Uncalled bet ($2) returned to B_loJkl
B_loJkl collected $2 from pot
B_loJkl: doesn't show hand
*** SUMMARY ***
Total pot $2 | Rake $0
Seat 2: DrAter65 (button) (small blind) folded before Flop
Seat 3: B_loJkl (big blind) collected ($2)


PokerStars Hand #154805376538:  Hold'em Limit ($3/$6 USD) - 2016/06/16 9:00:42 ET
Table 'Jokaste' 6-max Seat #3 is the button
Seat 2: DrAter65 ($65.78 in chips)
Seat 3: B_loJkl ($148.65 in chips)
B_loJkl: posts small blind $1
DrAter65: posts big blind $3
*** HOLE CARDS ***
B_loJkl: raises $3 to $6
DrAter65: folds
Uncalled bet ($3) returned to B_loJkl
B_loJkl collected $6 from pot
B_loJkl: doesn't show hand
*** SUMMARY ***
Total pot $6 | Rake $0
Seat 2: DrAter65 (big blind) folded before Flop
Seat 3: B_loJkl (button) (small blind) collected ($6)


PokerStars Hand #154805371565:  Hold'em Limit ($3/$6 USD) - 2016/06/16 9:00:30 ET
Table 'Jokaste' 6-max Seat #2 is the button
Seat 2: DrAter65 ($66.78 in chips)
Seat 3: B_loJkl ($147.65 in chips)
DrAter65: posts small blind $1
B_loJkl: posts big blind $3
*** HOLE CARDS ***
DrAter65: folds
Uncalled bet ($2) returned to B_loJkl
B_loJkl collected $2 from pot
B_loJkl: doesn't show hand
*** SUMMARY ***
Total pot $2 | Rake $0
Seat 2: DrAter65 (button) (small blind) folded before Flop
Seat 3: B_loJkl (big blind) collected ($2)


PokerStars Hand #154805360595:  Hold'em Limit ($3/$6 USD) - 2016/06/16 9:00:05 ET
Table 'Jokaste' 6-max Seat #3 is the button
Seat 2: DrAter65 ($87.78 in chips)
Seat 3: B_loJkl ($127.15 in chips)
B_loJkl: posts small blind $1
DrAter65: posts big blind $3
*** HOLE CARDS ***
B_loJkl: raises $3 to $6
DrAter65: calls $3
*** FLOP *** [Qd 8c 8s]
DrAter65: checks
B_loJkl: bets $3
DrAter65: calls $3
*** TURN *** [Qd 8c 8s] [9s]
DrAter65: checks
B_loJkl: bets $6
DrAter65: calls $6
*** RIVER *** [Qd 8c 8s 9s] [7s]
DrAter65: checks
B_loJkl: bets $6
DrAter65: calls $6
*** SHOW DOWN ***
B_loJkl: shows [Tc Js] (a straight, Eight to Queen)
DrAter65: mucks hand
B_loJkl collected $41.50 from pot
*** SUMMARY ***
Total pot $42 | Rake $0.50
Board [Qd 8c 8s 9s 7s]
Seat 2: DrAter65 (big blind) mucked
Seat 3: B_loJkl (button) (small blind) showed [Tc Js] and won ($41.50) with a straight, Eight to Queen


PokerStars Hand #154805401142:  Hold'em Limit ($3/$6 USD) - 2016/06/16 9:01:35 ET
Table 'Jokaste' 6-max Seat #2 is the button
Seat 2: DrAter65 ($72.28 in chips)
Seat 3: B_loJkl ($141.65 in chips)
DrAter65: posts small blind $1
B_loJkl: posts big blind $3
*** HOLE CARDS ***
DrAter65: raises $3 to $6
B_loJkl: calls $3
*** FLOP *** [9h 4c 9c]
B_loJkl: checks
DrAter65: checks
*** TURN *** [9h 4c 9c] [Jc]
B_loJkl: bets $6
DrAter65: folds
Uncalled bet ($6) returned to B_loJkl
B_loJkl collected $11.76 from pot
B_loJkl: doesn't show hand
*** SUMMARY ***
Total pot $12 | Rake $0.24
Board [9h 4c 9c Jc]
Seat 2: DrAter65 (button) (small blind) folded on the Turn
Seat 3: B_loJkl (big blind) collected ($11.76)


PokerStars Hand #154805398103:  Hold'em Limit ($3/$6 USD) - 2016/06/16 9:01:29 ET
Table 'Jokaste' 6-max Seat #3 is the button
Seat 2: DrAter65 ($75.28 in chips)
Seat 3: B_loJkl ($138.65 in chips)
B_loJkl: posts small blind $1
DrAter65: posts big blind $3
*** HOLE CARDS ***
B_loJkl: raises $3 to $6
DrAter65: folds
Uncalled bet ($3) returned to B_loJkl
B_loJkl collected $6 from pot
B_loJkl: doesn't show hand
*** SUMMARY ***
Total pot $6 | Rake $0
Seat 2: DrAter65 (big blind) folded before Flop
Seat 3: B_loJkl (button) (small blind) collected ($6)


PokerStars Hand #154805395740:  Hold'em Limit ($3/$6 USD) - 2016/06/16 9:01:24 ET
Table 'Jokaste' 6-max Seat #2 is the button
Seat 2: DrAter65 ($76.28 in chips)
Seat 3: B_loJkl ($137.65 in chips)
DrAter65: posts small blind $1
B_loJkl: posts big blind $3
*** HOLE CARDS ***
DrAter65: folds
Uncalled bet ($2) returned to B_loJkl
B_loJkl collected $2 from pot
B_loJkl: doesn't show hand
*** SUMMARY ***
Total pot $2 | Rake $0
Seat 2: DrAter65 (button) (small blind) folded before Flop
Seat 3: B_loJkl (big blind) collected ($2)


PokerStars Hand #154805382159:  Hold'em Limit ($3/$6 USD) - 2016/06/16 9:00:54 ET
Table 'Jokaste' 6-max Seat #3 is the button
Seat 2: DrAter65 ($61.78 in chips)
Seat 3: B_loJkl ($152.65 in chips)
B_loJkl: posts small blind $1
DrAter65: posts big blind $3
*** HOLE CARDS ***
B_loJkl: raises $3 to $6
DrAter65: calls $3
*** FLOP *** [7c Js Ac]
DrAter65: checks
B_loJkl: bets $3
DrAter65: calls $3
*** TURN *** [7c Js Ac] [Td]
DrAter65: checks
B_loJkl: bets $6
DrAter65: calls $6
*** RIVER *** [7c Js Ac Td] [7h]
DrAter65: bets $6
B_loJkl: folds
Uncalled bet ($6) returned to DrAter65
DrAter65 collected $29.50 from pot
DrAter65: doesn't show hand
*** SUMMARY ***
Total pot $30 | Rake $0.50
Board [7c Js Ac Td 7h]
Seat 2: DrAter65 (big blind) collected ($29.50)
Seat 3: B_loJkl (button) (small blind) folded on the River


PokerStars Hand #154805446832:  Hold'em Limit ($3/$6 USD) - 2016/06/16 9:03:10 ET
Table 'Jokaste' 6-max Seat #2 is the button
Seat 2: DrAter65 ($68.04 in chips)
Seat 3: B_loJkl ($145.05 in chips)
DrAter65: posts small blind $1
B_loJkl: posts big blind $3
*** HOLE CARDS ***
DrAter65: folds
Uncalled bet ($2) returned to B_loJkl
B_loJkl collected $2 from pot
B_loJkl: doesn't show hand
*** SUMMARY ***
Total pot $2 | Rake $0
Seat 2: DrAter65 (button) (small blind) folded before Flop
Seat 3: B_loJkl (big blind) collected ($2)


PokerStars Hand #154805443356:  Hold'em Limit ($3/$6 USD) - 2016/06/16 9:03:03 ET
Table 'Jokaste' 6-max Seat #3 is the button
Seat 2: DrAter65 ($67.04 in chips)
Seat 3: B_loJkl ($146.05 in chips)
B_loJkl: posts small blind $1
DrAter65: posts big blind $3
*** HOLE CARDS ***
B_loJkl: folds
Uncalled bet ($2) returned to DrAter65
DrAter65 collected $2 from pot
DrAter65: doesn't show hand
*** SUMMARY ***
Total pot $2 | Rake $0
Seat 2: DrAter65 (big blind) collected ($2)
Seat 3: B_loJkl (button) (small blind) folded before Flop


PokerStars Hand #154805430903:  Hold'em Limit ($3/$6 USD) - 2016/06/16 9:02:38 ET
Table 'Jokaste' 6-max Seat #2 is the button
Seat 2: DrAter65 ($61.28 in chips)
Seat 3: B_loJkl ($152.05 in chips)
DrAter65: posts small blind $1
B_loJkl: posts big blind $3
*** HOLE CARDS ***
DrAter65: raises $3 to $6
B_loJkl: calls $3
*** FLOP *** [3c 4d Th]
B_loJkl: checks
DrAter65: bets $3
B_loJkl: folds
Uncalled bet ($3) returned to DrAter65
DrAter65 collected $11.76 from pot
DrAter65: doesn't show hand
*** SUMMARY ***
Total pot $12 | Rake $0.24
Board [3c 4d Th]
Seat 2: DrAter65 (button) (small blind) collected ($11.76)
Seat 3: B_loJkl (big blind) folded on the Flop


PokerStars Hand #154805427850:  Hold'em Limit ($3/$6 USD) - 2016/06/16 9:02:31 ET
Table 'Jokaste' 6-max Seat #3 is the button
Seat 2: DrAter65 ($60.28 in chips)
Seat 3: B_loJkl ($153.05 in chips)
B_loJkl: posts small blind $1
DrAter65: posts big blind $3
*** HOLE CARDS ***
B_loJkl: folds
Uncalled bet ($2) returned to DrAter65
DrAter65 collected $2 from pot
DrAter65: doesn't show hand
*** SUMMARY ***
Total pot $2 | Rake $0
Seat 2: DrAter65 (big blind) collected ($2)
Seat 3: B_loJkl (button) (small blind) folded before Flop


PokerStars Hand #154805423766:  Hold'em Limit ($3/$6 USD) - 2016/06/16 9:02:23 ET
Table 'Jokaste' 6-max Seat #2 is the button
Seat 2: DrAter65 ($57.28 in chips)
Seat 3: B_loJkl ($156.05 in chips)
DrAter65: posts small blind $1
B_loJkl: posts big blind $3
*** HOLE CARDS ***
DrAter65: raises $3 to $6
B_loJkl: folds
Uncalled bet ($3) returned to DrAter65
DrAter65 collected $6 from pot
DrAter65: doesn't show hand
*** SUMMARY ***
Total pot $6 | Rake $0
Seat 2: DrAter65 (button) (small blind) collected ($6)
Seat 3: B_loJkl (big blind) folded before Flop


PokerStars Hand #154805411431:  Hold'em Limit ($3/$6 USD) - 2016/06/16 9:01:56 ET
Table 'Jokaste' 6-max Seat #3 is the button
Seat 2: DrAter65 ($66.28 in chips)
Seat 3: B_loJkl ($147.41 in chips)
B_loJkl: posts small blind $1
DrAter65: posts big blind $3
*** HOLE CARDS ***
B_loJkl: raises $3 to $6
DrAter65: calls $3
*** FLOP *** [Tc 5s Jh]
DrAter65: checks
B_loJkl: bets $3
DrAter65: calls $3
*** TURN *** [Tc 5s Jh] [3s]
DrAter65: checks
B_loJkl: checks
*** RIVER *** [Tc 5s Jh 3s] [Ks]
DrAter65: checks
B_loJkl: bets $6
DrAter65: folds
Uncalled bet ($6) returned to B_loJkl
B_loJkl collected $17.64 from pot
B_loJkl: doesn't show hand
*** SUMMARY ***
Total pot $18 | Rake $0.36
Board [Tc 5s Jh 3s Ks]
Seat 2: DrAter65 (big blind) folded on the River
Seat 3: B_loJkl (button) (small blind) collected ($17.64)


PokerStars Hand #154805463283:  Hold'em Limit ($3/$6 USD) - 2016/06/16 9:03:44 ET
Table 'Jokaste' 6-max Seat #2 is the button
Seat 2: DrAter65 ($75.68 in chips)
Seat 3: B_loJkl ($137.05 in chips)
DrAter65: posts small blind $1
B_loJkl: posts big blind $3
*** HOLE CARDS ***
DrAter65: raises $3 to $6
B_loJkl: calls $3
*** FLOP *** [2d Jd 7d]
B_loJkl: checks
DrAter65: bets $3
B_loJkl: raises $3 to $6
DrAter65: raises $3 to $9
B_loJkl: raises $3 to $12
Betting is capped
DrAter65: calls $3
*** TURN *** [2d Jd 7d] [8c]
B_loJkl: bets $6
DrAter65: calls $6
*** RIVER *** [2d Jd 7d 8c] [Kh]
B_loJkl: bets $6
DrAter65: calls $6
*** SHOW DOWN ***
B_loJkl: shows [Td 3d] (a flush, Jack high)
DrAter65: mucks hand
B_loJkl collected $59.50 from pot
*** SUMMARY ***
Total pot $60 | Rake $0.50
Board [2d Jd 7d 8c Kh]
Seat 2: DrAter65 (button) (small blind) mucked
Seat 3: B_loJkl (big blind) showed [Td 3d] and won ($59.50) with a flush, Jack high


PokerStars Hand #154805449840:  Hold'em Limit ($3/$6 USD) - 2016/06/16 9:03:16 ET
Table 'Jokaste' 6-max Seat #3 is the button
Seat 2: DrAter65 ($67.04 in chips)
Seat 3: B_loJkl ($146.05 in chips)
B_loJkl: posts small blind $1
DrAter65: posts big blind $3
*** HOLE CARDS ***
B_loJkl: raises $3 to $6
DrAter65: raises $3 to $9
B_loJkl: calls $3
*** FLOP *** [Qh Qs As]
DrAter65: bets $3
B_loJkl: folds
Uncalled bet ($3) returned to DrAter65
DrAter65 collected $17.64 from pot
DrAter65: doesn't show hand
*** SUMMARY ***
Total pot $18 | Rake $0.36
Board [Qh Qs As]
Seat 2: DrAter65 (big blind) collected ($17.64)
Seat 3: B_loJkl (button) (small blind) folded on the Flop


PokerStars Hand #154805481471:  Hold'em Limit ($3/$6 USD) - 2016/06/16 9:04:21 ET
Table 'Jokaste' 6-max Seat #2 is the button
Seat 2: DrAter65 ($46.68 in chips)
Seat 3: B_loJkl ($165.55 in chips)
DrAter65: posts small blind $1
B_loJkl: posts big blind $3
*** HOLE CARDS ***
DrAter65: folds
Uncalled bet ($2) returned to B_loJkl
BadBoyKillla joins the table at seat #4
B_loJkl collected $2 from pot
B_loJkl: doesn't show hand
*** SUMMARY ***
Total pot $2 | Rake $0
Seat 2: DrAter65 (button) (small blind) folded before Flop
Seat 3: B_loJkl (big blind) collected ($2)


PokerStars Hand #154805478412:  Hold'em Limit ($3/$6 USD) - 2016/06/16 9:04:15 ET
Table 'Jokaste' 6-max Seat #3 is the button
Seat 2: DrAter65 ($45.68 in chips)
Seat 3: B_loJkl ($166.55 in chips)
B_loJkl: posts small blind $1
DrAter65: posts big blind $3
*** HOLE CARDS ***
B_loJkl: folds
Uncalled bet ($2) returned to DrAter65
DrAter65 collected $2 from pot
DrAter65: doesn't show hand
*** SUMMARY ***
Total pot $2 | Rake $0
Seat 2: DrAter65 (big blind) collected ($2)
Seat 3: B_loJkl (button) (small blind) folded before Flop


PokerStars Hand #154807205888:  Hold'em Limit ($3/$6 USD) - 2016/06/16 10:01:44 ET
Table 'Jokaste' 6-max Seat #2 is the button
Seat 2: lin1rabbit ($108 in chips)
Seat 5: Uhadmebeat ($143.31 in chips)
Garuda Black will be allowed to play after the button
Touran2006 will be allowed to play after the button
lin1rabbit: posts small blind $1
B_loJkl: is sitting out
Uhadmebeat: posts big blind $3
*** HOLE CARDS ***
lin1rabbit: raises $3 to $6
Uhadmebeat: folds
Uncalled bet ($3) returned to lin1rabbit
lin1rabbit collected $6 from pot
*** SUMMARY ***
Total pot $6 | Rake $0
Seat 2: lin1rabbit (button) (small blind) collected ($6)
Seat 5: Uhadmebeat (big blind) folded before Flop


PokerStars Hand #154818003290:  Hold'em Limit ($3/$6 USD) - 2016/06/16 14:46:50 ET
Table 'Jokaste' 6-max Seat #2 is the button
Seat 2: Uhadmebeat ($111.41 in chips)
Seat 3: Tryptamean ($162.83 in chips)
Uhadmebeat: posts small blind $1
Tryptamean: posts big blind $3
*** HOLE CARDS ***
Uhadmebeat: folds
Uncalled bet ($2) returned to Tryptamean
Tryptamean collected $2 from pot
Tryptamean: doesn't show hand
*** SUMMARY ***
Total pot $2 | Rake $0
Seat 2: Uhadmebeat (button) (small blind) folded before Flop
Seat 3: Tryptamean (big blind) collected ($2)


PokerStars Hand #154817996746:  Hold'em Limit ($3/$6 USD) - 2016/06/16 14:46:41 ET
Table 'Jokaste' 6-max Seat #3 is the button
Seat 2: Uhadmebeat ($110.41 in chips)
Seat 3: Tryptamean ($163.83 in chips)
Tryptamean: posts small blind $1
krytalex: is sitting out
Uhadmebeat: posts big blind $3
*** HOLE CARDS ***
Tryptamean: folds
Uncalled bet ($2) returned to Uhadmebeat
krytalex leaves the table
Uhadmebeat collected $2 from pot
Uhadmebeat: doesn't show hand
*** SUMMARY ***
Total pot $2 | Rake $0
Seat 2: Uhadmebeat (big blind) collected ($2)
Seat 3: Tryptamean (button) (small blind) folded before Flop


PokerStars Hand #154818049684:  Hold'em Limit ($3/$6 USD) - 2016/06/16 14:47:50 ET
Table 'Jokaste' 6-max Seat #2 is the button
Seat 2: Uhadmebeat ($117.93 in chips)
Seat 3: Tryptamean ($155.83 in chips)
Uhadmebeat: posts small blind $1
Tryptamean: posts big blind $3
*** HOLE CARDS ***
Uhadmebeat: folds
Uncalled bet ($2) returned to Tryptamean
Tryptamean collected $2 from pot
Tryptamean: doesn't show hand
*** SUMMARY ***
Total pot $2 | Rake $0
Seat 2: Uhadmebeat (button) (small blind) folded before Flop
Seat 3: Tryptamean (big blind) collected ($2)


PokerStars Hand #154818025924:  Hold'em Limit ($3/$6 USD) - 2016/06/16 14:47:19 ET
Table 'Jokaste' 6-max Seat #3 is the button
Seat 2: Uhadmebeat ($106.41 in chips)
Seat 3: Tryptamean ($167.83 in chips)
Tryptamean: posts small blind $1
Uhadmebeat: posts big blind $3
*** HOLE CARDS ***
Tryptamean: raises $3 to $6
Uhadmebeat: raises $3 to $9
Tryptamean: calls $3
*** FLOP *** [Ah 9d 9h]
Uhadmebeat: bets $3
Tryptamean: calls $3
*** TURN *** [Ah 9d 9h] [Ad]
Uhadmebeat: bets $6
Tryptamean: folds
Uncalled bet ($6) returned to Uhadmebeat
Uhadmebeat collected $23.52 from pot
Uhadmebeat: doesn't show hand
*** SUMMARY ***
Total pot $24 | Rake $0.48
Board [Ah 9d 9h Ad]
Seat 2: Uhadmebeat (big blind) collected ($23.52)
Seat 3: Tryptamean (button) (small blind) folded on the Turn


PokerStars Hand #154818012778:  Hold'em Limit ($3/$6 USD) - 2016/06/16 14:47:02 ET
Table 'Jokaste' 6-max Seat #2 is the button
Seat 2: Uhadmebeat ($107.41 in chips)
Seat 3: Tryptamean ($166.83 in chips)
Uhadmebeat: posts small blind $1
Tryptamean: posts big blind $3
*** HOLE CARDS ***
Uhadmebeat: folds
Uncalled bet ($2) returned to Tryptamean
Tryptamean collected $2 from pot
Tryptamean: doesn't show hand
*** SUMMARY ***
Total pot $2 | Rake $0
Seat 2: Uhadmebeat (button) (small blind) folded before Flop
Seat 3: Tryptamean (big blind) collected ($2)


PokerStars Hand #154818007524:  Hold'em Limit ($3/$6 USD) - 2016/06/16 14:46:55 ET
Table 'Jokaste' 6-max Seat #3 is the button
Seat 2: Uhadmebeat ($110.41 in chips)
Seat 3: Tryptamean ($163.83 in chips)
Tryptamean: posts small blind $1
Uhadmebeat: posts big blind $3
*** HOLE CARDS ***
Tryptamean: raises $3 to $6
Uhadmebeat: folds
Uncalled bet ($3) returned to Tryptamean
Tryptamean collected $6 from pot
Tryptamean: doesn't show hand
*** SUMMARY ***
Total pot $6 | Rake $0
Seat 2: Uhadmebeat (big blind) folded before Flop
Seat 3: Tryptamean (button) (small blind) collected ($6)


PokerStars Hand #154818075392:  Hold'em Limit ($3/$6 USD) - 2016/06/16 14:48:23 ET
Table 'Jokaste' 6-max Seat #2 is the button
Seat 2: Uhadmebeat ($109.93 in chips)
Seat 3: Tryptamean ($163.83 in chips)
Uhadmebeat: posts small blind $1
Tryptamean: posts big blind $3
*** HOLE CARDS ***
Uhadmebeat: folds
Uncalled bet ($2) returned to Tryptamean
Tryptamean collected $2 from pot
Tryptamean: doesn't show hand
*** SUMMARY ***
Total pot $2 | Rake $0
Seat 2: Uhadmebeat (button) (small blind) folded before Flop
Seat 3: Tryptamean (big blind) collected ($2)


PokerStars Hand #154818070278:  Hold'em Limit ($3/$6 USD) - 2016/06/16 14:48:17 ET
Table 'Jokaste' 6-max Seat #3 is the button
Seat 2: Uhadmebeat ($112.93 in chips)
Seat 3: Tryptamean ($160.83 in chips)
Tryptamean: posts small blind $1
Uhadmebeat: posts big blind $3
*** HOLE CARDS ***
Tryptamean: raises $3 to $6
Uhadmebeat: folds
Uncalled bet ($3) returned to Tryptamean
Tryptamean collected $6 from pot
Tryptamean: doesn't show hand
*** SUMMARY ***
Total pot $6 | Rake $0
Seat 2: Uhadmebeat (big blind) folded before Flop
Seat 3: Tryptamean (button) (small blind) collected ($6)


PokerStars Hand #154818064862:  Hold'em Limit ($3/$6 USD) - 2016/06/16 14:48:09 ET
Table 'Jokaste' 6-max Seat #2 is the button
Seat 2: Uhadmebeat ($113.93 in chips)
Seat 3: Tryptamean ($159.83 in chips)
Uhadmebeat: posts small blind $1
Tryptamean: posts big blind $3
*** HOLE CARDS ***
Uhadmebeat: folds
Uncalled bet ($2) returned to Tryptamean
Tryptamean collected $2 from pot
Tryptamean: doesn't show hand
*** SUMMARY ***
Total pot $2 | Rake $0
Seat 2: Uhadmebeat (button) (small blind) folded before Flop
Seat 3: Tryptamean (big blind) collected ($2)


PokerStars Hand #154818053775:  Hold'em Limit ($3/$6 USD) - 2016/06/16 14:47:55 ET
Table 'Jokaste' 6-max Seat #3 is the button
Seat 2: Uhadmebeat ($116.93 in chips)
Seat 3: Tryptamean ($156.83 in chips)
Tryptamean: posts small blind $1
Uhadmebeat: posts big blind $3
*** HOLE CARDS ***
Tryptamean: raises $3 to $6
Uhadmebeat: folds
Uncalled bet ($3) returned to Tryptamean
Tryptamean collected $6 from pot
Tryptamean: doesn't show hand
*** SUMMARY ***
Total pot $6 | Rake $0
Seat 2: Uhadmebeat (big blind) folded before Flop
Seat 3: Tryptamean (button) (small blind) collected ($6)


