PokerStars Hand #145884785756:  Hold'em Limit ($3/$6 USD) - 2015/12/25 5:33:07 ET
Table 'Jokaste II' 2-max Seat #2 is the button
Seat 1: j44h ($120 in chips)
Seat 2: liza3008 ($120 in chips)
liza3008: posts small blind $1
j44h: posts big blind $3
*** HOLE CARDS ***
liza3008: raises $3 to $6
j44h: calls $3
*** FLOP *** [Qd 9s 3d]
j44h: checks
liza3008: bets $3
j44h: raises $3 to $6
liza3008: calls $3
*** TURN *** [Qd 9s 3d] [2h]
j44h: bets $6
liza3008: calls $6
*** RIVER *** [Qd 9s 3d 2h] [6h]
j44h: bets $6
liza3008: calls $6
*** SHOW DOWN ***
j44h: shows [4s Qs] (a pair of Queens)
liza3008: mucks hand
j44h collected $47.50 from pot
*** SUMMARY ***
Total pot $48 | Rake $0.50
Board [Qd 9s 3d 2h 6h]
Seat 1: j44h (big blind) showed [4s Qs] and won ($47.50) with a pair of Queens
Seat 2: liza3008 (button) (small blind) mucked


PokerStars Hand #145884794486:  Hold'em Limit ($3/$6 USD) - 2015/12/25 5:33:26 ET
Table 'Jokaste II' 2-max Seat #1 is the button
Seat 1: j44h ($143.50 in chips)
Seat 2: liza3008 ($96 in chips)
j44h: posts small blind $1
liza3008: posts big blind $3
*** HOLE CARDS ***
j44h: raises $3 to $6
liza3008: calls $3
*** FLOP *** [7s 3s 9s]
liza3008: checks
j44h: bets $3
liza3008: folds
Uncalled bet ($3) returned to j44h
j44h collected $11.76 from pot
j44h: doesn't show hand
*** SUMMARY ***
Total pot $12 | Rake $0.24
Board [7s 3s 9s]
Seat 1: j44h (button) (small blind) collected ($11.76)
Seat 2: liza3008 (big blind) folded on the Flop


PokerStars Hand #145884820021:  Hold'em Limit ($3/$6 USD) - 2015/12/25 5:34:19 ET
Table 'Jokaste II' 2-max Seat #1 is the button
Seat 1: j44h ($147.76 in chips)
Seat 2: liza3008 ($90.50 in chips)
j44h: posts small blind $1
liza3008: posts big blind $3
*** HOLE CARDS ***
j44h: raises $3 to $6
liza3008: calls $3
*** FLOP *** [3c 7c 9s]
liza3008: bets $3
j44h: folds
Uncalled bet ($3) returned to liza3008
liza3008 collected $11.76 from pot
liza3008: doesn't show hand
*** SUMMARY ***
Total pot $12 | Rake $0.24
Board [3c 7c 9s]
Seat 1: j44h (button) (small blind) folded on the Flop
Seat 2: liza3008 (big blind) collected ($11.76)


PokerStars Hand #145884809123:  Hold'em Limit ($3/$6 USD) - 2015/12/25 5:33:56 ET
Table 'Jokaste II' 2-max Seat #1 is the button
Seat 1: j44h ($169.76 in chips)
Seat 2: liza3008 ($69 in chips)
j44h: posts small blind $1
liza3008: posts big blind $3
*** HOLE CARDS ***
j44h: folds
Uncalled bet ($2) returned to liza3008
liza3008 collected $2 from pot
liza3008: doesn't show hand
*** SUMMARY ***
Total pot $2 | Rake $0
Seat 1: j44h (button) (small blind) folded before Flop
Seat 2: liza3008 (big blind) collected ($2)


PokerStars Hand #145884844576:  Hold'em Limit ($3/$6 USD) - 2015/12/25 5:35:10 ET
Table 'Jokaste II' 2-max Seat #2 is the button
Seat 1: j44h ($186.78 in chips)
Seat 2: liza3008 ($50.26 in chips)
liza3008: posts small blind $1
j44h: posts big blind $3
*** HOLE CARDS ***
liza3008: folds
Uncalled bet ($2) returned to j44h
j44h collected $2 from pot
j44h: doesn't show hand
*** SUMMARY ***
Total pot $2 | Rake $0
Seat 1: j44h (big blind) collected ($2)
Seat 2: liza3008 (button) (small blind) folded before Flop


PokerStars Hand #145884837240:  Hold'em Limit ($3/$6 USD) - 2015/12/25 5:34:55 ET
Table 'Jokaste II' 2-max Seat #1 is the button
Seat 1: j44h ($154.28 in chips)
Seat 2: liza3008 ($83.26 in chips)
j44h: posts small blind $1
liza3008: posts big blind $3
*** HOLE CARDS ***
j44h: raises $3 to $6
liza3008: calls $3
*** FLOP *** [6d 7c Qc]
liza3008: checks
j44h: bets $3
liza3008: calls $3
*** TURN *** [6d 7c Qc] [Ah]
liza3008: checks
j44h: bets $6
liza3008: raises $6 to $12
j44h: calls $6
*** RIVER *** [6d 7c Qc Ah] [3c]
liza3008: bets $6
j44h: raises $6 to $12
liza3008: calls $6
*** SHOW DOWN ***
j44h: shows [Jc 9c] (a flush, Queen high)
liza3008: mucks hand
j44h collected $65.50 from pot
*** SUMMARY ***
Total pot $66 | Rake $0.50
Board [6d 7c Qc Ah 3c]
Seat 1: j44h (button) (small blind) showed [Jc 9c] and won ($65.50) with a flush, Queen high
Seat 2: liza3008 (big blind) mucked


PokerStars Hand #145884835078:  Hold'em Limit ($3/$6 USD) - 2015/12/25 5:34:50 ET
Table 'Jokaste II' 2-max Seat #2 is the button
Seat 1: j44h ($153.28 in chips)
Seat 2: liza3008 ($84.26 in chips)
liza3008: posts small blind $1
j44h: posts big blind $3
*** HOLE CARDS ***
liza3008: folds
Uncalled bet ($2) returned to j44h
j44h collected $2 from pot
j44h: doesn't show hand
*** SUMMARY ***
Total pot $2 | Rake $0
Seat 1: j44h (big blind) collected ($2)
Seat 2: liza3008 (button) (small blind) folded before Flop


PokerStars Hand #145884831466:  Hold'em Limit ($3/$6 USD) - 2015/12/25 5:34:43 ET
Table 'Jokaste II' 2-max Seat #1 is the button
Seat 1: j44h ($147.52 in chips)
Seat 2: liza3008 ($90.26 in chips)
j44h: posts small blind $1
liza3008: posts big blind $3
*** HOLE CARDS ***
j44h: raises $3 to $6
liza3008: calls $3
*** FLOP *** [3d Jc Ah]
liza3008: checks
j44h: bets $3
liza3008: folds
Uncalled bet ($3) returned to j44h
j44h collected $11.76 from pot
j44h: doesn't show hand
*** SUMMARY ***
Total pot $12 | Rake $0.24
Board [3d Jc Ah]
Seat 1: j44h (button) (small blind) collected ($11.76)
Seat 2: liza3008 (big blind) folded on the Flop


PokerStars Hand #145884825450:  Hold'em Limit ($3/$6 USD) - 2015/12/25 5:34:30 ET
Table 'Jokaste II' 2-max Seat #2 is the button
Seat 1: j44h ($141.76 in chips)
Seat 2: liza3008 ($96.26 in chips)
liza3008: posts small blind $1
j44h: posts big blind $3
*** HOLE CARDS ***
liza3008: raises $3 to $6
j44h: calls $3
*** FLOP *** [Kd 8h Qh]
j44h: checks
liza3008: checks
*** TURN *** [Kd 8h Qh] [8c]
j44h: bets $6
liza3008: folds
Uncalled bet ($6) returned to j44h
j44h collected $11.76 from pot
j44h: doesn't show hand
*** SUMMARY ***
Total pot $12 | Rake $0.24
Board [Kd 8h Qh 8c]
Seat 1: j44h (big blind) collected ($11.76)
Seat 2: liza3008 (button) (small blind) folded on the Turn


PokerStars Hand #145884848063:  Hold'em Limit ($3/$6 USD) - 2015/12/25 5:35:17 ET
Table 'Jokaste II' 2-max Seat #1 is the button
Seat 1: j44h ($187.78 in chips)
Seat 2: liza3008 ($49.26 in chips)
j44h: posts small blind $1
liza3008: posts big blind $3
*** HOLE CARDS ***
j44h: raises $3 to $6
liza3008: calls $3
*** FLOP *** [5s Kd 8h]
liza3008: checks
j44h: bets $3
liza3008: calls $3
*** TURN *** [5s Kd 8h] [7c]
liza3008: checks
j44h: bets $6
liza3008: calls $6
*** RIVER *** [5s Kd 8h 7c] [6s]
liza3008: checks
j44h: checks
*** SHOW DOWN ***
liza3008: shows [Qh Ad] (high card Ace)
j44h: shows [Ac 6d] (a pair of Sixes)
j44h collected $29.50 from pot
*** SUMMARY ***
Total pot $30 | Rake $0.50
Board [5s Kd 8h 7c 6s]
Seat 1: j44h (button) (small blind) showed [Ac 6d] and won ($29.50) with a pair of Sixes
Seat 2: liza3008 (big blind) showed [Qh Ad] and lost with high card Ace


PokerStars Hand #145884875080:  Hold'em Limit ($3/$6 USD) - 2015/12/25 5:36:14 ET
Table 'Jokaste II' 2-max Seat #1 is the button
Seat 1: j44h ($224.78 in chips)
Seat 2: liza3008 ($11.02 in chips)
j44h: posts small blind $1
liza3008: posts big blind $3
*** HOLE CARDS ***
j44h: folds
Uncalled bet ($2) returned to liza3008
liza3008 collected $2 from pot
liza3008: doesn't show hand
*** SUMMARY ***
Total pot $2 | Rake $0
Seat 1: j44h (button) (small blind) folded before Flop
Seat 2: liza3008 (big blind) collected ($2)


PokerStars Hand #145884862065:  Hold'em Limit ($3/$6 USD) - 2015/12/25 5:35:47 ET
Table 'Jokaste II' 2-max Seat #2 is the button
Seat 1: j44h ($195.28 in chips)
Seat 2: liza3008 ($41.02 in chips)
liza3008: posts small blind $1
j44h: posts big blind $3
*** HOLE CARDS ***
liza3008: raises $3 to $6
j44h: calls $3
*** FLOP *** [5c Td 2d]
j44h: checks
liza3008: checks
*** TURN *** [5c Td 2d] [7s]
j44h: bets $6
liza3008: raises $6 to $12
j44h: calls $6
*** RIVER *** [5c Td 2d 7s] [9s]
j44h: checks
liza3008: bets $6
j44h: raises $6 to $12
liza3008: calls $6
*** SHOW DOWN ***
j44h: shows [9d Tc] (two pair, Tens and Nines)
liza3008: mucks hand
j44h collected $59.50 from pot
*** SUMMARY ***
Total pot $60 | Rake $0.50
Board [5c Td 2d 7s 9s]
Seat 1: j44h (big blind) showed [9d Tc] and won ($59.50) with two pair, Tens and Nines
Seat 2: liza3008 (button) (small blind) mucked


PokerStars Hand #145884859858:  Hold'em Limit ($3/$6 USD) - 2015/12/25 5:35:42 ET
Table 'Jokaste II' 2-max Seat #1 is the button
Seat 1: j44h ($196.28 in chips)
Seat 2: liza3008 ($40.02 in chips)
j44h: posts small blind $1
liza3008: posts big blind $3
*** HOLE CARDS ***
j44h: folds
Uncalled bet ($2) returned to liza3008
liza3008 collected $2 from pot
liza3008: doesn't show hand
*** SUMMARY ***
Total pot $2 | Rake $0
Seat 1: j44h (button) (small blind) folded before Flop
Seat 2: liza3008 (big blind) collected ($2)


PokerStars Hand #145884908147:  Hold'em Limit ($3/$6 USD) - 2015/12/25 5:37:23 ET
Table 'Jokaste II' 2-max Seat #1 is the button
Seat 1: j44h ($217.62 in chips)
Seat 2: liza3008 ($16.82 in chips)
j44h: posts small blind $1
liza3008: posts big blind $3
*** HOLE CARDS ***
j44h: folds
Uncalled bet ($2) returned to liza3008
liza3008 collected $2 from pot
liza3008: doesn't show hand
*** SUMMARY ***
Total pot $2 | Rake $0
Seat 1: j44h (button) (small blind) folded before Flop
Seat 2: liza3008 (big blind) collected ($2)


PokerStars Hand #145884896592:  Hold'em Limit ($3/$6 USD) - 2015/12/25 5:36:59 ET
Table 'Jokaste II' 2-max Seat #2 is the button
Seat 1: j44h ($194.12 in chips)
Seat 2: liza3008 ($40.82 in chips)
liza3008: posts small blind $1
j44h: posts big blind $3
*** HOLE CARDS ***
liza3008: raises $3 to $6
j44h: raises $3 to $9
liza3008: calls $3
*** FLOP *** [Ts Td 3d]
j44h: bets $3
liza3008: calls $3
*** TURN *** [Ts Td 3d] [As]
j44h: bets $6
liza3008: calls $6
*** RIVER *** [Ts Td 3d As] [2d]
j44h: bets $6
liza3008: calls $6
*** SHOW DOWN ***
j44h: shows [Ac 9h] (two pair, Aces and Tens)
liza3008: mucks hand
j44h collected $47.50 from pot
*** SUMMARY ***
Total pot $48 | Rake $0.50
Board [Ts Td 3d As 2d]
Seat 1: j44h (big blind) showed [Ac 9h] and won ($47.50) with two pair, Aces and Tens
Seat 2: liza3008 (button) (small blind) mucked


PokerStars Hand #145884889247:  Hold'em Limit ($3/$6 USD) - 2015/12/25 5:36:44 ET
Table 'Jokaste II' 2-max Seat #1 is the button
Seat 1: j44h ($214.78 in chips)
Seat 2: liza3008 ($20.66 in chips)
j44h: posts small blind $1
liza3008: posts big blind $3
*** HOLE CARDS ***
j44h: raises $3 to $6
liza3008: calls $3
*** FLOP *** [3d 5h 4d]
liza3008: checks
j44h: bets $3
liza3008: calls $3
*** TURN *** [3d 5h 4d] [7d]
liza3008: checks
j44h: bets $6
liza3008: calls $6
*** RIVER *** [3d 5h 4d 7d] [Ad]
liza3008: bets $5.66 and is all-in
j44h: calls $5.66
*** SHOW DOWN ***
liza3008: shows [Qh 2d] (a flush, Ace high)
j44h: shows [6h Kc] (a straight, Three to Seven)
liza3008 collected $40.82 from pot
*** SUMMARY ***
Total pot $41.32 | Rake $0.50
Board [3d 5h 4d 7d Ad]
Seat 1: j44h (button) (small blind) showed [6h Kc] and lost with a straight, Three to Seven
Seat 2: liza3008 (big blind) showed [Qh 2d] and won ($40.82) with a flush, Ace high


PokerStars Hand #145884877905:  Hold'em Limit ($3/$6 USD) - 2015/12/25 5:36:20 ET
Table 'Jokaste II' 2-max Seat #2 is the button
Seat 1: j44h ($223.78 in chips)
Seat 2: liza3008 ($12.02 in chips)
liza3008: posts small blind $1
j44h: posts big blind $3
*** HOLE CARDS ***
liza3008: raises $3 to $6
j44h: calls $3
*** FLOP *** [Tc 2s 2d]
j44h: checks
liza3008: bets $3
j44h: calls $3
*** TURN *** [Tc 2s 2d] [6d]
j44h: checks
liza3008: bets $3.02 and is all-in
j44h: folds
Uncalled bet ($3.02) returned to liza3008
liza3008 collected $17.64 from pot
liza3008: doesn't show hand
*** SUMMARY ***
Total pot $18 | Rake $0.36
Board [Tc 2s 2d 6d]
Seat 1: j44h (big blind) folded on the Turn
Seat 2: liza3008 (button) (small blind) collected ($17.64)


PokerStars Hand #145884910827:  Hold'em Limit ($3/$6 USD) - 2015/12/25 5:37:29 ET
Table 'Jokaste II' 2-max Seat #2 is the button
Seat 1: j44h ($216.62 in chips)
Seat 2: liza3008 ($17.82 in chips)
liza3008: posts small blind $1
j44h: posts big blind $3
*** HOLE CARDS ***
liza3008: raises $3 to $6
j44h: raises $3 to $9
liza3008: calls $3
*** FLOP *** [5d 7c Ts]
j44h: bets $3
liza3008: calls $3
*** TURN *** [5d 7c Ts] [6s]
j44h: bets $6
liza3008: calls $5.82 and is all-in
Uncalled bet ($0.18) returned to j44h
*** RIVER *** [5d 7c Ts 6s] [3h]
*** SHOW DOWN ***
j44h: shows [9d 9h] (a pair of Nines)
liza3008: shows [Qc 6h] (a pair of Sixes)
j44h collected $35.14 from pot
*** SUMMARY ***
Total pot $35.64 | Rake $0.50
Board [5d 7c Ts 6s 3h]
Seat 1: j44h (big blind) showed [9d 9h] and won ($35.14) with a pair of Nines
Seat 2: liza3008 (button) (small blind) showed [Qc 6h] and lost with a pair of Sixes


PokerStars Hand #145886282052:  Hold'em Limit ($3/$6 USD) - 2015/12/25 6:25:22 ET
Table 'Jokaste II' 2-max Seat #1 is the button
Seat 1: j44h ($233.94 in chips)
Seat 2: |x_O|.^^aoki ($30 in chips)
j44h: posts small blind $1
|x_O|.^^aoki: posts big blind $3
*** HOLE CARDS ***
j44h: raises $3 to $6
|x_O|.^^aoki: raises $3 to $9
j44h: calls $3
*** FLOP *** [8h 4s 3d]
|x_O|.^^aoki: bets $3
j44h: calls $3
*** TURN *** [8h 4s 3d] [8c]
|x_O|.^^aoki: bets $6
j44h: raises $6 to $12
|x_O|.^^aoki: calls $6
*** RIVER *** [8h 4s 3d 8c] [5c]
|x_O|.^^aoki: checks
j44h: bets $6
|x_O|.^^aoki: calls $6 and is all-in
*** SHOW DOWN ***
j44h: shows [9s 9d] (two pair, Nines and Eights)
|x_O|.^^aoki: shows [Ad Jc] (a pair of Eights)
j44h collected $59.50 from pot
*** SUMMARY ***
Total pot $60 | Rake $0.50
Board [8h 4s 3d 8c 5c]
Seat 1: j44h (button) (small blind) showed [9s 9d] and won ($59.50) with two pair, Nines and Eights
Seat 2: |x_O|.^^aoki (big blind) showed [Ad Jc] and lost with a pair of Eights


PokerStars Hand #145886302961:  Hold'em Limit ($3/$6 USD) - 2015/12/25 6:26:05 ET
Table 'Jokaste II' 2-max Seat #2 is the button
Seat 1: j44h ($263.44 in chips)
Seat 2: |x_O|.^^aoki ($31.55 in chips)
|x_O|.^^aoki: posts small blind $1
j44h: posts big blind $3
*** HOLE CARDS ***
|x_O|.^^aoki: folds
Uncalled bet ($2) returned to j44h
j44h collected $2 from pot
j44h: doesn't show hand
*** SUMMARY ***
Total pot $2 | Rake $0
Seat 1: j44h (big blind) collected ($2)
Seat 2: |x_O|.^^aoki (button) (small blind) folded before Flop


PokerStars Hand #145886327929:  Hold'em Limit ($3/$6 USD) - 2015/12/25 6:26:56 ET
Table 'Jokaste II' 2-max Seat #2 is the button
Seat 1: j44h ($254.44 in chips)
Seat 2: |x_O|.^^aoki ($40.19 in chips)
|x_O|.^^aoki: posts small blind $1
j44h: posts big blind $3
*** HOLE CARDS ***
|x_O|.^^aoki: raises $3 to $6
j44h: folds
Uncalled bet ($3) returned to |x_O|.^^aoki
|x_O|.^^aoki collected $6 from pot
|x_O|.^^aoki: doesn't show hand
*** SUMMARY ***
Total pot $6 | Rake $0
Seat 1: j44h (big blind) folded before Flop
Seat 2: |x_O|.^^aoki (button) (small blind) collected ($6)


PokerStars Hand #145886325523:  Hold'em Limit ($3/$6 USD) - 2015/12/25 6:26:51 ET
Table 'Jokaste II' 2-max Seat #1 is the button
Seat 1: j44h ($255.44 in chips)
Seat 2: |x_O|.^^aoki ($39.19 in chips)
j44h: posts small blind $1
|x_O|.^^aoki: posts big blind $3
*** HOLE CARDS ***
j44h: folds
Uncalled bet ($2) returned to |x_O|.^^aoki
|x_O|.^^aoki collected $2 from pot
|x_O|.^^aoki: doesn't show hand
*** SUMMARY ***
Total pot $2 | Rake $0
Seat 1: j44h (button) (small blind) folded before Flop
Seat 2: |x_O|.^^aoki (big blind) collected ($2)


PokerStars Hand #145886354161:  Hold'em Limit ($3/$6 USD) - 2015/12/25 6:27:50 ET
Table 'Jokaste II' 2-max Seat #1 is the button
Seat 1: j44h ($261.75 in chips)
Seat 2: |x_O|.^^aoki ($31.88 in chips)
j44h: posts small blind $1
|x_O|.^^aoki: posts big blind $3
*** HOLE CARDS ***
j44h: folds
Uncalled bet ($2) returned to |x_O|.^^aoki
|x_O|.^^aoki collected $2 from pot
|x_O|.^^aoki: doesn't show hand
*** SUMMARY ***
Total pot $2 | Rake $0
Seat 1: j44h (button) (small blind) folded before Flop
Seat 2: |x_O|.^^aoki (big blind) collected ($2)


PokerStars Hand #145886342418:  Hold'em Limit ($3/$6 USD) - 2015/12/25 6:27:25 ET
Table 'Jokaste II' 2-max Seat #2 is the button
Seat 1: j44h ($277.94 in chips)
Seat 2: |x_O|.^^aoki ($16.19 in chips)
|x_O|.^^aoki: posts small blind $1
j44h: posts big blind $3
*** HOLE CARDS ***
|x_O|.^^aoki: calls $2
j44h: raises $3 to $6
|x_O|.^^aoki: calls $3
*** FLOP *** [Ts 7c Jh]
j44h: bets $3
|x_O|.^^aoki: calls $3
*** TURN *** [Ts 7c Jh] [2h]
j44h: bets $6
|x_O|.^^aoki: raises $1.19 to $7.19 and is all-in
j44h: calls $1.19
*** RIVER *** [Ts 7c Jh 2h] [Qs]
*** SHOW DOWN ***
j44h: shows [Kd Qh] (a pair of Queens)
|x_O|.^^aoki: shows [7d 2d] (two pair, Sevens and Deuces)
|x_O|.^^aoki collected $31.88 from pot
*** SUMMARY ***
Total pot $32.38 | Rake $0.50
Board [Ts 7c Jh 2h Qs]
Seat 1: j44h (big blind) showed [Kd Qh] and lost with a pair of Queens
Seat 2: |x_O|.^^aoki (button) (small blind) showed [7d 2d] and won ($31.88) with two pair, Sevens and Deuces


PokerStars Hand #145886331578:  Hold'em Limit ($3/$6 USD) - 2015/12/25 6:27:03 ET
Table 'Jokaste II' 2-max Seat #1 is the button
Seat 1: j44h ($251.44 in chips)
Seat 2: |x_O|.^^aoki ($43.19 in chips)
j44h: posts small blind $1
|x_O|.^^aoki: posts big blind $3
*** HOLE CARDS ***
j44h: raises $3 to $6
|x_O|.^^aoki: calls $3
*** FLOP *** [2h Jh 6d]
|x_O|.^^aoki: bets $3
j44h: calls $3
*** TURN *** [2h Jh 6d] [4d]
|x_O|.^^aoki: bets $6
j44h: raises $6 to $12
|x_O|.^^aoki: calls $6
*** RIVER *** [2h Jh 6d 4d] [7h]
|x_O|.^^aoki: checks
j44h: bets $6
|x_O|.^^aoki: calls $6
*** SHOW DOWN ***
j44h: shows [Qd Jd] (a pair of Jacks)
|x_O|.^^aoki: mucks hand
j44h collected $53.50 from pot
*** SUMMARY ***
Total pot $54 | Rake $0.50
Board [2h Jh 6d 4d 7h]
Seat 1: j44h (button) (small blind) showed [Qd Jd] and won ($53.50) with a pair of Jacks
Seat 2: |x_O|.^^aoki (big blind) mucked


PokerStars Hand #145886356386:  Hold'em Limit ($3/$6 USD) - 2015/12/25 6:27:54 ET
Table 'Jokaste II' 2-max Seat #2 is the button
Seat 1: j44h ($260.75 in chips)
Seat 2: |x_O|.^^aoki ($32.88 in chips)
|x_O|.^^aoki: posts small blind $1
j44h: posts big blind $3
*** HOLE CARDS ***
|x_O|.^^aoki: calls $2
j44h: checks
*** FLOP *** [Ac As 2c]
j44h: checks
|x_O|.^^aoki: checks
*** TURN *** [Ac As 2c] [7d]
j44h: checks
|x_O|.^^aoki: bets $6
j44h: folds
Uncalled bet ($6) returned to |x_O|.^^aoki
|x_O|.^^aoki collected $5.88 from pot
|x_O|.^^aoki: doesn't show hand
*** SUMMARY ***
Total pot $6 | Rake $0.12
Board [Ac As 2c 7d]
Seat 1: j44h (big blind) folded on the Turn
Seat 2: |x_O|.^^aoki (button) (small blind) collected ($5.88)


PokerStars Hand #145886381736:  Hold'em Limit ($3/$6 USD) - 2015/12/25 6:28:46 ET
Table 'Jokaste II' 2-max Seat #1 is the button
Seat 1: j44h ($230.75 in chips)
Seat 2: |x_O|.^^aoki ($61.90 in chips)
j44h: posts small blind $1
|x_O|.^^aoki: posts big blind $3
*** HOLE CARDS ***
j44h: folds
Uncalled bet ($2) returned to |x_O|.^^aoki
|x_O|.^^aoki collected $2 from pot
|x_O|.^^aoki: doesn't show hand
*** SUMMARY ***
Total pot $2 | Rake $0
Seat 1: j44h (button) (small blind) folded before Flop
Seat 2: |x_O|.^^aoki (big blind) collected ($2)


PokerStars Hand #145886386557:  Hold'em Limit ($3/$6 USD) - 2015/12/25 6:28:56 ET
Table 'Jokaste II' 2-max Seat #2 is the button
Seat 1: j44h ($229.75 in chips)
Seat 2: |x_O|.^^aoki ($62.90 in chips)
|x_O|.^^aoki: posts small blind $1
j44h: posts big blind $3
*** HOLE CARDS ***
|x_O|.^^aoki: folds
Uncalled bet ($2) returned to j44h
j44h collected $2 from pot
j44h: doesn't show hand
*** SUMMARY ***
Total pot $2 | Rake $0
Seat 1: j44h (big blind) collected ($2)
Seat 2: |x_O|.^^aoki (button) (small blind) folded before Flop


PokerStars Hand #145886370601:  Hold'em Limit ($3/$6 USD) - 2015/12/25 6:28:23 ET
Table 'Jokaste II' 2-max Seat #2 is the button
Seat 1: j44h ($248.75 in chips)
Seat 2: |x_O|.^^aoki ($44.40 in chips)
|x_O|.^^aoki: posts small blind $1
j44h: posts big blind $3
*** HOLE CARDS ***
|x_O|.^^aoki: calls $2
j44h: checks
*** FLOP *** [Ts 2d 6c]
j44h: checks
|x_O|.^^aoki: bets $3
j44h: calls $3
*** TURN *** [Ts 2d 6c] [Qc]
j44h: checks
|x_O|.^^aoki: bets $6
j44h: calls $6
*** RIVER *** [Ts 2d 6c Qc] [9h]
j44h: checks
|x_O|.^^aoki: bets $6
j44h: calls $6
*** SHOW DOWN ***
|x_O|.^^aoki: shows [4h 6h] (a pair of Sixes)
j44h: mucks hand
|x_O|.^^aoki collected $35.50 from pot
*** SUMMARY ***
Total pot $36 | Rake $0.50
Board [Ts 2d 6c Qc 9h]
Seat 1: j44h (big blind) mucked
Seat 2: |x_O|.^^aoki (button) (small blind) showed [4h 6h] and won ($35.50) with a pair of Sixes


PokerStars Hand #145886403557:  Hold'em Limit ($3/$6 USD) - 2015/12/25 6:29:31 ET
Table 'Jokaste II' 2-max Seat #1 is the button
Seat 1: j44h ($248.25 in chips)
Seat 2: |x_O|.^^aoki ($43.78 in chips)
j44h: posts small blind $1
|x_O|.^^aoki: posts big blind $3
*** HOLE CARDS ***
j44h: folds
Uncalled bet ($2) returned to |x_O|.^^aoki
|x_O|.^^aoki collected $2 from pot
|x_O|.^^aoki: doesn't show hand
*** SUMMARY ***
Total pot $2 | Rake $0
Seat 1: j44h (button) (small blind) folded before Flop
Seat 2: |x_O|.^^aoki (big blind) collected ($2)


PokerStars Hand #145886412877:  Hold'em Limit ($3/$6 USD) - 2015/12/25 6:29:50 ET
Table 'Jokaste II' 2-max Seat #1 is the button
Seat 1: j44h ($244.25 in chips)
Seat 2: |x_O|.^^aoki ($47.66 in chips)
j44h: posts small blind $1
|x_O|.^^aoki: posts big blind $3
*** HOLE CARDS ***
j44h: folds
Uncalled bet ($2) returned to |x_O|.^^aoki
|x_O|.^^aoki collected $2 from pot
|x_O|.^^aoki: doesn't show hand
*** SUMMARY ***
Total pot $2 | Rake $0
Seat 1: j44h (button) (small blind) folded before Flop
Seat 2: |x_O|.^^aoki (big blind) collected ($2)


PokerStars Hand #145886388971:  Hold'em Limit ($3/$6 USD) - 2015/12/25 6:29:01 ET
Table 'Jokaste II' 2-max Seat #1 is the button
Seat 1: j44h ($230.75 in chips)
Seat 2: |x_O|.^^aoki ($61.90 in chips)
j44h: posts small blind $1
|x_O|.^^aoki: posts big blind $3
*** HOLE CARDS ***
j44h: raises $3 to $6
|x_O|.^^aoki: calls $3
*** FLOP *** [Td 7s Js]
|x_O|.^^aoki: bets $3
j44h: calls $3
*** TURN *** [Td 7s Js] [Ac]
|x_O|.^^aoki: bets $6
j44h: calls $6
*** RIVER *** [Td 7s Js Ac] [3d]
|x_O|.^^aoki: bets $6
j44h: calls $6
*** SHOW DOWN ***
|x_O|.^^aoki: shows [9h Jd] (a pair of Jacks)
j44h: shows [Ah 8c] (a pair of Aces)
j44h collected $41.50 from pot
*** SUMMARY ***
Total pot $42 | Rake $0.50
Board [Td 7s Js Ac 3d]
Seat 1: j44h (button) (small blind) showed [Ah 8c] and won ($41.50) with a pair of Aces
Seat 2: |x_O|.^^aoki (big blind) showed [9h Jd] and lost with a pair of Jacks


PokerStars Hand #145886424437:  Hold'em Limit ($3/$6 USD) - 2015/12/25 6:30:12 ET
Table 'Jokaste II' 2-max Seat #1 is the button
Seat 1: j44h ($240.25 in chips)
Seat 2: |x_O|.^^aoki ($51.54 in chips)
j44h: posts small blind $1
|x_O|.^^aoki: posts big blind $3
*** HOLE CARDS ***
j44h: raises $3 to $6
|x_O|.^^aoki: calls $3
*** FLOP *** [8d Qh 6s]
|x_O|.^^aoki: bets $3
j44h: calls $3
*** TURN *** [8d Qh 6s] [3d]
|x_O|.^^aoki: bets $6
j44h: calls $6
*** RIVER *** [8d Qh 6s 3d] [2c]
|x_O|.^^aoki: bets $6
j44h: calls $6
*** SHOW DOWN ***
|x_O|.^^aoki: shows [6d 9c] (a pair of Sixes)
j44h: mucks hand
|x_O|.^^aoki collected $41.50 from pot
*** SUMMARY ***
Total pot $42 | Rake $0.50
Board [8d Qh 6s 3d 2c]
Seat 1: j44h (button) (small blind) mucked
Seat 2: |x_O|.^^aoki (big blind) showed [6d 9c] and won ($41.50) with a pair of Sixes


PokerStars Hand #145886439745:  Hold'em Limit ($3/$6 USD) - 2015/12/25 6:30:43 ET
Table 'Jokaste II' 2-max Seat #2 is the button
Seat 1: j44h ($219.25 in chips)
Seat 2: |x_O|.^^aoki ($72.04 in chips)
|x_O|.^^aoki: posts small blind $1
j44h: posts big blind $3
*** HOLE CARDS ***
|x_O|.^^aoki: folds
Uncalled bet ($2) returned to j44h
j44h collected $2 from pot
j44h: doesn't show hand
*** SUMMARY ***
Total pot $2 | Rake $0
Seat 1: j44h (big blind) collected ($2)
Seat 2: |x_O|.^^aoki (button) (small blind) folded before Flop


PokerStars Hand #145886457793:  Hold'em Limit ($3/$6 USD) - 2015/12/25 6:31:19 ET
Table 'Jokaste II' 2-max Seat #1 is the button
Seat 1: j44h ($202.25 in chips)
Seat 2: |x_O|.^^aoki ($88.54 in chips)
j44h: posts small blind $1
|x_O|.^^aoki: posts big blind $3
*** HOLE CARDS ***
j44h: folds
Uncalled bet ($2) returned to |x_O|.^^aoki
|x_O|.^^aoki collected $2 from pot
|x_O|.^^aoki: doesn't show hand
*** SUMMARY ***
Total pot $2 | Rake $0
Seat 1: j44h (button) (small blind) folded before Flop
Seat 2: |x_O|.^^aoki (big blind) collected ($2)


PokerStars Hand #145886453516:  Hold'em Limit ($3/$6 USD) - 2015/12/25 6:31:10 ET
Table 'Jokaste II' 2-max Seat #2 is the button
Seat 1: j44h ($205.25 in chips)
Seat 2: |x_O|.^^aoki ($85.54 in chips)
|x_O|.^^aoki: posts small blind $1
j44h: posts big blind $3
*** HOLE CARDS ***
|x_O|.^^aoki: raises $3 to $6
j44h: folds
Uncalled bet ($3) returned to |x_O|.^^aoki
|x_O|.^^aoki collected $6 from pot
|x_O|.^^aoki: doesn't show hand
*** SUMMARY ***
Total pot $6 | Rake $0
Seat 1: j44h (big blind) folded before Flop
Seat 2: |x_O|.^^aoki (button) (small blind) collected ($6)


PokerStars Hand #145886460089:  Hold'em Limit ($3/$6 USD) - 2015/12/25 6:31:23 ET
Table 'Jokaste II' 2-max Seat #2 is the button
Seat 1: j44h ($201.25 in chips)
Seat 2: |x_O|.^^aoki ($89.54 in chips)
|x_O|.^^aoki: posts small blind $1
j44h: posts big blind $3
*** HOLE CARDS ***
|x_O|.^^aoki: folds
Uncalled bet ($2) returned to j44h
j44h collected $2 from pot
j44h: doesn't show hand
*** SUMMARY ***
Total pot $2 | Rake $0
Seat 1: j44h (big blind) collected ($2)
Seat 2: |x_O|.^^aoki (button) (small blind) folded before Flop


PokerStars Hand #145886462610:  Hold'em Limit ($3/$6 USD) - 2015/12/25 6:31:28 ET
Table 'Jokaste II' 2-max Seat #1 is the button
Seat 1: j44h ($202.25 in chips)
Seat 2: |x_O|.^^aoki ($88.54 in chips)
j44h: posts small blind $1
|x_O|.^^aoki: posts big blind $3
*** HOLE CARDS ***
j44h: raises $3 to $6
|x_O|.^^aoki: raises $3 to $9
j44h: calls $3
*** FLOP *** [Th 9s Ac]
|x_O|.^^aoki: bets $3
j44h: calls $3
*** TURN *** [Th 9s Ac] [3h]
|x_O|.^^aoki: bets $6
j44h: calls $6
*** RIVER *** [Th 9s Ac 3h] [2h]
|x_O|.^^aoki: bets $6
j44h: calls $6
*** SHOW DOWN ***
|x_O|.^^aoki: shows [Ad Js] (a pair of Aces)
j44h: mucks hand
|x_O|.^^aoki collected $47.50 from pot
*** SUMMARY ***
Total pot $48 | Rake $0.50
Board [Th 9s Ac 3h 2h]
Seat 1: j44h (button) (small blind) mucked
Seat 2: |x_O|.^^aoki (big blind) showed [Ad Js] and won ($47.50) with a pair of Aces


PokerStars Hand #145886442390:  Hold'em Limit ($3/$6 USD) - 2015/12/25 6:30:48 ET
Table 'Jokaste II' 2-max Seat #1 is the button
Seat 1: j44h ($220.25 in chips)
Seat 2: |x_O|.^^aoki ($71.04 in chips)
j44h: posts small blind $1
|x_O|.^^aoki: posts big blind $3
*** HOLE CARDS ***
j44h: raises $3 to $6
|x_O|.^^aoki: calls $3
*** FLOP *** [7h 9d Qs]
|x_O|.^^aoki: bets $3
j44h: calls $3
*** TURN *** [7h 9d Qs] [7s]
|x_O|.^^aoki: bets $6
j44h: calls $6
*** RIVER *** [7h 9d Qs 7s] [6h]
|x_O|.^^aoki: bets $6
j44h: folds
Uncalled bet ($6) returned to |x_O|.^^aoki
|x_O|.^^aoki collected $29.50 from pot
|x_O|.^^aoki: doesn't show hand
*** SUMMARY ***
Total pot $30 | Rake $0.50
Board [7h 9d Qs 7s 6h]
Seat 1: j44h (button) (small blind) folded on the River
Seat 2: |x_O|.^^aoki (big blind) collected ($29.50)


PokerStars Hand #145886488067:  Hold'em Limit ($3/$6 USD) - 2015/12/25 6:32:18 ET
Table 'Jokaste II' 2-max Seat #2 is the button
Seat 1: j44h ($181.01 in chips)
Seat 2: |x_O|.^^aoki ($108.92 in chips)
|x_O|.^^aoki: posts small blind $1
j44h: posts big blind $3
*** HOLE CARDS ***
|x_O|.^^aoki: raises $3 to $6
j44h: folds
Uncalled bet ($3) returned to |x_O|.^^aoki
|x_O|.^^aoki collected $6 from pot
|x_O|.^^aoki: doesn't show hand
*** SUMMARY ***
Total pot $6 | Rake $0
Seat 1: j44h (big blind) folded before Flop
Seat 2: |x_O|.^^aoki (button) (small blind) collected ($6)


PokerStars Hand #145886482467:  Hold'em Limit ($3/$6 USD) - 2015/12/25 6:32:07 ET
Table 'Jokaste II' 2-max Seat #1 is the button
Seat 1: j44h ($175.25 in chips)
Seat 2: |x_O|.^^aoki ($114.92 in chips)
j44h: posts small blind $1
|x_O|.^^aoki: posts big blind $3
*** HOLE CARDS ***
j44h: raises $3 to $6
|x_O|.^^aoki: calls $3
*** FLOP *** [Js Qh 4d]
|x_O|.^^aoki: checks
j44h: bets $3
|x_O|.^^aoki: folds
Uncalled bet ($3) returned to j44h
j44h collected $11.76 from pot
j44h: doesn't show hand
*** SUMMARY ***
Total pot $12 | Rake $0.24
Board [Js Qh 4d]
Seat 1: j44h (button) (small blind) collected ($11.76)
Seat 2: |x_O|.^^aoki (big blind) folded on the Flop


PokerStars Hand #145886498493:  Hold'em Limit ($3/$6 USD) - 2015/12/25 6:32:38 ET
Table 'Jokaste II' 2-max Seat #2 is the button
Seat 1: j44h ($183.77 in chips)
Seat 2: |x_O|.^^aoki ($105.92 in chips)
|x_O|.^^aoki: posts small blind $1
j44h: posts big blind $3
*** HOLE CARDS ***
|x_O|.^^aoki: folds
Uncalled bet ($2) returned to j44h
j44h collected $2 from pot
j44h: doesn't show hand
*** SUMMARY ***
Total pot $2 | Rake $0
Seat 1: j44h (big blind) collected ($2)
Seat 2: |x_O|.^^aoki (button) (small blind) folded before Flop


PokerStars Hand #145886492479:  Hold'em Limit ($3/$6 USD) - 2015/12/25 6:32:26 ET
Table 'Jokaste II' 2-max Seat #1 is the button
Seat 1: j44h ($178.01 in chips)
Seat 2: |x_O|.^^aoki ($111.92 in chips)
j44h: posts small blind $1
|x_O|.^^aoki: posts big blind $3
*** HOLE CARDS ***
j44h: raises $3 to $6
|x_O|.^^aoki: calls $3
*** FLOP *** [As Qc 3c]
|x_O|.^^aoki: checks
j44h: bets $3
|x_O|.^^aoki: folds
Uncalled bet ($3) returned to j44h
j44h collected $11.76 from pot
j44h: doesn't show hand
*** SUMMARY ***
Total pot $12 | Rake $0.24
Board [As Qc 3c]
Seat 1: j44h (button) (small blind) collected ($11.76)
Seat 2: |x_O|.^^aoki (big blind) folded on the Flop


PokerStars Hand #145886500974:  Hold'em Limit ($3/$6 USD) - 2015/12/25 6:32:43 ET
Table 'Jokaste II' 2-max Seat #1 is the button
Seat 1: j44h ($184.77 in chips)
Seat 2: |x_O|.^^aoki ($104.92 in chips)
j44h: posts small blind $1
|x_O|.^^aoki: posts big blind $3
*** HOLE CARDS ***
j44h: raises $3 to $6
|x_O|.^^aoki: calls $3
*** FLOP *** [Jd 5h 6s]
|x_O|.^^aoki: bets $3
j44h: calls $3
*** TURN *** [Jd 5h 6s] [Tc]
|x_O|.^^aoki: bets $6
j44h: raises $6 to $12
|x_O|.^^aoki: folds
Uncalled bet ($6) returned to j44h
j44h collected $29.50 from pot
j44h: doesn't show hand
*** SUMMARY ***
Total pot $30 | Rake $0.50
Board [Jd 5h 6s Tc]
Seat 1: j44h (button) (small blind) collected ($29.50)
Seat 2: |x_O|.^^aoki (big blind) folded on the Turn


PokerStars Hand #145886509837:  Hold'em Limit ($3/$6 USD) - 2015/12/25 6:33:00 ET
Table 'Jokaste II' 2-max Seat #2 is the button
Seat 1: j44h ($199.27 in chips)
Seat 2: |x_O|.^^aoki ($89.92 in chips)
|x_O|.^^aoki: posts small blind $1
j44h: posts big blind $3
*** HOLE CARDS ***
|x_O|.^^aoki: raises $3 to $6
j44h: folds
Uncalled bet ($3) returned to |x_O|.^^aoki
|x_O|.^^aoki collected $6 from pot
|x_O|.^^aoki: doesn't show hand
*** SUMMARY ***
Total pot $6 | Rake $0
Seat 1: j44h (big blind) folded before Flop
Seat 2: |x_O|.^^aoki (button) (small blind) collected ($6)


PokerStars Hand #145886522146:  Hold'em Limit ($3/$6 USD) - 2015/12/25 6:33:24 ET
Table 'Jokaste II' 2-max Seat #2 is the button
Seat 1: j44h ($202.03 in chips)
Seat 2: |x_O|.^^aoki ($86.92 in chips)
|x_O|.^^aoki: posts small blind $1
j44h: posts big blind $3
*** HOLE CARDS ***
|x_O|.^^aoki: raises $3 to $6
j44h: folds
Uncalled bet ($3) returned to |x_O|.^^aoki
|x_O|.^^aoki collected $6 from pot
|x_O|.^^aoki: doesn't show hand
*** SUMMARY ***
Total pot $6 | Rake $0
Seat 1: j44h (big blind) folded before Flop
Seat 2: |x_O|.^^aoki (button) (small blind) collected ($6)


PokerStars Hand #145886534763:  Hold'em Limit ($3/$6 USD) - 2015/12/25 6:33:48 ET
Table 'Jokaste II' 2-max Seat #2 is the button
Seat 1: j44h ($172.03 in chips)
Seat 2: |x_O|.^^aoki ($116.42 in chips)
|x_O|.^^aoki: posts small blind $1
j44h: posts big blind $3
*** HOLE CARDS ***
|x_O|.^^aoki: folds
Uncalled bet ($2) returned to j44h
j44h collected $2 from pot
j44h: doesn't show hand
*** SUMMARY ***
Total pot $2 | Rake $0
Seat 1: j44h (big blind) collected ($2)
Seat 2: |x_O|.^^aoki (button) (small blind) folded before Flop


PokerStars Hand #145886526085:  Hold'em Limit ($3/$6 USD) - 2015/12/25 6:33:31 ET
Table 'Jokaste II' 2-max Seat #1 is the button
Seat 1: j44h ($199.03 in chips)
Seat 2: |x_O|.^^aoki ($89.92 in chips)
j44h: posts small blind $1
|x_O|.^^aoki: posts big blind $3
*** HOLE CARDS ***
j44h: raises $3 to $6
|x_O|.^^aoki: calls $3
*** FLOP *** [6s 4d 2h]
|x_O|.^^aoki: bets $3
j44h: calls $3
*** TURN *** [6s 4d 2h] [8d]
|x_O|.^^aoki: bets $6
j44h: raises $6 to $12
|x_O|.^^aoki: calls $6
*** RIVER *** [6s 4d 2h 8d] [3c]
|x_O|.^^aoki: bets $6
j44h: calls $6
*** SHOW DOWN ***
|x_O|.^^aoki: shows [2s 3d] (two pair, Threes and Deuces)
j44h: mucks hand
|x_O|.^^aoki collected $53.50 from pot
*** SUMMARY ***
Total pot $54 | Rake $0.50
Board [6s 4d 2h 8d 3c]
Seat 1: j44h (button) (small blind) mucked
Seat 2: |x_O|.^^aoki (big blind) showed [2s 3d] and won ($53.50) with two pair, Threes and Deuces


PokerStars Hand #145886515355:  Hold'em Limit ($3/$6 USD) - 2015/12/25 6:33:10 ET
Table 'Jokaste II' 2-max Seat #1 is the button
Seat 1: j44h ($196.27 in chips)
Seat 2: |x_O|.^^aoki ($92.92 in chips)
j44h: posts small blind $1
|x_O|.^^aoki: posts big blind $3
*** HOLE CARDS ***
j44h: raises $3 to $6
|x_O|.^^aoki: calls $3
*** FLOP *** [Ah 2h Kc]
|x_O|.^^aoki: checks
j44h: bets $3
|x_O|.^^aoki: folds
Uncalled bet ($3) returned to j44h
j44h collected $11.76 from pot
j44h: doesn't show hand
*** SUMMARY ***
Total pot $12 | Rake $0.24
Board [Ah 2h Kc]
Seat 1: j44h (button) (small blind) collected ($11.76)
Seat 2: |x_O|.^^aoki (big blind) folded on the Flop


PokerStars Hand #145886552856:  Hold'em Limit ($3/$6 USD) - 2015/12/25 6:34:23 ET
Table 'Jokaste II' 2-max Seat #2 is the button
Seat 1: j44h ($196.53 in chips)
Seat 2: |x_O|.^^aoki ($91.42 in chips)
|x_O|.^^aoki: posts small blind $1
j44h: posts big blind $3
*** HOLE CARDS ***
|x_O|.^^aoki: folds
Uncalled bet ($2) returned to j44h
j44h collected $2 from pot
j44h: doesn't show hand
*** SUMMARY ***
Total pot $2 | Rake $0
Seat 1: j44h (big blind) collected ($2)
Seat 2: |x_O|.^^aoki (button) (small blind) folded before Flop


PokerStars Hand #145886562595:  Hold'em Limit ($3/$6 USD) - 2015/12/25 6:34:42 ET
Table 'Jokaste II' 2-max Seat #2 is the button
Seat 1: j44h ($191.53 in chips)
Seat 2: |x_O|.^^aoki ($96.18 in chips)
|x_O|.^^aoki: posts small blind $1
j44h: posts big blind $3
*** HOLE CARDS ***
|x_O|.^^aoki: folds
Uncalled bet ($2) returned to j44h
j44h collected $2 from pot
j44h: doesn't show hand
*** SUMMARY ***
Total pot $2 | Rake $0
Seat 1: j44h (big blind) collected ($2)
Seat 2: |x_O|.^^aoki (button) (small blind) folded before Flop


PokerStars Hand #145886555766:  Hold'em Limit ($3/$6 USD) - 2015/12/25 6:34:29 ET
Table 'Jokaste II' 2-max Seat #1 is the button
Seat 1: j44h ($197.53 in chips)
Seat 2: |x_O|.^^aoki ($90.42 in chips)
j44h: posts small blind $1
|x_O|.^^aoki: posts big blind $3
*** HOLE CARDS ***
j44h: raises $3 to $6
|x_O|.^^aoki: calls $3
*** FLOP *** [3d 2c 8d]
|x_O|.^^aoki: bets $3
j44h: folds
Uncalled bet ($3) returned to |x_O|.^^aoki
|x_O|.^^aoki collected $11.76 from pot
|x_O|.^^aoki: doesn't show hand
*** SUMMARY ***
Total pot $12 | Rake $0.24
Board [3d 2c 8d]
Seat 1: j44h (button) (small blind) folded on the Flop
Seat 2: |x_O|.^^aoki (big blind) collected ($11.76)


PokerStars Hand #145886537252:  Hold'em Limit ($3/$6 USD) - 2015/12/25 6:33:53 ET
Table 'Jokaste II' 2-max Seat #1 is the button
Seat 1: j44h ($173.03 in chips)
Seat 2: |x_O|.^^aoki ($115.42 in chips)
j44h: posts small blind $1
|x_O|.^^aoki: posts big blind $3
*** HOLE CARDS ***
j44h: raises $3 to $6
|x_O|.^^aoki: raises $3 to $9
j44h: calls $3
*** FLOP *** [Ks 2s 4s]
|x_O|.^^aoki: bets $3
j44h: calls $3
*** TURN *** [Ks 2s 4s] [3h]
|x_O|.^^aoki: bets $6
j44h: calls $6
*** RIVER *** [Ks 2s 4s 3h] [Qc]
|x_O|.^^aoki: bets $6
j44h: raises $6 to $12
|x_O|.^^aoki: folds
Uncalled bet ($6) returned to j44h
j44h collected $47.50 from pot
j44h: doesn't show hand
*** SUMMARY ***
Total pot $48 | Rake $0.50
Board [Ks 2s 4s 3h Qc]
Seat 1: j44h (button) (small blind) collected ($47.50)
Seat 2: |x_O|.^^aoki (big blind) folded on the River


PokerStars Hand #145886578760:  Hold'em Limit ($3/$6 USD) - 2015/12/25 6:35:14 ET
Table 'Jokaste II' 2-max Seat #2 is the button
Seat 1: j44h ($222.03 in chips)
Seat 2: |x_O|.^^aoki ($65.18 in chips)
|x_O|.^^aoki: posts small blind $1
j44h: posts big blind $3
*** HOLE CARDS ***
|x_O|.^^aoki: calls $2
j44h: checks
*** FLOP *** [Tc Qh 3d]
j44h: checks
|x_O|.^^aoki: bets $3
j44h: folds
Uncalled bet ($3) returned to |x_O|.^^aoki
|x_O|.^^aoki collected $5.88 from pot
|x_O|.^^aoki: doesn't show hand
*** SUMMARY ***
Total pot $6 | Rake $0.12
Board [Tc Qh 3d]
Seat 1: j44h (big blind) folded on the Flop
Seat 2: |x_O|.^^aoki (button) (small blind) collected ($5.88)


PokerStars Hand #145886590609:  Hold'em Limit ($3/$6 USD) - 2015/12/25 6:35:37 ET
Table 'Jokaste II' 2-max Seat #1 is the button
Seat 1: j44h ($219.03 in chips)
Seat 2: |x_O|.^^aoki ($68.06 in chips)
j44h: posts small blind $1
|x_O|.^^aoki: posts big blind $3
*** HOLE CARDS ***
j44h: raises $3 to $6
|x_O|.^^aoki: folds
Uncalled bet ($3) returned to j44h
j44h collected $6 from pot
j44h: doesn't show hand
*** SUMMARY ***
Total pot $6 | Rake $0
Seat 1: j44h (button) (small blind) collected ($6)
Seat 2: |x_O|.^^aoki (big blind) folded before Flop


PokerStars Hand #145886565062:  Hold'em Limit ($3/$6 USD) - 2015/12/25 6:34:47 ET
Table 'Jokaste II' 2-max Seat #1 is the button
Seat 1: j44h ($192.53 in chips)
Seat 2: |x_O|.^^aoki ($95.18 in chips)
j44h: posts small blind $1
|x_O|.^^aoki: posts big blind $3
*** HOLE CARDS ***
j44h: raises $3 to $6
|x_O|.^^aoki: raises $3 to $9
j44h: calls $3
*** FLOP *** [Kh 6s Qc]
|x_O|.^^aoki: checks
j44h: bets $3
|x_O|.^^aoki: calls $3
*** TURN *** [Kh 6s Qc] [3h]
|x_O|.^^aoki: checks
j44h: bets $6
|x_O|.^^aoki: raises $6 to $12
j44h: calls $6
*** RIVER *** [Kh 6s Qc 3h] [Td]
|x_O|.^^aoki: bets $6
j44h: calls $6
*** SHOW DOWN ***
|x_O|.^^aoki: shows [8h Th] (a pair of Tens)
j44h: shows [5d Kc] (a pair of Kings)
j44h collected $59.50 from pot
*** SUMMARY ***
Total pot $60 | Rake $0.50
Board [Kh 6s Qc 3h Td]
Seat 1: j44h (button) (small blind) showed [5d Kc] and won ($59.50) with a pair of Kings
Seat 2: |x_O|.^^aoki (big blind) showed [8h Th] and lost with a pair of Tens


PokerStars Hand #145886593656:  Hold'em Limit ($3/$6 USD) - 2015/12/25 6:35:43 ET
Table 'Jokaste II' 2-max Seat #2 is the button
Seat 1: j44h ($222.03 in chips)
Seat 2: |x_O|.^^aoki ($65.06 in chips)
|x_O|.^^aoki: posts small blind $1
j44h: posts big blind $3
*** HOLE CARDS ***
|x_O|.^^aoki: calls $2
j44h: raises $3 to $6
|x_O|.^^aoki: calls $3
*** FLOP *** [5d 6h 2d]
j44h: bets $3
|x_O|.^^aoki: calls $3
*** TURN *** [5d 6h 2d] [3s]
j44h: checks
|x_O|.^^aoki: bets $6
j44h: calls $6
*** RIVER *** [5d 6h 2d 3s] [4d]
j44h: checks
|x_O|.^^aoki: bets $6
j44h: calls $6
*** SHOW DOWN ***
|x_O|.^^aoki: shows [9h Ks] (a straight, Deuce to Six)
j44h: shows [Ah Kd] (a straight, Deuce to Six)
j44h collected $20.75 from pot
|x_O|.^^aoki collected $20.75 from pot
*** SUMMARY ***
Total pot $42 | Rake $0.50
Board [5d 6h 2d 3s 4d]
Seat 1: j44h (big blind) showed [Ah Kd] and won ($20.75) with a straight, Deuce to Six
Seat 2: |x_O|.^^aoki (button) (small blind) showed [9h Ks] and won ($20.75) with a straight, Deuce to Six


PokerStars Hand #145886609446:  Hold'em Limit ($3/$6 USD) - 2015/12/25 6:36:14 ET
Table 'Jokaste II' 2-max Seat #2 is the button
Seat 1: j44h ($215.78 in chips)
Seat 2: |x_O|.^^aoki ($70.57 in chips)
|x_O|.^^aoki: posts small blind $1
j44h: posts big blind $3
*** HOLE CARDS ***
|x_O|.^^aoki: calls $2
j44h: checks
*** FLOP *** [Ad 9h Th]
j44h: checks
|x_O|.^^aoki: bets $3
j44h: calls $3
*** TURN *** [Ad 9h Th] [6s]
j44h: checks
|x_O|.^^aoki: bets $6
j44h: calls $6
*** RIVER *** [Ad 9h Th 6s] [7c]
j44h: checks
|x_O|.^^aoki: bets $6
j44h: calls $6
*** SHOW DOWN ***
|x_O|.^^aoki: shows [8c Qs] (a straight, Six to Ten)
j44h: mucks hand
|x_O|.^^aoki collected $35.50 from pot
*** SUMMARY ***
Total pot $36 | Rake $0.50
Board [Ad 9h Th 6s 7c]
Seat 1: j44h (big blind) mucked
Seat 2: |x_O|.^^aoki (button) (small blind) showed [8c Qs] and won ($35.50) with a straight, Six to Ten


PokerStars Hand #145886623113:  Hold'em Limit ($3/$6 USD) - 2015/12/25 6:36:40 ET
Table 'Jokaste II' 2-max Seat #2 is the button
Seat 1: j44h ($196.78 in chips)
Seat 2: |x_O|.^^aoki ($89.07 in chips)
|x_O|.^^aoki: posts small blind $1
j44h: posts big blind $3
*** HOLE CARDS ***
|x_O|.^^aoki: folds
Uncalled bet ($2) returned to j44h
j44h collected $2 from pot
j44h: doesn't show hand
*** SUMMARY ***
Total pot $2 | Rake $0
Seat 1: j44h (big blind) collected ($2)
Seat 2: |x_O|.^^aoki (button) (small blind) folded before Flop


PokerStars Hand #145886620793:  Hold'em Limit ($3/$6 USD) - 2015/12/25 6:36:36 ET
Table 'Jokaste II' 2-max Seat #1 is the button
Seat 1: j44h ($197.78 in chips)
Seat 2: |x_O|.^^aoki ($88.07 in chips)
j44h: posts small blind $1
|x_O|.^^aoki: posts big blind $3
*** HOLE CARDS ***
j44h: folds
Uncalled bet ($2) returned to |x_O|.^^aoki
|x_O|.^^aoki collected $2 from pot
|x_O|.^^aoki: doesn't show hand
*** SUMMARY ***
Total pot $2 | Rake $0
Seat 1: j44h (button) (small blind) folded before Flop
Seat 2: |x_O|.^^aoki (big blind) collected ($2)


PokerStars Hand #145886603958:  Hold'em Limit ($3/$6 USD) - 2015/12/25 6:36:04 ET
Table 'Jokaste II' 2-max Seat #1 is the button
Seat 1: j44h ($221.78 in chips)
Seat 2: |x_O|.^^aoki ($64.81 in chips)
j44h: posts small blind $1
|x_O|.^^aoki: posts big blind $3
*** HOLE CARDS ***
j44h: raises $3 to $6
|x_O|.^^aoki: calls $3
*** FLOP *** [Qd 2c Ks]
|x_O|.^^aoki: bets $3
j44h: folds
Uncalled bet ($3) returned to |x_O|.^^aoki
|x_O|.^^aoki collected $11.76 from pot
|x_O|.^^aoki: doesn't show hand
*** SUMMARY ***
Total pot $12 | Rake $0.24
Board [Qd 2c Ks]
Seat 1: j44h (button) (small blind) folded on the Flop
Seat 2: |x_O|.^^aoki (big blind) collected ($11.76)


PokerStars Hand #145886644556:  Hold'em Limit ($3/$6 USD) - 2015/12/25 6:37:22 ET
Table 'Jokaste II' 2-max Seat #2 is the button
Seat 1: j44h ($224.28 in chips)
Seat 2: |x_O|.^^aoki ($61.07 in chips)
|x_O|.^^aoki: posts small blind $1
j44h: posts big blind $3
*** HOLE CARDS ***
|x_O|.^^aoki: calls $2
j44h: checks
*** FLOP *** [Kh 9c Jh]
j44h: checks
|x_O|.^^aoki: bets $3
j44h: calls $3
*** TURN *** [Kh 9c Jh] [6d]
j44h: checks
|x_O|.^^aoki: bets $6
j44h: calls $6
*** RIVER *** [Kh 9c Jh 6d] [4h]
j44h: checks
|x_O|.^^aoki: bets $6
j44h: calls $6
*** SHOW DOWN ***
|x_O|.^^aoki: shows [Qs 3h] (high card King)
j44h: shows [7s 9h] (a pair of Nines)
j44h collected $35.50 from pot
*** SUMMARY ***
Total pot $36 | Rake $0.50
Board [Kh 9c Jh 6d 4h]
Seat 1: j44h (big blind) showed [7s 9h] and won ($35.50) with a pair of Nines
Seat 2: |x_O|.^^aoki (button) (small blind) showed [Qs 3h] and lost with high card King


PokerStars Hand #145886625651:  Hold'em Limit ($3/$6 USD) - 2015/12/25 6:36:45 ET
Table 'Jokaste II' 2-max Seat #1 is the button
Seat 1: j44h ($197.78 in chips)
Seat 2: |x_O|.^^aoki ($88.07 in chips)
j44h: posts small blind $1
|x_O|.^^aoki: posts big blind $3
*** HOLE CARDS ***
j44h: raises $3 to $6
|x_O|.^^aoki: calls $3
*** FLOP *** [Jh 9h As]
|x_O|.^^aoki: checks
j44h: bets $3
|x_O|.^^aoki: calls $3
*** TURN *** [Jh 9h As] [4s]
|x_O|.^^aoki: checks
j44h: bets $6
|x_O|.^^aoki: raises $6 to $12
j44h: calls $6
*** RIVER *** [Jh 9h As 4s] [3s]
|x_O|.^^aoki: bets $6
j44h: calls $6
*** SHOW DOWN ***
|x_O|.^^aoki: shows [2h Jd] (a pair of Jacks)
j44h: shows [9s Jc] (two pair, Jacks and Nines)
j44h collected $53.50 from pot
*** SUMMARY ***
Total pot $54 | Rake $0.50
Board [Jh 9h As 4s 3s]
Seat 1: j44h (button) (small blind) showed [9s Jc] and won ($53.50) with two pair, Jacks and Nines
Seat 2: |x_O|.^^aoki (big blind) showed [2h Jd] and lost with a pair of Jacks


PokerStars Hand #145886658434:  Hold'em Limit ($3/$6 USD) - 2015/12/25 6:37:49 ET
Table 'Jokaste II' 2-max Seat #1 is the button
Seat 1: j44h ($241.78 in chips)
Seat 2: |x_O|.^^aoki ($43.07 in chips)
j44h: posts small blind $1
|x_O|.^^aoki: posts big blind $3
*** HOLE CARDS ***
j44h: raises $3 to $6
|x_O|.^^aoki: calls $3
*** FLOP *** [Qc 4d 5s]
|x_O|.^^aoki: checks
j44h: bets $3
|x_O|.^^aoki: calls $3
*** TURN *** [Qc 4d 5s] [5c]
|x_O|.^^aoki: checks
j44h: checks
*** RIVER *** [Qc 4d 5s 5c] [2c]
|x_O|.^^aoki: bets $6
j44h: folds
Uncalled bet ($6) returned to |x_O|.^^aoki
|x_O|.^^aoki collected $17.64 from pot
|x_O|.^^aoki: doesn't show hand
*** SUMMARY ***
Total pot $18 | Rake $0.36
Board [Qc 4d 5s 5c 2c]
Seat 1: j44h (button) (small blind) folded on the River
Seat 2: |x_O|.^^aoki (big blind) collected ($17.64)


PokerStars Hand #145886687971:  Hold'em Limit ($3/$6 USD) - 2015/12/25 6:38:46 ET
Table 'Jokaste II' 2-max Seat #1 is the button
Seat 1: j44h ($245.28 in chips)
Seat 2: |x_O|.^^aoki ($38.71 in chips)
j44h: posts small blind $1
|x_O|.^^aoki: posts big blind $3
*** HOLE CARDS ***
j44h: folds
Uncalled bet ($2) returned to |x_O|.^^aoki
|x_O|.^^aoki collected $2 from pot
|x_O|.^^aoki: doesn't show hand
*** SUMMARY ***
Total pot $2 | Rake $0
Seat 1: j44h (button) (small blind) folded before Flop
Seat 2: |x_O|.^^aoki (big blind) collected ($2)


PokerStars Hand #145886668244:  Hold'em Limit ($3/$6 USD) - 2015/12/25 6:38:08 ET
Table 'Jokaste II' 2-max Seat #2 is the button
Seat 1: j44h ($232.78 in chips)
Seat 2: |x_O|.^^aoki ($51.71 in chips)
|x_O|.^^aoki: posts small blind $1
j44h: posts big blind $3
*** HOLE CARDS ***
|x_O|.^^aoki: raises $3 to $6
j44h: folds
Uncalled bet ($3) returned to |x_O|.^^aoki
|x_O|.^^aoki collected $6 from pot
|x_O|.^^aoki: doesn't show hand
*** SUMMARY ***
Total pot $6 | Rake $0
Seat 1: j44h (big blind) folded before Flop
Seat 2: |x_O|.^^aoki (button) (small blind) collected ($6)


PokerStars Hand #145886685215:  Hold'em Limit ($3/$6 USD) - 2015/12/25 6:38:41 ET
Table 'Jokaste II' 2-max Seat #2 is the button
Seat 1: j44h ($244.28 in chips)
Seat 2: |x_O|.^^aoki ($39.71 in chips)
|x_O|.^^aoki: posts small blind $1
j44h: posts big blind $3
*** HOLE CARDS ***
|x_O|.^^aoki: folds
Uncalled bet ($2) returned to j44h
j44h collected $2 from pot
j44h: doesn't show hand
*** SUMMARY ***
Total pot $2 | Rake $0
Seat 1: j44h (big blind) collected ($2)
Seat 2: |x_O|.^^aoki (button) (small blind) folded before Flop


PokerStars Hand #145886674150:  Hold'em Limit ($3/$6 USD) - 2015/12/25 6:38:19 ET
Table 'Jokaste II' 2-max Seat #1 is the button
Seat 1: j44h ($229.78 in chips)
Seat 2: |x_O|.^^aoki ($54.71 in chips)
j44h: posts small blind $1
|x_O|.^^aoki: posts big blind $3
*** HOLE CARDS ***
j44h: raises $3 to $6
|x_O|.^^aoki: calls $3
*** FLOP *** [2s 8s Js]
|x_O|.^^aoki: checks
j44h: bets $3
|x_O|.^^aoki: calls $3
*** TURN *** [2s 8s Js] [4c]
|x_O|.^^aoki: checks
j44h: checks
*** RIVER *** [2s 8s Js 4c] [Kh]
|x_O|.^^aoki: bets $6
j44h: raises $6 to $12
|x_O|.^^aoki: folds
Uncalled bet ($6) returned to j44h
j44h collected $29.50 from pot
j44h: doesn't show hand
*** SUMMARY ***
Total pot $30 | Rake $0.50
Board [2s 8s Js 4c Kh]
Seat 1: j44h (button) (small blind) collected ($29.50)
Seat 2: |x_O|.^^aoki (big blind) folded on the River


PokerStars Hand #145886723498:  Hold'em Limit ($3/$6 USD) - 2015/12/25 6:39:54 ET
Table 'Jokaste II' 2-max Seat #2 is the button
Seat 1: j44h ($213.28 in chips)
Seat 2: |x_O|.^^aoki ($69.51 in chips)
|x_O|.^^aoki: posts small blind $1
j44h: posts big blind $3
*** HOLE CARDS ***
|x_O|.^^aoki: calls $2
j44h: raises $3 to $6
|x_O|.^^aoki: calls $3
*** FLOP *** [7h As 2c]
j44h: bets $3
|x_O|.^^aoki: folds
Uncalled bet ($3) returned to j44h
j44h collected $11.76 from pot
j44h: doesn't show hand
*** SUMMARY ***
Total pot $12 | Rake $0.24
Board [7h As 2c]
Seat 1: j44h (big blind) collected ($11.76)
Seat 2: |x_O|.^^aoki (button) (small blind) folded on the Flop


PokerStars Hand #145886690654:  Hold'em Limit ($3/$6 USD) - 2015/12/25 6:38:51 ET
Table 'Jokaste II' 2-max Seat #2 is the button
Seat 1: j44h ($244.28 in chips)
Seat 2: |x_O|.^^aoki ($39.71 in chips)
|x_O|.^^aoki: posts small blind $1
j44h: posts big blind $3
*** HOLE CARDS ***
|x_O|.^^aoki: calls $2
j44h: raises $3 to $6
|x_O|.^^aoki: calls $3
*** FLOP *** [4d 5h Ah]
j44h: bets $3
|x_O|.^^aoki: calls $3
*** TURN *** [4d 5h Ah] [7d]
j44h: checks
|x_O|.^^aoki: bets $6
j44h: folds
Uncalled bet ($6) returned to |x_O|.^^aoki
|x_O|.^^aoki collected $17.64 from pot
|x_O|.^^aoki: doesn't show hand
*** SUMMARY ***
Total pot $18 | Rake $0.36
Board [4d 5h Ah 7d]
Seat 1: j44h (big blind) folded on the Turn
Seat 2: |x_O|.^^aoki (button) (small blind) collected ($17.64)


PokerStars Hand #145886704998:  Hold'em Limit ($3/$6 USD) - 2015/12/25 6:39:18 ET
Table 'Jokaste II' 2-max Seat #1 is the button
Seat 1: j44h ($235.28 in chips)
Seat 2: |x_O|.^^aoki ($48.35 in chips)
j44h: posts small blind $1
|x_O|.^^aoki: posts big blind $3
*** HOLE CARDS ***
j44h: folds
Uncalled bet ($2) returned to |x_O|.^^aoki
|x_O|.^^aoki collected $2 from pot
|x_O|.^^aoki: doesn't show hand
*** SUMMARY ***
Total pot $2 | Rake $0
Seat 1: j44h (button) (small blind) folded before Flop
Seat 2: |x_O|.^^aoki (big blind) collected ($2)


PokerStars Hand #145886708323:  Hold'em Limit ($3/$6 USD) - 2015/12/25 6:39:25 ET
Table 'Jokaste II' 2-max Seat #2 is the button
Seat 1: j44h ($234.28 in chips)
Seat 2: |x_O|.^^aoki ($49.35 in chips)
|x_O|.^^aoki: posts small blind $1
j44h: posts big blind $3
*** HOLE CARDS ***
|x_O|.^^aoki: calls $2
j44h: raises $3 to $6
|x_O|.^^aoki: calls $3
*** FLOP *** [7h 4d 7d]
j44h: bets $3
|x_O|.^^aoki: raises $3 to $6
j44h: calls $3
*** TURN *** [7h 4d 7d] [7s]
j44h: checks
|x_O|.^^aoki: bets $6
j44h: folds
Uncalled bet ($6) returned to |x_O|.^^aoki
|x_O|.^^aoki collected $23.52 from pot
|x_O|.^^aoki: doesn't show hand
*** SUMMARY ***
Total pot $24 | Rake $0.48
Board [7h 4d 7d 7s]
Seat 1: j44h (big blind) folded on the Turn
Seat 2: |x_O|.^^aoki (button) (small blind) collected ($23.52)


PokerStars Hand #145886715828:  Hold'em Limit ($3/$6 USD) - 2015/12/25 6:39:39 ET
Table 'Jokaste II' 2-max Seat #1 is the button
Seat 1: j44h ($222.28 in chips)
Seat 2: |x_O|.^^aoki ($60.87 in chips)
j44h: posts small blind $1
|x_O|.^^aoki: posts big blind $3
*** HOLE CARDS ***
j44h: raises $3 to $6
|x_O|.^^aoki: raises $3 to $9
j44h: calls $3
*** FLOP *** [Kd 9c Js]
|x_O|.^^aoki: bets $3
j44h: folds
Uncalled bet ($3) returned to |x_O|.^^aoki
|x_O|.^^aoki collected $17.64 from pot
|x_O|.^^aoki: doesn't show hand
*** SUMMARY ***
Total pot $18 | Rake $0.36
Board [Kd 9c Js]
Seat 1: j44h (button) (small blind) folded on the Flop
Seat 2: |x_O|.^^aoki (big blind) collected ($17.64)


PokerStars Hand #145886730284:  Hold'em Limit ($3/$6 USD) - 2015/12/25 6:40:08 ET
Table 'Jokaste II' 2-max Seat #1 is the button
Seat 1: j44h ($219.04 in chips)
Seat 2: |x_O|.^^aoki ($63.51 in chips)
j44h: posts small blind $1
|x_O|.^^aoki: posts big blind $3
*** HOLE CARDS ***
j44h: raises $3 to $6
|x_O|.^^aoki: raises $3 to $9
j44h: calls $3
*** FLOP *** [Ts Kh 7c]
|x_O|.^^aoki: bets $3
j44h: calls $3
*** TURN *** [Ts Kh 7c] [3h]
|x_O|.^^aoki: bets $6
j44h: raises $6 to $12
|x_O|.^^aoki: calls $6
*** RIVER *** [Ts Kh 7c 3h] [2s]
|x_O|.^^aoki: checks
j44h: bets $6
|x_O|.^^aoki: folds
Uncalled bet ($6) returned to j44h
j44h collected $47.50 from pot
j44h: doesn't show hand
*** SUMMARY ***
Total pot $48 | Rake $0.50
Board [Ts Kh 7c 3h 2s]
Seat 1: j44h (button) (small blind) collected ($47.50)
Seat 2: |x_O|.^^aoki (big blind) folded on the River


PokerStars Hand #145886742167:  Hold'em Limit ($3/$6 USD) - 2015/12/25 6:40:31 ET
Table 'Jokaste II' 2-max Seat #2 is the button
Seat 1: j44h ($242.54 in chips)
Seat 2: |x_O|.^^aoki ($39.51 in chips)
|x_O|.^^aoki: posts small blind $1
j44h: posts big blind $3
*** HOLE CARDS ***
|x_O|.^^aoki: calls $2
j44h: checks
*** FLOP *** [8c Kh Kc]
j44h: checks
|x_O|.^^aoki: bets $3
j44h: folds
Uncalled bet ($3) returned to |x_O|.^^aoki
|x_O|.^^aoki collected $5.88 from pot
|x_O|.^^aoki: doesn't show hand
*** SUMMARY ***
Total pot $6 | Rake $0.12
Board [8c Kh Kc]
Seat 1: j44h (big blind) folded on the Flop
Seat 2: |x_O|.^^aoki (button) (small blind) collected ($5.88)


PokerStars Hand #145886775380:  Hold'em Limit ($3/$6 USD) - 2015/12/25 6:41:35 ET
Table 'Jokaste II' 2-max Seat #1 is the button
Seat 1: j44h ($212.54 in chips)
Seat 2: |x_O|.^^aoki ($68.41 in chips)
j44h: posts small blind $1
|x_O|.^^aoki: posts big blind $3
*** HOLE CARDS ***
j44h: folds
Uncalled bet ($2) returned to |x_O|.^^aoki
|x_O|.^^aoki collected $2 from pot
|x_O|.^^aoki: doesn't show hand
*** SUMMARY ***
Total pot $2 | Rake $0
Seat 1: j44h (button) (small blind) folded before Flop
Seat 2: |x_O|.^^aoki (big blind) collected ($2)


PokerStars Hand #145886747185:  Hold'em Limit ($3/$6 USD) - 2015/12/25 6:40:40 ET
Table 'Jokaste II' 2-max Seat #1 is the button
Seat 1: j44h ($239.54 in chips)
Seat 2: |x_O|.^^aoki ($42.39 in chips)
j44h: posts small blind $1
|x_O|.^^aoki: posts big blind $3
*** HOLE CARDS ***
j44h: raises $3 to $6
|x_O|.^^aoki: calls $3
*** FLOP *** [Ad Ks Js]
|x_O|.^^aoki: checks
j44h: bets $3
|x_O|.^^aoki: calls $3
*** TURN *** [Ad Ks Js] [6c]
|x_O|.^^aoki: checks
j44h: bets $6
|x_O|.^^aoki: calls $6
*** RIVER *** [Ad Ks Js 6c] [Td]
|x_O|.^^aoki: checks
j44h: checks
*** SHOW DOWN ***
|x_O|.^^aoki: shows [9d Kh] (a pair of Kings)
j44h: mucks hand
|x_O|.^^aoki collected $29.50 from pot
*** SUMMARY ***
Total pot $30 | Rake $0.50
Board [Ad Ks Js 6c Td]
Seat 1: j44h (button) (small blind) mucked
Seat 2: |x_O|.^^aoki (big blind) showed [9d Kh] and won ($29.50) with a pair of Kings


PokerStars Hand #145886784875:  Hold'em Limit ($3/$6 USD) - 2015/12/25 6:41:54 ET
Table 'Jokaste II' 2-max Seat #1 is the button
Seat 1: j44h ($208.54 in chips)
Seat 2: |x_O|.^^aoki ($72.29 in chips)
j44h: posts small blind $1
|x_O|.^^aoki: posts big blind $3
*** HOLE CARDS ***
j44h: folds
Uncalled bet ($2) returned to |x_O|.^^aoki
|x_O|.^^aoki collected $2 from pot
|x_O|.^^aoki: doesn't show hand
*** SUMMARY ***
Total pot $2 | Rake $0
Seat 1: j44h (button) (small blind) folded before Flop
Seat 2: |x_O|.^^aoki (big blind) collected ($2)


PokerStars Hand #145886779545:  Hold'em Limit ($3/$6 USD) - 2015/12/25 6:41:43 ET
Table 'Jokaste II' 2-max Seat #2 is the button
Seat 1: j44h ($211.54 in chips)
Seat 2: |x_O|.^^aoki ($69.41 in chips)
|x_O|.^^aoki: posts small blind $1
j44h: posts big blind $3
*** HOLE CARDS ***
|x_O|.^^aoki: calls $2
j44h: checks
*** FLOP *** [4h 4d 4c]
j44h: checks
|x_O|.^^aoki: bets $3
j44h: folds
Uncalled bet ($3) returned to |x_O|.^^aoki
|x_O|.^^aoki collected $5.88 from pot
|x_O|.^^aoki: doesn't show hand
*** SUMMARY ***
Total pot $6 | Rake $0.12
Board [4h 4d 4c]
Seat 1: j44h (big blind) folded on the Flop
Seat 2: |x_O|.^^aoki (button) (small blind) collected ($5.88)


PokerStars Hand #145886764688:  Hold'em Limit ($3/$6 USD) - 2015/12/25 6:41:14 ET
Table 'Jokaste II' 2-max Seat #2 is the button
Seat 1: j44h ($224.54 in chips)
Seat 2: |x_O|.^^aoki ($56.89 in chips)
|x_O|.^^aoki: posts small blind $1
j44h: posts big blind $3
*** HOLE CARDS ***
|x_O|.^^aoki: calls $2
j44h: raises $3 to $6
|x_O|.^^aoki: calls $3
*** FLOP *** [7s 5s 7c]
j44h: bets $3
|x_O|.^^aoki: raises $3 to $6
j44h: calls $3
*** TURN *** [7s 5s 7c] [4c]
j44h: checks
|x_O|.^^aoki: bets $6
j44h: folds
Uncalled bet ($6) returned to |x_O|.^^aoki
|x_O|.^^aoki collected $23.52 from pot
|x_O|.^^aoki: doesn't show hand
*** SUMMARY ***
Total pot $24 | Rake $0.48
Board [7s 5s 7c 4c]
Seat 1: j44h (big blind) folded on the Turn
Seat 2: |x_O|.^^aoki (button) (small blind) collected ($23.52)


PokerStars Hand #145886799391:  Hold'em Limit ($3/$6 USD) - 2015/12/25 6:42:20 ET
Table 'Jokaste II' 2-max Seat #1 is the button
Seat 1: j44h ($195.54 in chips)
Seat 2: |x_O|.^^aoki ($84.81 in chips)
j44h: posts small blind $1
|x_O|.^^aoki: posts big blind $3
*** HOLE CARDS ***
j44h: raises $3 to $6
|x_O|.^^aoki: calls $3
*** FLOP *** [3s Qc 5s]
|x_O|.^^aoki: bets $3
j44h: calls $3
*** TURN *** [3s Qc 5s] [4s]
|x_O|.^^aoki: checks
j44h: bets $6
|x_O|.^^aoki: raises $6 to $12
j44h: calls $6
*** RIVER *** [3s Qc 5s 4s] [4h]
|x_O|.^^aoki: bets $6
j44h: calls $6
*** SHOW DOWN ***
|x_O|.^^aoki: shows [2s As] (a straight flush, Ace to Five)
j44h: mucks hand
|x_O|.^^aoki collected $53.50 from pot
*** SUMMARY ***
Total pot $54 | Rake $0.50
Board [3s Qc 5s 4s 4h]
Seat 1: j44h (button) (small blind) mucked
Seat 2: |x_O|.^^aoki (big blind) showed [2s As] and won ($53.50) with a straight flush, Ace to Five


PokerStars Hand #145886787264:  Hold'em Limit ($3/$6 USD) - 2015/12/25 6:41:58 ET
Table 'Jokaste II' 2-max Seat #2 is the button
Seat 1: j44h ($207.54 in chips)
Seat 2: |x_O|.^^aoki ($73.29 in chips)
|x_O|.^^aoki: posts small blind $1
j44h: posts big blind $3
*** HOLE CARDS ***
|x_O|.^^aoki: calls $2
j44h: checks
*** FLOP *** [Tc Kd Qd]
j44h: checks
|x_O|.^^aoki: bets $3
j44h: calls $3
*** TURN *** [Tc Kd Qd] [4d]
j44h: checks
|x_O|.^^aoki: bets $6
j44h: calls $6
*** RIVER *** [Tc Kd Qd 4d] [9h]
j44h: checks
|x_O|.^^aoki: checks
*** SHOW DOWN ***
j44h: shows [Th 8c] (a pair of Tens)
|x_O|.^^aoki: shows [Ts Qc] (two pair, Queens and Tens)
|x_O|.^^aoki collected $23.52 from pot
*** SUMMARY ***
Total pot $24 | Rake $0.48
Board [Tc Kd Qd 4d 9h]
Seat 1: j44h (big blind) showed [Th 8c] and lost with a pair of Tens
Seat 2: |x_O|.^^aoki (button) (small blind) showed [Ts Qc] and won ($23.52) with two pair, Queens and Tens


PokerStars Hand #145886842811:  Hold'em Limit ($3/$6 USD) - 2015/12/25 6:43:43 ET
Table 'Jokaste II' 2-max Seat #2 is the button
Seat 1: j44h ($147.30 in chips)
Seat 2: |x_O|.^^aoki ($131.81 in chips)
|x_O|.^^aoki: posts small blind $1
j44h: posts big blind $3
*** HOLE CARDS ***
|x_O|.^^aoki: folds
Uncalled bet ($2) returned to j44h
j44h collected $2 from pot
j44h: doesn't show hand
*** SUMMARY ***
Total pot $2 | Rake $0
Seat 1: j44h (big blind) collected ($2)
Seat 2: |x_O|.^^aoki (button) (small blind) folded before Flop


PokerStars Hand #145886839953:  Hold'em Limit ($3/$6 USD) - 2015/12/25 6:43:38 ET
Table 'Jokaste II' 2-max Seat #1 is the button
Seat 1: j44h ($148.30 in chips)
Seat 2: |x_O|.^^aoki ($130.81 in chips)
j44h: posts small blind $1
|x_O|.^^aoki: posts big blind $3
*** HOLE CARDS ***
j44h: folds
Uncalled bet ($2) returned to |x_O|.^^aoki
|x_O|.^^aoki collected $2 from pot
|x_O|.^^aoki: doesn't show hand
*** SUMMARY ***
Total pot $2 | Rake $0
Seat 1: j44h (button) (small blind) folded before Flop
Seat 2: |x_O|.^^aoki (big blind) collected ($2)


PokerStars Hand #145886825039:  Hold'em Limit ($3/$6 USD) - 2015/12/25 6:43:09 ET
Table 'Jokaste II' 2-max Seat #2 is the button
Seat 1: j44h ($140.54 in chips)
Seat 2: |x_O|.^^aoki ($138.81 in chips)
|x_O|.^^aoki: posts small blind $1
j44h: posts big blind $3
*** HOLE CARDS ***
|x_O|.^^aoki: folds
Uncalled bet ($2) returned to j44h
j44h collected $2 from pot
j44h: doesn't show hand
*** SUMMARY ***
Total pot $2 | Rake $0
Seat 1: j44h (big blind) collected ($2)
Seat 2: |x_O|.^^aoki (button) (small blind) folded before Flop


PokerStars Hand #145886822469:  Hold'em Limit ($3/$6 USD) - 2015/12/25 6:43:04 ET
Table 'Jokaste II' 2-max Seat #1 is the button
Seat 1: j44h ($141.54 in chips)
Seat 2: |x_O|.^^aoki ($137.81 in chips)
j44h: posts small blind $1
|x_O|.^^aoki: posts big blind $3
*** HOLE CARDS ***
j44h: folds
Uncalled bet ($2) returned to |x_O|.^^aoki
|x_O|.^^aoki collected $2 from pot
|x_O|.^^aoki: doesn't show hand
*** SUMMARY ***
Total pot $2 | Rake $0
Seat 1: j44h (button) (small blind) folded before Flop
Seat 2: |x_O|.^^aoki (big blind) collected ($2)


PokerStars Hand #145886810007:  Hold'em Limit ($3/$6 USD) - 2015/12/25 6:42:41 ET
Table 'Jokaste II' 2-max Seat #2 is the button
Seat 1: j44h ($168.54 in chips)
Seat 2: |x_O|.^^aoki ($111.31 in chips)
|x_O|.^^aoki: posts small blind $1
j44h: posts big blind $3
*** HOLE CARDS ***
|x_O|.^^aoki: calls $2
j44h: raises $3 to $6
|x_O|.^^aoki: calls $3
*** FLOP *** [2d 4c 3h]
j44h: bets $3
|x_O|.^^aoki: calls $3
*** TURN *** [2d 4c 3h] [3d]
j44h: bets $6
|x_O|.^^aoki: raises $6 to $12
j44h: calls $6
*** RIVER *** [2d 4c 3h 3d] [Kh]
j44h: checks
|x_O|.^^aoki: bets $6
j44h: calls $6
*** SHOW DOWN ***
|x_O|.^^aoki: shows [4d Kd] (two pair, Kings and Fours)
j44h: mucks hand
|x_O|.^^aoki collected $53.50 from pot
*** SUMMARY ***
Total pot $54 | Rake $0.50
Board [2d 4c 3h 3d Kh]
Seat 1: j44h (big blind) mucked
Seat 2: |x_O|.^^aoki (button) (small blind) showed [4d Kd] and won ($53.50) with two pair, Kings and Fours


PokerStars Hand #145886837502:  Hold'em Limit ($3/$6 USD) - 2015/12/25 6:43:33 ET
Table 'Jokaste II' 2-max Seat #2 is the button
Seat 1: j44h ($147.30 in chips)
Seat 2: |x_O|.^^aoki ($131.81 in chips)
|x_O|.^^aoki: posts small blind $1
j44h: posts big blind $3
*** HOLE CARDS ***
|x_O|.^^aoki: folds
Uncalled bet ($2) returned to j44h
j44h collected $2 from pot
j44h: doesn't show hand
*** SUMMARY ***
Total pot $2 | Rake $0
Seat 1: j44h (big blind) collected ($2)
Seat 2: |x_O|.^^aoki (button) (small blind) folded before Flop


PokerStars Hand #145886827870:  Hold'em Limit ($3/$6 USD) - 2015/12/25 6:43:15 ET
Table 'Jokaste II' 2-max Seat #1 is the button
Seat 1: j44h ($141.54 in chips)
Seat 2: |x_O|.^^aoki ($137.81 in chips)
j44h: posts small blind $1
|x_O|.^^aoki: posts big blind $3
*** HOLE CARDS ***
j44h: raises $3 to $6
|x_O|.^^aoki: calls $3
*** FLOP *** [8h 4c 4s]
|x_O|.^^aoki: checks
j44h: bets $3
|x_O|.^^aoki: folds
Uncalled bet ($3) returned to j44h
j44h collected $11.76 from pot
j44h: doesn't show hand
*** SUMMARY ***
Total pot $12 | Rake $0.24
Board [8h 4c 4s]
Seat 1: j44h (button) (small blind) collected ($11.76)
Seat 2: |x_O|.^^aoki (big blind) folded on the Flop


PokerStars Hand #145886866558:  Hold'em Limit ($3/$6 USD) - 2015/12/25 6:44:29 ET
Table 'Jokaste II' 2-max Seat #2 is the button
Seat 1: j44h ($168.56 in chips)
Seat 2: |x_O|.^^aoki ($109.81 in chips)
|x_O|.^^aoki: posts small blind $1
j44h: posts big blind $3
*** HOLE CARDS ***
|x_O|.^^aoki: folds
Uncalled bet ($2) returned to j44h
j44h collected $2 from pot
j44h: doesn't show hand
*** SUMMARY ***
Total pot $2 | Rake $0
Seat 1: j44h (big blind) collected ($2)
Seat 2: |x_O|.^^aoki (button) (small blind) folded before Flop


PokerStars Hand #145886845331:  Hold'em Limit ($3/$6 USD) - 2015/12/25 6:43:48 ET
Table 'Jokaste II' 2-max Seat #1 is the button
Seat 1: j44h ($148.30 in chips)
Seat 2: |x_O|.^^aoki ($130.81 in chips)
j44h: posts small blind $1
|x_O|.^^aoki: posts big blind $3
*** HOLE CARDS ***
j44h: raises $3 to $6
|x_O|.^^aoki: raises $3 to $9
j44h: calls $3
*** FLOP *** [9s 2d 4c]
|x_O|.^^aoki: bets $3
j44h: calls $3
*** TURN *** [9s 2d 4c] [8c]
|x_O|.^^aoki: checks
j44h: checks
*** RIVER *** [9s 2d 4c 8c] [Qd]
|x_O|.^^aoki: bets $6
j44h: calls $6
*** SHOW DOWN ***
|x_O|.^^aoki: shows [Ad 6d] (high card Ace)
j44h: shows [Kc As] (high card Ace - King kicker)
j44h collected $35.50 from pot
*** SUMMARY ***
Total pot $36 | Rake $0.50
Board [9s 2d 4c 8c Qd]
Seat 1: j44h (button) (small blind) showed [Kc As] and won ($35.50) with high card Ace
Seat 2: |x_O|.^^aoki (big blind) showed [Ad 6d] and lost with high card Ace


PokerStars Hand #145886861348:  Hold'em Limit ($3/$6 USD) - 2015/12/25 6:44:19 ET
Table 'Jokaste II' 2-max Seat #1 is the button
Seat 1: j44h ($162.80 in chips)
Seat 2: |x_O|.^^aoki ($115.81 in chips)
j44h: posts small blind $1
|x_O|.^^aoki: posts big blind $3
*** HOLE CARDS ***
j44h: raises $3 to $6
|x_O|.^^aoki: calls $3
*** FLOP *** [Ks 9c 6c]
|x_O|.^^aoki: checks
j44h: bets $3
|x_O|.^^aoki: folds
Uncalled bet ($3) returned to j44h
j44h collected $11.76 from pot
j44h: doesn't show hand
*** SUMMARY ***
Total pot $12 | Rake $0.24
Board [Ks 9c 6c]
Seat 1: j44h (button) (small blind) collected ($11.76)
Seat 2: |x_O|.^^aoki (big blind) folded on the Flop


PokerStars Hand #145886855307:  Hold'em Limit ($3/$6 USD) - 2015/12/25 6:44:07 ET
Table 'Jokaste II' 2-max Seat #2 is the button
Seat 1: j44h ($165.80 in chips)
Seat 2: |x_O|.^^aoki ($112.81 in chips)
|x_O|.^^aoki: posts small blind $1
j44h: posts big blind $3
*** HOLE CARDS ***
|x_O|.^^aoki: raises $3 to $6
j44h: folds
Uncalled bet ($3) returned to |x_O|.^^aoki
|x_O|.^^aoki collected $6 from pot
|x_O|.^^aoki: doesn't show hand
*** SUMMARY ***
Total pot $6 | Rake $0
Seat 1: j44h (big blind) folded before Flop
Seat 2: |x_O|.^^aoki (button) (small blind) collected ($6)


PokerStars Hand #145886873963:  Hold'em Limit ($3/$6 USD) - 2015/12/25 6:44:43 ET
Table 'Jokaste II' 2-max Seat #2 is the button
Seat 1: j44h ($160.56 in chips)
Seat 2: |x_O|.^^aoki ($117.45 in chips)
|x_O|.^^aoki: posts small blind $1
j44h: posts big blind $3
*** HOLE CARDS ***
|x_O|.^^aoki: raises $3 to $6
j44h: folds
Uncalled bet ($3) returned to |x_O|.^^aoki
|x_O|.^^aoki collected $6 from pot
|x_O|.^^aoki: doesn't show hand
*** SUMMARY ***
Total pot $6 | Rake $0
Seat 1: j44h (big blind) folded before Flop
Seat 2: |x_O|.^^aoki (button) (small blind) collected ($6)


PokerStars Hand #145886868969:  Hold'em Limit ($3/$6 USD) - 2015/12/25 6:44:34 ET
Table 'Jokaste II' 2-max Seat #1 is the button
Seat 1: j44h ($169.56 in chips)
Seat 2: |x_O|.^^aoki ($108.81 in chips)
j44h: posts small blind $1
|x_O|.^^aoki: posts big blind $3
*** HOLE CARDS ***
j44h: raises $3 to $6
|x_O|.^^aoki: raises $3 to $9
j44h: calls $3
*** FLOP *** [As 4c Jc]
|x_O|.^^aoki: bets $3
j44h: folds
Uncalled bet ($3) returned to |x_O|.^^aoki
|x_O|.^^aoki collected $17.64 from pot
|x_O|.^^aoki: doesn't show hand
*** SUMMARY ***
Total pot $18 | Rake $0.36
Board [As 4c Jc]
Seat 1: j44h (button) (small blind) folded on the Flop
Seat 2: |x_O|.^^aoki (big blind) collected ($17.64)


PokerStars Hand #145886888777:  Hold'em Limit ($3/$6 USD) - 2015/12/25 6:45:11 ET
Table 'Jokaste II' 2-max Seat #1 is the button
Seat 1: j44h ($149.56 in chips)
Seat 2: |x_O|.^^aoki ($128.09 in chips)
j44h: posts small blind $1
|x_O|.^^aoki: posts big blind $3
*** HOLE CARDS ***
j44h: raises $3 to $6
|x_O|.^^aoki: calls $3
*** FLOP *** [9c 5h 9d]
|x_O|.^^aoki: checks
j44h: bets $3
|x_O|.^^aoki: calls $3
*** TURN *** [9c 5h 9d] [Ah]
|x_O|.^^aoki: checks
j44h: checks
*** RIVER *** [9c 5h 9d Ah] [9s]
|x_O|.^^aoki: bets $6
j44h: calls $6
*** SHOW DOWN ***
|x_O|.^^aoki: shows [8h 7s] (three of a kind, Nines)
j44h: shows [Js Jc] (a full house, Nines full of Jacks)
j44h collected $29.50 from pot
*** SUMMARY ***
Total pot $30 | Rake $0.50
Board [9c 5h 9d Ah 9s]
Seat 1: j44h (button) (small blind) showed [Js Jc] and won ($29.50) with a full house, Nines full of Jacks
Seat 2: |x_O|.^^aoki (big blind) showed [8h 7s] and lost with three of a kind, Nines


PokerStars Hand #145886898420:  Hold'em Limit ($3/$6 USD) - 2015/12/25 6:45:30 ET
Table 'Jokaste II' 2-max Seat #2 is the button
Seat 1: j44h ($164.06 in chips)
Seat 2: |x_O|.^^aoki ($113.09 in chips)
|x_O|.^^aoki: posts small blind $1
j44h: posts big blind $3
*** HOLE CARDS ***
|x_O|.^^aoki: calls $2
j44h: raises $3 to $6
|x_O|.^^aoki: calls $3
*** FLOP *** [2c 7d Ac]
j44h: bets $3
|x_O|.^^aoki: calls $3
*** TURN *** [2c 7d Ac] [7h]
j44h: checks
|x_O|.^^aoki: bets $6
j44h: calls $6
*** RIVER *** [2c 7d Ac 7h] [6c]
j44h: checks
|x_O|.^^aoki: bets $6
j44h: calls $6
*** SHOW DOWN ***
|x_O|.^^aoki: shows [6d Jd] (two pair, Sevens and Sixes)
j44h: shows [9h 9d] (two pair, Nines and Sevens)
j44h collected $41.50 from pot
*** SUMMARY ***
Total pot $42 | Rake $0.50
Board [2c 7d Ac 7h 6c]
Seat 1: j44h (big blind) showed [9h 9d] and won ($41.50) with two pair, Nines and Sevens
Seat 2: |x_O|.^^aoki (button) (small blind) showed [6d Jd] and lost with two pair, Sevens and Sixes


PokerStars Hand #145886886407:  Hold'em Limit ($3/$6 USD) - 2015/12/25 6:45:07 ET
Table 'Jokaste II' 2-max Seat #2 is the button
Seat 1: j44h ($148.56 in chips)
Seat 2: |x_O|.^^aoki ($129.09 in chips)
|x_O|.^^aoki: posts small blind $1
j44h: posts big blind $3
*** HOLE CARDS ***
|x_O|.^^aoki: folds
Uncalled bet ($2) returned to j44h
j44h collected $2 from pot
j44h: doesn't show hand
*** SUMMARY ***
Total pot $2 | Rake $0
Seat 1: j44h (big blind) collected ($2)
Seat 2: |x_O|.^^aoki (button) (small blind) folded before Flop


PokerStars Hand #145886877492:  Hold'em Limit ($3/$6 USD) - 2015/12/25 6:44:50 ET
Table 'Jokaste II' 2-max Seat #1 is the button
Seat 1: j44h ($157.56 in chips)
Seat 2: |x_O|.^^aoki ($120.45 in chips)
j44h: posts small blind $1
|x_O|.^^aoki: posts big blind $3
*** HOLE CARDS ***
j44h: raises $3 to $6
|x_O|.^^aoki: calls $3
*** FLOP *** [2s 7d 9h]
|x_O|.^^aoki: checks
j44h: bets $3
|x_O|.^^aoki: calls $3
*** TURN *** [2s 7d 9h] [8c]
|x_O|.^^aoki: checks
j44h: checks
*** RIVER *** [2s 7d 9h 8c] [Tc]
|x_O|.^^aoki: bets $6
j44h: folds
Uncalled bet ($6) returned to |x_O|.^^aoki
|x_O|.^^aoki collected $17.64 from pot
|x_O|.^^aoki: doesn't show hand
*** SUMMARY ***
Total pot $18 | Rake $0.36
Board [2s 7d 9h 8c Tc]
Seat 1: j44h (button) (small blind) folded on the River
Seat 2: |x_O|.^^aoki (big blind) collected ($17.64)


PokerStars Hand #145886929389:  Hold'em Limit ($3/$6 USD) - 2015/12/25 6:46:28 ET
Table 'Jokaste II' 2-max Seat #2 is the button
Seat 1: j44h ($229.06 in chips)
Seat 2: |x_O|.^^aoki ($47.09 in chips)
|x_O|.^^aoki: posts small blind $1
j44h: posts big blind $3
*** HOLE CARDS ***
|x_O|.^^aoki: calls $2
j44h: checks
*** FLOP *** [7c Qd Qh]
j44h: checks
|x_O|.^^aoki: checks
*** TURN *** [7c Qd Qh] [Jh]
j44h: checks
|x_O|.^^aoki: bets $6
j44h: calls $6
*** RIVER *** [7c Qd Qh Jh] [Ts]
j44h: checks
|x_O|.^^aoki: bets $6
j44h: calls $6
*** SHOW DOWN ***
|x_O|.^^aoki: shows [Qc 8h] (three of a kind, Queens)
j44h: mucks hand
|x_O|.^^aoki collected $29.50 from pot
*** SUMMARY ***
Total pot $30 | Rake $0.50
Board [7c Qd Qh Jh Ts]
Seat 1: j44h (big blind) mucked
Seat 2: |x_O|.^^aoki (button) (small blind) showed [Qc 8h] and won ($29.50) with three of a kind, Queens


PokerStars Hand #145886961686:  Hold'em Limit ($3/$6 USD) - 2015/12/25 6:47:30 ET
Table 'Jokaste II' 2-max Seat #1 is the button
Seat 1: j44h ($216.70 in chips)
Seat 2: |x_O|.^^aoki ($58.35 in chips)
j44h: posts small blind $1
|x_O|.^^aoki: posts big blind $3
*** HOLE CARDS ***
j44h: raises $3 to $6
|x_O|.^^aoki: calls $3
*** FLOP *** [8s 3h 8d]
|x_O|.^^aoki: checks
j44h: bets $3
|x_O|.^^aoki: calls $3
*** TURN *** [8s 3h 8d] [4s]
|x_O|.^^aoki: checks
j44h: bets $6
|x_O|.^^aoki: raises $6 to $12
j44h: calls $6
*** RIVER *** [8s 3h 8d 4s] [7h]
|x_O|.^^aoki: bets $6
j44h: calls $6
*** SHOW DOWN ***
|x_O|.^^aoki: shows [Kc 5c] (a pair of Eights)
j44h: shows [Qs 3s] (two pair, Eights and Threes)
j44h collected $53.50 from pot
*** SUMMARY ***
Total pot $54 | Rake $0.50
Board [8s 3h 8d 4s 7h]
Seat 1: j44h (button) (small blind) showed [Qs 3s] and won ($53.50) with two pair, Eights and Threes
Seat 2: |x_O|.^^aoki (big blind) showed [Kc 5c] and lost with a pair of Eights


PokerStars Hand #145886950206:  Hold'em Limit ($3/$6 USD) - 2015/12/25 6:47:08 ET
Table 'Jokaste II' 2-max Seat #2 is the button
Seat 1: j44h ($222.70 in chips)
Seat 2: |x_O|.^^aoki ($52.59 in chips)
|x_O|.^^aoki: posts small blind $1
j44h: posts big blind $3
*** HOLE CARDS ***
|x_O|.^^aoki: raises $3 to $6
j44h: calls $3
*** FLOP *** [Jd Ks 2d]
j44h: checks
|x_O|.^^aoki: bets $3
j44h: folds
Uncalled bet ($3) returned to |x_O|.^^aoki
|x_O|.^^aoki collected $11.76 from pot
*** SUMMARY ***
Total pot $12 | Rake $0.24
Board [Jd Ks 2d]
Seat 1: j44h (big blind) folded on the Flop
Seat 2: |x_O|.^^aoki (button) (small blind) collected ($11.76)


PokerStars Hand #145886938795:  Hold'em Limit ($3/$6 USD) - 2015/12/25 6:46:46 ET
Table 'Jokaste II' 2-max Seat #1 is the button
Seat 1: j44h ($214.06 in chips)
Seat 2: |x_O|.^^aoki ($61.59 in chips)
j44h: posts small blind $1
|x_O|.^^aoki: posts big blind $3
*** HOLE CARDS ***
j44h: raises $3 to $6
|x_O|.^^aoki: calls $3
*** FLOP *** [7d Qs 4c]
|x_O|.^^aoki: checks
j44h: bets $3
|x_O|.^^aoki: calls $3
*** TURN *** [7d Qs 4c] [3s]
|x_O|.^^aoki: checks
j44h: bets $6
|x_O|.^^aoki: folds
Uncalled bet ($6) returned to j44h
j44h collected $17.64 from pot
j44h: doesn't show hand
*** SUMMARY ***
Total pot $18 | Rake $0.36
Board [7d Qs 4c 3s]
Seat 1: j44h (button) (small blind) collected ($17.64)
Seat 2: |x_O|.^^aoki (big blind) folded on the Turn


PokerStars Hand #145887005792:  Hold'em Limit ($3/$6 USD) - 2015/12/25 6:48:53 ET
Table 'Jokaste II' 2-max Seat #1 is the button
Seat 1: j44h ($263.34 in chips)
Seat 2: |x_O|.^^aoki ($10.35 in chips)
j44h: posts small blind $1
|x_O|.^^aoki: posts big blind $3
*** HOLE CARDS ***
j44h: folds
Uncalled bet ($2) returned to |x_O|.^^aoki
|x_O|.^^aoki collected $2 from pot
|x_O|.^^aoki: doesn't show hand
*** SUMMARY ***
Total pot $2 | Rake $0
Seat 1: j44h (button) (small blind) folded before Flop
Seat 2: |x_O|.^^aoki (big blind) collected ($2)


PokerStars Hand #145886995895:  Hold'em Limit ($3/$6 USD) - 2015/12/25 6:48:34 ET
Table 'Jokaste II' 2-max Seat #2 is the button
Seat 1: j44h ($248.84 in chips)
Seat 2: |x_O|.^^aoki ($25.35 in chips)
|x_O|.^^aoki: posts small blind $1
j44h: posts big blind $3
*** HOLE CARDS ***
|x_O|.^^aoki: calls $2
j44h: raises $3 to $6
|x_O|.^^aoki: calls $3
*** FLOP *** [Qc 5h Ks]
j44h: bets $3
|x_O|.^^aoki: calls $3
*** TURN *** [Qc 5h Ks] [Jd]
j44h: checks
|x_O|.^^aoki: bets $6
j44h: calls $6
*** RIVER *** [Qc 5h Ks Jd] [5s]
j44h: checks
|x_O|.^^aoki: checks
*** SHOW DOWN ***
j44h: shows [Td Js] (two pair, Jacks and Fives)
|x_O|.^^aoki: mucks hand
j44h collected $29.50 from pot
*** SUMMARY ***
Total pot $30 | Rake $0.50
Board [Qc 5h Ks Jd 5s]
Seat 1: j44h (big blind) showed [Td Js] and won ($29.50) with two pair, Jacks and Fives
Seat 2: |x_O|.^^aoki (button) (small blind) mucked


PokerStars Hand #145886985909:  Hold'em Limit ($3/$6 USD) - 2015/12/25 6:48:16 ET
Table 'Jokaste II' 2-max Seat #1 is the button
Seat 1: j44h ($240.20 in chips)
Seat 2: |x_O|.^^aoki ($34.35 in chips)
j44h: posts small blind $1
|x_O|.^^aoki: posts big blind $3
*** HOLE CARDS ***
j44h: raises $3 to $6
|x_O|.^^aoki: calls $3
*** FLOP *** [2d Kh Kd]
|x_O|.^^aoki: checks
j44h: bets $3
|x_O|.^^aoki: calls $3
*** TURN *** [2d Kh Kd] [5s]
|x_O|.^^aoki: checks
j44h: checks
*** RIVER *** [2d Kh Kd 5s] [Qd]
|x_O|.^^aoki: checks
j44h: checks
*** SHOW DOWN ***
|x_O|.^^aoki: shows [4s 3s] (a pair of Kings)
j44h: shows [As 7s] (a pair of Kings - Ace kicker)
j44h collected $17.64 from pot
*** SUMMARY ***
Total pot $18 | Rake $0.36
Board [2d Kh Kd 5s Qd]
Seat 1: j44h (button) (small blind) showed [As 7s] and won ($17.64) with a pair of Kings
Seat 2: |x_O|.^^aoki (big blind) showed [4s 3s] and lost with a pair of Kings


PokerStars Hand #145886975546:  Hold'em Limit ($3/$6 USD) - 2015/12/25 6:47:56 ET
Table 'Jokaste II' 2-max Seat #2 is the button
Seat 1: j44h ($243.20 in chips)
Seat 2: |x_O|.^^aoki ($31.35 in chips)
|x_O|.^^aoki: posts small blind $1
j44h: posts big blind $3
*** HOLE CARDS ***
|x_O|.^^aoki: raises $3 to $6
j44h: folds
Uncalled bet ($3) returned to |x_O|.^^aoki
|x_O|.^^aoki collected $6 from pot
|x_O|.^^aoki: doesn't show hand
*** SUMMARY ***
Total pot $6 | Rake $0
Seat 1: j44h (big blind) folded before Flop
Seat 2: |x_O|.^^aoki (button) (small blind) collected ($6)


PokerStars Hand #145887023485:  Hold'em Limit ($3/$6 USD) - 2015/12/25 6:49:27 ET
Table 'Jokaste II' 2-max Seat #2 is the button
Seat 1: j44h ($252.99 in chips)
Seat 2: |x_O|.^^aoki ($20.29 in chips)
|x_O|.^^aoki: posts small blind $1
j44h: posts big blind $3
*** HOLE CARDS ***
|x_O|.^^aoki: calls $2
j44h: raises $3 to $6
|x_O|.^^aoki: calls $3
*** FLOP *** [7c 5h Qc]
j44h: bets $3
|x_O|.^^aoki: folds
Uncalled bet ($3) returned to j44h
j44h collected $11.76 from pot
j44h: doesn't show hand
*** SUMMARY ***
Total pot $12 | Rake $0.24
Board [7c 5h Qc]
Seat 1: j44h (big blind) collected ($11.76)
Seat 2: |x_O|.^^aoki (button) (small blind) folded on the Flop


PokerStars Hand #145887015947:  Hold'em Limit ($3/$6 USD) - 2015/12/25 6:49:13 ET
Table 'Jokaste II' 2-max Seat #1 is the button
Seat 1: j44h ($263.34 in chips)
Seat 2: |x_O|.^^aoki ($10.35 in chips)
j44h: posts small blind $1
|x_O|.^^aoki: posts big blind $3
*** HOLE CARDS ***
j44h: raises $3 to $6
|x_O|.^^aoki: raises $3 to $9
j44h: calls $3
*** FLOP *** [Qd 8c 5c]
|x_O|.^^aoki: bets $1.35 and is all-in
j44h: calls $1.35
*** TURN *** [Qd 8c 5c] [Js]
*** RIVER *** [Qd 8c 5c Js] [6s]
*** SHOW DOWN ***
|x_O|.^^aoki: shows [Qh Kd] (a pair of Queens)
j44h: shows [7c Ac] (high card Ace)
|x_O|.^^aoki collected $20.29 from pot
*** SUMMARY ***
Total pot $20.70 | Rake $0.41
Board [Qd 8c 5c Js 6s]
Seat 1: j44h (button) (small blind) showed [7c Ac] and lost with high card Ace
Seat 2: |x_O|.^^aoki (big blind) showed [Qh Kd] and won ($20.29) with a pair of Queens


PokerStars Hand #145887013203:  Hold'em Limit ($3/$6 USD) - 2015/12/25 6:49:07 ET
Table 'Jokaste II' 2-max Seat #2 is the button
Seat 1: j44h ($262.34 in chips)
Seat 2: |x_O|.^^aoki ($11.35 in chips)
|x_O|.^^aoki: posts small blind $1
j44h: posts big blind $3
*** HOLE CARDS ***
|x_O|.^^aoki: folds
Uncalled bet ($2) returned to j44h
j44h collected $2 from pot
j44h: doesn't show hand
*** SUMMARY ***
Total pot $2 | Rake $0
Seat 1: j44h (big blind) collected ($2)
Seat 2: |x_O|.^^aoki (button) (small blind) folded before Flop


PokerStars Hand #145887010933:  Hold'em Limit ($3/$6 USD) - 2015/12/25 6:49:03 ET
Table 'Jokaste II' 2-max Seat #1 is the button
Seat 1: j44h ($263.34 in chips)
Seat 2: |x_O|.^^aoki ($10.35 in chips)
j44h: posts small blind $1
|x_O|.^^aoki: posts big blind $3
*** HOLE CARDS ***
j44h: folds
Uncalled bet ($2) returned to |x_O|.^^aoki
|x_O|.^^aoki collected $2 from pot
|x_O|.^^aoki: doesn't show hand
*** SUMMARY ***
Total pot $2 | Rake $0
Seat 1: j44h (button) (small blind) folded before Flop
Seat 2: |x_O|.^^aoki (big blind) collected ($2)


PokerStars Hand #145887008301:  Hold'em Limit ($3/$6 USD) - 2015/12/25 6:48:58 ET
Table 'Jokaste II' 2-max Seat #2 is the button
Seat 1: j44h ($262.34 in chips)
Seat 2: |x_O|.^^aoki ($11.35 in chips)
|x_O|.^^aoki: posts small blind $1
j44h: posts big blind $3
*** HOLE CARDS ***
|x_O|.^^aoki: folds
Uncalled bet ($2) returned to j44h
j44h collected $2 from pot
j44h: doesn't show hand
*** SUMMARY ***
Total pot $2 | Rake $0
Seat 1: j44h (big blind) collected ($2)
Seat 2: |x_O|.^^aoki (button) (small blind) folded before Flop


PokerStars Hand #145887031631:  Hold'em Limit ($3/$6 USD) - 2015/12/25 6:49:42 ET
Table 'Jokaste II' 2-max Seat #1 is the button
Seat 1: j44h ($258.75 in chips)
Seat 2: |x_O|.^^aoki ($14.29 in chips)
j44h: posts small blind $1
|x_O|.^^aoki: posts big blind $3
*** HOLE CARDS ***
j44h: folds
Uncalled bet ($2) returned to |x_O|.^^aoki
|x_O|.^^aoki collected $2 from pot
|x_O|.^^aoki: doesn't show hand
*** SUMMARY ***
Total pot $2 | Rake $0
Seat 1: j44h (button) (small blind) folded before Flop
Seat 2: |x_O|.^^aoki (big blind) collected ($2)


PokerStars Hand #145887064447:  Hold'em Limit ($3/$6 USD) - 2015/12/25 6:50:46 ET
Table 'Jokaste II' 2-max Seat #1 is the button
Seat 1: j44h ($257.14 in chips)
Seat 2: |x_O|.^^aoki ($14.68 in chips)
j44h: posts small blind $1
|x_O|.^^aoki: posts big blind $3
*** HOLE CARDS ***
j44h: folds
Uncalled bet ($2) returned to |x_O|.^^aoki
|x_O|.^^aoki collected $2 from pot
|x_O|.^^aoki: doesn't show hand
*** SUMMARY ***
Total pot $2 | Rake $0
Seat 1: j44h (button) (small blind) folded before Flop
Seat 2: |x_O|.^^aoki (big blind) collected ($2)


PokerStars Hand #145887053403:  Hold'em Limit ($3/$6 USD) - 2015/12/25 6:50:25 ET
Table 'Jokaste II' 2-max Seat #2 is the button
Seat 1: j44h ($248.50 in chips)
Seat 2: |x_O|.^^aoki ($23.68 in chips)
|x_O|.^^aoki: posts small blind $1
j44h: posts big blind $3
*** HOLE CARDS ***
|x_O|.^^aoki: calls $2
j44h: raises $3 to $6
|x_O|.^^aoki: calls $3
*** FLOP *** [4c 3d 8d]
j44h: bets $3
|x_O|.^^aoki: calls $3
*** TURN *** [4c 3d 8d] [Kh]
j44h: bets $6
|x_O|.^^aoki: folds
Uncalled bet ($6) returned to j44h
j44h collected $17.64 from pot
j44h: doesn't show hand
*** SUMMARY ***
Total pot $18 | Rake $0.36
Board [4c 3d 8d Kh]
Seat 1: j44h (big blind) collected ($17.64)
Seat 2: |x_O|.^^aoki (button) (small blind) folded on the Turn


PokerStars Hand #145887044135:  Hold'em Limit ($3/$6 USD) - 2015/12/25 6:50:07 ET
Table 'Jokaste II' 2-max Seat #1 is the button
Seat 1: j44h ($257.50 in chips)
Seat 2: |x_O|.^^aoki ($15.04 in chips)
j44h: posts small blind $1
|x_O|.^^aoki: posts big blind $3
*** HOLE CARDS ***
j44h: raises $3 to $6
|x_O|.^^aoki: calls $3
*** FLOP *** [4c 8s As]
|x_O|.^^aoki: checks
j44h: bets $3
|x_O|.^^aoki: calls $3
*** TURN *** [4c 8s As] [9h]
|x_O|.^^aoki: checks
j44h: checks
*** RIVER *** [4c 8s As 9h] [2h]
|x_O|.^^aoki: bets $6
j44h: folds
Uncalled bet ($6) returned to |x_O|.^^aoki
|x_O|.^^aoki collected $17.64 from pot
|x_O|.^^aoki: doesn't show hand
*** SUMMARY ***
Total pot $18 | Rake $0.36
Board [4c 8s As 9h 2h]
Seat 1: j44h (button) (small blind) folded on the River
Seat 2: |x_O|.^^aoki (big blind) collected ($17.64)


PokerStars Hand #145887066899:  Hold'em Limit ($3/$6 USD) - 2015/12/25 6:50:51 ET
Table 'Jokaste II' 2-max Seat #2 is the button
Seat 1: j44h ($256.14 in chips)
Seat 2: |x_O|.^^aoki ($15.68 in chips)
|x_O|.^^aoki: posts small blind $1
j44h: posts big blind $3
*** HOLE CARDS ***
|x_O|.^^aoki: raises $3 to $6
j44h: calls $3
*** FLOP *** [8c 9c Jc]
j44h: checks
|x_O|.^^aoki: bets $3
j44h: calls $3
*** TURN *** [8c 9c Jc] [4c]
j44h: bets $6
|x_O|.^^aoki: calls $6
*** RIVER *** [8c 9c Jc 4c] [Th]
j44h: bets $6
|x_O|.^^aoki: calls $0.68 and is all-in
Uncalled bet ($5.32) returned to j44h
*** SHOW DOWN ***
j44h: shows [Qc 9d] (a flush, Queen high)
|x_O|.^^aoki: shows [Js Ah] (a pair of Jacks)
j44h collected $30.86 from pot
*** SUMMARY ***
Total pot $31.36 | Rake $0.50
Board [8c 9c Jc 4c Th]
Seat 1: j44h (big blind) showed [Qc 9d] and won ($30.86) with a flush, Queen high
Seat 2: |x_O|.^^aoki (button) (small blind) showed [Js Ah] and lost with a pair of Jacks


