PokerStars Hand #146432024999:  Hold'em Limit ($3/$6 USD) - 2016/01/03 23:08:39 ET
Table 'Jokaste' 6-max Seat #4 is the button
Seat 3: baur017017 ($105.46 in chips)
Seat 4: BuzovaPro ($72 in chips)
BuzovaPro: posts small blind $1
baur017017: posts big blind $3
*** HOLE CARDS ***
BuzovaPro: raises $3 to $6
baur017017: raises $3 to $9
BuzovaPro: calls $3
*** FLOP *** [2s 3c Ah]
baur017017: bets $3
BuzovaPro: calls $3
*** TURN *** [2s 3c Ah] [8s]
baur017017: checks
BuzovaPro: bets $6
baur017017: folds
Uncalled bet ($6) returned to BuzovaPro
BuzovaPro collected $23.52 from pot
BuzovaPro: doesn't show hand
*** SUMMARY ***
Total pot $24 | Rake $0.48
Board [2s 3c Ah 8s]
Seat 3: baur017017 (big blind) folded on the Turn
Seat 4: BuzovaPro (button) (small blind) collected ($23.52)


PokerStars Hand #146432022779:  Hold'em Limit ($3/$6 USD) - 2016/01/03 23:08:32 ET
Table 'Jokaste' 6-max Seat #3 is the button
Seat 3: baur017017 ($102.46 in chips)
Seat 4: BuzovaPro ($75 in chips)
baur017017: posts small blind $1
BuzovaPro: posts big blind $3
*** HOLE CARDS ***
baur017017: raises $3 to $6
BuzovaPro: folds
Uncalled bet ($3) returned to baur017017
baur017017 collected $6 from pot
baur017017: doesn't show hand
*** SUMMARY ***
Total pot $6 | Rake $0
Seat 3: baur017017 (button) (small blind) collected ($6)
Seat 4: BuzovaPro (big blind) folded before Flop


PokerStars Hand #146432019339:  Hold'em Limit ($3/$6 USD) - 2016/01/03 23:08:22 ET
Table 'Jokaste' 6-max Seat #4 is the button
Seat 3: baur017017 ($105.46 in chips)
Seat 4: BuzovaPro ($72 in chips)
BuzovaPro: posts small blind $1
baur017017: posts big blind $3
*** HOLE CARDS ***
BuzovaPro: raises $3 to $6
baur017017: folds
Uncalled bet ($3) returned to BuzovaPro
BuzovaPro collected $6 from pot
BuzovaPro: doesn't show hand
*** SUMMARY ***
Total pot $6 | Rake $0
Seat 3: baur017017 (big blind) folded before Flop
Seat 4: BuzovaPro (button) (small blind) collected ($6)


PokerStars Hand #146432014419:  Hold'em Limit ($3/$6 USD) - 2016/01/03 23:08:08 ET
Table 'Jokaste' 6-max Seat #3 is the button
Seat 3: baur017017 ($102.46 in chips)
Seat 4: BuzovaPro ($72 in chips)
baur017017: posts small blind $1
BuzovaPro: posts big blind $3
*** HOLE CARDS ***
baur017017: raises $3 to $6
BuzovaPro: folds
Uncalled bet ($3) returned to baur017017
baur017017 collected $6 from pot
baur017017: doesn't show hand
*** SUMMARY ***
Total pot $6 | Rake $0
Seat 3: baur017017 (button) (small blind) collected ($6)
Seat 4: BuzovaPro (big blind) folded before Flop


PokerStars Hand #146432052235:  Hold'em Limit ($3/$6 USD) - 2016/01/03 23:09:59 ET
Table 'Jokaste' 6-max Seat #3 is the button
Seat 3: baur017017 ($125.60 in chips)
Seat 4: BuzovaPro ($72 in chips)
baur017017: posts small blind $1
BuzovaPro: posts big blind $3
*** HOLE CARDS ***
baur017017: folds
Uncalled bet ($2) returned to BuzovaPro
BuzovaPro collected $2 from pot
BuzovaPro: doesn't show hand
*** SUMMARY ***
Total pot $2 | Rake $0
Seat 3: baur017017 (button) (small blind) folded before Flop
Seat 4: BuzovaPro (big blind) collected ($2)


PokerStars Hand #146432043462:  Hold'em Limit ($3/$6 USD) - 2016/01/03 23:09:33 ET
Table 'Jokaste' 6-max Seat #4 is the button
Seat 3: baur017017 ($116.96 in chips)
Seat 4: BuzovaPro ($72 in chips)
BuzovaPro: posts small blind $1
baur017017: posts big blind $3
*** HOLE CARDS ***
BuzovaPro: raises $3 to $6
baur017017: raises $3 to $9
BuzovaPro: calls $3
*** FLOP *** [Kd 9s Ks]
baur017017: bets $3
BuzovaPro: folds
Uncalled bet ($3) returned to baur017017
baur017017 collected $17.64 from pot
baur017017: doesn't show hand
*** SUMMARY ***
Total pot $18 | Rake $0.36
Board [Kd 9s Ks]
Seat 3: baur017017 (big blind) collected ($17.64)
Seat 4: BuzovaPro (button) (small blind) folded on the Flop


PokerStars Hand #146432056401:  Hold'em Limit ($3/$6 USD) - 2016/01/03 23:10:12 ET
Table 'Jokaste' 6-max Seat #3 is the button
Seat 3: baur017017 ($125.60 in chips)
Seat 4: BuzovaPro ($72 in chips)
baur017017: posts small blind $1
BuzovaPro: posts big blind $3
*** HOLE CARDS ***
baur017017: raises $3 to $6
BuzovaPro: calls $3
*** FLOP *** [Jd 5c 5h]
BuzovaPro: checks
baur017017: bets $3
BuzovaPro: calls $3
*** TURN *** [Jd 5c 5h] [7c]
BuzovaPro: checks
baur017017: checks
*** RIVER *** [Jd 5c 5h 7c] [Ts]
BuzovaPro: bets $6
baur017017: folds
Uncalled bet ($6) returned to BuzovaPro
BuzovaPro collected $17.64 from pot
BuzovaPro: doesn't show hand
*** SUMMARY ***
Total pot $18 | Rake $0.36
Board [Jd 5c 5h 7c Ts]
Seat 3: baur017017 (button) (small blind) folded on the River
Seat 4: BuzovaPro (big blind) collected ($17.64)


PokerStars Hand #146432054334:  Hold'em Limit ($3/$6 USD) - 2016/01/03 23:10:05 ET
Table 'Jokaste' 6-max Seat #4 is the button
Seat 3: baur017017 ($124.60 in chips)
Seat 4: BuzovaPro ($73 in chips)
BuzovaPro: posts small blind $1
baur017017: posts big blind $3
*** HOLE CARDS ***
BuzovaPro: folds
Uncalled bet ($2) returned to baur017017
baur017017 collected $2 from pot
*** SUMMARY ***
Total pot $2 | Rake $0
Seat 3: baur017017 (big blind) collected ($2)
Seat 4: BuzovaPro (button) (small blind) folded before Flop


PokerStars Hand #146432033908:  Hold'em Limit ($3/$6 USD) - 2016/01/03 23:09:05 ET
Table 'Jokaste' 6-max Seat #3 is the button
Seat 3: baur017017 ($93.46 in chips)
Seat 4: BuzovaPro ($83.52 in chips)
baur017017: posts small blind $1
BuzovaPro: posts big blind $3
*** HOLE CARDS ***
baur017017: raises $3 to $6
BuzovaPro: calls $3
*** FLOP *** [7c 2h Qd]
BuzovaPro: checks
baur017017: bets $3
BuzovaPro: raises $3 to $6
baur017017: calls $3
*** TURN *** [7c 2h Qd] [9c]
BuzovaPro: bets $6
baur017017: calls $6
*** RIVER *** [7c 2h Qd 9c] [9d]
BuzovaPro: bets $6
baur017017: calls $6
*** SHOW DOWN ***
BuzovaPro: shows [Qh 8s] (two pair, Queens and Nines)
baur017017: shows [Jh Qs] (two pair, Queens and Nines - Jack kicker)
baur017017 collected $47.50 from pot
*** SUMMARY ***
Total pot $48 | Rake $0.50
Board [7c 2h Qd 9c 9d]
Seat 3: baur017017 (button) (small blind) showed [Jh Qs] and won ($47.50) with two pair, Queens and Nines
Seat 4: BuzovaPro (big blind) showed [Qh 8s] and lost with two pair, Queens and Nines


PokerStars Hand #146432070039:  Hold'em Limit ($3/$6 USD) - 2016/01/03 23:10:52 ET
Table 'Jokaste' 6-max Seat #3 is the button
Seat 3: baur017017 ($128.12 in chips)
Seat 4: BuzovaPro ($72 in chips)
baur017017: posts small blind $1
BuzovaPro: posts big blind $3
*** HOLE CARDS ***
baur017017: folds
Uncalled bet ($2) returned to BuzovaPro
BuzovaPro collected $2 from pot
BuzovaPro: doesn't show hand
*** SUMMARY ***
Total pot $2 | Rake $0
Seat 3: baur017017 (button) (small blind) folded before Flop
Seat 4: BuzovaPro (big blind) collected ($2)


PokerStars Hand #146432063556:  Hold'em Limit ($3/$6 USD) - 2016/01/03 23:10:33 ET
Table 'Jokaste' 6-max Seat #4 is the button
Seat 3: baur017017 ($116.60 in chips)
Seat 4: BuzovaPro ($80.64 in chips)
BuzovaPro: posts small blind $1
baur017017: posts big blind $3
*** HOLE CARDS ***
BuzovaPro: raises $3 to $6
baur017017: raises $3 to $9
BuzovaPro: calls $3
*** FLOP *** [6h 3h Ks]
baur017017: bets $3
BuzovaPro: calls $3
*** TURN *** [6h 3h Ks] [Qd]
batu2 joins the table at seat #2
baur017017: bets $6
BuzovaPro: folds
Uncalled bet ($6) returned to baur017017
baur017017 collected $23.52 from pot
baur017017: doesn't show hand
*** SUMMARY ***
Total pot $24 | Rake $0.48
Board [6h 3h Ks Qd]
Seat 3: baur017017 (big blind) collected ($23.52)
Seat 4: BuzovaPro (button) (small blind) folded on the Turn


