PokerStars Hand #158958664658:  Hold'em Limit ($3/$6 USD) - 2016/09/22 17:06:44 ET
Table 'Jokaste' 6-max Seat #3 is the button
Seat 3: Siwy56 ($127.03 in chips)
Seat 4: TbIP-TbIP 88 ($72 in chips)
Siwy56: posts small blind $1
TbIP-TbIP 88: posts big blind $3
*** HOLE CARDS ***
vestimokrec joins the table at seat #5
Siwy56: calls $2
TbIP-TbIP 88: checks
*** FLOP *** [3c 9s Td]
TbIP-TbIP 88: checks
Siwy56: checks
*** TURN *** [3c 9s Td] [Kh]
TbIP-TbIP 88: bets $6
Siwy56: calls $6
*** RIVER *** [3c 9s Td Kh] [4s]
TbIP-TbIP 88: checks
Siwy56: checks
*** SHOW DOWN ***
TbIP-TbIP 88: shows [4d 5h] (a pair of Fours)
Siwy56: mucks hand
TbIP-TbIP 88 collected $17.64 from pot
*** SUMMARY ***
Total pot $18 | Rake $0.36
Board [3c 9s Td Kh 4s]
Seat 3: Siwy56 (button) (small blind) mucked
Seat 4: TbIP-TbIP 88 (big blind) showed [4d 5h] and won ($17.64) with a pair of Fours


PokerStars Hand #158958739878:  Hold'em Limit ($3/$6 USD) - 2016/09/22 17:08:16 ET
Table 'Jokaste' 6-max Seat #4 is the button
Seat 3: Siwy56 ($130.55 in chips)
Seat 4: TbIP-TbIP 88 ($72 in chips)
TbIP-TbIP 88: posts small blind $1
Siwy56: posts big blind $3
*** HOLE CARDS ***
TbIP-TbIP 88: raises $3 to $6
Siwy56: calls $3
*** FLOP *** [3d Jh 9s]
Siwy56: checks
TbIP-TbIP 88: bets $3
Siwy56: calls $3
*** TURN *** [3d Jh 9s] [6c]
Siwy56: checks
TbIP-TbIP 88: checks
*** RIVER *** [3d Jh 9s 6c] [9d]
Siwy56: checks
TbIP-TbIP 88: bets $6
Siwy56: calls $6
*** SHOW DOWN ***
TbIP-TbIP 88: shows [As Kc] (a pair of Nines)
Siwy56: mucks hand
TbIP-TbIP 88 collected $29.50 from pot
*** SUMMARY ***
Total pot $30 | Rake $0.50
Board [3d Jh 9s 6c 9d]
Seat 3: Siwy56 (big blind) mucked
Seat 4: TbIP-TbIP 88 (button) (small blind) showed [As Kc] and won ($29.50) with a pair of Nines


PokerStars Hand #158958697021:  Hold'em Limit ($3/$6 USD) - 2016/09/22 17:07:24 ET
Table 'Jokaste' 6-max Seat #3 is the button
Seat 3: Siwy56 ($119.03 in chips)
Seat 4: TbIP-TbIP 88 ($79.64 in chips)
Siwy56: posts small blind $1
TbIP-TbIP 88: posts big blind $3
*** HOLE CARDS ***
Siwy56: calls $2
TbIP-TbIP 88: checks
*** FLOP *** [4s 6d Qd]
TbIP-TbIP 88: bets $3
Siwy56: calls $3
*** TURN *** [4s 6d Qd] [8c]
TbIP-TbIP 88: checks
Siwy56: bets $6
TbIP-TbIP 88: calls $6
*** RIVER *** [4s 6d Qd 8c] [Td]
TbIP-TbIP 88: checks
Siwy56: bets $6
TbIP-TbIP 88: folds
Uncalled bet ($6) returned to Siwy56
Siwy56 collected $23.52 from pot
Siwy56: doesn't show hand
*** SUMMARY ***
Total pot $24 | Rake $0.48
Board [4s 6d Qd 8c Td]
Seat 3: Siwy56 (button) (small blind) collected ($23.52)
Seat 4: TbIP-TbIP 88 (big blind) folded on the River


PokerStars Hand #158958689052:  Hold'em Limit ($3/$6 USD) - 2016/09/22 17:07:14 ET
Table 'Jokaste' 6-max Seat #4 is the button
Seat 3: Siwy56 ($118.03 in chips)
Seat 4: TbIP-TbIP 88 ($80.64 in chips)
TbIP-TbIP 88: posts small blind $1
Siwy56: posts big blind $3
*** HOLE CARDS ***
TbIP-TbIP 88: folds
Uncalled bet ($2) returned to Siwy56
Siwy56 collected $2 from pot
Siwy56: doesn't show hand
*** SUMMARY ***
Total pot $2 | Rake $0
Seat 3: Siwy56 (big blind) collected ($2)
Seat 4: TbIP-TbIP 88 (button) (small blind) folded before Flop


PokerStars Hand #158958797189:  Hold'em Limit ($3/$6 USD) - 2016/09/22 17:09:28 ET
Table 'Jokaste' 6-max Seat #4 is the button
Seat 3: Siwy56 ($121.31 in chips)
Seat 4: TbIP-TbIP 88 ($80.50 in chips)
TbIP-TbIP 88: posts small blind $1
Siwy56: posts big blind $3
*** HOLE CARDS ***
TbIP-TbIP 88: raises $3 to $6
Siwy56: calls $3
*** FLOP *** [Jd 2s 2d]
Siwy56: checks
TbIP-TbIP 88: bets $3
Siwy56: folds
Uncalled bet ($3) returned to TbIP-TbIP 88
TbIP-TbIP 88 collected $11.76 from pot
TbIP-TbIP 88: doesn't show hand
*** SUMMARY ***
Total pot $12 | Rake $0.24
Board [Jd 2s 2d]
Seat 3: Siwy56 (big blind) folded on the Flop
Seat 4: TbIP-TbIP 88 (button) (small blind) collected ($11.76)


PokerStars Hand #158958792364:  Hold'em Limit ($3/$6 USD) - 2016/09/22 17:09:22 ET
Table 'Jokaste' 6-max Seat #3 is the button
Seat 3: Siwy56 ($122.31 in chips)
Seat 4: TbIP-TbIP 88 ($79.50 in chips)
Siwy56: posts small blind $1
TbIP-TbIP 88: posts big blind $3
*** HOLE CARDS ***
Siwy56: folds
Uncalled bet ($2) returned to TbIP-TbIP 88
TbIP-TbIP 88 collected $2 from pot
TbIP-TbIP 88: doesn't show hand
*** SUMMARY ***
Total pot $2 | Rake $0
Seat 3: Siwy56 (button) (small blind) folded before Flop
Seat 4: TbIP-TbIP 88 (big blind) collected ($2)


PokerStars Hand #158958788119:  Hold'em Limit ($3/$6 USD) - 2016/09/22 17:09:16 ET
Table 'Jokaste' 6-max Seat #4 is the button
Seat 3: Siwy56 ($121.31 in chips)
Seat 4: TbIP-TbIP 88 ($80.50 in chips)
TbIP-TbIP 88: posts small blind $1
Siwy56: posts big blind $3
*** HOLE CARDS ***
TbIP-TbIP 88: folds
Uncalled bet ($2) returned to Siwy56
Siwy56 collected $2 from pot
Siwy56: doesn't show hand
*** SUMMARY ***
Total pot $2 | Rake $0
Seat 3: Siwy56 (big blind) collected ($2)
Seat 4: TbIP-TbIP 88 (button) (small blind) folded before Flop


PokerStars Hand #158958775467:  Hold'em Limit ($3/$6 USD) - 2016/09/22 17:09:01 ET
Table 'Jokaste' 6-max Seat #3 is the button
Seat 3: Siwy56 ($115.55 in chips)
Seat 4: TbIP-TbIP 88 ($86.50 in chips)
Siwy56: posts small blind $1
TbIP-TbIP 88: posts big blind $3
*** HOLE CARDS ***
Siwy56: raises $3 to $6
TbIP-TbIP 88: calls $3
*** FLOP *** [Ks 8h Qc]
TbIP-TbIP 88: checks
Siwy56: bets $3
TbIP-TbIP 88: folds
Uncalled bet ($3) returned to Siwy56
Siwy56 collected $11.76 from pot
Siwy56: doesn't show hand
*** SUMMARY ***
Total pot $12 | Rake $0.24
Board [Ks 8h Qc]
Seat 3: Siwy56 (button) (small blind) collected ($11.76)
Seat 4: TbIP-TbIP 88 (big blind) folded on the Flop


PokerStars Hand #158958843479:  Hold'em Limit ($3/$6 USD) - 2016/09/22 17:10:25 ET
Table 'Jokaste' 6-max Seat #4 is the button
Seat 3: Siwy56 ($112.31 in chips)
Seat 4: TbIP-TbIP 88 ($89.14 in chips)
TbIP-TbIP 88: posts small blind $1
Siwy56: posts big blind $3
*** HOLE CARDS ***
TbIP-TbIP 88: raises $3 to $6
Siwy56: calls $3
*** FLOP *** [Tc 2c 5d]
Siwy56: checks
TbIP-TbIP 88: bets $3
Siwy56: calls $3
*** TURN *** [Tc 2c 5d] [Jh]
Siwy56: checks
TbIP-TbIP 88: bets $6
Siwy56: calls $6
*** RIVER *** [Tc 2c 5d Jh] [6h]
Siwy56: checks
TbIP-TbIP 88: bets $6
Siwy56: folds
Uncalled bet ($6) returned to TbIP-TbIP 88
TbIP-TbIP 88 collected $29.50 from pot
TbIP-TbIP 88: doesn't show hand
*** SUMMARY ***
Total pot $30 | Rake $0.50
Board [Tc 2c 5d Jh 6h]
Seat 3: Siwy56 (big blind) folded on the River
Seat 4: TbIP-TbIP 88 (button) (small blind) collected ($29.50)


PokerStars Hand #158958815938:  Hold'em Limit ($3/$6 USD) - 2016/09/22 17:09:51 ET
Table 'Jokaste' 6-max Seat #3 is the button
Seat 3: Siwy56 ($115.31 in chips)
Seat 4: TbIP-TbIP 88 ($86.26 in chips)
Siwy56: posts small blind $1
TbIP-TbIP 88: posts big blind $3
*** HOLE CARDS ***
Siwy56: calls $2
TbIP-TbIP 88: checks
*** FLOP *** [9c 3h Tc]
TbIP-TbIP 88: checks
Siwy56: checks
*** TURN *** [9c 3h Tc] [Td]
TbIP-TbIP 88: checks
Siwy56: checks
*** RIVER *** [9c 3h Tc Td] [6s]
TbIP-TbIP 88: checks
Siwy56: checks
*** SHOW DOWN ***
TbIP-TbIP 88: shows [Qh 2s] (a pair of Tens)
Siwy56: mucks hand
TbIP-TbIP 88 collected $5.88 from pot
*** SUMMARY ***
Total pot $6 | Rake $0.12
Board [9c 3h Tc Td 6s]
Seat 3: Siwy56 (button) (small blind) mucked
Seat 4: TbIP-TbIP 88 (big blind) showed [Qh 2s] and won ($5.88) with a pair of Tens


PokerStars Hand #158958870837:  Hold'em Limit ($3/$6 USD) - 2016/09/22 17:10:59 ET
Table 'Jokaste' 6-max Seat #3 is the button
Seat 3: Siwy56 ($97.31 in chips)
Seat 4: TbIP-TbIP 88 ($103.64 in chips)
Siwy56: posts small blind $1
TbIP-TbIP 88: posts big blind $3
*** HOLE CARDS ***
Siwy56: raises $3 to $6
TbIP-TbIP 88: calls $3
*** FLOP *** [Ad 2s Kh]
TbIP-TbIP 88: checks
Siwy56: bets $3
TbIP-TbIP 88: folds
Uncalled bet ($3) returned to Siwy56
too2ez joins the table at seat #2
Siwy56 collected $11.76 from pot
Siwy56: doesn't show hand
*** SUMMARY ***
Total pot $12 | Rake $0.24
Board [Ad 2s Kh]
Seat 3: Siwy56 (button) (small blind) collected ($11.76)
Seat 4: TbIP-TbIP 88 (big blind) folded on the Flop


PokerStars Hand #158964574066:  Hold'em Limit ($3/$6 USD) - 2016/09/22 19:34:06 ET
Table 'Jokaste' 6-max Seat #2 is the button
Seat 1: happyshine88 ($112.69 in chips)
Seat 2: ToDaFelt ($188.70 in chips)
ToDaFelt: posts small blind $1
happyshine88: posts big blind $3
*** HOLE CARDS ***
ToDaFelt: raises $3 to $6
happyshine88: calls $3
*** FLOP *** [Ah 5c 5h]
happyshine88: checks
ToDaFelt: bets $3
happyshine88: raises $3 to $6
ToDaFelt: calls $3
*** TURN *** [Ah 5c 5h] [Jh]
happyshine88: bets $6
ToDaFelt: raises $6 to $12
happyshine88: calls $6
*** RIVER *** [Ah 5c 5h Jh] [Tc]
happyshine88: checks
ToDaFelt: bets $6
happyshine88: calls $6
*** SHOW DOWN ***
ToDaFelt: shows [8c 9d] (a pair of Fives)
happyshine88: shows [9h 3h] (a flush, Ace high)
happyshine88 collected $59.50 from pot
*** SUMMARY ***
Total pot $60 | Rake $0.50
Board [Ah 5c 5h Jh Tc]
Seat 1: happyshine88 (big blind) showed [9h 3h] and won ($59.50) with a flush, Ace high
Seat 2: ToDaFelt (button) (small blind) showed [8c 9d] and lost with a pair of Fives


