PokerStars Hand #175979778805:  Hold'em Limit ($3/$6 USD) - 2017/09/22 13:39:16 ET
Table 'Jole II' 6-max Seat #5 is the button
Seat 4: Actionni13 ($153 in chips)
Seat 5: TheEdged ($211.51 in chips)
TheEdged: posts small blind $1
Actionni13: posts big blind $3
*** HOLE CARDS ***
TheEdged: folds
Uncalled bet ($2) returned to Actionni13
Actionni13 collected $2 from pot
Actionni13: doesn't show hand
*** SUMMARY ***
Total pot $2 | Rake $0
Seat 4: Actionni13 (big blind) collected ($2)
Seat 5: TheEdged (button) (small blind) folded before Flop


PokerStars Hand #175979774836:  Hold'em Limit ($3/$6 USD) - 2017/09/22 13:39:11 ET
Table 'Jole II' 6-max Seat #4 is the button
Seat 4: Actionni13 ($150 in chips)
Seat 5: TheEdged ($214.51 in chips)
Actionni13: posts small blind $1
TheEdged: posts big blind $3
*** HOLE CARDS ***
Actionni13: raises $3 to $6
TheEdged: folds
Uncalled bet ($3) returned to Actionni13
Actionni13 collected $6 from pot
Actionni13: doesn't show hand
*** SUMMARY ***
Total pot $6 | Rake $0
Seat 4: Actionni13 (button) (small blind) collected ($6)
Seat 5: TheEdged (big blind) folded before Flop


PokerStars Hand #175979764858:  Hold'em Limit ($3/$6 USD) - 2017/09/22 13:38:57 ET
Table 'Jole II' 6-max Seat #5 is the button
Seat 4: Actionni13 ($153 in chips)
Seat 5: TheEdged ($205.87 in chips)
TheEdged: posts small blind $1
Actionni13: posts big blind $3
*** HOLE CARDS ***
TheEdged: raises $3 to $6
Actionni13: calls $3
*** FLOP *** [8d Qd Ks]
Actionni13: checks
TheEdged: bets $3
Actionni13: calls $3
*** TURN *** [8d Qd Ks] [7h]
Actionni13: checks
TheEdged: bets $6
Actionni13: folds
Uncalled bet ($6) returned to TheEdged
TheEdged collected $17.64 from pot
TheEdged: doesn't show hand
*** SUMMARY ***
Total pot $18 | Rake $0.36
Board [8d Qd Ks 7h]
Seat 4: Actionni13 (big blind) folded on the Turn
Seat 5: TheEdged (button) (small blind) collected ($17.64)


PokerStars Hand #175979782712:  Hold'em Limit ($3/$6 USD) - 2017/09/22 13:39:21 ET
Table 'Jole II' 6-max Seat #4 is the button
Seat 4: Actionni13 ($154 in chips)
Seat 5: TheEdged ($210.51 in chips)
Actionni13: posts small blind $1
TheEdged: posts big blind $3
*** HOLE CARDS ***
Actionni13: raises $3 to $6
TheEdged: calls $3
*** FLOP *** [5c 7d Tc]
TheEdged: checks
Actionni13: checks
*** TURN *** [5c 7d Tc] [2s]
TheEdged: bets $6
Luckyson7 joins the table at seat #6
Actionni13: folds
Uncalled bet ($6) returned to TheEdged
TheEdged collected $11.76 from pot
TheEdged: doesn't show hand
*** SUMMARY ***
Total pot $12 | Rake $0.24
Board [5c 7d Tc 2s]
Seat 4: Actionni13 (button) (small blind) folded on the Turn
Seat 5: TheEdged (big blind) collected ($11.76)


PokerStars Hand #175982984165:  Hold'em Limit ($3/$6 USD) - 2017/09/22 14:52:07 ET
Table 'Jole II' 6-max Seat #2 is the button
Seat 2: boardrat ($45.66 in chips)
Seat 6: Hadart ($32.79 in chips)
boardrat: posts small blind $1
mkasd: is sitting out
Hadart: posts big blind $3
*** HOLE CARDS ***
boardrat: calls $2
Hadart: raises $3 to $6
boardrat: calls $3
*** FLOP *** [Jh 3c Ad]
Hadart: bets $3
boardrat: raises $3 to $6
Hadart: calls $3
*** TURN *** [Jh 3c Ad] [6c]
Hadart: checks
boardrat: bets $6
Hadart: calls $6
*** RIVER *** [Jh 3c Ad 6c] [9s]
Hadart: bets $6
boardrat: folds
Uncalled bet ($6) returned to Hadart
Hadart collected $35.50 from pot
Hadart: doesn't show hand
*** SUMMARY ***
Total pot $36 | Rake $0.50
Board [Jh 3c Ad 6c 9s]
Seat 2: boardrat (button) (small blind) folded on the River
Seat 6: Hadart (big blind) collected ($35.50)


