PokerStars Hand #158327136260:  Hold'em Limit ($3/$6 USD) - 2016/09/08 10:36:27 ET
Table 'Jole II' 6-max Seat #3 is the button
Seat 3: simper11 ($120 in chips)
Seat 6: hassan67 ($153 in chips)
simper11: posts small blind $1
hassan67: posts big blind $3
*** HOLE CARDS ***
simper11: raises $3 to $6
hassan67: calls $3
*** FLOP *** [2h Jh 9c]
hassan67: checks
simper11: bets $3
hassan67: raises $3 to $6
simper11: folds
Uncalled bet ($3) returned to hassan67
hassan67 collected $17.64 from pot
hassan67: doesn't show hand
*** SUMMARY ***
Total pot $18 | Rake $0.36
Board [2h Jh 9c]
Seat 3: simper11 (button) (small blind) folded on the Flop
Seat 6: hassan67 (big blind) collected ($17.64)


PokerStars Hand #158327146412:  Hold'em Limit ($3/$6 USD) - 2016/09/08 10:36:44 ET
Table 'Jole II' 6-max Seat #6 is the button
Seat 3: simper11 ($120 in chips)
Seat 6: hassan67 ($161.64 in chips)
hassan67: posts small blind $1
simper11: posts big blind $3
*** HOLE CARDS ***
hassan67: raises $3 to $6
simper11: calls $3
*** FLOP *** [Th 2d 8h]
simper11: checks
hassan67: bets $3
simper11: raises $3 to $6
hassan67: raises $3 to $9
simper11: calls $3
*** TURN *** [Th 2d 8h] [5d]
simper11: checks
hassan67: bets $6
simper11: raises $6 to $12
hassan67: calls $6
*** RIVER *** [Th 2d 8h 5d] [2s]
simper11: bets $6
hassan67: raises $6 to $12
simper11: raises $6 to $18
hassan67: calls $6
*** SHOW DOWN ***
simper11: shows [2c Tc] (a full house, Deuces full of Tens)
hassan67: mucks hand
simper11 collected $89.50 from pot
*** SUMMARY ***
Total pot $90 | Rake $0.50
Board [Th 2d 8h 5d 2s]
Seat 3: simper11 (big blind) showed [2c Tc] and won ($89.50) with a full house, Deuces full of Tens
Seat 6: hassan67 (button) (small blind) mucked


PokerStars Hand #158327163443:  Hold'em Limit ($3/$6 USD) - 2016/09/08 10:37:13 ET
Table 'Jole II' 6-max Seat #3 is the button
Seat 3: simper11 ($164.50 in chips)
Seat 6: hassan67 ($116.64 in chips)
simper11: posts small blind $1
hassan67: posts big blind $3
*** HOLE CARDS ***
simper11: raises $3 to $6
hassan67: raises $3 to $9
simper11: calls $3
*** FLOP *** [2h Qh 5s]
hassan67: bets $3
simper11: folds
Uncalled bet ($3) returned to hassan67
hassan67 collected $17.64 from pot
hassan67: doesn't show hand
*** SUMMARY ***
Total pot $18 | Rake $0.36
Board [2h Qh 5s]
Seat 3: simper11 (button) (small blind) folded on the Flop
Seat 6: hassan67 (big blind) collected ($17.64)


PokerStars Hand #158327169622:  Hold'em Limit ($3/$6 USD) - 2016/09/08 10:37:24 ET
Table 'Jole II' 6-max Seat #6 is the button
Seat 3: simper11 ($155.50 in chips)
Seat 6: hassan67 ($125.28 in chips)
hassan67: posts small blind $1
simper11: posts big blind $3
*** HOLE CARDS ***
hassan67: folds
Uncalled bet ($2) returned to simper11
simper11 collected $2 from pot
simper11: doesn't show hand
*** SUMMARY ***
Total pot $2 | Rake $0
Seat 3: simper11 (big blind) collected ($2)
Seat 6: hassan67 (button) (small blind) folded before Flop


PokerStars Hand #158327173051:  Hold'em Limit ($3/$6 USD) - 2016/09/08 10:37:29 ET
Table 'Jole II' 6-max Seat #3 is the button
Seat 3: simper11 ($156.50 in chips)
Seat 6: hassan67 ($124.28 in chips)
simper11: posts small blind $1
hassan67: posts big blind $3
*** HOLE CARDS ***
simper11: raises $3 to $6
hassan67: calls $3
*** FLOP *** [4c 3s 6d]
hassan67: checks
simper11: bets $3
hassan67: calls $3
*** TURN *** [4c 3s 6d] [Qc]
hassan67: checks
simper11: bets $6
hassan67: folds
Uncalled bet ($6) returned to simper11
simper11 collected $17.64 from pot
simper11: doesn't show hand
*** SUMMARY ***
Total pot $18 | Rake $0.36
Board [4c 3s 6d Qc]
Seat 3: simper11 (button) (small blind) collected ($17.64)
Seat 6: hassan67 (big blind) folded on the Turn


PokerStars Hand #158327187923:  Hold'em Limit ($3/$6 USD) - 2016/09/08 10:37:54 ET
Table 'Jole II' 6-max Seat #6 is the button
Seat 3: simper11 ($165.14 in chips)
Seat 6: hassan67 ($115.28 in chips)
hassan67: posts small blind $1
simper11: posts big blind $3
*** HOLE CARDS ***
hassan67: raises $3 to $6
simper11: calls $3
*** FLOP *** [8h Kh Qh]
simper11: checks
hassan67: bets $3
simper11: calls $3
*** TURN *** [8h Kh Qh] [7h]
simper11: checks
hassan67: checks
*** RIVER *** [8h Kh Qh 7h] [Qd]
simper11: bets $6
hassan67: calls $6
*** SHOW DOWN ***
simper11: shows [4h Qs] (a flush, King high)
hassan67: mucks hand
simper11 collected $29.50 from pot
*** SUMMARY ***
Total pot $30 | Rake $0.50
Board [8h Kh Qh 7h Qd]
Seat 3: simper11 (big blind) showed [4h Qs] and won ($29.50) with a flush, King high
Seat 6: hassan67 (button) (small blind) mucked


PokerStars Hand #158327196859:  Hold'em Limit ($3/$6 USD) - 2016/09/08 10:38:09 ET
Table 'Jole II' 6-max Seat #3 is the button
Seat 3: simper11 ($179.64 in chips)
Seat 6: hassan67 ($100.28 in chips)
simper11: posts small blind $1
hassan67: posts big blind $3
*** HOLE CARDS ***
simper11: raises $3 to $6
hassan67: calls $3
*** FLOP *** [4c 6h Ks]
hassan67: checks
simper11: bets $3
hassan67: calls $3
*** TURN *** [4c 6h Ks] [6d]
hassan67: checks
simper11: bets $6
hassan67: folds
Uncalled bet ($6) returned to simper11
simper11 collected $17.64 from pot
simper11: doesn't show hand
*** SUMMARY ***
Total pot $18 | Rake $0.36
Board [4c 6h Ks 6d]
Seat 3: simper11 (button) (small blind) collected ($17.64)
Seat 6: hassan67 (big blind) folded on the Turn


PokerStars Hand #158327206685:  Hold'em Limit ($3/$6 USD) - 2016/09/08 10:38:25 ET
Table 'Jole II' 6-max Seat #6 is the button
Seat 3: simper11 ($188.28 in chips)
Seat 6: hassan67 ($91.28 in chips)
hassan67: posts small blind $1
simper11: posts big blind $3
*** HOLE CARDS ***
hassan67: raises $3 to $6
simper11: calls $3
*** FLOP *** [Th 4s 7s]
simper11: checks
hassan67: bets $3
simper11: raises $3 to $6
hassan67: calls $3
*** TURN *** [Th 4s 7s] [6h]
simper11: bets $6
hassan67: calls $6
*** RIVER *** [Th 4s 7s 6h] [3c]
simper11: bets $6
hassan67: folds
Uncalled bet ($6) returned to simper11
simper11 collected $35.50 from pot
simper11: doesn't show hand
*** SUMMARY ***
Total pot $36 | Rake $0.50
Board [Th 4s 7s 6h 3c]
Seat 3: simper11 (big blind) collected ($35.50)
Seat 6: hassan67 (button) (small blind) folded on the River


PokerStars Hand #158327217944:  Hold'em Limit ($3/$6 USD) - 2016/09/08 10:38:44 ET
Table 'Jole II' 6-max Seat #3 is the button
Seat 3: simper11 ($205.78 in chips)
Seat 6: hassan67 ($73.28 in chips)
simper11: posts small blind $1
hassan67: posts big blind $3
*** HOLE CARDS ***
simper11: raises $3 to $6
hassan67: calls $3
*** FLOP *** [8c Ah Ad]
hassan67: checks
simper11: bets $3
hassan67: folds
Uncalled bet ($3) returned to simper11
simper11 collected $11.76 from pot
simper11: doesn't show hand
*** SUMMARY ***
Total pot $12 | Rake $0.24
Board [8c Ah Ad]
Seat 3: simper11 (button) (small blind) collected ($11.76)
Seat 6: hassan67 (big blind) folded on the Flop


PokerStars Hand #158327228371:  Hold'em Limit ($3/$6 USD) - 2016/09/08 10:39:02 ET
Table 'Jole II' 6-max Seat #6 is the button
Seat 3: simper11 ($211.54 in chips)
Seat 6: hassan67 ($67.28 in chips)
hassan67: posts small blind $1
simper11: posts big blind $3
*** HOLE CARDS ***
hassan67: raises $3 to $6
simper11: calls $3
*** FLOP *** [As 2d 9s]
simper11: checks
hassan67: bets $3
simper11: folds
Uncalled bet ($3) returned to hassan67
hassan67 collected $11.76 from pot
hassan67: doesn't show hand
*** SUMMARY ***
Total pot $12 | Rake $0.24
Board [As 2d 9s]
Seat 3: simper11 (big blind) folded on the Flop
Seat 6: hassan67 (button) (small blind) collected ($11.76)


PokerStars Hand #158327236207:  Hold'em Limit ($3/$6 USD) - 2016/09/08 10:39:15 ET
Table 'Jole II' 6-max Seat #3 is the button
Seat 3: simper11 ($205.54 in chips)
Seat 6: hassan67 ($73.04 in chips)
simper11: posts small blind $1
hassan67: posts big blind $3
*** HOLE CARDS ***
simper11: raises $3 to $6
hassan67: calls $3
*** FLOP *** [3s 4s Jd]
italianhero4 joins the table at seat #2
hassan67: checks
simper11: checks
*** TURN *** [3s 4s Jd] [Jc]
hassan67: bets $6
simper11: calls $6
*** RIVER *** [3s 4s Jd Jc] [5h]
hassan67: bets $6
simper11: folds
Uncalled bet ($6) returned to hassan67
hassan67 collected $23.52 from pot
hassan67: doesn't show hand
*** SUMMARY ***
Total pot $24 | Rake $0.48
Board [3s 4s Jd Jc 5h]
Seat 3: simper11 (button) (small blind) folded on the River
Seat 6: hassan67 (big blind) collected ($23.52)


