PokerStars Hand #145990370389:  Hold'em Limit ($3/$6 USD) - 2015/12/27 5:44:44 ET
Table 'Jole' 6-max Seat #3 is the button
Seat 3: bluejohn ($60 in chips)
Seat 4: TbIP-TbIP 88 ($72 in chips)
bluejohn: posts small blind $1
TbIP-TbIP 88: posts big blind $3
*** HOLE CARDS ***
bluejohn: raises $3 to $6
TbIP-TbIP 88: calls $3
*** FLOP *** [Qc 6c 9d]
TbIP-TbIP 88: checks
bluejohn: bets $3
TbIP-TbIP 88: folds
Uncalled bet ($3) returned to bluejohn
bluejohn collected $11.76 from pot
*** SUMMARY ***
Total pot $12 | Rake $0.24
Board [Qc 6c 9d]
Seat 3: bluejohn (button) (small blind) collected ($11.76)
Seat 4: TbIP-TbIP 88 (big blind) folded on the Flop


PokerStars Hand #145990424765:  Hold'em Limit ($3/$6 USD) - 2015/12/27 5:46:27 ET
Table 'Jole' 6-max Seat #4 is the button
Seat 3: bluejohn ($65.40 in chips)
Seat 4: TbIP-TbIP 88 ($80.64 in chips)
TbIP-TbIP 88: posts small blind $1
bluejohn: posts big blind $3
*** HOLE CARDS ***
TbIP-TbIP 88: calls $2
bluejohn: checks
*** FLOP *** [5h 7s Ks]
bluejohn: checks
TbIP-TbIP 88: bets $3
bluejohn: folds
Uncalled bet ($3) returned to TbIP-TbIP 88
TbIP-TbIP 88 collected $5.88 from pot
TbIP-TbIP 88: doesn't show hand
*** SUMMARY ***
Total pot $6 | Rake $0.12
Board [5h 7s Ks]
Seat 3: bluejohn (big blind) folded on the Flop
Seat 4: TbIP-TbIP 88 (button) (small blind) collected ($5.88)


PokerStars Hand #145990410286:  Hold'em Limit ($3/$6 USD) - 2015/12/27 5:45:59 ET
Table 'Jole' 6-max Seat #3 is the button
Seat 3: bluejohn ($74.40 in chips)
Seat 4: TbIP-TbIP 88 ($72 in chips)
bluejohn: posts small blind $1
TbIP-TbIP 88: posts big blind $3
*** HOLE CARDS ***
bluejohn: raises $3 to $6
TbIP-TbIP 88: calls $3
*** FLOP *** [Ac Tc 2d]
TbIP-TbIP 88: checks
bluejohn: bets $3
TbIP-TbIP 88: calls $3
*** TURN *** [Ac Tc 2d] [7s]
TbIP-TbIP 88: checks
bluejohn: checks
*** RIVER *** [Ac Tc 2d 7s] [Td]
TbIP-TbIP 88: checks
bluejohn: checks
*** SHOW DOWN ***
TbIP-TbIP 88: shows [9h Kc] (a pair of Tens)
bluejohn: mucks hand
TbIP-TbIP 88 collected $17.64 from pot
*** SUMMARY ***
Total pot $18 | Rake $0.36
Board [Ac Tc 2d 7s Td]
Seat 3: bluejohn (button) (small blind) mucked
Seat 4: TbIP-TbIP 88 (big blind) showed [9h Kc] and won ($17.64) with a pair of Tens


PokerStars Hand #145990387051:  Hold'em Limit ($3/$6 USD) - 2015/12/27 5:45:15 ET
Table 'Jole' 6-max Seat #4 is the button
Seat 3: bluejohn ($65.76 in chips)
Seat 4: TbIP-TbIP 88 ($72 in chips)
TbIP-TbIP 88: posts small blind $1
bluejohn: posts big blind $3
*** HOLE CARDS ***
TbIP-TbIP 88: raises $3 to $6
bluejohn: raises $3 to $9
TbIP-TbIP 88: calls $3
*** FLOP *** [7s Ad 3s]
bluejohn: bets $3
TbIP-TbIP 88: folds
Uncalled bet ($3) returned to bluejohn
bluejohn collected $17.64 from pot
*** SUMMARY ***
Total pot $18 | Rake $0.36
Board [7s Ad 3s]
Seat 3: bluejohn (big blind) collected ($17.64)
Seat 4: TbIP-TbIP 88 (button) (small blind) folded on the Flop


PokerStars Hand #145990436710:  Hold'em Limit ($3/$6 USD) - 2015/12/27 5:46:49 ET
Table 'Jole' 6-max Seat #4 is the button
Seat 3: bluejohn ($65.40 in chips)
Seat 4: TbIP-TbIP 88 ($80.52 in chips)
TbIP-TbIP 88: posts small blind $1
bluejohn: posts big blind $3
*** HOLE CARDS ***
TbIP-TbIP 88: raises $3 to $6
bluejohn: calls $3
*** FLOP *** [Kc 4c 3s]
bluejohn: checks
TbIP-TbIP 88: bets $3
bluejohn: calls $3
*** TURN *** [Kc 4c 3s] [Jd]
bluejohn: checks
TbIP-TbIP 88: bets $6
bluejohn: calls $6
*** RIVER *** [Kc 4c 3s Jd] [6c]
bluejohn: checks
TbIP-TbIP 88: bets $6
bluejohn: calls $6
*** SHOW DOWN ***
TbIP-TbIP 88: shows [Js Jc] (three of a kind, Jacks)
bluejohn: mucks hand
TbIP-TbIP 88 collected $41.50 from pot
*** SUMMARY ***
Total pot $42 | Rake $0.50
Board [Kc 4c 3s Jd 6c]
Seat 3: bluejohn (big blind) mucked
Seat 4: TbIP-TbIP 88 (button) (small blind) showed [Js Jc] and won ($41.50) with three of a kind, Jacks


PokerStars Hand #145990431557:  Hold'em Limit ($3/$6 USD) - 2015/12/27 5:46:40 ET
Table 'Jole' 6-max Seat #3 is the button
Seat 3: bluejohn ($62.40 in chips)
Seat 4: TbIP-TbIP 88 ($83.52 in chips)
bluejohn: posts small blind $1
TbIP-TbIP 88: posts big blind $3
*** HOLE CARDS ***
bluejohn: raises $3 to $6
TbIP-TbIP 88: folds
Uncalled bet ($3) returned to bluejohn
bluejohn collected $6 from pot
*** SUMMARY ***
Total pot $6 | Rake $0
Seat 3: bluejohn (button) (small blind) collected ($6)
Seat 4: TbIP-TbIP 88 (big blind) folded before Flop


PokerStars Hand #145990475823:  Hold'em Limit ($3/$6 USD) - 2015/12/27 5:48:03 ET
Table 'Jole' 6-max Seat #4 is the button
Seat 3: bluejohn ($23.40 in chips)
Seat 4: TbIP-TbIP 88 ($121.52 in chips)
TbIP-TbIP 88: posts small blind $1
bluejohn: posts big blind $3
*** HOLE CARDS ***
TbIP-TbIP 88: calls $2
bluejohn: checks
*** FLOP *** [Kd 2h 9d]
bluejohn: checks
TbIP-TbIP 88: bets $3
bluejohn: folds
Uncalled bet ($3) returned to TbIP-TbIP 88
TbIP-TbIP 88 collected $5.88 from pot
TbIP-TbIP 88: doesn't show hand
*** SUMMARY ***
Total pot $6 | Rake $0.12
Board [Kd 2h 9d]
Seat 3: bluejohn (big blind) folded on the Flop
Seat 4: TbIP-TbIP 88 (button) (small blind) collected ($5.88)


PokerStars Hand #145990453657:  Hold'em Limit ($3/$6 USD) - 2015/12/27 5:47:21 ET
Table 'Jole' 6-max Seat #3 is the button
Seat 3: bluejohn ($44.40 in chips)
Seat 4: TbIP-TbIP 88 ($101.02 in chips)
bluejohn: posts small blind $1
TbIP-TbIP 88: posts big blind $3
*** HOLE CARDS ***
bluejohn: raises $3 to $6
HAL9QQQ joins the table at seat #6
TbIP-TbIP 88: calls $3
*** FLOP *** [6s 5d 7c]
TbIP-TbIP 88: checks
bluejohn: bets $3
TbIP-TbIP 88: calls $3
*** TURN *** [6s 5d 7c] [2d]
TbIP-TbIP 88: checks
bluejohn: bets $6
TbIP-TbIP 88: calls $6
*** RIVER *** [6s 5d 7c 2d] [5h]
TbIP-TbIP 88: bets $6
bluejohn: calls $6
*** SHOW DOWN ***
TbIP-TbIP 88: shows [4s 6d] (two pair, Sixes and Fives)
bluejohn: mucks hand
TbIP-TbIP 88 collected $41.50 from pot
*** SUMMARY ***
Total pot $42 | Rake $0.50
Board [6s 5d 7c 2d 5h]
Seat 3: bluejohn (button) (small blind) mucked
Seat 4: TbIP-TbIP 88 (big blind) showed [4s 6d] and won ($41.50) with two pair, Sixes and Fives


PokerStars Hand #145990501346:  Hold'em Limit ($3/$6 USD) - 2015/12/27 5:48:51 ET
Table 'Jole' 6-max Seat #4 is the button
Seat 3: bluejohn ($26.16 in chips)
Seat 4: TbIP-TbIP 88 ($118.40 in chips)
TbIP-TbIP 88: posts small blind $1
bluejohn: posts big blind $3
*** HOLE CARDS ***
TbIP-TbIP 88: calls $2
bluejohn: raises $3 to $6
TbIP-TbIP 88: calls $3
*** FLOP *** [9c Ts 7d]
bluejohn: bets $3
TbIP-TbIP 88: folds
Uncalled bet ($3) returned to bluejohn
bluejohn collected $11.76 from pot
*** SUMMARY ***
Total pot $12 | Rake $0.24
Board [9c Ts 7d]
Seat 3: bluejohn (big blind) collected ($11.76)
Seat 4: TbIP-TbIP 88 (button) (small blind) folded on the Flop


PokerStars Hand #145990482406:  Hold'em Limit ($3/$6 USD) - 2015/12/27 5:48:15 ET
Table 'Jole' 6-max Seat #3 is the button
Seat 3: bluejohn ($20.40 in chips)
Seat 4: TbIP-TbIP 88 ($124.40 in chips)
bluejohn: posts small blind $1
TbIP-TbIP 88: posts big blind $3
*** HOLE CARDS ***
bluejohn: raises $3 to $6
TbIP-TbIP 88: calls $3
*** FLOP *** [Qh Qc 3h]
TbIP-TbIP 88: checks
bluejohn: bets $3
TbIP-TbIP 88: folds
Uncalled bet ($3) returned to bluejohn
bluejohn collected $11.76 from pot
*** SUMMARY ***
Total pot $12 | Rake $0.24
Board [Qh Qc 3h]
Seat 3: bluejohn (button) (small blind) collected ($11.76)
Seat 4: TbIP-TbIP 88 (big blind) folded on the Flop


PokerStars Hand #145990528721:  Hold'em Limit ($3/$6 USD) - 2015/12/27 5:49:42 ET
Table 'Jole' 6-max Seat #4 is the button
Seat 3: bluejohn ($40.56 in chips)
Seat 4: TbIP-TbIP 88 ($103.40 in chips)
TbIP-TbIP 88: posts small blind $1
bluejohn: posts big blind $3
*** HOLE CARDS ***
TbIP-TbIP 88: calls $2
bluejohn: raises $3 to $6
TbIP-TbIP 88: calls $3
*** FLOP *** [9s 7c 4d]
bluejohn: checks
TbIP-TbIP 88: checks
*** TURN *** [9s 7c 4d] [6c]
bluejohn: bets $6
TbIP-TbIP 88: folds
Uncalled bet ($6) returned to bluejohn
bluejohn collected $11.76 from pot
*** SUMMARY ***
Total pot $12 | Rake $0.24
Board [9s 7c 4d 6c]
Seat 3: bluejohn (big blind) collected ($11.76)
Seat 4: TbIP-TbIP 88 (button) (small blind) folded on the Turn


PokerStars Hand #145990519296:  Hold'em Limit ($3/$6 USD) - 2015/12/27 5:49:25 ET
Table 'Jole' 6-max Seat #3 is the button
Seat 3: bluejohn ($31.92 in chips)
Seat 4: TbIP-TbIP 88 ($112.40 in chips)
bluejohn: posts small blind $1
TbIP-TbIP 88: posts big blind $3
*** HOLE CARDS ***
bluejohn: raises $3 to $6
TbIP-TbIP 88: calls $3
*** FLOP *** [2d 7s 4s]
TbIP-TbIP 88: checks
bluejohn: bets $3
TbIP-TbIP 88: calls $3
*** TURN *** [2d 7s 4s] [2h]
TbIP-TbIP 88: checks
bluejohn: checks
*** RIVER *** [2d 7s 4s 2h] [6s]
TbIP-TbIP 88: checks
bluejohn: checks
*** SHOW DOWN ***
TbIP-TbIP 88: shows [Kh 3h] (a pair of Deuces)
bluejohn: shows [Kd Tc] (a pair of Deuces - King+Ten kicker)
bluejohn collected $17.64 from pot
*** SUMMARY ***
Total pot $18 | Rake $0.36
Board [2d 7s 4s 2h 6s]
Seat 3: bluejohn (button) (small blind) showed [Kd Tc] and won ($17.64) with a pair of Deuces
Seat 4: TbIP-TbIP 88 (big blind) showed [Kh 3h] and lost with a pair of Deuces


PokerStars Hand #145990577236:  Hold'em Limit ($3/$6 USD) - 2015/12/27 5:51:14 ET
Table 'Jole' 6-max Seat #3 is the button
Seat 3: bluejohn ($4.32 in chips)
Seat 4: TbIP-TbIP 88 ($138.40 in chips)
bluejohn: posts small blind $1
TbIP-TbIP 88: posts big blind $3
*** HOLE CARDS ***
bluejohn: raises $1.32 to $4.32 and is all-in
TbIP-TbIP 88: calls $1.32
*** FLOP *** [2h Qc Jd]
*** TURN *** [2h Qc Jd] [7h]
*** RIVER *** [2h Qc Jd 7h] [3h]
*** SHOW DOWN ***
TbIP-TbIP 88: shows [2s 5c] (a pair of Deuces)
bluejohn: shows [6s 9c] (high card Queen)
TbIP-TbIP 88 collected $8.47 from pot
*** SUMMARY ***
Total pot $8.64 | Rake $0.17
Board [2h Qc Jd 7h 3h]
Seat 3: bluejohn (button) (small blind) showed [6s 9c] and lost with high card Queen
Seat 4: TbIP-TbIP 88 (big blind) showed [2s 5c] and won ($8.47) with a pair of Deuces


PokerStars Hand #145990566438:  Hold'em Limit ($3/$6 USD) - 2015/12/27 5:50:53 ET
Table 'Jole' 6-max Seat #4 is the button
Seat 3: bluejohn ($31.32 in chips)
Seat 4: TbIP-TbIP 88 ($111.90 in chips)
TbIP-TbIP 88: posts small blind $1
bluejohn: posts big blind $3
*** HOLE CARDS ***
TbIP-TbIP 88: calls $2
bluejohn: raises $3 to $6
TbIP-TbIP 88: calls $3
*** FLOP *** [2d Kc 4d]
bluejohn: bets $3
TbIP-TbIP 88: calls $3
*** TURN *** [2d Kc 4d] [3s]
bluejohn: bets $6
TbIP-TbIP 88: raises $6 to $12
bluejohn: calls $6
*** RIVER *** [2d Kc 4d 3s] [Ah]
bluejohn: bets $6
TbIP-TbIP 88: calls $6
*** SHOW DOWN ***
bluejohn: shows [7c Ad] (a pair of Aces)
TbIP-TbIP 88: shows [4h 3c] (two pair, Fours and Threes)
TbIP-TbIP 88 collected $53.50 from pot
*** SUMMARY ***
Total pot $54 | Rake $0.50
Board [2d Kc 4d 3s Ah]
Seat 3: bluejohn (big blind) showed [7c Ad] and lost with a pair of Aces
Seat 4: TbIP-TbIP 88 (button) (small blind) showed [4h 3c] and won ($53.50) with two pair, Fours and Threes


PokerStars Hand #145990548947:  Hold'em Limit ($3/$6 USD) - 2015/12/27 5:50:20 ET
Table 'Jole' 6-max Seat #3 is the button
Seat 3: bluejohn ($46.32 in chips)
Seat 4: TbIP-TbIP 88 ($97.40 in chips)
bluejohn: posts small blind $1
TbIP-TbIP 88: posts big blind $3
*** HOLE CARDS ***
bluejohn: raises $3 to $6
TbIP-TbIP 88: calls $3
*** FLOP *** [2s Jh Js]
TbIP-TbIP 88: checks
bluejohn: bets $3
TbIP-TbIP 88: calls $3
*** TURN *** [2s Jh Js] [4c]
TbIP-TbIP 88: checks
bluejohn: bets $6
TbIP-TbIP 88: calls $6
*** RIVER *** [2s Jh Js 4c] [7s]
TbIP-TbIP 88: checks
bluejohn: checks
*** SHOW DOWN ***
TbIP-TbIP 88: shows [6c Kc] (a pair of Jacks)
bluejohn: mucks hand
TbIP-TbIP 88 collected $29.50 from pot
*** SUMMARY ***
Total pot $30 | Rake $0.50
Board [2s Jh Js 4c 7s]
Seat 3: bluejohn (button) (small blind) mucked
Seat 4: TbIP-TbIP 88 (big blind) showed [6c Kc] and won ($29.50) with a pair of Jacks


