PokerStars Hand #173299006414:  Hold'em Limit ($3/$6 USD) - 2017/07/20 20:05:33 ET
Table 'Josephina' 6-max Seat #3 is the button
Seat 2: habari786 ($68.64 in chips)
Seat 3: simper11 ($106.44 in chips)
simper11: posts small blind $1
habari786: posts big blind $3
*** HOLE CARDS ***
simper11: raises $3 to $6
habari786: folds
Uncalled bet ($3) returned to simper11
simper11 collected $6 from pot
simper11: doesn't show hand
*** SUMMARY ***
Total pot $6 | Rake $0
Seat 2: habari786 (big blind) folded before Flop
Seat 3: simper11 (button) (small blind) collected ($6)


PokerStars Hand #173299234740:  Hold'em Limit ($3/$6 USD) - 2017/07/20 20:13:07 ET
Table 'Josephina' 6-max Seat #3 is the button
Seat 2: habari786 ($137.24 in chips)
Seat 3: simper11 ($32.56 in chips)
simper11: posts small blind $1
habari786: posts big blind $3
*** HOLE CARDS ***
simper11: raises $3 to $6
habari786: folds
Uncalled bet ($3) returned to simper11
simper11 collected $6 from pot
simper11: doesn't show hand
*** SUMMARY ***
Total pot $6 | Rake $0
Seat 2: habari786 (big blind) folded before Flop
Seat 3: simper11 (button) (small blind) collected ($6)


PokerStars Hand #173299231369:  Hold'em Limit ($3/$6 USD) - 2017/07/20 20:13:00 ET
Table 'Josephina' 6-max Seat #2 is the button
Seat 2: habari786 ($138.24 in chips)
Seat 3: simper11 ($31.56 in chips)
habari786: posts small blind $1
simper11: posts big blind $3
*** HOLE CARDS ***
habari786: folds
Uncalled bet ($2) returned to simper11
simper11 collected $2 from pot
simper11: doesn't show hand
*** SUMMARY ***
Total pot $2 | Rake $0
Seat 2: habari786 (button) (small blind) folded before Flop
Seat 3: simper11 (big blind) collected ($2)


PokerStars Hand #173299222058:  Hold'em Limit ($3/$6 USD) - 2017/07/20 20:12:41 ET
Table 'Josephina' 6-max Seat #3 is the button
Seat 2: habari786 ($147.24 in chips)
Seat 3: simper11 ($22.92 in chips)
simper11: posts small blind $1
habari786: posts big blind $3
*** HOLE CARDS ***
simper11: raises $3 to $6
habari786: calls $3
*** FLOP *** [4s 7s Kh]
habari786: checks
simper11: bets $3
habari786: calls $3
*** TURN *** [4s 7s Kh] [Td]
habari786: checks
simper11: bets $6
habari786: folds
Uncalled bet ($6) returned to simper11
simper11 collected $17.64 from pot
simper11: doesn't show hand
*** SUMMARY ***
Total pot $18 | Rake $0.36
Board [4s 7s Kh Td]
Seat 2: habari786 (big blind) folded on the Turn
Seat 3: simper11 (button) (small blind) collected ($17.64)


PokerStars Hand #173299207902:  Hold'em Limit ($3/$6 USD) - 2017/07/20 20:12:12 ET
Table 'Josephina' 6-max Seat #2 is the button
Seat 2: habari786 ($138.60 in chips)
Seat 3: simper11 ($31.92 in chips)
habari786: posts small blind $1
simper11: posts big blind $3
*** HOLE CARDS ***
habari786: raises $3 to $6
simper11: calls $3
*** FLOP *** [9d 5c Qs]
simper11: checks
habari786: bets $3
simper11: calls $3
*** TURN *** [9d 5c Qs] [7d]
simper11: checks
habari786: bets $6
simper11: folds
Uncalled bet ($6) returned to habari786
habari786 collected $17.64 from pot
habari786: doesn't show hand
*** SUMMARY ***
Total pot $18 | Rake $0.36
Board [9d 5c Qs 7d]
Seat 2: habari786 (button) (small blind) collected ($17.64)
Seat 3: simper11 (big blind) folded on the Turn


PokerStars Hand #173299238192:  Hold'em Limit ($3/$6 USD) - 2017/07/20 20:13:14 ET
Table 'Josephina' 6-max Seat #2 is the button
Seat 2: habari786 ($134.24 in chips)
Seat 3: simper11 ($35.56 in chips)
habari786: posts small blind $1
simper11: posts big blind $3
*** HOLE CARDS ***
habari786: folds
Uncalled bet ($2) returned to simper11
simper11 collected $2 from pot
simper11: doesn't show hand
*** SUMMARY ***
Total pot $2 | Rake $0
Seat 2: habari786 (button) (small blind) folded before Flop
Seat 3: simper11 (big blind) collected ($2)


PokerStars Hand #173299241691:  Hold'em Limit ($3/$6 USD) - 2017/07/20 20:13:21 ET
Table 'Josephina' 6-max Seat #3 is the button
Seat 2: habari786 ($133.24 in chips)
Seat 3: simper11 ($36.56 in chips)
simper11: posts small blind $1
habari786: posts big blind $3
*** HOLE CARDS ***
simper11: raises $3 to $6
habari786: raises $3 to $9
simper11: calls $3
*** FLOP *** [5s 4h Qd]
habari786: bets $3
simper11: calls $3
*** TURN *** [5s 4h Qd] [Kd]
habari786: bets $6
simper11: calls $6
*** RIVER *** [5s 4h Qd Kd] [Ts]
habari786: bets $6
simper11: folds
Uncalled bet ($6) returned to habari786
habari786 collected $35.50 from pot
habari786: doesn't show hand
*** SUMMARY ***
Total pot $36 | Rake $0.50
Board [5s 4h Qd Kd Ts]
Seat 2: habari786 (big blind) collected ($35.50)
Seat 3: simper11 (button) (small blind) folded on the River


PokerStars Hand #173299258935:  Hold'em Limit ($3/$6 USD) - 2017/07/20 20:13:56 ET
Table 'Josephina' 6-max Seat #3 is the button
Seat 2: habari786 ($153.74 in chips)
Seat 3: simper11 ($77.32 in chips)
simper11: posts small blind $1
habari786: posts big blind $3
*** HOLE CARDS ***
simper11: raises $3 to $6
habari786: raises $3 to $9
simper11: calls $3
*** FLOP *** [3c 3d 5s]
habari786: bets $3
simper11: calls $3
*** TURN *** [3c 3d 5s] [8d]
habari786: checks
simper11: bets $6
habari786: calls $6
*** RIVER *** [3c 3d 5s 8d] [3s]
habari786: checks
simper11: bets $6
habari786: folds
Uncalled bet ($6) returned to simper11
simper11 collected $35.50 from pot
simper11: doesn't show hand
*** SUMMARY ***
Total pot $36 | Rake $0.50
Board [3c 3d 5s 8d 3s]
Seat 2: habari786 (big blind) folded on the River
Seat 3: simper11 (button) (small blind) collected ($35.50)


PokerStars Hand #173299256336:  Hold'em Limit ($3/$6 USD) - 2017/07/20 20:13:51 ET
Table 'Josephina' 6-max Seat #2 is the button
Seat 2: habari786 ($154.74 in chips)
Seat 3: simper11 ($14.56 in chips)
habari786: posts small blind $1
simper11: posts big blind $3
*** HOLE CARDS ***
habari786: folds
Uncalled bet ($2) returned to simper11
simper11 collected $2 from pot
simper11: doesn't show hand
*** SUMMARY ***
Total pot $2 | Rake $0
Seat 2: habari786 (button) (small blind) folded before Flop
Seat 3: simper11 (big blind) collected ($2)


PokerStars Hand #173299253687:  Hold'em Limit ($3/$6 USD) - 2017/07/20 20:13:46 ET
Table 'Josephina' 6-max Seat #3 is the button
Seat 2: habari786 ($153.74 in chips)
Seat 3: simper11 ($15.56 in chips)
simper11: posts small blind $1
habari786: posts big blind $3
*** HOLE CARDS ***
simper11: folds
Uncalled bet ($2) returned to habari786
habari786 collected $2 from pot
habari786: doesn't show hand
*** SUMMARY ***
Total pot $2 | Rake $0
Seat 2: habari786 (big blind) collected ($2)
Seat 3: simper11 (button) (small blind) folded before Flop


PokerStars Hand #173299250233:  Hold'em Limit ($3/$6 USD) - 2017/07/20 20:13:39 ET
Table 'Josephina' 6-max Seat #2 is the button
Seat 2: habari786 ($150.74 in chips)
Seat 3: simper11 ($18.56 in chips)
habari786: posts small blind $1
simper11: posts big blind $3
*** HOLE CARDS ***
habari786: raises $3 to $6
simper11: folds
Uncalled bet ($3) returned to habari786
habari786 collected $6 from pot
habari786: doesn't show hand
*** SUMMARY ***
Total pot $6 | Rake $0
Seat 2: habari786 (button) (small blind) collected ($6)
Seat 3: simper11 (big blind) folded before Flop


PokerStars Hand #173299281296:  Hold'em Limit ($3/$6 USD) - 2017/07/20 20:14:42 ET
Table 'Josephina' 6-max Seat #3 is the button
Seat 2: habari786 ($111.74 in chips)
Seat 3: simper11 ($118.32 in chips)
simper11: posts small blind $1
habari786: posts big blind $3
*** HOLE CARDS ***
simper11: raises $3 to $6
habari786: raises $3 to $9
simper11: calls $3
*** FLOP *** [7s 5d Ad]
habari786: bets $3
simper11: calls $3
*** TURN *** [7s 5d Ad] [Jh]
habari786: bets $6
simper11: calls $6
*** RIVER *** [7s 5d Ad Jh] [Td]
habari786: bets $6
simper11: calls $6
*** SHOW DOWN ***
habari786: shows [Kc Tc] (a pair of Tens)
simper11: shows [Ac 3s] (a pair of Aces)
simper11 collected $47.50 from pot
*** SUMMARY ***
Total pot $48 | Rake $0.50
Board [7s 5d Ad Jh Td]
Seat 2: habari786 (big blind) showed [Kc Tc] and lost with a pair of Tens
Seat 3: simper11 (button) (small blind) showed [Ac 3s] and won ($47.50) with a pair of Aces


PokerStars Hand #173299267455:  Hold'em Limit ($3/$6 USD) - 2017/07/20 20:14:14 ET
Table 'Josephina' 6-max Seat #2 is the button
Seat 2: habari786 ($135.74 in chips)
Seat 3: simper11 ($94.82 in chips)
habari786: posts small blind $1
simper11: posts big blind $3
*** HOLE CARDS ***
habari786: raises $3 to $6
simper11: calls $3
*** FLOP *** [4s Qc Tc]
simper11: checks
habari786: checks
*** TURN *** [4s Qc Tc] [Ts]
simper11: bets $6
habari786: calls $6
*** RIVER *** [4s Qc Tc Ts] [8c]
simper11: bets $6
habari786: raises $6 to $12
simper11: calls $6
*** SHOW DOWN ***
habari786: shows [8d Ac] (two pair, Tens and Eights)
simper11: shows [3d Qd] (two pair, Queens and Tens)
simper11 collected $47.50 from pot
*** SUMMARY ***
Total pot $48 | Rake $0.50
Board [4s Qc Tc Ts 8c]
Seat 2: habari786 (button) (small blind) showed [8d Ac] and lost with two pair, Tens and Eights
Seat 3: simper11 (big blind) showed [3d Qd] and won ($47.50) with two pair, Queens and Tens


PokerStars Hand #173299299847:  Hold'em Limit ($3/$6 USD) - 2017/07/20 20:15:20 ET
Table 'Josephina' 6-max Seat #3 is the button
Seat 2: habari786 ($90.74 in chips)
Seat 3: simper11 ($138.82 in chips)
simper11: posts small blind $1
habari786: posts big blind $3
*** HOLE CARDS ***
simper11: raises $3 to $6
habari786: folds
Uncalled bet ($3) returned to simper11
simper11 collected $6 from pot
simper11: doesn't show hand
*** SUMMARY ***
Total pot $6 | Rake $0
Seat 2: habari786 (big blind) folded before Flop
Seat 3: simper11 (button) (small blind) collected ($6)


PokerStars Hand #173299296870:  Hold'em Limit ($3/$6 USD) - 2017/07/20 20:15:14 ET
Table 'Josephina' 6-max Seat #2 is the button
Seat 2: habari786 ($87.74 in chips)
Seat 3: simper11 ($141.82 in chips)
habari786: posts small blind $1
simper11: posts big blind $3
*** HOLE CARDS ***
habari786: raises $3 to $6
simper11: folds
Uncalled bet ($3) returned to habari786
habari786 collected $6 from pot
habari786: doesn't show hand
*** SUMMARY ***
Total pot $6 | Rake $0
Seat 2: habari786 (button) (small blind) collected ($6)
Seat 3: simper11 (big blind) folded before Flop


PokerStars Hand #173299303145:  Hold'em Limit ($3/$6 USD) - 2017/07/20 20:15:27 ET
Table 'Josephina' 6-max Seat #2 is the button
Seat 2: habari786 ($87.74 in chips)
Seat 3: simper11 ($141.82 in chips)
habari786: posts small blind $1
simper11: posts big blind $3
*** HOLE CARDS ***
habari786: folds
Uncalled bet ($2) returned to simper11
habari786 leaves the table
simper11 collected $2 from pot
simper11: doesn't show hand
*** SUMMARY ***
Total pot $2 | Rake $0
Seat 2: habari786 (button) (small blind) folded before Flop
Seat 3: simper11 (big blind) collected ($2)


