PokerStars Hand #161112435194:  Hold'em Limit ($3/$6 USD) - 2016/11/08 16:58:06 ET
Table 'Josefa' 6-max Seat #3 is the button
Seat 3: hairy1961 ($81.89 in chips)
Seat 4: Psynto ($117.21 in chips)
hairy1961: posts small blind $1
Psynto: posts big blind $3
*** HOLE CARDS ***
hairy1961: raises $3 to $6
Psynto: calls $3
*** FLOP *** [6d 8h Jc]
Psynto: checks
hairy1961: bets $3
Psynto: raises $3 to $6
hairy1961: folds
Uncalled bet ($3) returned to Psynto
Psynto collected $17.64 from pot
Psynto: doesn't show hand
*** SUMMARY ***
Total pot $18 | Rake $0.36
Board [6d 8h Jc]
Seat 3: hairy1961 (button) (small blind) folded on the Flop
Seat 4: Psynto (big blind) collected ($17.64)


PokerStars Hand #161112399669:  Hold'em Limit ($3/$6 USD) - 2016/11/08 16:57:18 ET
Table 'Josefa' 6-max Seat #4 is the button
Seat 3: hairy1961 ($126.89 in chips)
Seat 4: Psynto ($72.71 in chips)
Psynto: posts small blind $1
Pandakey: is sitting out
hairy1961: posts big blind $3
*** HOLE CARDS ***
Psynto: raises $3 to $6
hairy1961: raises $3 to $9
Psynto: calls $3
*** FLOP *** [7h Ts Jd]
Pandakey leaves the table
hairy1961: bets $3
Psynto: raises $3 to $6
hairy1961: calls $3
*** TURN *** [7h Ts Jd] [Ac]
hairy1961: bets $6
Psynto: raises $6 to $12
hairy1961: raises $6 to $18
Psynto: raises $6 to $24
Betting is capped
hairy1961: calls $6
*** RIVER *** [7h Ts Jd Ac] [Kc]
hairy1961: checks
Great_Kang joins the table at seat #5
Psynto: bets $6
hairy1961: calls $6
*** SHOW DOWN ***
Psynto: shows [Qc Ks] (a straight, Ten to Ace)
hairy1961: mucks hand
Psynto collected $89.50 from pot
*** SUMMARY ***
Total pot $90 | Rake $0.50
Board [7h Ts Jd Ac Kc]
Seat 3: hairy1961 (big blind) mucked
Seat 4: Psynto (button) (small blind) showed [Qc Ks] and won ($89.50) with a straight, Ten to Ace


PokerStars Hand #161115573467:  Hold'em Limit ($3/$6 USD) - 2016/11/08 17:58:44 ET
Table 'Josefa' 6-max Seat #3 is the button
Seat 3: RaisemyNut$ ($185.45 in chips)
Seat 4: Mastjox ($129.11 in chips)
RaisemyNut$: posts small blind $1
Mastjox: posts big blind $3
*** HOLE CARDS ***
RaisemyNut$: folds
Uncalled bet ($2) returned to Mastjox
Mastjox collected $2 from pot
Mastjox: doesn't show hand
*** SUMMARY ***
Total pot $2 | Rake $0
Seat 3: RaisemyNut$ (button) (small blind) folded before Flop
Seat 4: Mastjox (big blind) collected ($2)


PokerStars Hand #161115559436:  Hold'em Limit ($3/$6 USD) - 2016/11/08 17:58:22 ET
Table 'Josefa' 6-max Seat #4 is the button
Seat 3: RaisemyNut$ ($197.45 in chips)
Seat 4: Mastjox ($117.59 in chips)
Mastjox: posts small blind $1
RaisemyNut$: posts big blind $3
*** HOLE CARDS ***
Mastjox: raises $3 to $6
RaisemyNut$: calls $3
*** FLOP *** [As Ah Kc]
RaisemyNut$: checks
Mastjox: bets $3
RaisemyNut$: raises $3 to $6
Mastjox: raises $3 to $9
Pandakey joins the table at seat #5
RaisemyNut$: folds
Uncalled bet ($3) returned to Mastjox
Mastjox collected $23.52 from pot
Mastjox: doesn't show hand
*** SUMMARY ***
Total pot $24 | Rake $0.48
Board [As Ah Kc]
Seat 3: RaisemyNut$ (big blind) folded on the Flop
Seat 4: Mastjox (button) (small blind) collected ($23.52)


