PokerStars Hand #145909333261:  Hold'em Limit ($3/$6 USD) - 2015/12/25 15:29:37 ET
Table 'Josephina II' 2-max Seat #2 is the button
Seat 1: BigYelloFish ($125.64 in chips)
Seat 2: MobutuSeSe ($254 in chips)
MobutuSeSe: posts small blind $1
BigYelloFish: posts big blind $3
*** HOLE CARDS ***
MobutuSeSe: raises $3 to $6
BigYelloFish: raises $3 to $9
MobutuSeSe: calls $3
*** FLOP *** [Ks 2h 3h]
BigYelloFish: bets $3
MobutuSeSe: calls $3
*** TURN *** [Ks 2h 3h] [7s]
BigYelloFish: checks
MobutuSeSe: bets $6
BigYelloFish: folds
Uncalled bet ($6) returned to MobutuSeSe
MobutuSeSe collected $23.52 from pot
MobutuSeSe: doesn't show hand
*** SUMMARY ***
Total pot $24 | Rake $0.48
Board [Ks 2h 3h 7s]
Seat 1: BigYelloFish (big blind) folded on the Turn
Seat 2: MobutuSeSe (button) (small blind) collected ($23.52)


PokerStars Hand #145909281467:  Hold'em Limit ($3/$6 USD) - 2015/12/25 15:28:46 ET
Table 'Josephina II' 2-max Seat #1 is the button
Seat 1: BigYelloFish ($117 in chips)
Seat 2: MobutuSeSe ($263 in chips)
BigYelloFish: posts small blind $1
MobutuSeSe: posts big blind $3
*** HOLE CARDS ***
BigYelloFish: raises $3 to $6
MobutuSeSe: calls $3
*** FLOP *** [As 3s 9d]
MobutuSeSe: checks
BigYelloFish: bets $3
MobutuSeSe: calls $3
*** TURN *** [As 3s 9d] [Kc]
MobutuSeSe: checks
BigYelloFish: bets $6
MobutuSeSe: folds
Uncalled bet ($6) returned to BigYelloFish
BigYelloFish collected $17.64 from pot
BigYelloFish: doesn't show hand
*** SUMMARY ***
Total pot $18 | Rake $0.36
Board [As 3s 9d Kc]
Seat 1: BigYelloFish (button) (small blind) collected ($17.64)
Seat 2: MobutuSeSe (big blind) folded on the Turn


PokerStars Hand #145909372808:  Hold'em Limit ($3/$6 USD) - 2015/12/25 15:30:16 ET
Table 'Josephina II' 2-max Seat #1 is the button
Seat 1: BigYelloFish ($113.64 in chips)
Seat 2: MobutuSeSe ($265.52 in chips)
BigYelloFish: posts small blind $1
MobutuSeSe: posts big blind $3
*** HOLE CARDS ***
BigYelloFish: raises $3 to $6
MobutuSeSe: folds
Uncalled bet ($3) returned to BigYelloFish
BigYelloFish collected $6 from pot
BigYelloFish: doesn't show hand
*** SUMMARY ***
Total pot $6 | Rake $0
Seat 1: BigYelloFish (button) (small blind) collected ($6)
Seat 2: MobutuSeSe (big blind) folded before Flop


