PokerStars Hand #147977263424:  Hold'em Limit ($3/$6 USD) - 2016/01/31 3:30:16 ET
Table 'Josephina II' 2-max Seat #2 is the button
Seat 1: hudecam ($30 in chips)
Seat 2: Actionni13 ($150 in chips)
Actionni13: posts small blind $1
hudecam: posts big blind $3
*** HOLE CARDS ***
Actionni13: raises $3 to $6
hudecam: calls $3
*** FLOP *** [Ks 3c Td]
hudecam: checks
Actionni13: bets $3
hudecam: raises $3 to $6
Actionni13: folds
Uncalled bet ($3) returned to hudecam
hudecam collected $17.64 from pot
hudecam: doesn't show hand
*** SUMMARY ***
Total pot $18 | Rake $0.36
Board [Ks 3c Td]
Seat 1: hudecam (big blind) collected ($17.64)
Seat 2: Actionni13 (button) (small blind) folded on the Flop


PokerStars Hand #147977270790:  Hold'em Limit ($3/$6 USD) - 2016/01/31 3:30:35 ET
Table 'Josephina II' 2-max Seat #1 is the button
Seat 1: hudecam ($38.64 in chips)
Seat 2: Actionni13 ($150 in chips)
hudecam: posts small blind $1
Actionni13: posts big blind $3
*** HOLE CARDS ***
hudecam: raises $3 to $6
Actionni13: raises $3 to $9
hudecam: calls $3
*** FLOP *** [3h 8h 3s]
Actionni13: bets $3
hudecam: calls $3
*** TURN *** [3h 8h 3s] [Qd]
Actionni13: checks
hudecam: bets $6
Actionni13: folds
Uncalled bet ($6) returned to hudecam
hudecam collected $23.52 from pot
hudecam: doesn't show hand
*** SUMMARY ***
Total pot $24 | Rake $0.48
Board [3h 8h 3s Qd]
Seat 1: hudecam (button) (small blind) collected ($23.52)
Seat 2: Actionni13 (big blind) folded on the Turn


PokerStars Hand #147977279279:  Hold'em Limit ($3/$6 USD) - 2016/01/31 3:30:56 ET
Table 'Josephina II' 2-max Seat #2 is the button
Seat 1: hudecam ($50.16 in chips)
Seat 2: Actionni13 ($150 in chips)
Actionni13: posts small blind $1
hudecam: posts big blind $3
*** HOLE CARDS ***
Actionni13: raises $3 to $6
hudecam: calls $3
*** FLOP *** [Qh 3d Ks]
hudecam: checks
Actionni13: bets $3
hudecam: folds
Uncalled bet ($3) returned to Actionni13
Actionni13 collected $11.76 from pot
Actionni13: doesn't show hand
*** SUMMARY ***
Total pot $12 | Rake $0.24
Board [Qh 3d Ks]
Seat 1: hudecam (big blind) folded on the Flop
Seat 2: Actionni13 (button) (small blind) collected ($11.76)


PokerStars Hand #147977284538:  Hold'em Limit ($3/$6 USD) - 2016/01/31 3:31:10 ET
Table 'Josephina II' 2-max Seat #1 is the button
Seat 1: hudecam ($44.16 in chips)
Seat 2: Actionni13 ($155.76 in chips)
hudecam: posts small blind $1
Actionni13: posts big blind $3
*** HOLE CARDS ***
hudecam: folds
Uncalled bet ($2) returned to Actionni13
Actionni13 collected $2 from pot
Actionni13: doesn't show hand
*** SUMMARY ***
Total pot $2 | Rake $0
Seat 1: hudecam (button) (small blind) folded before Flop
Seat 2: Actionni13 (big blind) collected ($2)


PokerStars Hand #147977286355:  Hold'em Limit ($3/$6 USD) - 2016/01/31 3:31:14 ET
Table 'Josephina II' 2-max Seat #2 is the button
Seat 1: hudecam ($43.16 in chips)
Seat 2: Actionni13 ($156.76 in chips)
Actionni13: posts small blind $1
hudecam: posts big blind $3
*** HOLE CARDS ***
Actionni13: raises $3 to $6
hudecam: calls $3
*** FLOP *** [4d Js 6h]
hudecam: checks
Actionni13: bets $3
hudecam: raises $3 to $6
Actionni13: folds
Uncalled bet ($3) returned to hudecam
hudecam collected $17.64 from pot
hudecam: doesn't show hand
*** SUMMARY ***
Total pot $18 | Rake $0.36
Board [4d Js 6h]
Seat 1: hudecam (big blind) collected ($17.64)
Seat 2: Actionni13 (button) (small blind) folded on the Flop


PokerStars Hand #147977301710:  Hold'em Limit ($3/$6 USD) - 2016/01/31 3:31:53 ET
Table 'Josephina II' 2-max Seat #2 is the button
Seat 1: hudecam ($75.30 in chips)
Seat 2: Actionni13 ($150 in chips)
Actionni13: posts small blind $1
hudecam: posts big blind $3
*** HOLE CARDS ***
Actionni13: folds
Uncalled bet ($2) returned to hudecam
hudecam collected $2 from pot
hudecam: doesn't show hand
*** SUMMARY ***
Total pot $2 | Rake $0
Seat 1: hudecam (big blind) collected ($2)
Seat 2: Actionni13 (button) (small blind) folded before Flop


PokerStars Hand #147977292462:  Hold'em Limit ($3/$6 USD) - 2016/01/31 3:31:30 ET
Table 'Josephina II' 2-max Seat #1 is the button
Seat 1: hudecam ($51.80 in chips)
Seat 2: Actionni13 ($150 in chips)
hudecam: posts small blind $1
Actionni13: posts big blind $3
*** HOLE CARDS ***
hudecam: raises $3 to $6
Actionni13: calls $3
*** FLOP *** [5c Qs 7s]
Actionni13: checks
hudecam: bets $3
Actionni13: raises $3 to $6
hudecam: calls $3
*** TURN *** [5c Qs 7s] [Th]
Actionni13: bets $6
hudecam: calls $6
*** RIVER *** [5c Qs 7s Th] [7h]
Actionni13: bets $6
hudecam: calls $6
*** SHOW DOWN ***
Actionni13: shows [6d 8d] (a pair of Sevens)
hudecam: shows [Tc Ah] (two pair, Tens and Sevens)
hudecam collected $47.50 from pot
*** SUMMARY ***
Total pot $48 | Rake $0.50
Board [5c Qs 7s Th 7h]
Seat 1: hudecam (button) (small blind) showed [Tc Ah] and won ($47.50) with two pair, Tens and Sevens
Seat 2: Actionni13 (big blind) showed [6d 8d] and lost with a pair of Sevens


PokerStars Hand #147986932691:  Hold'em Limit ($3/$6 USD) - 2016/01/31 8:11:28 ET
Table 'Josephina II' 2-max Seat #1 is the button
Seat 1: xcgxcg2005 ($84 in chips)
Seat 2: Actionni13 ($185.50 in chips)
xcgxcg2005: posts small blind $1
Actionni13: posts big blind $3
*** HOLE CARDS ***
xcgxcg2005: raises $3 to $6
Actionni13: calls $3
*** FLOP *** [Qh 9d Qc]
Actionni13: checks
xcgxcg2005: bets $3
Actionni13: folds
Uncalled bet ($3) returned to xcgxcg2005
xcgxcg2005 collected $11.76 from pot
xcgxcg2005: doesn't show hand
*** SUMMARY ***
Total pot $12 | Rake $0.24
Board [Qh 9d Qc]
Seat 1: xcgxcg2005 (button) (small blind) collected ($11.76)
Seat 2: Actionni13 (big blind) folded on the Flop


PokerStars Hand #147986926358:  Hold'em Limit ($3/$6 USD) - 2016/01/31 8:11:19 ET
Table 'Josephina II' 2-max Seat #2 is the button
Seat 1: xcgxcg2005 ($87 in chips)
Seat 2: Actionni13 ($182.50 in chips)
Actionni13: posts small blind $1
xcgxcg2005: posts big blind $3
*** HOLE CARDS ***
Actionni13: raises $3 to $6
xcgxcg2005: folds
Uncalled bet ($3) returned to Actionni13
Actionni13 collected $6 from pot
Actionni13: doesn't show hand
*** SUMMARY ***
Total pot $6 | Rake $0
Seat 1: xcgxcg2005 (big blind) folded before Flop
Seat 2: Actionni13 (button) (small blind) collected ($6)


PokerStars Hand #147986894702:  Hold'em Limit ($3/$6 USD) - 2016/01/31 8:10:37 ET
Table 'Josephina II' 2-max Seat #1 is the button
Seat 1: xcgxcg2005 ($120 in chips)
Seat 2: Actionni13 ($150 in chips)
xcgxcg2005: posts small blind $1
Actionni13: posts big blind $3
*** HOLE CARDS ***
xcgxcg2005: raises $3 to $6
Actionni13: calls $3
*** FLOP *** [Td 3c As]
Actionni13: checks
xcgxcg2005: bets $3
Actionni13: calls $3
*** TURN *** [Td 3c As] [7c]
Actionni13: bets $6
xcgxcg2005: raises $6 to $12
Actionni13: raises $6 to $18
xcgxcg2005: calls $6
*** RIVER *** [Td 3c As 7c] [Jh]
Actionni13: bets $6
xcgxcg2005: calls $6
*** SHOW DOWN ***
Actionni13: shows [3s 7s] (two pair, Sevens and Threes)
xcgxcg2005: mucks hand
Actionni13 collected $65.50 from pot
*** SUMMARY ***
Total pot $66 | Rake $0.50
Board [Td 3c As 7c Jh]
Seat 1: xcgxcg2005 (button) (small blind) mucked
Seat 2: Actionni13 (big blind) showed [3s 7s] and won ($65.50) with two pair, Sevens and Threes


PokerStars Hand #147986974830:  Hold'em Limit ($3/$6 USD) - 2016/01/31 8:12:24 ET
Table 'Josephina II' 2-max Seat #1 is the button
Seat 1: xcgxcg2005 ($94.26 in chips)
Seat 2: Actionni13 ($174.02 in chips)
xcgxcg2005: posts small blind $1
Actionni13: posts big blind $3
*** HOLE CARDS ***
xcgxcg2005: raises $3 to $6
Actionni13: calls $3
*** FLOP *** [9s 6s Td]
Actionni13: checks
xcgxcg2005: bets $3
Actionni13: folds
Uncalled bet ($3) returned to xcgxcg2005
xcgxcg2005 collected $11.76 from pot
xcgxcg2005: doesn't show hand
*** SUMMARY ***
Total pot $12 | Rake $0.24
Board [9s 6s Td]
Seat 1: xcgxcg2005 (button) (small blind) collected ($11.76)
Seat 2: Actionni13 (big blind) folded on the Flop


PokerStars Hand #147986959086:  Hold'em Limit ($3/$6 USD) - 2016/01/31 8:12:03 ET
Table 'Josephina II' 2-max Seat #2 is the button
Seat 1: xcgxcg2005 ($76.76 in chips)
Seat 2: Actionni13 ($192.02 in chips)
Actionni13: posts small blind $1
xcgxcg2005: posts big blind $3
*** HOLE CARDS ***
Actionni13: raises $3 to $6
xcgxcg2005: raises $3 to $9
Actionni13: calls $3
*** FLOP *** [Qs Jh 4d]
xcgxcg2005: bets $3
Actionni13: calls $3
*** TURN *** [Qs Jh 4d] [Td]
xcgxcg2005: bets $6
Actionni13: calls $6
*** RIVER *** [Qs Jh 4d Td] [2h]
xcgxcg2005: bets $6
Actionni13: folds
Uncalled bet ($6) returned to xcgxcg2005
xcgxcg2005 collected $35.50 from pot
xcgxcg2005: doesn't show hand
*** SUMMARY ***
Total pot $36 | Rake $0.50
Board [Qs Jh 4d Td 2h]
Seat 1: xcgxcg2005 (big blind) collected ($35.50)
Seat 2: Actionni13 (button) (small blind) folded on the River


PokerStars Hand #147986955290:  Hold'em Limit ($3/$6 USD) - 2016/01/31 8:11:58 ET
Table 'Josephina II' 2-max Seat #1 is the button
Seat 1: xcgxcg2005 ($77.76 in chips)
Seat 2: Actionni13 ($191.02 in chips)
xcgxcg2005: posts small blind $1
Actionni13: posts big blind $3
*** HOLE CARDS ***
xcgxcg2005: folds
Uncalled bet ($2) returned to Actionni13
Actionni13 collected $2 from pot
Actionni13: doesn't show hand
*** SUMMARY ***
Total pot $2 | Rake $0
Seat 1: xcgxcg2005 (button) (small blind) folded before Flop
Seat 2: Actionni13 (big blind) collected ($2)


PokerStars Hand #147986944542:  Hold'em Limit ($3/$6 USD) - 2016/01/31 8:11:43 ET
Table 'Josephina II' 2-max Seat #2 is the button
Seat 1: xcgxcg2005 ($89.76 in chips)
Seat 2: Actionni13 ($179.50 in chips)
Actionni13: posts small blind $1
xcgxcg2005: posts big blind $3
*** HOLE CARDS ***
Actionni13: raises $3 to $6
xcgxcg2005: raises $3 to $9
Actionni13: calls $3
*** FLOP *** [4h 6s 6h]
xcgxcg2005: bets $3
Actionni13: raises $3 to $6
xcgxcg2005: folds
Uncalled bet ($3) returned to Actionni13
Actionni13 collected $23.52 from pot
Actionni13: doesn't show hand
*** SUMMARY ***
Total pot $24 | Rake $0.48
Board [4h 6s 6h]
Seat 1: xcgxcg2005 (big blind) folded on the Flop
Seat 2: Actionni13 (button) (small blind) collected ($23.52)


PokerStars Hand #147987044558:  Hold'em Limit ($3/$6 USD) - 2016/01/31 8:13:57 ET
Table 'Josephina II' 2-max Seat #1 is the button
Seat 1: xcgxcg2005 ($114.16 in chips)
Seat 2: Actionni13 ($152.54 in chips)
xcgxcg2005: posts small blind $1
Actionni13: posts big blind $3
*** HOLE CARDS ***
xcgxcg2005: folds
Uncalled bet ($2) returned to Actionni13
Actionni13 collected $2 from pot
Actionni13: doesn't show hand
*** SUMMARY ***
Total pot $2 | Rake $0
Seat 1: xcgxcg2005 (button) (small blind) folded before Flop
Seat 2: Actionni13 (big blind) collected ($2)


PokerStars Hand #147987033059:  Hold'em Limit ($3/$6 USD) - 2016/01/31 8:13:42 ET
Table 'Josephina II' 2-max Seat #2 is the button
Seat 1: xcgxcg2005 ($105.52 in chips)
Seat 2: Actionni13 ($161.54 in chips)
Actionni13: posts small blind $1
xcgxcg2005: posts big blind $3
*** HOLE CARDS ***
Actionni13: raises $3 to $6
xcgxcg2005: raises $3 to $9
Actionni13: calls $3
*** FLOP *** [Ks 8h 2s]
xcgxcg2005: bets $3
Actionni13: folds
Uncalled bet ($3) returned to xcgxcg2005
xcgxcg2005 collected $17.64 from pot
xcgxcg2005: doesn't show hand
*** SUMMARY ***
Total pot $18 | Rake $0.36
Board [Ks 8h 2s]
Seat 1: xcgxcg2005 (big blind) collected ($17.64)
Seat 2: Actionni13 (button) (small blind) folded on the Flop


PokerStars Hand #147987078920:  Hold'em Limit ($3/$6 USD) - 2016/01/31 8:14:43 ET
Table 'Josephina II' 2-max Seat #1 is the button
Seat 1: xcgxcg2005 ($92.92 in chips)
Seat 2: Actionni13 ($173.04 in chips)
xcgxcg2005: posts small blind $1
Actionni13: posts big blind $3
*** HOLE CARDS ***
xcgxcg2005: raises $3 to $6
Actionni13: calls $3
*** FLOP *** [Th Td 8s]
Actionni13: checks
xcgxcg2005: bets $3
Actionni13: calls $3
*** TURN *** [Th Td 8s] [2s]
Actionni13: checks
xcgxcg2005: bets $6
Actionni13: folds
Uncalled bet ($6) returned to xcgxcg2005
xcgxcg2005 collected $17.64 from pot
xcgxcg2005: doesn't show hand
*** SUMMARY ***
Total pot $18 | Rake $0.36
Board [Th Td 8s 2s]
Seat 1: xcgxcg2005 (button) (small blind) collected ($17.64)
Seat 2: Actionni13 (big blind) folded on the Turn


PokerStars Hand #147987074844:  Hold'em Limit ($3/$6 USD) - 2016/01/31 8:14:38 ET
Table 'Josephina II' 2-max Seat #2 is the button
Seat 1: xcgxcg2005 ($91.92 in chips)
Seat 2: Actionni13 ($174.04 in chips)
Actionni13: posts small blind $1
xcgxcg2005: posts big blind $3
*** HOLE CARDS ***
Actionni13: folds
Uncalled bet ($2) returned to xcgxcg2005
xcgxcg2005 collected $2 from pot
xcgxcg2005: doesn't show hand
*** SUMMARY ***
Total pot $2 | Rake $0
Seat 1: xcgxcg2005 (big blind) collected ($2)
Seat 2: Actionni13 (button) (small blind) folded before Flop


PokerStars Hand #147987066471:  Hold'em Limit ($3/$6 USD) - 2016/01/31 8:14:27 ET
Table 'Josephina II' 2-max Seat #1 is the button
Seat 1: xcgxcg2005 ($86.16 in chips)
Seat 2: Actionni13 ($180.04 in chips)
xcgxcg2005: posts small blind $1
Actionni13: posts big blind $3
*** HOLE CARDS ***
xcgxcg2005: raises $3 to $6
Actionni13: calls $3
*** FLOP *** [Ts 3c Qs]
Actionni13: checks
xcgxcg2005: bets $3
Actionni13: folds
Uncalled bet ($3) returned to xcgxcg2005
xcgxcg2005 collected $11.76 from pot
xcgxcg2005: doesn't show hand
*** SUMMARY ***
Total pot $12 | Rake $0.24
Board [Ts 3c Qs]
Seat 1: xcgxcg2005 (button) (small blind) collected ($11.76)
Seat 2: Actionni13 (big blind) folded on the Flop


PokerStars Hand #147987048915:  Hold'em Limit ($3/$6 USD) - 2016/01/31 8:14:03 ET
Table 'Josephina II' 2-max Seat #2 is the button
Seat 1: xcgxcg2005 ($113.16 in chips)
Seat 2: Actionni13 ($153.54 in chips)
Actionni13: posts small blind $1
xcgxcg2005: posts big blind $3
*** HOLE CARDS ***
Actionni13: raises $3 to $6
xcgxcg2005: raises $3 to $9
Actionni13: calls $3
*** FLOP *** [Kd 4s 9d]
xcgxcg2005: bets $3
Actionni13: raises $3 to $6
xcgxcg2005: calls $3
*** TURN *** [Kd 4s 9d] [5h]
xcgxcg2005: checks
Actionni13: bets $6
xcgxcg2005: calls $6
*** RIVER *** [Kd 4s 9d 5h] [2d]
xcgxcg2005: checks
Actionni13: bets $6
xcgxcg2005: calls $6
*** SHOW DOWN ***
Actionni13: shows [8c 8d] (a pair of Eights)
xcgxcg2005: mucks hand
Actionni13 collected $53.50 from pot
*** SUMMARY ***
Total pot $54 | Rake $0.50
Board [Kd 4s 9d 5h 2d]
Seat 1: xcgxcg2005 (big blind) mucked
Seat 2: Actionni13 (button) (small blind) showed [8c 8d] and won ($53.50) with a pair of Eights


PokerStars Hand #147987132923:  Hold'em Limit ($3/$6 USD) - 2016/01/31 8:15:54 ET
Table 'Josephina II' 2-max Seat #1 is the button
Seat 1: xcgxcg2005 ($85.56 in chips)
Seat 2: Actionni13 ($179.30 in chips)
xcgxcg2005: posts small blind $1
Actionni13: posts big blind $3
*** HOLE CARDS ***
xcgxcg2005: folds
Uncalled bet ($2) returned to Actionni13
Actionni13 collected $2 from pot
Actionni13: doesn't show hand
*** SUMMARY ***
Total pot $2 | Rake $0
Seat 1: xcgxcg2005 (button) (small blind) folded before Flop
Seat 2: Actionni13 (big blind) collected ($2)


PokerStars Hand #147987122998:  Hold'em Limit ($3/$6 USD) - 2016/01/31 8:15:41 ET
Table 'Josephina II' 2-max Seat #2 is the button
Seat 1: xcgxcg2005 ($91.56 in chips)
Seat 2: Actionni13 ($173.54 in chips)
Actionni13: posts small blind $1
xcgxcg2005: posts big blind $3
*** HOLE CARDS ***
Actionni13: raises $3 to $6
xcgxcg2005: calls $3
*** FLOP *** [Td Ah 5d]
xcgxcg2005: checks
Actionni13: bets $3
xcgxcg2005: folds
Uncalled bet ($3) returned to Actionni13
Actionni13 collected $11.76 from pot
Actionni13: doesn't show hand
*** SUMMARY ***
Total pot $12 | Rake $0.24
Board [Td Ah 5d]
Seat 1: xcgxcg2005 (big blind) folded on the Flop
Seat 2: Actionni13 (button) (small blind) collected ($11.76)


PokerStars Hand #147987109436:  Hold'em Limit ($3/$6 USD) - 2016/01/31 8:15:23 ET
Table 'Josephina II' 2-max Seat #1 is the button
Seat 1: xcgxcg2005 ($106.56 in chips)
Seat 2: Actionni13 ($159.04 in chips)
xcgxcg2005: posts small blind $1
Actionni13: posts big blind $3
*** HOLE CARDS ***
xcgxcg2005: raises $3 to $6
Actionni13: calls $3
*** FLOP *** [Ac Qd Qc]
Actionni13: checks
xcgxcg2005: bets $3
Actionni13: calls $3
*** TURN *** [Ac Qd Qc] [Jh]
Actionni13: checks
xcgxcg2005: checks
*** RIVER *** [Ac Qd Qc Jh] [9h]
Actionni13: checks
xcgxcg2005: bets $6
Actionni13: calls $6
*** SHOW DOWN ***
xcgxcg2005: shows [3c 3d] (two pair, Queens and Threes)
Actionni13: shows [7c 7d] (two pair, Queens and Sevens)
Actionni13 collected $29.50 from pot
*** SUMMARY ***
Total pot $30 | Rake $0.50
Board [Ac Qd Qc Jh 9h]
Seat 1: xcgxcg2005 (button) (small blind) showed [3c 3d] and lost with two pair, Queens and Threes
Seat 2: Actionni13 (big blind) showed [7c 7d] and won ($29.50) with two pair, Queens and Sevens


PokerStars Hand #147987105017:  Hold'em Limit ($3/$6 USD) - 2016/01/31 8:15:17 ET
Table 'Josephina II' 2-max Seat #2 is the button
Seat 1: xcgxcg2005 ($105.56 in chips)
Seat 2: Actionni13 ($160.04 in chips)
Actionni13: posts small blind $1
xcgxcg2005: posts big blind $3
*** HOLE CARDS ***
Actionni13: folds
Uncalled bet ($2) returned to xcgxcg2005
xcgxcg2005 collected $2 from pot
xcgxcg2005: doesn't show hand
*** SUMMARY ***
Total pot $2 | Rake $0
Seat 1: xcgxcg2005 (big blind) collected ($2)
Seat 2: Actionni13 (button) (small blind) folded before Flop


PokerStars Hand #147987100628:  Hold'em Limit ($3/$6 USD) - 2016/01/31 8:15:12 ET
Table 'Josephina II' 2-max Seat #1 is the button
Seat 1: xcgxcg2005 ($102.56 in chips)
Seat 2: Actionni13 ($163.04 in chips)
xcgxcg2005: posts small blind $1
Actionni13: posts big blind $3
*** HOLE CARDS ***
xcgxcg2005: raises $3 to $6
Actionni13: folds
Uncalled bet ($3) returned to xcgxcg2005
xcgxcg2005 collected $6 from pot
xcgxcg2005: doesn't show hand
*** SUMMARY ***
Total pot $6 | Rake $0
Seat 1: xcgxcg2005 (button) (small blind) collected ($6)
Seat 2: Actionni13 (big blind) folded before Flop


PokerStars Hand #147987095829:  Hold'em Limit ($3/$6 USD) - 2016/01/31 8:15:05 ET
Table 'Josephina II' 2-max Seat #2 is the button
Seat 1: xcgxcg2005 ($101.56 in chips)
Seat 2: Actionni13 ($164.04 in chips)
Actionni13: posts small blind $1
xcgxcg2005: posts big blind $3
*** HOLE CARDS ***
Actionni13: folds
Uncalled bet ($2) returned to xcgxcg2005
xcgxcg2005 collected $2 from pot
xcgxcg2005: doesn't show hand
*** SUMMARY ***
Total pot $2 | Rake $0
Seat 1: xcgxcg2005 (big blind) collected ($2)
Seat 2: Actionni13 (button) (small blind) folded before Flop


PokerStars Hand #147987181885:  Hold'em Limit ($3/$6 USD) - 2016/01/31 8:16:59 ET
Table 'Josephina II' 2-max Seat #1 is the button
Seat 1: xcgxcg2005 ($51.56 in chips)
Seat 2: Actionni13 ($212.30 in chips)
xcgxcg2005: posts small blind $1
Actionni13: posts big blind $3
*** HOLE CARDS ***
xcgxcg2005: folds
Uncalled bet ($2) returned to Actionni13
Actionni13 collected $2 from pot
Actionni13: doesn't show hand
*** SUMMARY ***
Total pot $2 | Rake $0
Seat 1: xcgxcg2005 (button) (small blind) folded before Flop
Seat 2: Actionni13 (big blind) collected ($2)


PokerStars Hand #147987164383:  Hold'em Limit ($3/$6 USD) - 2016/01/31 8:16:36 ET
Table 'Josephina II' 2-max Seat #2 is the button
Seat 1: xcgxcg2005 ($66.56 in chips)
Seat 2: Actionni13 ($197.80 in chips)
Actionni13: posts small blind $1
xcgxcg2005: posts big blind $3
*** HOLE CARDS ***
Actionni13: raises $3 to $6
xcgxcg2005: calls $3
*** FLOP *** [7h 8h 7c]
xcgxcg2005: checks
Actionni13: bets $3
xcgxcg2005: raises $3 to $6
Actionni13: raises $3 to $9
xcgxcg2005: calls $3
*** TURN *** [7h 8h 7c] [Ts]
xcgxcg2005: checks
Actionni13: bets $6
xcgxcg2005: folds
Uncalled bet ($6) returned to Actionni13
Actionni13 collected $29.50 from pot
Actionni13: doesn't show hand
*** SUMMARY ***
Total pot $30 | Rake $0.50
Board [7h 8h 7c Ts]
Seat 1: xcgxcg2005 (big blind) folded on the Turn
Seat 2: Actionni13 (button) (small blind) collected ($29.50)


PokerStars Hand #147987143668:  Hold'em Limit ($3/$6 USD) - 2016/01/31 8:16:08 ET
Table 'Josephina II' 2-max Seat #1 is the button
Seat 1: xcgxcg2005 ($81.56 in chips)
Seat 2: Actionni13 ($183.30 in chips)
xcgxcg2005: posts small blind $1
Actionni13: posts big blind $3
*** HOLE CARDS ***
xcgxcg2005: raises $3 to $6
Actionni13: calls $3
*** FLOP *** [7s 2s 9d]
Actionni13: checks
xcgxcg2005: bets $3
Actionni13: calls $3
*** TURN *** [7s 2s 9d] [Jd]
Actionni13: checks
xcgxcg2005: bets $6
Actionni13: calls $6
*** RIVER *** [7s 2s 9d Jd] [5c]
Actionni13: checks
xcgxcg2005: checks
*** SHOW DOWN ***
Actionni13: shows [Qc 2c] (a pair of Deuces)
xcgxcg2005: mucks hand
Actionni13 collected $29.50 from pot
*** SUMMARY ***
Total pot $30 | Rake $0.50
Board [7s 2s 9d Jd 5c]
Seat 1: xcgxcg2005 (button) (small blind) mucked
Seat 2: Actionni13 (big blind) showed [Qc 2c] and won ($29.50) with a pair of Deuces


PokerStars Hand #147987136833:  Hold'em Limit ($3/$6 USD) - 2016/01/31 8:15:59 ET
Table 'Josephina II' 2-max Seat #2 is the button
Seat 1: xcgxcg2005 ($84.56 in chips)
Seat 2: Actionni13 ($180.30 in chips)
Actionni13: posts small blind $1
xcgxcg2005: posts big blind $3
*** HOLE CARDS ***
Actionni13: raises $3 to $6
xcgxcg2005: folds
Uncalled bet ($3) returned to Actionni13
Actionni13 collected $6 from pot
Actionni13: doesn't show hand
*** SUMMARY ***
Total pot $6 | Rake $0
Seat 1: xcgxcg2005 (big blind) folded before Flop
Seat 2: Actionni13 (button) (small blind) collected ($6)


PokerStars Hand #147986984944:  Hold'em Limit ($3/$6 USD) - 2016/01/31 8:12:37 ET
Table 'Josephina II' 2-max Seat #2 is the button
Seat 1: xcgxcg2005 ($100.02 in chips)
Seat 2: Actionni13 ($168.02 in chips)
Actionni13: posts small blind $1
xcgxcg2005: posts big blind $3
*** HOLE CARDS ***
Actionni13: raises $3 to $6
xcgxcg2005: raises $3 to $9
Actionni13: calls $3
*** FLOP *** [2s 8c Kh]
xcgxcg2005: bets $3
Actionni13: raises $3 to $6
xcgxcg2005: folds
Uncalled bet ($3) returned to Actionni13
Actionni13 collected $23.52 from pot
Actionni13: doesn't show hand
*** SUMMARY ***
Total pot $24 | Rake $0.48
Board [2s 8c Kh]
Seat 1: xcgxcg2005 (big blind) folded on the Flop
Seat 2: Actionni13 (button) (small blind) collected ($23.52)


PokerStars Hand #147987002378:  Hold'em Limit ($3/$6 USD) - 2016/01/31 8:13:01 ET
Table 'Josephina II' 2-max Seat #2 is the button
Seat 1: xcgxcg2005 ($91.02 in chips)
Seat 2: Actionni13 ($176.54 in chips)
Actionni13: posts small blind $1
xcgxcg2005: posts big blind $3
*** HOLE CARDS ***
Actionni13: raises $3 to $6
xcgxcg2005: folds
Uncalled bet ($3) returned to Actionni13
Actionni13 collected $6 from pot
*** SUMMARY ***
Total pot $6 | Rake $0
Seat 1: xcgxcg2005 (big blind) folded before Flop
Seat 2: Actionni13 (button) (small blind) collected ($6)


PokerStars Hand #147986997022:  Hold'em Limit ($3/$6 USD) - 2016/01/31 8:12:54 ET
Table 'Josephina II' 2-max Seat #1 is the button
Seat 1: xcgxcg2005 ($88.02 in chips)
Seat 2: Actionni13 ($179.54 in chips)
xcgxcg2005: posts small blind $1
Actionni13: posts big blind $3
*** HOLE CARDS ***
xcgxcg2005: raises $3 to $6
Actionni13: folds
Uncalled bet ($3) returned to xcgxcg2005
xcgxcg2005 collected $6 from pot
xcgxcg2005: doesn't show hand
*** SUMMARY ***
Total pot $6 | Rake $0
Seat 1: xcgxcg2005 (button) (small blind) collected ($6)
Seat 2: Actionni13 (big blind) folded before Flop


PokerStars Hand #147987225983:  Hold'em Limit ($3/$6 USD) - 2016/01/31 8:17:56 ET
Table 'Josephina II' 2-max Seat #2 is the button
Seat 1: xcgxcg2005 ($70.72 in chips)
Seat 2: Actionni13 ($192.30 in chips)
Actionni13: posts small blind $1
xcgxcg2005: posts big blind $3
*** HOLE CARDS ***
Actionni13: raises $3 to $6
xcgxcg2005: folds
Uncalled bet ($3) returned to Actionni13
Actionni13 collected $6 from pot
Actionni13: doesn't show hand
*** SUMMARY ***
Total pot $6 | Rake $0
Seat 1: xcgxcg2005 (big blind) folded before Flop
Seat 2: Actionni13 (button) (small blind) collected ($6)


PokerStars Hand #147987221713:  Hold'em Limit ($3/$6 USD) - 2016/01/31 8:17:51 ET
Table 'Josephina II' 2-max Seat #1 is the button
Seat 1: xcgxcg2005 ($71.72 in chips)
Seat 2: Actionni13 ($191.30 in chips)
xcgxcg2005: posts small blind $1
Actionni13: posts big blind $3
*** HOLE CARDS ***
xcgxcg2005: folds
Uncalled bet ($2) returned to Actionni13
Actionni13 collected $2 from pot
Actionni13: doesn't show hand
*** SUMMARY ***
Total pot $2 | Rake $0
Seat 1: xcgxcg2005 (button) (small blind) folded before Flop
Seat 2: Actionni13 (big blind) collected ($2)


PokerStars Hand #147987214414:  Hold'em Limit ($3/$6 USD) - 2016/01/31 8:17:41 ET
Table 'Josephina II' 2-max Seat #2 is the button
Seat 1: xcgxcg2005 ($70.72 in chips)
Seat 2: Actionni13 ($192.30 in chips)
Actionni13: posts small blind $1
xcgxcg2005: posts big blind $3
*** HOLE CARDS ***
Actionni13: folds
Uncalled bet ($2) returned to xcgxcg2005
xcgxcg2005 collected $2 from pot
xcgxcg2005: doesn't show hand
*** SUMMARY ***
Total pot $2 | Rake $0
Seat 1: xcgxcg2005 (big blind) collected ($2)
Seat 2: Actionni13 (button) (small blind) folded before Flop


PokerStars Hand #147987198107:  Hold'em Limit ($3/$6 USD) - 2016/01/31 8:17:20 ET
Table 'Josephina II' 2-max Seat #1 is the button
Seat 1: xcgxcg2005 ($59.20 in chips)
Seat 2: Actionni13 ($204.30 in chips)
xcgxcg2005: posts small blind $1
Actionni13: posts big blind $3
*** HOLE CARDS ***
xcgxcg2005: raises $3 to $6
Actionni13: calls $3
*** FLOP *** [Kh 8s 4c]
Actionni13: checks
xcgxcg2005: bets $3
Actionni13: raises $3 to $6
xcgxcg2005: raises $3 to $9
Actionni13: folds
Uncalled bet ($3) returned to xcgxcg2005
xcgxcg2005 collected $23.52 from pot
xcgxcg2005: doesn't show hand
*** SUMMARY ***
Total pot $24 | Rake $0.48
Board [Kh 8s 4c]
Seat 1: xcgxcg2005 (button) (small blind) collected ($23.52)
Seat 2: Actionni13 (big blind) folded on the Flop


PokerStars Hand #147987185855:  Hold'em Limit ($3/$6 USD) - 2016/01/31 8:17:04 ET
Table 'Josephina II' 2-max Seat #2 is the button
Seat 1: xcgxcg2005 ($50.56 in chips)
Seat 2: Actionni13 ($213.30 in chips)
Actionni13: posts small blind $1
xcgxcg2005: posts big blind $3
*** HOLE CARDS ***
Actionni13: raises $3 to $6
xcgxcg2005: raises $3 to $9
Actionni13: calls $3
*** FLOP *** [Th Ah 2c]
xcgxcg2005: bets $3
Actionni13: folds
Uncalled bet ($3) returned to xcgxcg2005
xcgxcg2005 collected $17.64 from pot
xcgxcg2005: doesn't show hand
*** SUMMARY ***
Total pot $18 | Rake $0.36
Board [Th Ah 2c]
Seat 1: xcgxcg2005 (big blind) collected ($17.64)
Seat 2: Actionni13 (button) (small blind) folded on the Flop


PokerStars Hand #147987269825:  Hold'em Limit ($3/$6 USD) - 2016/01/31 8:18:54 ET
Table 'Josephina II' 2-max Seat #1 is the button
Seat 1: xcgxcg2005 ($70.24 in chips)
Seat 2: Actionni13 ($191.94 in chips)
xcgxcg2005: posts small blind $1
Actionni13: posts big blind $3
*** HOLE CARDS ***
xcgxcg2005: folds
Uncalled bet ($2) returned to Actionni13
Actionni13 collected $2 from pot
Actionni13: doesn't show hand
*** SUMMARY ***
Total pot $2 | Rake $0
Seat 1: xcgxcg2005 (button) (small blind) folded before Flop
Seat 2: Actionni13 (big blind) collected ($2)


PokerStars Hand #147987265713:  Hold'em Limit ($3/$6 USD) - 2016/01/31 8:18:48 ET
Table 'Josephina II' 2-max Seat #2 is the button
Seat 1: xcgxcg2005 ($73.24 in chips)
Seat 2: Actionni13 ($188.94 in chips)
Actionni13: posts small blind $1
xcgxcg2005: posts big blind $3
*** HOLE CARDS ***
Actionni13: raises $3 to $6
xcgxcg2005: folds
Uncalled bet ($3) returned to Actionni13
Actionni13 collected $6 from pot
Actionni13: doesn't show hand
*** SUMMARY ***
Total pot $6 | Rake $0
Seat 1: xcgxcg2005 (big blind) folded before Flop
Seat 2: Actionni13 (button) (small blind) collected ($6)


PokerStars Hand #147987254186:  Hold'em Limit ($3/$6 USD) - 2016/01/31 8:18:33 ET
Table 'Josephina II' 2-max Seat #1 is the button
Seat 1: xcgxcg2005 ($82.24 in chips)
Seat 2: Actionni13 ($180.30 in chips)
xcgxcg2005: posts small blind $1
Actionni13: posts big blind $3
*** HOLE CARDS ***
xcgxcg2005: raises $3 to $6
Actionni13: calls $3
*** FLOP *** [7s 3c Jh]
Actionni13: checks
xcgxcg2005: bets $3
Actionni13: calls $3
*** TURN *** [7s 3c Jh] [Kh]
Actionni13: bets $6
xcgxcg2005: folds
Uncalled bet ($6) returned to Actionni13
Actionni13 collected $17.64 from pot
Actionni13: doesn't show hand
*** SUMMARY ***
Total pot $18 | Rake $0.36
Board [7s 3c Jh Kh]
Seat 1: xcgxcg2005 (button) (small blind) folded on the Turn
Seat 2: Actionni13 (big blind) collected ($17.64)


PokerStars Hand #147987240543:  Hold'em Limit ($3/$6 USD) - 2016/01/31 8:18:15 ET
Table 'Josephina II' 2-max Seat #2 is the button
Seat 1: xcgxcg2005 ($70.72 in chips)
Seat 2: Actionni13 ($192.30 in chips)
Actionni13: posts small blind $1
xcgxcg2005: posts big blind $3
*** HOLE CARDS ***
Actionni13: raises $3 to $6
xcgxcg2005: raises $3 to $9
Actionni13: calls $3
*** FLOP *** [Kd Kh 7h]
xcgxcg2005: bets $3
Actionni13: calls $3
*** TURN *** [Kd Kh 7h] [3d]
xcgxcg2005: bets $6
Actionni13: folds
Uncalled bet ($6) returned to xcgxcg2005
xcgxcg2005 collected $23.52 from pot
xcgxcg2005: doesn't show hand
*** SUMMARY ***
Total pot $24 | Rake $0.48
Board [Kd Kh 7h 3d]
Seat 1: xcgxcg2005 (big blind) collected ($23.52)
Seat 2: Actionni13 (button) (small blind) folded on the Turn


PokerStars Hand #147987234537:  Hold'em Limit ($3/$6 USD) - 2016/01/31 8:18:07 ET
Table 'Josephina II' 2-max Seat #1 is the button
Seat 1: xcgxcg2005 ($67.72 in chips)
Seat 2: Actionni13 ($195.30 in chips)
xcgxcg2005: posts small blind $1
Actionni13: posts big blind $3
*** HOLE CARDS ***
xcgxcg2005: raises $3 to $6
Actionni13: folds
Uncalled bet ($3) returned to xcgxcg2005
xcgxcg2005 collected $6 from pot
xcgxcg2005: doesn't show hand
*** SUMMARY ***
Total pot $6 | Rake $0
Seat 1: xcgxcg2005 (button) (small blind) collected ($6)
Seat 2: Actionni13 (big blind) folded before Flop


PokerStars Hand #147987321678:  Hold'em Limit ($3/$6 USD) - 2016/01/31 8:20:02 ET
Table 'Josephina II' 2-max Seat #1 is the button
Seat 1: xcgxcg2005 ($54.24 in chips)
Seat 2: Actionni13 ($207.58 in chips)
xcgxcg2005: posts small blind $1
Actionni13: posts big blind $3
*** HOLE CARDS ***
xcgxcg2005: folds
Uncalled bet ($2) returned to Actionni13
Actionni13 collected $2 from pot
Actionni13: doesn't show hand
*** SUMMARY ***
Total pot $2 | Rake $0
Seat 1: xcgxcg2005 (button) (small blind) folded before Flop
Seat 2: Actionni13 (big blind) collected ($2)


PokerStars Hand #147987317770:  Hold'em Limit ($3/$6 USD) - 2016/01/31 8:19:57 ET
Table 'Josephina II' 2-max Seat #2 is the button
Seat 1: xcgxcg2005 ($57.24 in chips)
Seat 2: Actionni13 ($204.58 in chips)
Actionni13: posts small blind $1
xcgxcg2005: posts big blind $3
*** HOLE CARDS ***
Actionni13: raises $3 to $6
xcgxcg2005: folds
Uncalled bet ($3) returned to Actionni13
Actionni13 collected $6 from pot
Actionni13: doesn't show hand
*** SUMMARY ***
Total pot $6 | Rake $0
Seat 1: xcgxcg2005 (big blind) folded before Flop
Seat 2: Actionni13 (button) (small blind) collected ($6)


PokerStars Hand #147987301384:  Hold'em Limit ($3/$6 USD) - 2016/01/31 8:19:35 ET
Table 'Josephina II' 2-max Seat #1 is the button
Seat 1: xcgxcg2005 ($66.24 in chips)
Seat 2: Actionni13 ($195.94 in chips)
xcgxcg2005: posts small blind $1
Actionni13: posts big blind $3
*** HOLE CARDS ***
xcgxcg2005: raises $3 to $6
Actionni13: calls $3
*** FLOP *** [Qs 2h 4s]
Actionni13: checks
xcgxcg2005: bets $3
Actionni13: calls $3
*** TURN *** [Qs 2h 4s] [2s]
Actionni13: bets $6
xcgxcg2005: folds
Uncalled bet ($6) returned to Actionni13
Actionni13 collected $17.64 from pot
Actionni13: doesn't show hand
*** SUMMARY ***
Total pot $18 | Rake $0.36
Board [Qs 2h 4s 2s]
Seat 1: xcgxcg2005 (button) (small blind) folded on the Turn
Seat 2: Actionni13 (big blind) collected ($17.64)


PokerStars Hand #147987287329:  Hold'em Limit ($3/$6 USD) - 2016/01/31 8:19:17 ET
Table 'Josephina II' 2-max Seat #2 is the button
Seat 1: xcgxcg2005 ($65.24 in chips)
Seat 2: Actionni13 ($196.94 in chips)
Actionni13: posts small blind $1
xcgxcg2005: posts big blind $3
*** HOLE CARDS ***
Actionni13: folds
Uncalled bet ($2) returned to xcgxcg2005
xcgxcg2005 collected $2 from pot
xcgxcg2005: doesn't show hand
*** SUMMARY ***
Total pot $2 | Rake $0
Seat 1: xcgxcg2005 (big blind) collected ($2)
Seat 2: Actionni13 (button) (small blind) folded before Flop


PokerStars Hand #147987283805:  Hold'em Limit ($3/$6 USD) - 2016/01/31 8:19:12 ET
Table 'Josephina II' 2-max Seat #1 is the button
Seat 1: xcgxcg2005 ($66.24 in chips)
Seat 2: Actionni13 ($195.94 in chips)
xcgxcg2005: posts small blind $1
Actionni13: posts big blind $3
*** HOLE CARDS ***
xcgxcg2005: folds
Uncalled bet ($2) returned to Actionni13
Actionni13 collected $2 from pot
Actionni13: doesn't show hand
*** SUMMARY ***
Total pot $2 | Rake $0
Seat 1: xcgxcg2005 (button) (small blind) folded before Flop
Seat 2: Actionni13 (big blind) collected ($2)


PokerStars Hand #147987273724:  Hold'em Limit ($3/$6 USD) - 2016/01/31 8:18:59 ET
Table 'Josephina II' 2-max Seat #2 is the button
Seat 1: xcgxcg2005 ($69.24 in chips)
Seat 2: Actionni13 ($192.94 in chips)
Actionni13: posts small blind $1
xcgxcg2005: posts big blind $3
*** HOLE CARDS ***
Actionni13: raises $3 to $6
xcgxcg2005: folds
Uncalled bet ($3) returned to Actionni13
Actionni13 collected $6 from pot
Actionni13: doesn't show hand
*** SUMMARY ***
Total pot $6 | Rake $0
Seat 1: xcgxcg2005 (big blind) folded before Flop
Seat 2: Actionni13 (button) (small blind) collected ($6)


PokerStars Hand #147987332534:  Hold'em Limit ($3/$6 USD) - 2016/01/31 8:20:16 ET
Table 'Josephina II' 2-max Seat #2 is the button
Seat 1: xcgxcg2005 ($53.24 in chips)
Seat 2: Actionni13 ($208.58 in chips)
Actionni13: posts small blind $1
xcgxcg2005: posts big blind $3
*** HOLE CARDS ***
Actionni13: raises $3 to $6
xcgxcg2005: raises $3 to $9
Actionni13: calls $3
*** FLOP *** [Jd 5h 9h]
xcgxcg2005: bets $3
Actionni13: calls $3
*** TURN *** [Jd 5h 9h] [6d]
xcgxcg2005: bets $6
Actionni13: folds
Uncalled bet ($6) returned to xcgxcg2005
xcgxcg2005 collected $23.52 from pot
xcgxcg2005: doesn't show hand
*** SUMMARY ***
Total pot $24 | Rake $0.48
Board [Jd 5h 9h 6d]
Seat 1: xcgxcg2005 (big blind) collected ($23.52)
Seat 2: Actionni13 (button) (small blind) folded on the Turn


PokerStars Hand #147987328847:  Hold'em Limit ($3/$6 USD) - 2016/01/31 8:20:12 ET
Table 'Josephina II' 2-max Seat #1 is the button
Seat 1: xcgxcg2005 ($54.24 in chips)
Seat 2: Actionni13 ($207.58 in chips)
xcgxcg2005: posts small blind $1
Actionni13: posts big blind $3
*** HOLE CARDS ***
xcgxcg2005: folds
Uncalled bet ($2) returned to Actionni13
Actionni13 collected $2 from pot
Actionni13: doesn't show hand
*** SUMMARY ***
Total pot $2 | Rake $0
Seat 1: xcgxcg2005 (button) (small blind) folded before Flop
Seat 2: Actionni13 (big blind) collected ($2)


PokerStars Hand #147987325252:  Hold'em Limit ($3/$6 USD) - 2016/01/31 8:20:07 ET
Table 'Josephina II' 2-max Seat #2 is the button
Seat 1: xcgxcg2005 ($53.24 in chips)
Seat 2: Actionni13 ($208.58 in chips)
Actionni13: posts small blind $1
xcgxcg2005: posts big blind $3
*** HOLE CARDS ***
Actionni13: folds
Uncalled bet ($2) returned to xcgxcg2005
xcgxcg2005 collected $2 from pot
xcgxcg2005: doesn't show hand
*** SUMMARY ***
Total pot $2 | Rake $0
Seat 1: xcgxcg2005 (big blind) collected ($2)
Seat 2: Actionni13 (button) (small blind) folded before Flop


