PokerStars Hand #172911475795:  Hold'em Limit ($3/$6 USD) - 2017/07/11 17:45:23 ET
Table 'Josefa II' 10-max Seat #1 is the button
Seat 1: Zubasa07 ($301 in chips)
Seat 10: ManuelSikora ($53 in chips)
Zubasa07: posts small blind $1
ManuelSikora: posts big blind $3
*** HOLE CARDS ***
Zubasa07: raises $3 to $6
ManuelSikora: calls $3
*** FLOP *** [3h Qs 4h]
ManuelSikora: bets $3
Zubasa07: raises $3 to $6
ManuelSikora: folds
Uncalled bet ($3) returned to Zubasa07
Zubasa07 collected $17.64 from pot
Zubasa07: doesn't show hand
*** SUMMARY ***
Total pot $18 | Rake $0.36
Board [3h Qs 4h]
Seat 1: Zubasa07 (button) (small blind) collected ($17.64)
Seat 10: ManuelSikora (big blind) folded on the Flop


PokerStars Hand #172911501545:  Hold'em Limit ($3/$6 USD) - 2017/07/11 17:45:57 ET
Table 'Josefa II' 10-max Seat #1 is the button
Seat 1: Zubasa07 ($306.64 in chips)
Seat 10: ManuelSikora ($47 in chips)
Zubasa07: posts small blind $1
ManuelSikora: posts big blind $3
*** HOLE CARDS ***
Zubasa07: folds
Uncalled bet ($2) returned to ManuelSikora
ManuelSikora collected $2 from pot
ManuelSikora: doesn't show hand
*** SUMMARY ***
Total pot $2 | Rake $0
Seat 1: Zubasa07 (button) (small blind) folded before Flop
Seat 10: ManuelSikora (big blind) collected ($2)


PokerStars Hand #172911491281:  Hold'em Limit ($3/$6 USD) - 2017/07/11 17:45:43 ET
Table 'Josefa II' 10-max Seat #10 is the button
Seat 1: Zubasa07 ($309.64 in chips)
Seat 10: ManuelSikora ($44 in chips)
ManuelSikora: posts small blind $1
Zubasa07: posts big blind $3
*** HOLE CARDS ***
ManuelSikora: raises $3 to $6
Zubasa07: folds
Uncalled bet ($3) returned to ManuelSikora
ManuelSikora collected $6 from pot
ManuelSikora: doesn't show hand
*** SUMMARY ***
Total pot $6 | Rake $0
Seat 1: Zubasa07 (big blind) folded before Flop
Seat 10: ManuelSikora (button) (small blind) collected ($6)


PokerStars Hand #172911517508:  Hold'em Limit ($3/$6 USD) - 2017/07/11 17:46:18 ET
Table 'Josefa II' 10-max Seat #1 is the button
Seat 1: Zubasa07 ($299.64 in chips)
Seat 10: ManuelSikora ($53.76 in chips)
Zubasa07: posts small blind $1
ManuelSikora: posts big blind $3
*** HOLE CARDS ***
Zubasa07: raises $3 to $6
ManuelSikora: calls $3
*** FLOP *** [Jh 3c 9h]
ManuelSikora: bets $3
Zubasa07: calls $3
*** TURN *** [Jh 3c 9h] [Qd]
ManuelSikora: bets $6
Zubasa07: calls $6
*** RIVER *** [Jh 3c 9h Qd] [3h]
ManuelSikora: bets $6
Zubasa07: calls $6
*** SHOW DOWN ***
ManuelSikora: shows [8d Th] (a straight, Eight to Queen)
Zubasa07: mucks hand
ManuelSikora collected $41.50 from pot
*** SUMMARY ***
Total pot $42 | Rake $0.50
Board [Jh 3c 9h Qd 3h]
Seat 1: Zubasa07 (button) (small blind) mucked
Seat 10: ManuelSikora (big blind) showed [8d Th] and won ($41.50) with a straight, Eight to Queen


PokerStars Hand #172911505522:  Hold'em Limit ($3/$6 USD) - 2017/07/11 17:46:02 ET
Table 'Josefa II' 10-max Seat #10 is the button
Seat 1: Zubasa07 ($305.64 in chips)
Seat 10: ManuelSikora ($48 in chips)
ManuelSikora: posts small blind $1
Zubasa07: posts big blind $3
*** HOLE CARDS ***
ManuelSikora: raises $3 to $6
Zubasa07: calls $3
*** FLOP *** [Js Tc 3s]
Zubasa07: checks
ManuelSikora: bets $3
Zubasa07: folds
Uncalled bet ($3) returned to ManuelSikora
ManuelSikora collected $11.76 from pot
ManuelSikora: doesn't show hand
*** SUMMARY ***
Total pot $12 | Rake $0.24
Board [Js Tc 3s]
Seat 1: Zubasa07 (big blind) folded on the Flop
Seat 10: ManuelSikora (button) (small blind) collected ($11.76)


PokerStars Hand #172911545600:  Hold'em Limit ($3/$6 USD) - 2017/07/11 17:46:55 ET
Table 'Josefa II' 10-max Seat #10 is the button
Seat 1: Zubasa07 ($278.64 in chips)
Seat 10: ManuelSikora ($74.26 in chips)
ManuelSikora: posts small blind $1
Zubasa07: posts big blind $3
*** HOLE CARDS ***
ManuelSikora: raises $3 to $6
Zubasa07: raises $3 to $9
ManuelSikora: calls $3
*** FLOP *** [7c Kh Qd]
Zubasa07: bets $3
ManuelSikora: calls $3
*** TURN *** [7c Kh Qd] [Ks]
Zubasa07: checks
ManuelSikora: checks
*** RIVER *** [7c Kh Qd Ks] [5d]
Zubasa07: bets $6
ManuelSikora: folds
Uncalled bet ($6) returned to Zubasa07
Zubasa07 collected $23.52 from pot
Zubasa07: doesn't show hand
*** SUMMARY ***
Total pot $24 | Rake $0.48
Board [7c Kh Qd Ks 5d]
Seat 1: Zubasa07 (big blind) collected ($23.52)
Seat 10: ManuelSikora (button) (small blind) folded on the River


PokerStars Hand #172911597153:  Hold'em Limit ($3/$6 USD) - 2017/07/11 17:48:02 ET
Table 'Josefa II' 10-max Seat #1 is the button
Seat 1: Zubasa07 ($290.16 in chips)
Seat 10: ManuelSikora ($62.26 in chips)
Zubasa07: posts small blind $1
ManuelSikora: posts big blind $3
*** HOLE CARDS ***
Zubasa07: raises $3 to $6
ManuelSikora: calls $3
*** FLOP *** [3s 6s Ts]
ManuelSikora: bets $3
Zubasa07: calls $3
*** TURN *** [3s 6s Ts] [Qh]
ManuelSikora: checks
Zubasa07: bets $6
ManuelSikora: folds
Uncalled bet ($6) returned to Zubasa07
Zubasa07 collected $17.64 from pot
Zubasa07: doesn't show hand
*** SUMMARY ***
Total pot $18 | Rake $0.36
Board [3s 6s Ts Qh]
Seat 1: Zubasa07 (button) (small blind) collected ($17.64)
Seat 10: ManuelSikora (big blind) folded on the Turn


PokerStars Hand #172911622092:  Hold'em Limit ($3/$6 USD) - 2017/07/11 17:48:35 ET
Table 'Josefa II' 10-max Seat #10 is the button
Seat 1: Zubasa07 ($298.80 in chips)
Seat 10: ManuelSikora ($53.26 in chips)
ManuelSikora: posts small blind $1
Zubasa07: posts big blind $3
*** HOLE CARDS ***
ManuelSikora: raises $3 to $6
Zubasa07: calls $3
*** FLOP *** [4c Qd 4h]
Zubasa07: checks
ManuelSikora: bets $3
Zubasa07: raises $3 to $6
ManuelSikora: folds
Uncalled bet ($3) returned to Zubasa07
Zubasa07 collected $17.64 from pot
Zubasa07: doesn't show hand
*** SUMMARY ***
Total pot $18 | Rake $0.36
Board [4c Qd 4h]
Seat 1: Zubasa07 (big blind) collected ($17.64)
Seat 10: ManuelSikora (button) (small blind) folded on the Flop


PokerStars Hand #172911643590:  Hold'em Limit ($3/$6 USD) - 2017/07/11 17:49:04 ET
Table 'Josefa II' 10-max Seat #1 is the button
Seat 1: Zubasa07 ($307.44 in chips)
Seat 10: ManuelSikora ($44.26 in chips)
Zubasa07: posts small blind $1
ManuelSikora: posts big blind $3
*** HOLE CARDS ***
Zubasa07: raises $3 to $6
ManuelSikora: folds
Uncalled bet ($3) returned to Zubasa07
Zubasa07 collected $6 from pot
Zubasa07: doesn't show hand
*** SUMMARY ***
Total pot $6 | Rake $0
Seat 1: Zubasa07 (button) (small blind) collected ($6)
Seat 10: ManuelSikora (big blind) folded before Flop


PokerStars Hand #172911650106:  Hold'em Limit ($3/$6 USD) - 2017/07/11 17:49:12 ET
Table 'Josefa II' 10-max Seat #10 is the button
Seat 1: Zubasa07 ($310.44 in chips)
Seat 10: ManuelSikora ($41.26 in chips)
ManuelSikora: posts small blind $1
Zubasa07: posts big blind $3
*** HOLE CARDS ***
ManuelSikora: raises $3 to $6
Zubasa07: raises $3 to $9
ManuelSikora: raises $3 to $12
Betting is capped
Zubasa07: calls $3
*** FLOP *** [5d Jh 3s]
Zubasa07: checks
ManuelSikora: checks
*** TURN *** [5d Jh 3s] [Ks]
Zubasa07: bets $6
ManuelSikora: calls $6
*** RIVER *** [5d Jh 3s Ks] [Tc]
Zubasa07: bets $6
ManuelSikora: folds
Uncalled bet ($6) returned to Zubasa07
Zubasa07 collected $35.50 from pot
Zubasa07: doesn't show hand
*** SUMMARY ***
Total pot $36 | Rake $0.50
Board [5d Jh 3s Ks Tc]
Seat 1: Zubasa07 (big blind) collected ($35.50)
Seat 10: ManuelSikora (button) (small blind) folded on the River


PokerStars Hand #172911709938:  Hold'em Limit ($3/$6 USD) - 2017/07/11 17:50:32 ET
Table 'Josefa II' 10-max Seat #1 is the button
Seat 1: Zubasa07 ($340.46 in chips)
Seat 10: ManuelSikora ($10.26 in chips)
Zubasa07: posts small blind $1
ManuelSikora: posts big blind $3
*** HOLE CARDS ***
Zubasa07: folds
Uncalled bet ($2) returned to ManuelSikora
ManuelSikora collected $2 from pot
ManuelSikora: doesn't show hand
*** SUMMARY ***
Total pot $2 | Rake $0
Seat 1: Zubasa07 (button) (small blind) folded before Flop
Seat 10: ManuelSikora (big blind) collected ($2)


PokerStars Hand #172911706014:  Hold'em Limit ($3/$6 USD) - 2017/07/11 17:50:27 ET
Table 'Josefa II' 10-max Seat #10 is the button
Seat 1: Zubasa07 ($339.46 in chips)
Seat 10: ManuelSikora ($11.26 in chips)
ManuelSikora: posts small blind $1
Zubasa07: posts big blind $3
*** HOLE CARDS ***
ManuelSikora: folds
Uncalled bet ($2) returned to Zubasa07
Zubasa07 collected $2 from pot
Zubasa07: doesn't show hand
*** SUMMARY ***
Total pot $2 | Rake $0
Seat 1: Zubasa07 (big blind) collected ($2)
Seat 10: ManuelSikora (button) (small blind) folded before Flop


PokerStars Hand #172911678829:  Hold'em Limit ($3/$6 USD) - 2017/07/11 17:49:51 ET
Table 'Josefa II' 10-max Seat #1 is the button
Seat 1: Zubasa07 ($327.94 in chips)
Seat 10: ManuelSikora ($23.26 in chips)
Zubasa07: posts small blind $1
ManuelSikora: posts big blind $3
*** HOLE CARDS ***
Zubasa07: raises $3 to $6
ManuelSikora: raises $3 to $9
Zubasa07: calls $3
*** FLOP *** [Kc 3d 7h]
ManuelSikora: bets $3
Zubasa07: calls $3
*** TURN *** [Kc 3d 7h] [Ks]
ManuelSikora: checks
Zubasa07: bets $6
ManuelSikora: folds
Uncalled bet ($6) returned to Zubasa07
Zubasa07 collected $23.52 from pot
Zubasa07: doesn't show hand
*** SUMMARY ***
Total pot $24 | Rake $0.48
Board [Kc 3d 7h Ks]
Seat 1: Zubasa07 (button) (small blind) collected ($23.52)
Seat 10: ManuelSikora (big blind) folded on the Turn


PokerStars Hand #172911719505:  Hold'em Limit ($3/$6 USD) - 2017/07/11 17:50:45 ET
Table 'Josefa II' 10-max Seat #10 is the button
Seat 1: Zubasa07 ($339.46 in chips)
Seat 10: ManuelSikora ($11.26 in chips)
ManuelSikora: posts small blind $1
Zubasa07: posts big blind $3
*** HOLE CARDS ***
ManuelSikora: raises $3 to $6
Zubasa07: raises $3 to $9
ManuelSikora: raises $2.26 to $11.26 and is all-in
Betting is capped
Zubasa07: calls $2.26
*** FLOP *** [3s 9h 3d]
*** TURN *** [3s 9h 3d] [Js]
*** RIVER *** [3s 9h 3d Js] [Kc]
*** SHOW DOWN ***
Zubasa07: shows [Ad 8h] (a pair of Threes)
ManuelSikora: shows [3h Td] (three of a kind, Threes)
ManuelSikora collected $22.07 from pot
*** SUMMARY ***
Total pot $22.52 | Rake $0.45
Board [3s 9h 3d Js Kc]
Seat 1: Zubasa07 (big blind) showed [Ad 8h] and lost with a pair of Threes
Seat 10: ManuelSikora (button) (small blind) showed [3h Td] and won ($22.07) with three of a kind, Threes


PokerStars Hand #172911759908:  Hold'em Limit ($3/$6 USD) - 2017/07/11 17:51:39 ET
Table 'Josefa II' 10-max Seat #10 is the button
Seat 1: Zubasa07 ($336.84 in chips)
Seat 10: ManuelSikora ($13.07 in chips)
ManuelSikora: posts small blind $1
Zubasa07: posts big blind $3
*** HOLE CARDS ***
ManuelSikora: folds
Uncalled bet ($2) returned to Zubasa07
Zubasa07 collected $2 from pot
Zubasa07: doesn't show hand
*** SUMMARY ***
Total pot $2 | Rake $0
Seat 1: Zubasa07 (big blind) collected ($2)
Seat 10: ManuelSikora (button) (small blind) folded before Flop


PokerStars Hand #172911741464:  Hold'em Limit ($3/$6 USD) - 2017/07/11 17:51:14 ET
Table 'Josefa II' 10-max Seat #1 is the button
Seat 1: Zubasa07 ($328.20 in chips)
Seat 10: ManuelSikora ($22.07 in chips)
Zubasa07: posts small blind $1
ManuelSikora: posts big blind $3
*** HOLE CARDS ***
Zubasa07: raises $3 to $6
ManuelSikora: calls $3
*** FLOP *** [Qd Qc Td]
ManuelSikora: bets $3
Zubasa07: raises $3 to $6
ManuelSikora: folds
Uncalled bet ($3) returned to Zubasa07
Zubasa07 collected $17.64 from pot
Zubasa07: doesn't show hand
*** SUMMARY ***
Total pot $18 | Rake $0.36
Board [Qd Qc Td]
Seat 1: Zubasa07 (button) (small blind) collected ($17.64)
Seat 10: ManuelSikora (big blind) folded on the Flop


PokerStars Hand #172911785178:  Hold'em Limit ($3/$6 USD) - 2017/07/11 17:52:13 ET
Table 'Josefa II' 10-max Seat #8 is the button
Seat 1: Zubasa07 ($340.84 in chips)
Seat 8: mylifeluvsol ($47.71 in chips)
mylifeluvsol: posts small blind $1
Zubasa07: posts big blind $3
*** HOLE CARDS ***
mylifeluvsol: calls $2
Zubasa07: checks
*** FLOP *** [3d 7h 9h]
Zubasa07: checks
mylifeluvsol: bets $3
Zubasa07: raises $3 to $6
mylifeluvsol: calls $3
*** TURN *** [3d 7h 9h] [Tc]
Zubasa07: bets $6
mylifeluvsol: calls $6
*** RIVER *** [3d 7h 9h Tc] [7d]
Zubasa07: bets $6
mylifeluvsol: folds
Uncalled bet ($6) returned to Zubasa07
Zubasa07 collected $29.50 from pot
Zubasa07: doesn't show hand
*** SUMMARY ***
Total pot $30 | Rake $0.50
Board [3d 7h 9h Tc 7d]
Seat 1: Zubasa07 (big blind) collected ($29.50)
Seat 8: mylifeluvsol (button) (small blind) folded on the River


PokerStars Hand #172911809354:  Hold'em Limit ($3/$6 USD) - 2017/07/11 17:52:46 ET
Table 'Josefa II' 10-max Seat #1 is the button
Seat 1: Zubasa07 ($355.34 in chips)
Seat 8: mylifeluvsol ($32.71 in chips)
Zubasa07: posts small blind $1
mylifeluvsol: posts big blind $3
*** HOLE CARDS ***
Zubasa07: raises $3 to $6
mylifeluvsol: raises $3 to $9
Zubasa07: calls $3
*** FLOP *** [7s 5c Ts]
mylifeluvsol: bets $3
Zubasa07: calls $3
*** TURN *** [7s 5c Ts] [9c]
mylifeluvsol: bets $6
Zubasa07: calls $6
*** RIVER *** [7s 5c Ts 9c] [6c]
mylifeluvsol: checks
Zubasa07: checks
*** SHOW DOWN ***
mylifeluvsol: shows [As 8s] (a straight, Six to Ten)
Zubasa07: mucks hand
mylifeluvsol collected $35.50 from pot
*** SUMMARY ***
Total pot $36 | Rake $0.50
Board [7s 5c Ts 9c 6c]
Seat 1: Zubasa07 (button) (small blind) mucked
Seat 8: mylifeluvsol (big blind) showed [As 8s] and won ($35.50) with a straight, Six to Ten


PokerStars Hand #172911827062:  Hold'em Limit ($3/$6 USD) - 2017/07/11 17:53:09 ET
Table 'Josefa II' 10-max Seat #8 is the button
Seat 1: Zubasa07 ($337.34 in chips)
Seat 8: mylifeluvsol ($50.21 in chips)
mylifeluvsol: posts small blind $1
Zubasa07: posts big blind $3
*** HOLE CARDS ***
mylifeluvsol: calls $2
Zubasa07: checks
*** FLOP *** [6s Jc 5s]
Zubasa07: checks
mylifeluvsol: checks
*** TURN *** [6s Jc 5s] [4h]
Zubasa07: checks
mylifeluvsol: checks
*** RIVER *** [6s Jc 5s 4h] [5c]
Zubasa07: checks
mylifeluvsol: checks
*** SHOW DOWN ***
Zubasa07: shows [Qd 2d] (a pair of Fives)
mylifeluvsol: mucks hand
Zubasa07 collected $5.88 from pot
*** SUMMARY ***
Total pot $6 | Rake $0.12
Board [6s Jc 5s 4h 5c]
Seat 1: Zubasa07 (big blind) showed [Qd 2d] and won ($5.88) with a pair of Fives
Seat 8: mylifeluvsol (button) (small blind) mucked


PokerStars Hand #172911852461:  Hold'em Limit ($3/$6 USD) - 2017/07/11 17:53:44 ET
Table 'Josefa II' 10-max Seat #1 is the button
Seat 1: Zubasa07 ($340.22 in chips)
Seat 8: mylifeluvsol ($47.21 in chips)
Zubasa07: posts small blind $1
mylifeluvsol: posts big blind $3
*** HOLE CARDS ***
Zubasa07: folds
Uncalled bet ($2) returned to mylifeluvsol
mylifeluvsol collected $2 from pot
mylifeluvsol: doesn't show hand
*** SUMMARY ***
Total pot $2 | Rake $0
Seat 1: Zubasa07 (button) (small blind) folded before Flop
Seat 8: mylifeluvsol (big blind) collected ($2)


PokerStars Hand #172911884778:  Hold'em Limit ($3/$6 USD) - 2017/07/11 17:54:28 ET
Table 'Josefa II' 10-max Seat #1 is the button
Seat 1: Zubasa07 ($356.72 in chips)
Seat 8: mylifeluvsol ($30.21 in chips)
Zubasa07: posts small blind $1
mylifeluvsol: posts big blind $3
*** HOLE CARDS ***
Zubasa07: folds
Uncalled bet ($2) returned to mylifeluvsol
mylifeluvsol collected $2 from pot
mylifeluvsol: doesn't show hand
*** SUMMARY ***
Total pot $2 | Rake $0
Seat 1: Zubasa07 (button) (small blind) folded before Flop
Seat 8: mylifeluvsol (big blind) collected ($2)


PokerStars Hand #172911889273:  Hold'em Limit ($3/$6 USD) - 2017/07/11 17:54:34 ET
Table 'Josefa II' 10-max Seat #8 is the button
Seat 1: Zubasa07 ($355.72 in chips)
Seat 8: mylifeluvsol ($31.21 in chips)
mylifeluvsol: posts small blind $1
Zubasa07: posts big blind $3
*** HOLE CARDS ***
mylifeluvsol: folds
Uncalled bet ($2) returned to Zubasa07
Zubasa07 collected $2 from pot
Zubasa07: doesn't show hand
*** SUMMARY ***
Total pot $2 | Rake $0
Seat 1: Zubasa07 (big blind) collected ($2)
Seat 8: mylifeluvsol (button) (small blind) folded before Flop


PokerStars Hand #172911855976:  Hold'em Limit ($3/$6 USD) - 2017/07/11 17:53:49 ET
Table 'Josefa II' 10-max Seat #8 is the button
Seat 1: Zubasa07 ($339.22 in chips)
Seat 8: mylifeluvsol ($48.21 in chips)
mylifeluvsol: posts small blind $1
Zubasa07: posts big blind $3
*** HOLE CARDS ***
mylifeluvsol: raises $3 to $6
Zubasa07: calls $3
*** FLOP *** [6h 5s 9d]
Zubasa07: checks
mylifeluvsol: checks
*** TURN *** [6h 5s 9d] [6d]
Zubasa07: bets $6
mylifeluvsol: raises $6 to $12
Zubasa07: calls $6
*** RIVER *** [6h 5s 9d 6d] [Kh]
Zubasa07: checks
mylifeluvsol: checks
*** SHOW DOWN ***
Zubasa07: shows [5c Th] (two pair, Sixes and Fives)
mylifeluvsol: mucks hand
Zubasa07 collected $35.50 from pot
*** SUMMARY ***
Total pot $36 | Rake $0.50
Board [6h 5s 9d 6d Kh]
Seat 1: Zubasa07 (big blind) showed [5c Th] and won ($35.50) with two pair, Sixes and Fives
Seat 8: mylifeluvsol (button) (small blind) mucked


PokerStars Hand #172911921937:  Hold'em Limit ($3/$6 USD) - 2017/07/11 17:55:21 ET
Table 'Josefa II' 10-max Seat #8 is the button
Seat 1: Zubasa07 ($368.24 in chips)
Seat 8: mylifeluvsol ($18.21 in chips)
mylifeluvsol: posts small blind $1
Zubasa07: posts big blind $3
*** HOLE CARDS ***
mylifeluvsol: folds
Uncalled bet ($2) returned to Zubasa07
Zubasa07 collected $2 from pot
Zubasa07: doesn't show hand
*** SUMMARY ***
Total pot $2 | Rake $0
Seat 1: Zubasa07 (big blind) collected ($2)
Seat 8: mylifeluvsol (button) (small blind) folded before Flop


PokerStars Hand #172911944318:  Hold'em Limit ($3/$6 USD) - 2017/07/11 17:55:58 ET
Table 'Josefa II' 10-max Seat #8 is the button
Seat 1: Zubasa07 ($352.03 in chips)
Seat 8: mylifeluvsol ($33.92 in chips)
mylifeluvsol: posts small blind $1
Zubasa07: posts big blind $3
*** HOLE CARDS ***
mylifeluvsol: folds
Uncalled bet ($2) returned to Zubasa07
Zubasa07 collected $2 from pot
Zubasa07: doesn't show hand
*** SUMMARY ***
Total pot $2 | Rake $0
Seat 1: Zubasa07 (big blind) collected ($2)
Seat 8: mylifeluvsol (button) (small blind) folded before Flop


PokerStars Hand #172911953588:  Hold'em Limit ($3/$6 USD) - 2017/07/11 17:56:13 ET
Table 'Josefa II' 10-max Seat #8 is the button
Seat 1: Zubasa07 ($356.03 in chips)
Seat 8: mylifeluvsol ($29.92 in chips)
mylifeluvsol: posts small blind $1
Zubasa07: posts big blind $3
*** HOLE CARDS ***
mylifeluvsol: folds
Uncalled bet ($2) returned to Zubasa07
Zubasa07 collected $2 from pot
Zubasa07: doesn't show hand
*** SUMMARY ***
Total pot $2 | Rake $0
Seat 1: Zubasa07 (big blind) collected ($2)
Seat 8: mylifeluvsol (button) (small blind) folded before Flop


PokerStars Hand #172911948177:  Hold'em Limit ($3/$6 USD) - 2017/07/11 17:56:04 ET
Table 'Josefa II' 10-max Seat #1 is the button
Seat 1: Zubasa07 ($353.03 in chips)
Seat 8: mylifeluvsol ($32.92 in chips)
Zubasa07: posts small blind $1
mylifeluvsol: posts big blind $3
*** HOLE CARDS ***
Zubasa07: raises $3 to $6
mylifeluvsol: folds
Uncalled bet ($3) returned to Zubasa07
Zubasa07 collected $6 from pot
Zubasa07: doesn't show hand
*** SUMMARY ***
Total pot $6 | Rake $0
Seat 1: Zubasa07 (button) (small blind) collected ($6)
Seat 8: mylifeluvsol (big blind) folded before Flop


PokerStars Hand #172911924829:  Hold'em Limit ($3/$6 USD) - 2017/07/11 17:55:26 ET
Table 'Josefa II' 10-max Seat #1 is the button
Seat 1: Zubasa07 ($369.24 in chips)
Seat 8: mylifeluvsol ($17.21 in chips)
Zubasa07: posts small blind $1
mylifeluvsol: posts big blind $3
*** HOLE CARDS ***
Zubasa07: raises $3 to $6
mylifeluvsol: calls $3
*** FLOP *** [7s 3h 6s]
mylifeluvsol: checks
Zubasa07: bets $3
mylifeluvsol: raises $3 to $6
Zubasa07: raises $3 to $9
mylifeluvsol: raises $2.21 to $11.21 and is all-in
Betting is capped
Zubasa07: calls $2.21
*** TURN *** [7s 3h 6s] [Tc]
*** RIVER *** [7s 3h 6s Tc] [Qh]
*** SHOW DOWN ***
mylifeluvsol: shows [Ts 4s] (a pair of Tens)
Zubasa07: shows [2d Ac] (high card Ace)
mylifeluvsol collected $33.92 from pot
*** SUMMARY ***
Total pot $34.42 | Rake $0.50
Board [7s 3h 6s Tc Qh]
Seat 1: Zubasa07 (button) (small blind) showed [2d Ac] and lost with high card Ace
Seat 8: mylifeluvsol (big blind) showed [Ts 4s] and won ($33.92) with a pair of Tens


PokerStars Hand #172911981968:  Hold'em Limit ($3/$6 USD) - 2017/07/11 17:56:59 ET
Table 'Josefa II' 10-max Seat #8 is the button
Seat 1: Zubasa07 ($362.79 in chips)
Seat 8: mylifeluvsol ($22.92 in chips)
mylifeluvsol: posts small blind $1
Zubasa07: posts big blind $3
*** HOLE CARDS ***
mylifeluvsol: folds
Uncalled bet ($2) returned to Zubasa07
Zubasa07 collected $2 from pot
Zubasa07: doesn't show hand
*** SUMMARY ***
Total pot $2 | Rake $0
Seat 1: Zubasa07 (big blind) collected ($2)
Seat 8: mylifeluvsol (button) (small blind) folded before Flop


PokerStars Hand #172911995513:  Hold'em Limit ($3/$6 USD) - 2017/07/11 17:57:20 ET
Table 'Josefa II' 10-max Seat #8 is the button
Seat 1: Zubasa07 ($362.79 in chips)
Seat 8: mylifeluvsol ($22.92 in chips)
mylifeluvsol: posts small blind $1
Zubasa07: posts big blind $3
*** HOLE CARDS ***
mylifeluvsol: folds
Uncalled bet ($2) returned to Zubasa07
Zubasa07 collected $2 from pot
Zubasa07: doesn't show hand
*** SUMMARY ***
Total pot $2 | Rake $0
Seat 1: Zubasa07 (big blind) collected ($2)
Seat 8: mylifeluvsol (button) (small blind) folded before Flop


PokerStars Hand #172911991993:  Hold'em Limit ($3/$6 USD) - 2017/07/11 17:57:15 ET
Table 'Josefa II' 10-max Seat #1 is the button
Seat 1: Zubasa07 ($363.79 in chips)
Seat 8: mylifeluvsol ($21.92 in chips)
Zubasa07: posts small blind $1
mylifeluvsol: posts big blind $3
*** HOLE CARDS ***
Zubasa07: folds
Uncalled bet ($2) returned to mylifeluvsol
mylifeluvsol collected $2 from pot
mylifeluvsol: doesn't show hand
*** SUMMARY ***
Total pot $2 | Rake $0
Seat 1: Zubasa07 (button) (small blind) folded before Flop
Seat 8: mylifeluvsol (big blind) collected ($2)


PokerStars Hand #172911988712:  Hold'em Limit ($3/$6 USD) - 2017/07/11 17:57:09 ET
Table 'Josefa II' 10-max Seat #8 is the button
Seat 1: Zubasa07 ($362.79 in chips)
Seat 8: mylifeluvsol ($22.92 in chips)
mylifeluvsol: posts small blind $1
Zubasa07: posts big blind $3
*** HOLE CARDS ***
mylifeluvsol: folds
Uncalled bet ($2) returned to Zubasa07
Zubasa07 collected $2 from pot
Zubasa07: doesn't show hand
*** SUMMARY ***
Total pot $2 | Rake $0
Seat 1: Zubasa07 (big blind) collected ($2)
Seat 8: mylifeluvsol (button) (small blind) folded before Flop


PokerStars Hand #172911985411:  Hold'em Limit ($3/$6 USD) - 2017/07/11 17:57:04 ET
Table 'Josefa II' 10-max Seat #1 is the button
Seat 1: Zubasa07 ($363.79 in chips)
Seat 8: mylifeluvsol ($21.92 in chips)
Zubasa07: posts small blind $1
mylifeluvsol: posts big blind $3
*** HOLE CARDS ***
Zubasa07: folds
Uncalled bet ($2) returned to mylifeluvsol
mylifeluvsol collected $2 from pot
mylifeluvsol: doesn't show hand
*** SUMMARY ***
Total pot $2 | Rake $0
Seat 1: Zubasa07 (button) (small blind) folded before Flop
Seat 8: mylifeluvsol (big blind) collected ($2)


PokerStars Hand #172911957046:  Hold'em Limit ($3/$6 USD) - 2017/07/11 17:56:18 ET
Table 'Josefa II' 10-max Seat #1 is the button
Seat 1: Zubasa07 ($357.03 in chips)
Seat 8: mylifeluvsol ($28.92 in chips)
Zubasa07: posts small blind $1
mylifeluvsol: posts big blind $3
*** HOLE CARDS ***
Zubasa07: raises $3 to $6
mylifeluvsol: calls $3
*** FLOP *** [4c 3d 2d]
mylifeluvsol: checks
Zubasa07: checks
*** TURN *** [4c 3d 2d] [4d]
mylifeluvsol: checks
Zubasa07: bets $6
mylifeluvsol: folds
Uncalled bet ($6) returned to Zubasa07
Zubasa07 collected $11.76 from pot
Zubasa07: doesn't show hand
*** SUMMARY ***
Total pot $12 | Rake $0.24
Board [4c 3d 2d 4d]
Seat 1: Zubasa07 (button) (small blind) collected ($11.76)
Seat 8: mylifeluvsol (big blind) folded on the Turn


PokerStars Hand #172911998623:  Hold'em Limit ($3/$6 USD) - 2017/07/11 17:57:25 ET
Table 'Josefa II' 10-max Seat #1 is the button
Seat 1: Zubasa07 ($363.79 in chips)
Seat 8: mylifeluvsol ($21.92 in chips)
Zubasa07: posts small blind $1
mylifeluvsol: posts big blind $3
*** HOLE CARDS ***
Zubasa07: raises $3 to $6
mylifeluvsol: raises $3 to $9
Zubasa07: calls $3
*** FLOP *** [Js Th Qd]
mylifeluvsol: bets $3
Zubasa07: calls $3
*** TURN *** [Js Th Qd] [2s]
mylifeluvsol: bets $6
Zubasa07: calls $6
*** RIVER *** [Js Th Qd 2s] [6h]
mylifeluvsol: bets $3.92 and is all-in
Zubasa07: folds
Uncalled bet ($3.92) returned to mylifeluvsol
mylifeluvsol collected $35.50 from pot
mylifeluvsol: doesn't show hand
*** SUMMARY ***
Total pot $36 | Rake $0.50
Board [Js Th Qd 2s 6h]
Seat 1: Zubasa07 (button) (small blind) folded on the River
Seat 8: mylifeluvsol (big blind) collected ($35.50)


PokerStars Hand #172912012379:  Hold'em Limit ($3/$6 USD) - 2017/07/11 17:57:48 ET
Table 'Josefa II' 10-max Seat #8 is the button
Seat 1: Zubasa07 ($345.79 in chips)
Seat 8: mylifeluvsol ($39.42 in chips)
mylifeluvsol: posts small blind $1
Zubasa07: posts big blind $3
*** HOLE CARDS ***
mylifeluvsol: raises $3 to $6
Zubasa07: raises $3 to $9
mylifeluvsol: calls $3
*** FLOP *** [3d 4h 5s]
Zubasa07: bets $3
mylifeluvsol: calls $3
*** TURN *** [3d 4h 5s] [Ah]
Zubasa07: checks
mylifeluvsol: checks
*** RIVER *** [3d 4h 5s Ah] [7s]
Zubasa07: checks
mylifeluvsol: bets $6
Zubasa07: calls $6
*** SHOW DOWN ***
mylifeluvsol: shows [Td 8s] (high card Ace)
Zubasa07: shows [Ac Kc] (a pair of Aces)
Zubasa07 collected $35.50 from pot
*** SUMMARY ***
Total pot $36 | Rake $0.50
Board [3d 4h 5s Ah 7s]
Seat 1: Zubasa07 (big blind) showed [Ac Kc] and won ($35.50) with a pair of Aces
Seat 8: mylifeluvsol (button) (small blind) showed [Td 8s] and lost with high card Ace


PokerStars Hand #172912071879:  Hold'em Limit ($3/$6 USD) - 2017/07/11 17:59:23 ET
Table 'Josefa II' 10-max Seat #8 is the button
Seat 1: Zubasa07 ($364.05 in chips)
Seat 8: mylifeluvsol ($20.18 in chips)
mylifeluvsol: posts small blind $1
Zubasa07: posts big blind $3
*** HOLE CARDS ***
mylifeluvsol: folds
Uncalled bet ($2) returned to Zubasa07
Zubasa07 collected $2 from pot
Zubasa07: doesn't show hand
*** SUMMARY ***
Total pot $2 | Rake $0
Seat 1: Zubasa07 (big blind) collected ($2)
Seat 8: mylifeluvsol (button) (small blind) folded before Flop


PokerStars Hand #172912054984:  Hold'em Limit ($3/$6 USD) - 2017/07/11 17:58:56 ET
Table 'Josefa II' 10-max Seat #1 is the button
Seat 1: Zubasa07 ($370.05 in chips)
Seat 8: mylifeluvsol ($14.42 in chips)
Zubasa07: posts small blind $1
mylifeluvsol: posts big blind $3
*** HOLE CARDS ***
Zubasa07: raises $3 to $6
mylifeluvsol: calls $3
*** FLOP *** [5d Js 7s]
mylifeluvsol: checks
Zubasa07: checks
*** TURN *** [5d Js 7s] [2h]
mylifeluvsol: bets $6
Zubasa07: folds
Uncalled bet ($6) returned to mylifeluvsol
mylifeluvsol collected $11.76 from pot
mylifeluvsol: doesn't show hand
*** SUMMARY ***
Total pot $12 | Rake $0.24
Board [5d Js 7s 2h]
Seat 1: Zubasa07 (button) (small blind) folded on the Turn
Seat 8: mylifeluvsol (big blind) collected ($11.76)


PokerStars Hand #172912052057:  Hold'em Limit ($3/$6 USD) - 2017/07/11 17:58:51 ET
Table 'Josefa II' 10-max Seat #8 is the button
Seat 1: Zubasa07 ($369.05 in chips)
Seat 8: mylifeluvsol ($15.42 in chips)
mylifeluvsol: posts small blind $1
Zubasa07: posts big blind $3
*** HOLE CARDS ***
mylifeluvsol: folds
Uncalled bet ($2) returned to Zubasa07
Zubasa07 collected $2 from pot
Zubasa07: doesn't show hand
*** SUMMARY ***
Total pot $2 | Rake $0
Seat 1: Zubasa07 (big blind) collected ($2)
Seat 8: mylifeluvsol (button) (small blind) folded before Flop


PokerStars Hand #172912039594:  Hold'em Limit ($3/$6 USD) - 2017/07/11 17:58:31 ET
Table 'Josefa II' 10-max Seat #1 is the button
Seat 1: Zubasa07 ($363.29 in chips)
Seat 8: mylifeluvsol ($21.42 in chips)
Zubasa07: posts small blind $1
mylifeluvsol: posts big blind $3
*** HOLE CARDS ***
Zubasa07: raises $3 to $6
mylifeluvsol: calls $3
*** FLOP *** [7c 2h Ts]
mylifeluvsol: checks
Zubasa07: bets $3
mylifeluvsol: folds
Uncalled bet ($3) returned to Zubasa07
Zubasa07 collected $11.76 from pot
Zubasa07: doesn't show hand
*** SUMMARY ***
Total pot $12 | Rake $0.24
Board [7c 2h Ts]
Seat 1: Zubasa07 (button) (small blind) collected ($11.76)
Seat 8: mylifeluvsol (big blind) folded on the Flop


PokerStars Hand #172912075107:  Hold'em Limit ($3/$6 USD) - 2017/07/11 17:59:29 ET
Table 'Josefa II' 10-max Seat #1 is the button
Seat 1: Zubasa07 ($365.05 in chips)
Seat 8: mylifeluvsol ($19.18 in chips)
Zubasa07: posts small blind $1
mylifeluvsol: posts big blind $3
*** HOLE CARDS ***
Zubasa07: raises $3 to $6
mylifeluvsol: calls $3
*** FLOP *** [2c 8h 6c]
mylifeluvsol: checks
Zubasa07: checks
*** TURN *** [2c 8h 6c] [Td]
mylifeluvsol: checks
Zubasa07: checks
*** RIVER *** [2c 8h 6c Td] [9d]
mylifeluvsol: checks
Zubasa07: bets $6
mylifeluvsol: folds
Uncalled bet ($6) returned to Zubasa07
Zubasa07 collected $11.76 from pot
*** SUMMARY ***
Total pot $12 | Rake $0.24
Board [2c 8h 6c Td 9d]
Seat 1: Zubasa07 (button) (small blind) collected ($11.76)
Seat 8: mylifeluvsol (big blind) folded on the River


PokerStars Hand #172912092915:  Hold'em Limit ($3/$6 USD) - 2017/07/11 17:59:58 ET
Table 'Josefa II' 10-max Seat #8 is the button
Seat 1: Zubasa07 ($370.81 in chips)
Seat 8: mylifeluvsol ($13.18 in chips)
mylifeluvsol: posts small blind $1
Zubasa07: posts big blind $3
*** HOLE CARDS ***
mylifeluvsol: raises $3 to $6
Zubasa07: calls $3
*** FLOP *** [5c 5h 3h]
Zubasa07: checks
mylifeluvsol: bets $3
Zubasa07: calls $3
*** TURN *** [5c 5h 3h] [Js]
Zubasa07: checks
mylifeluvsol: bets $4.18 and is all-in
Zubasa07: calls $4.18
*** RIVER *** [5c 5h 3h Js] [As]
*** SHOW DOWN ***
Zubasa07: shows [6h Jc] (two pair, Jacks and Fives)
mylifeluvsol: shows [9h 8s] (a pair of Fives)
Zubasa07 collected $25.86 from pot
*** SUMMARY ***
Total pot $26.36 | Rake $0.50
Board [5c 5h 3h Js As]
Seat 1: Zubasa07 (big blind) showed [6h Jc] and won ($25.86) with two pair, Jacks and Fives
Seat 8: mylifeluvsol (button) (small blind) showed [9h 8s] and lost with a pair of Fives


