PokerStars Hand #156292612600:  Hold'em Limit ($3/$6 USD) - 2016/07/22 8:17:27 ET
Table 'Josefa' 6-max Seat #1 is the button
Seat 1: Ag3r0n ($73 in chips)
Seat 3: kukubek ($60 in chips)
Ag3r0n: posts small blind $1
kukubek: posts big blind $3
*** HOLE CARDS ***
Ag3r0n: raises $3 to $6
kukubek: calls $3
*** FLOP *** [7d Kd Jc]
kukubek: checks
Ag3r0n: bets $3
kukubek: folds
Uncalled bet ($3) returned to Ag3r0n
B_loJkl joins the table at seat #4
Ag3r0n collected $11.76 from pot
*** SUMMARY ***
Total pot $12 | Rake $0.24
Board [7d Kd Jc]
Seat 1: Ag3r0n (button) (small blind) collected ($11.76)
Seat 3: kukubek (big blind) folded on the Flop


PokerStars Hand #156292610348:  Hold'em Limit ($3/$6 USD) - 2016/07/22 8:17:22 ET
Table 'Josefa' 6-max Seat #3 is the button
Seat 1: Ag3r0n ($72 in chips)
Seat 3: kukubek ($61 in chips)
kukubek: posts small blind $1
Ag3r0n: posts big blind $3
*** HOLE CARDS ***
kukubek: folds
Uncalled bet ($2) returned to Ag3r0n
Ag3r0n collected $2 from pot
*** SUMMARY ***
Total pot $2 | Rake $0
Seat 1: Ag3r0n (big blind) collected ($2)
Seat 3: kukubek (button) (small blind) folded before Flop


PokerStars Hand #156292603955:  Hold'em Limit ($3/$6 USD) - 2016/07/22 8:17:08 ET
Table 'Josefa' 6-max Seat #1 is the button
Seat 1: Ag3r0n ($72 in chips)
Seat 3: kukubek ($60 in chips)
Ag3r0n: posts small blind $1
kukubek: posts big blind $3
*** HOLE CARDS ***
Ag3r0n: folds
Uncalled bet ($2) returned to kukubek
kukubek collected $2 from pot
*** SUMMARY ***
Total pot $2 | Rake $0
Seat 1: Ag3r0n (button) (small blind) folded before Flop
Seat 3: kukubek (big blind) collected ($2)


PokerStars Hand #156292835553:  Hold'em Limit ($3/$6 USD) - 2016/07/22 8:25:35 ET
Table 'Josefa' 6-max Seat #4 is the button
Seat 1: Ag3r0n ($125.35 in chips)
Seat 4: B_loJkl ($145.75 in chips)
B_loJkl: posts small blind $1
Ag3r0n: posts big blind $3
*** HOLE CARDS ***
B_loJkl: raises $3 to $6
Ag3r0n: calls $3
*** FLOP *** [2c Jd 7c]
Ag3r0n: checks
B_loJkl: bets $3
Ag3r0n: folds
Uncalled bet ($3) returned to B_loJkl
B_loJkl collected $11.76 from pot
B_loJkl: doesn't show hand
*** SUMMARY ***
Total pot $12 | Rake $0.24
Board [2c Jd 7c]
Seat 1: Ag3r0n (big blind) folded on the Flop
Seat 4: B_loJkl (button) (small blind) collected ($11.76)


PokerStars Hand #156292827710:  Hold'em Limit ($3/$6 USD) - 2016/07/22 8:25:18 ET
Table 'Josefa' 6-max Seat #1 is the button
Seat 1: Ag3r0n ($131.35 in chips)
Seat 4: B_loJkl ($139.99 in chips)
Ag3r0n: posts small blind $1
B_loJkl: posts big blind $3
*** HOLE CARDS ***
Ag3r0n: raises $3 to $6
B_loJkl: calls $3
*** FLOP *** [6h 7c Qc]
B_loJkl: checks
Ag3r0n: checks
*** TURN *** [6h 7c Qc] [5s]
B_loJkl: bets $6
Ag3r0n: folds
Uncalled bet ($6) returned to B_loJkl
B_loJkl collected $11.76 from pot
B_loJkl: doesn't show hand
*** SUMMARY ***
Total pot $12 | Rake $0.24
Board [6h 7c Qc 5s]
Seat 1: Ag3r0n (button) (small blind) folded on the Turn
Seat 4: B_loJkl (big blind) collected ($11.76)


PokerStars Hand #156292987849:  Hold'em Limit ($3/$6 USD) - 2016/07/22 8:31:01 ET
Table 'Josefa' 6-max Seat #4 is the button
Seat 1: Ag3r0n ($186.75 in chips)
Seat 4: B_loJkl ($135.81 in chips)
B_loJkl: posts small blind $1
Ag3r0n: posts big blind $3
*** HOLE CARDS ***
B_loJkl: folds
Uncalled bet ($2) returned to Ag3r0n
kukubek leaves the table
Ag3r0n collected $2 from pot
*** SUMMARY ***
Total pot $2 | Rake $0
Seat 1: Ag3r0n (big blind) collected ($2)
Seat 4: B_loJkl (button) (small blind) folded before Flop


PokerStars Hand #156292985790:  Hold'em Limit ($3/$6 USD) - 2016/07/22 8:30:56 ET
Table 'Josefa' 6-max Seat #1 is the button
Seat 1: Ag3r0n ($187.75 in chips)
Seat 4: B_loJkl ($134.81 in chips)
Ag3r0n: posts small blind $1
B_loJkl: posts big blind $3
*** HOLE CARDS ***
Ag3r0n: folds
Uncalled bet ($2) returned to B_loJkl
B_loJkl collected $2 from pot
B_loJkl: doesn't show hand
*** SUMMARY ***
Total pot $2 | Rake $0
Seat 1: Ag3r0n (button) (small blind) folded before Flop
Seat 4: B_loJkl (big blind) collected ($2)


PokerStars Hand #156292990434:  Hold'em Limit ($3/$6 USD) - 2016/07/22 8:31:06 ET
Table 'Josefa' 6-max Seat #1 is the button
Seat 1: Ag3r0n ($187.75 in chips)
Seat 4: B_loJkl ($134.81 in chips)
Ag3r0n: posts small blind $1
B_loJkl: posts big blind $3
*** HOLE CARDS ***
Ag3r0n: folds
Uncalled bet ($2) returned to B_loJkl
B_loJkl collected $2 from pot
B_loJkl: doesn't show hand
*** SUMMARY ***
Total pot $2 | Rake $0
Seat 1: Ag3r0n (button) (small blind) folded before Flop
Seat 4: B_loJkl (big blind) collected ($2)


PokerStars Hand #156292992485:  Hold'em Limit ($3/$6 USD) - 2016/07/22 8:31:10 ET
Table 'Josefa' 6-max Seat #4 is the button
Seat 1: Ag3r0n ($186.75 in chips)
Seat 4: B_loJkl ($135.81 in chips)
B_loJkl: posts small blind $1
Ag3r0n: posts big blind $3
*** HOLE CARDS ***
B_loJkl: raises $3 to $6
Ag3r0n: calls $3
*** FLOP *** [7h 4h 4s]
Ag3r0n: checks
B_loJkl: bets $3
Ag3r0n: raises $3 to $6
B_loJkl: calls $3
*** TURN *** [7h 4h 4s] [9c]
Ag3r0n: bets $6
B_loJkl: calls $6
*** RIVER *** [7h 4h 4s 9c] [2c]
Ag3r0n: bets $6
B_loJkl: calls $6
*** SHOW DOWN ***
Ag3r0n: shows [3c 4c] (three of a kind, Fours)
B_loJkl: mucks hand
Ag3r0n collected $47.50 from pot
*** SUMMARY ***
Total pot $48 | Rake $0.50
Board [7h 4h 4s 9c 2c]
Seat 1: Ag3r0n (big blind) showed [3c 4c] and won ($47.50) with three of a kind, Fours
Seat 4: B_loJkl (button) (small blind) mucked


