PokerStars Hand #157207177698:  Hold'em Limit ($3/$6 USD) - 2016/08/12 21:31:49 ET
Table 'Josephina' 6-max Seat #3 is the button
Seat 2: RaisemyNut$ ($174.91 in chips)
Seat 3: Necromadx ($171.76 in chips)
Necromadx: posts small blind $1
RaisemyNut$: posts big blind $3
*** HOLE CARDS ***
Necromadx: raises $3 to $6
RaisemyNut$: folds
Uncalled bet ($3) returned to Necromadx
mpmanila leaves the table
Necromadx collected $6 from pot
Necromadx: doesn't show hand
*** SUMMARY ***
Total pot $6 | Rake $0
Seat 2: RaisemyNut$ (big blind) folded before Flop
Seat 3: Necromadx (button) (small blind) collected ($6)


PokerStars Hand #157207234004:  Hold'em Limit ($3/$6 USD) - 2016/08/12 21:34:20 ET
Table 'Josephina' 6-max Seat #6 is the button
Seat 2: RaisemyNut$ ($170.67 in chips)
Seat 6: Profitables ($66.76 in chips)
Profitables: posts small blind $1
RaisemyNut$: posts big blind $3
*** HOLE CARDS ***
Profitables: raises $3 to $6
RaisemyNut$: calls $3
*** FLOP *** [8c Qd 4c]
RaisemyNut$: checks
Profitables: bets $3
RaisemyNut$: raises $3 to $6
Profitables: calls $3
*** TURN *** [8c Qd 4c] [2h]
RaisemyNut$: bets $6
Profitables: raises $6 to $12
RaisemyNut$: calls $6
*** RIVER *** [8c Qd 4c 2h] [5d]
RaisemyNut$: checks
Profitables: bets $6
RaisemyNut$: raises $6 to $12
Profitables: calls $6
*** SHOW DOWN ***
RaisemyNut$: shows [8h 5h] (two pair, Eights and Fives)
Profitables: mucks hand
RaisemyNut$ collected $71.50 from pot
*** SUMMARY ***
Total pot $72 | Rake $0.50
Board [8c Qd 4c 2h 5d]
Seat 2: RaisemyNut$ (big blind) showed [8h 5h] and won ($71.50) with two pair, Eights and Fives
Seat 6: Profitables (button) (small blind) mucked


PokerStars Hand #157207230388:  Hold'em Limit ($3/$6 USD) - 2016/08/12 21:34:10 ET
Table 'Josephina' 6-max Seat #2 is the button
Seat 2: RaisemyNut$ ($164.91 in chips)
Seat 6: Profitables ($72.76 in chips)
RaisemyNut$: posts small blind $1
Profitables: posts big blind $3
*** HOLE CARDS ***
RaisemyNut$: raises $3 to $6
Profitables: calls $3
*** FLOP *** [6c Th Jd]
Profitables: checks
RaisemyNut$: bets $3
Profitables: folds
Uncalled bet ($3) returned to RaisemyNut$
RaisemyNut$ collected $11.76 from pot
RaisemyNut$: doesn't show hand
*** SUMMARY ***
Total pot $12 | Rake $0.24
Board [6c Th Jd]
Seat 2: RaisemyNut$ (button) (small blind) collected ($11.76)
Seat 6: Profitables (big blind) folded on the Flop


PokerStars Hand #157207227121:  Hold'em Limit ($3/$6 USD) - 2016/08/12 21:34:01 ET
Table 'Josephina' 6-max Seat #6 is the button
Seat 2: RaisemyNut$ ($170.91 in chips)
Seat 6: Profitables ($67 in chips)
Profitables: posts small blind $1
RaisemyNut$: posts big blind $3
*** HOLE CARDS ***
Profitables: raises $3 to $6
RaisemyNut$: calls $3
*** FLOP *** [Jc 6d 2h]
RaisemyNut$: checks
Profitables: bets $3
RaisemyNut$: folds
Uncalled bet ($3) returned to Profitables
Profitables collected $11.76 from pot
Profitables: doesn't show hand
*** SUMMARY ***
Total pot $12 | Rake $0.24
Board [Jc 6d 2h]
Seat 2: RaisemyNut$ (big blind) folded on the Flop
Seat 6: Profitables (button) (small blind) collected ($11.76)


PokerStars Hand #157207223245:  Hold'em Limit ($3/$6 USD) - 2016/08/12 21:33:51 ET
Table 'Josephina' 6-max Seat #2 is the button
Seat 2: RaisemyNut$ ($171.91 in chips)
Seat 6: Profitables ($66 in chips)
RaisemyNut$: posts small blind $1
Profitables: posts big blind $3
*** HOLE CARDS ***
RaisemyNut$: folds
Uncalled bet ($2) returned to Profitables
Profitables collected $2 from pot
Profitables: doesn't show hand
*** SUMMARY ***
Total pot $2 | Rake $0
Seat 2: RaisemyNut$ (button) (small blind) folded before Flop
Seat 6: Profitables (big blind) collected ($2)


PokerStars Hand #157207241216:  Hold'em Limit ($3/$6 USD) - 2016/08/12 21:34:39 ET
Table 'Josephina' 6-max Seat #2 is the button
Seat 2: RaisemyNut$ ($206.17 in chips)
Seat 6: Profitables ($30.76 in chips)
RaisemyNut$: posts small blind $1
Profitables: posts big blind $3
*** HOLE CARDS ***
RaisemyNut$: raises $3 to $6
Profitables: calls $3
*** FLOP *** [As 5d 5s]
Profitables: checks
RaisemyNut$: bets $3
Profitables: calls $3
*** TURN *** [As 5d 5s] [Ad]
Profitables: checks
RaisemyNut$: bets $6
Profitables: raises $6 to $12
RaisemyNut$: calls $6
*** RIVER *** [As 5d 5s Ad] [7s]
Profitables: bets $6
RaisemyNut$: raises $6 to $12
Profitables: calls $3.76 and is all-in
Uncalled bet ($2.24) returned to RaisemyNut$
*** SHOW DOWN ***
RaisemyNut$: shows [Ah 6h] (a full house, Aces full of Fives)
Profitables: shows [5c 9c] (a full house, Fives full of Aces)
Profitables leaves the table
RaisemyNut$ collected $61.02 from pot
*** SUMMARY ***
Total pot $61.52 | Rake $0.50
Board [As 5d 5s Ad 7s]
Seat 2: RaisemyNut$ (button) (small blind) showed [Ah 6h] and won ($61.02) with a full house, Aces full of Fives
Seat 6: Profitables (big blind) showed [5c 9c] and lost with a full house, Fives full of Aces


