PokerStars Hand #147466838053:  Hold'em Limit ($3/$6 USD) - 2016/01/22 4:42:07 ET
Table 'Josephina II' 2-max Seat #2 is the button
Seat 1: _fayzulllo_ ($72 in chips)
Seat 2: annjne ($120 in chips)
annjne: posts small blind $1
_fayzulllo_: posts big blind $3
*** HOLE CARDS ***
annjne: raises $3 to $6
_fayzulllo_: calls $3
*** FLOP *** [3s 6h 7d]
_fayzulllo_: checks
annjne: bets $3
_fayzulllo_: calls $3
*** TURN *** [3s 6h 7d] [9h]
_fayzulllo_: checks
annjne: checks
*** RIVER *** [3s 6h 7d 9h] [Js]
_fayzulllo_: bets $6
annjne: folds
Uncalled bet ($6) returned to _fayzulllo_
_fayzulllo_ collected $17.64 from pot
*** SUMMARY ***
Total pot $18 | Rake $0.36
Board [3s 6h 7d 9h Js]
Seat 1: _fayzulllo_ (big blind) collected ($17.64)
Seat 2: annjne (button) (small blind) folded on the River


PokerStars Hand #147466853680:  Hold'em Limit ($3/$6 USD) - 2016/01/22 4:42:42 ET
Table 'Josephina II' 2-max Seat #1 is the button
Seat 1: _fayzulllo_ ($80.64 in chips)
Seat 2: annjne ($111 in chips)
_fayzulllo_: posts small blind $1
annjne: posts big blind $3
*** HOLE CARDS ***
_fayzulllo_: calls $2
annjne: checks
*** FLOP *** [5c Ks 4h]
annjne: checks
_fayzulllo_: checks
*** TURN *** [5c Ks 4h] [3c]
annjne: bets $6
_fayzulllo_: calls $6
*** RIVER *** [5c Ks 4h 3c] [2d]
annjne: checks
_fayzulllo_: bets $6
annjne: folds
Uncalled bet ($6) returned to _fayzulllo_
_fayzulllo_ collected $17.64 from pot
_fayzulllo_: doesn't show hand
*** SUMMARY ***
Total pot $18 | Rake $0.36
Board [5c Ks 4h 3c 2d]
Seat 1: _fayzulllo_ (button) (small blind) collected ($17.64)
Seat 2: annjne (big blind) folded on the River


PokerStars Hand #147466880849:  Hold'em Limit ($3/$6 USD) - 2016/01/22 4:43:40 ET
Table 'Josephina II' 2-max Seat #2 is the button
Seat 1: _fayzulllo_ ($89.28 in chips)
Seat 2: annjne ($102 in chips)
annjne: posts small blind $1
_fayzulllo_: posts big blind $3
*** HOLE CARDS ***
annjne: raises $3 to $6
_fayzulllo_: calls $3
*** FLOP *** [9d 2d 6d]
_fayzulllo_: checks
annjne: checks
*** TURN *** [9d 2d 6d] [Ts]
_fayzulllo_: bets $6
annjne: calls $6
*** RIVER *** [9d 2d 6d Ts] [4d]
_fayzulllo_: checks
annjne: checks
*** SHOW DOWN ***
_fayzulllo_: shows [6c Qc] (a pair of Sixes)
annjne: mucks hand
_fayzulllo_ collected $23.52 from pot
*** SUMMARY ***
Total pot $24 | Rake $0.48
Board [9d 2d 6d Ts 4d]
Seat 1: _fayzulllo_ (big blind) showed [6c Qc] and won ($23.52) with a pair of Sixes
Seat 2: annjne (button) (small blind) mucked


PokerStars Hand #147466925738:  Hold'em Limit ($3/$6 USD) - 2016/01/22 4:45:16 ET
Table 'Josephina II' 2-max Seat #1 is the button
Seat 1: _fayzulllo_ ($109.30 in chips)
Seat 2: annjne ($80.76 in chips)
_fayzulllo_: posts small blind $1
annjne: posts big blind $3
*** HOLE CARDS ***
_fayzulllo_: folds
Uncalled bet ($2) returned to annjne
annjne collected $2 from pot
annjne: doesn't show hand
*** SUMMARY ***
Total pot $2 | Rake $0
Seat 1: _fayzulllo_ (button) (small blind) folded before Flop
Seat 2: annjne (big blind) collected ($2)


PokerStars Hand #147466911877:  Hold'em Limit ($3/$6 USD) - 2016/01/22 4:44:47 ET
Table 'Josephina II' 2-max Seat #2 is the button
Seat 1: _fayzulllo_ ($94.80 in chips)
Seat 2: annjne ($95.76 in chips)
annjne: posts small blind $1
_fayzulllo_: posts big blind $3
*** HOLE CARDS ***
annjne: raises $3 to $6
_fayzulllo_: calls $3
*** FLOP *** [6h Th 6d]
_fayzulllo_: checks
annjne: bets $3
_fayzulllo_: calls $3
*** TURN *** [6h Th 6d] [Qd]
_fayzulllo_: checks
annjne: checks
*** RIVER *** [6h Th 6d Qd] [Jc]
_fayzulllo_: bets $6
annjne: calls $6
*** SHOW DOWN ***
_fayzulllo_: shows [Td Qh] (two pair, Queens and Tens)
annjne: mucks hand
_fayzulllo_ collected $29.50 from pot
*** SUMMARY ***
Total pot $30 | Rake $0.50
Board [6h Th 6d Qd Jc]
Seat 1: _fayzulllo_ (big blind) showed [Td Qh] and won ($29.50) with two pair, Queens and Tens
Seat 2: annjne (button) (small blind) mucked


PokerStars Hand #147466899426:  Hold'em Limit ($3/$6 USD) - 2016/01/22 4:44:20 ET
Table 'Josephina II' 2-max Seat #1 is the button
Seat 1: _fayzulllo_ ($100.80 in chips)
Seat 2: annjne ($90 in chips)
_fayzulllo_: posts small blind $1
annjne: posts big blind $3
*** HOLE CARDS ***
_fayzulllo_: calls $2
annjne: raises $3 to $6
_fayzulllo_: calls $3
*** FLOP *** [Td Kh Ac]
annjne: checks
_fayzulllo_: checks
*** TURN *** [Td Kh Ac] [As]
annjne: checks
_fayzulllo_: checks
*** RIVER *** [Td Kh Ac As] [Tc]
annjne: bets $6
_fayzulllo_: folds
Uncalled bet ($6) returned to annjne
annjne collected $11.76 from pot
annjne: doesn't show hand
*** SUMMARY ***
Total pot $12 | Rake $0.24
Board [Td Kh Ac As Tc]
Seat 1: _fayzulllo_ (button) (small blind) folded on the River
Seat 2: annjne (big blind) collected ($11.76)


