PokerStars Hand #150409587990:  Hold'em Limit ($3/$6 USD) - 2016/03/15 17:05:29 ET
Table 'Josephina II' 6-max Seat #1 is the button
Seat 1: Zubasa07 ($543.50 in chips)
Seat 4: kyzmich8282 ($76 in chips)
Zubasa07: posts small blind $1
kyzmich8282: posts big blind $3
*** HOLE CARDS ***
Zubasa07: raises $3 to $6
kyzmich8282: folds
Uncalled bet ($3) returned to Zubasa07
Zubasa07 collected $6 from pot
Zubasa07: doesn't show hand
*** SUMMARY ***
Total pot $6 | Rake $0
Seat 1: Zubasa07 (button) (small blind) collected ($6)
Seat 4: kyzmich8282 (big blind) folded before Flop


PokerStars Hand #150409623197:  Hold'em Limit ($3/$6 USD) - 2016/03/15 17:06:04 ET
Table 'Josephina II' 6-max Seat #1 is the button
Seat 1: Zubasa07 ($540.50 in chips)
Seat 4: kyzmich8282 ($78.76 in chips)
Zubasa07: posts small blind $1
kyzmich8282: posts big blind $3
*** HOLE CARDS ***
Zubasa07: raises $3 to $6
kyzmich8282: raises $3 to $9
Zubasa07: calls $3
*** FLOP *** [4h 7d 3d]
kyzmich8282: bets $3
Zubasa07: raises $3 to $6
kyzmich8282: calls $3
*** TURN *** [4h 7d 3d] [3h]
kyzmich8282: bets $6
Zubasa07: raises $6 to $12
kyzmich8282: raises $6 to $18
Zubasa07: calls $6
*** RIVER *** [4h 7d 3d 3h] [Js]
kyzmich8282: bets $6
Zubasa07: calls $6
*** SHOW DOWN ***
kyzmich8282: shows [3s Ah] (three of a kind, Threes)
Zubasa07: mucks hand
kyzmich8282 collected $77.50 from pot
*** SUMMARY ***
Total pot $78 | Rake $0.50
Board [4h 7d 3d 3h Js]
Seat 1: Zubasa07 (button) (small blind) mucked
Seat 4: kyzmich8282 (big blind) showed [3s Ah] and won ($77.50) with three of a kind, Threes


PokerStars Hand #150409594748:  Hold'em Limit ($3/$6 USD) - 2016/03/15 17:05:36 ET
Table 'Josephina II' 6-max Seat #4 is the button
Seat 1: Zubasa07 ($546.50 in chips)
Seat 4: kyzmich8282 ($73 in chips)
kyzmich8282: posts small blind $1
Zubasa07: posts big blind $3
*** HOLE CARDS ***
kyzmich8282: raises $3 to $6
Zubasa07: calls $3
*** FLOP *** [Ad Qh Jc]
Zubasa07: checks
kyzmich8282: checks
*** TURN *** [Ad Qh Jc] [2d]
Zubasa07: checks
Krazy90 joins the table at seat #6
kyzmich8282: bets $6
Zubasa07: folds
Uncalled bet ($6) returned to kyzmich8282
kyzmich8282 collected $11.76 from pot
kyzmich8282: doesn't show hand
*** SUMMARY ***
Total pot $12 | Rake $0.24
Board [Ad Qh Jc 2d]
Seat 1: Zubasa07 (big blind) folded on the Turn
Seat 4: kyzmich8282 (button) (small blind) collected ($11.76)


PokerStars Hand #150410453375:  Hold'em Limit ($3/$6 USD) - 2016/03/15 17:20:11 ET
Table 'Josephina II' 6-max Seat #2 is the button
Seat 2: tomhradil112 ($65.69 in chips)
Seat 5: krytalex ($114.60 in chips)
tomhradil112: posts small blind $1
krytalex: posts big blind $3
*** HOLE CARDS ***
tomhradil112: folds
Uncalled bet ($2) returned to krytalex
krytalex collected $2 from pot
*** SUMMARY ***
Total pot $2 | Rake $0
Seat 2: tomhradil112 (button) (small blind) folded before Flop
Seat 5: krytalex (big blind) collected ($2)


PokerStars Hand #150410447503:  Hold'em Limit ($3/$6 USD) - 2016/03/15 17:20:05 ET
Table 'Josephina II' 6-max Seat #5 is the button
Seat 2: tomhradil112 ($64.69 in chips)
Seat 5: krytalex ($115.60 in chips)
krytalex: posts small blind $1
tomhradil112: posts big blind $3
*** HOLE CARDS ***
krytalex: folds
Uncalled bet ($2) returned to tomhradil112
tomhradil112 collected $2 from pot
tomhradil112: doesn't show hand
bugsbubble leaves the table
*** SUMMARY ***
Total pot $2 | Rake $0
Seat 2: tomhradil112 (big blind) collected ($2)
Seat 5: krytalex (button) (small blind) folded before Flop


PokerStars Hand #150410457454:  Hold'em Limit ($3/$6 USD) - 2016/03/15 17:20:15 ET
Table 'Josephina II' 6-max Seat #5 is the button
Seat 2: tomhradil112 ($64.69 in chips)
Seat 5: krytalex ($115.60 in chips)
krytalex: posts small blind $1
tomhradil112: posts big blind $3
*** HOLE CARDS ***
krytalex: raises $3 to $6
tomhradil112: calls $3
*** FLOP *** [Qc 6c Js]
tomhradil112: checks
krytalex: bets $3
tomhradil112: folds
Uncalled bet ($3) returned to krytalex
krytalex collected $11.76 from pot
*** SUMMARY ***
Total pot $12 | Rake $0.24
Board [Qc 6c Js]
Seat 2: tomhradil112 (big blind) folded on the Flop
Seat 5: krytalex (button) (small blind) collected ($11.76)


PokerStars Hand #150410466258:  Hold'em Limit ($3/$6 USD) - 2016/03/15 17:20:24 ET
Table 'Josephina II' 6-max Seat #2 is the button
Seat 2: tomhradil112 ($58.69 in chips)
Seat 5: krytalex ($121.36 in chips)
tomhradil112: posts small blind $1
krytalex: posts big blind $3
*** HOLE CARDS ***
tomhradil112: raises $3 to $6
krytalex: calls $3
*** FLOP *** [5c 3s Jh]
krytalex: checks
tomhradil112: bets $3
krytalex: raises $3 to $6
tomhradil112: calls $3
*** TURN *** [5c 3s Jh] [As]
krytalex: bets $6
tomhradil112: calls $6
*** RIVER *** [5c 3s Jh As] [7c]
krytalex: checks
tomhradil112: checks
*** SHOW DOWN ***
krytalex: shows [2c Js] (a pair of Jacks)
tomhradil112: shows [Jd 9c] (a pair of Jacks - Ace+Nine kicker)
tomhradil112 collected $35.50 from pot
*** SUMMARY ***
Total pot $36 | Rake $0.50
Board [5c 3s Jh As 7c]
Seat 2: tomhradil112 (button) (small blind) showed [Jd 9c] and won ($35.50) with a pair of Jacks
Seat 5: krytalex (big blind) showed [2c Js] and lost with a pair of Jacks


PokerStars Hand #150410504033:  Hold'em Limit ($3/$6 USD) - 2016/03/15 17:21:04 ET
Table 'Josephina II' 6-max Seat #2 is the button
Seat 2: tomhradil112 ($55.19 in chips)
Seat 5: krytalex ($123.86 in chips)
tomhradil112: posts small blind $1
krytalex: posts big blind $3
*** HOLE CARDS ***
tomhradil112: folds
Uncalled bet ($2) returned to krytalex
krytalex collected $2 from pot
*** SUMMARY ***
Total pot $2 | Rake $0
Seat 2: tomhradil112 (button) (small blind) folded before Flop
Seat 5: krytalex (big blind) collected ($2)


PokerStars Hand #150410484289:  Hold'em Limit ($3/$6 USD) - 2016/03/15 17:20:43 ET
Table 'Josephina II' 6-max Seat #5 is the button
Seat 2: tomhradil112 ($76.19 in chips)
Seat 5: krytalex ($103.36 in chips)
krytalex: posts small blind $1
tomhradil112: posts big blind $3
*** HOLE CARDS ***
krytalex: raises $3 to $6
tomhradil112: calls $3
*** FLOP *** [As 8h 5c]
tomhradil112: checks
krytalex: bets $3
tomhradil112: calls $3
*** TURN *** [As 8h 5c] [9h]
tomhradil112: checks
krytalex: bets $6
tomhradil112: calls $6
*** RIVER *** [As 8h 5c 9h] [3s]
tomhradil112: checks
krytalex: bets $6
tomhradil112: calls $6
*** SHOW DOWN ***
krytalex: shows [5h Ac] (two pair, Aces and Fives)
tomhradil112: mucks hand
krytalex collected $41.50 from pot
*** SUMMARY ***
Total pot $42 | Rake $0.50
Board [As 8h 5c 9h 3s]
Seat 2: tomhradil112 (big blind) mucked
Seat 5: krytalex (button) (small blind) showed [5h Ac] and won ($41.50) with two pair, Aces and Fives


PokerStars Hand #150410544204:  Hold'em Limit ($3/$6 USD) - 2016/03/15 17:21:42 ET
Table 'Josephina II' 6-max Seat #2 is the button
Seat 2: tomhradil112 ($49.19 in chips)
Seat 5: krytalex ($129.50 in chips)
tomhradil112: posts small blind $1
krytalex: posts big blind $3
*** HOLE CARDS ***
tomhradil112: folds
Uncalled bet ($2) returned to krytalex
krytalex collected $2 from pot
*** SUMMARY ***
Total pot $2 | Rake $0
Seat 2: tomhradil112 (button) (small blind) folded before Flop
Seat 5: krytalex (big blind) collected ($2)


PokerStars Hand #150410538017:  Hold'em Limit ($3/$6 USD) - 2016/03/15 17:21:37 ET
Table 'Josephina II' 6-max Seat #5 is the button
Seat 2: tomhradil112 ($48.19 in chips)
Seat 5: krytalex ($130.50 in chips)
krytalex: posts small blind $1
tomhradil112: posts big blind $3
*** HOLE CARDS ***
krytalex: folds
Uncalled bet ($2) returned to tomhradil112
tomhradil112 collected $2 from pot
tomhradil112: doesn't show hand
*** SUMMARY ***
Total pot $2 | Rake $0
Seat 2: tomhradil112 (big blind) collected ($2)
Seat 5: krytalex (button) (small blind) folded before Flop


PokerStars Hand #150410526022:  Hold'em Limit ($3/$6 USD) - 2016/03/15 17:21:27 ET
Table 'Josephina II' 6-max Seat #2 is the button
Seat 2: tomhradil112 ($45.19 in chips)
Seat 5: krytalex ($133.50 in chips)
tomhradil112: posts small blind $1
krytalex: posts big blind $3
*** HOLE CARDS ***
tomhradil112: raises $3 to $6
krytalex: folds
Uncalled bet ($3) returned to tomhradil112
tomhradil112 collected $6 from pot
tomhradil112: doesn't show hand
*** SUMMARY ***
Total pot $6 | Rake $0
Seat 2: tomhradil112 (button) (small blind) collected ($6)
Seat 5: krytalex (big blind) folded before Flop


PokerStars Hand #150410508190:  Hold'em Limit ($3/$6 USD) - 2016/03/15 17:21:08 ET
Table 'Josephina II' 6-max Seat #5 is the button
Seat 2: tomhradil112 ($54.19 in chips)
Seat 5: krytalex ($124.86 in chips)
krytalex: posts small blind $1
tomhradil112: posts big blind $3
*** HOLE CARDS ***
krytalex: raises $3 to $6
tomhradil112: calls $3
*** FLOP *** [3c 8h 6c]
tomhradil112: bets $3
krytalex: calls $3
*** TURN *** [3c 8h 6c] [Th]
tomhradil112: checks
krytalex: bets $6
tomhradil112: folds
Uncalled bet ($6) returned to krytalex
krytalex collected $17.64 from pot
*** SUMMARY ***
Total pot $18 | Rake $0.36
Board [3c 8h 6c Th]
Seat 2: tomhradil112 (big blind) folded on the Turn
Seat 5: krytalex (button) (small blind) collected ($17.64)


PokerStars Hand #150410550748:  Hold'em Limit ($3/$6 USD) - 2016/03/15 17:21:48 ET
Table 'Josephina II' 6-max Seat #5 is the button
Seat 2: tomhradil112 ($48.19 in chips)
Seat 5: krytalex ($130.50 in chips)
krytalex: posts small blind $1
tomhradil112: posts big blind $3
*** HOLE CARDS ***
krytalex: raises $3 to $6
tomhradil112: calls $3
*** FLOP *** [9s Jd Kh]
tomhradil112: checks
krytalex: bets $3
tomhradil112: calls $3
*** TURN *** [9s Jd Kh] [Qc]
tomhradil112: checks
krytalex: checks
*** RIVER *** [9s Jd Kh Qc] [9d]
tomhradil112: checks
krytalex: checks
*** SHOW DOWN ***
tomhradil112: shows [Qh 8h] (two pair, Queens and Nines)
Blackadder77 joins the table at seat #3
krytalex: mucks hand
tomhradil112 collected $17.64 from pot
*** SUMMARY ***
Total pot $18 | Rake $0.36
Board [9s Jd Kh Qc 9d]
Seat 2: tomhradil112 (big blind) showed [Qh 8h] and won ($17.64) with two pair, Queens and Nines
Seat 5: krytalex (button) (small blind) mucked


PokerStars Hand #150411870534:  Hold'em Limit ($3/$6 USD) - 2016/03/15 17:43:21 ET
Table 'Josephina II' 6-max Seat #2 is the button
Seat 2: thekiing80 ($132.29 in chips)
Seat 5: krytalex ($72 in chips)
thekiing80: posts small blind $1
krytalex: posts big blind $3
*** HOLE CARDS ***
thekiing80: folds
Uncalled bet ($2) returned to krytalex
krytalex collected $2 from pot
*** SUMMARY ***
Total pot $2 | Rake $0
Seat 2: thekiing80 (button) (small blind) folded before Flop
Seat 5: krytalex (big blind) collected ($2)


PokerStars Hand #150411847463:  Hold'em Limit ($3/$6 USD) - 2016/03/15 17:42:56 ET
Table 'Josephina II' 6-max Seat #5 is the button
Seat 2: thekiing80 ($117.79 in chips)
Seat 5: krytalex ($73 in chips)
krytalex: posts small blind $1
thekiing80: posts big blind $3
*** HOLE CARDS ***
Krazy90 leaves the table
krytalex: raises $3 to $6
thekiing80: calls $3
*** FLOP *** [Kd Ks 8h]
thekiing80: checks
krytalex: bets $3
KETS25 joins the table at seat #6
thekiing80: calls $3
*** TURN *** [Kd Ks 8h] [6d]
thekiing80: checks
krytalex: checks
*** RIVER *** [Kd Ks 8h 6d] [7s]
thekiing80: bets $6
krytalex: calls $6
*** SHOW DOWN ***
thekiing80: shows [Kh 4d] (three of a kind, Kings)
krytalex: mucks hand
thekiing80 collected $29.50 from pot
*** SUMMARY ***
Total pot $30 | Rake $0.50
Board [Kd Ks 8h 6d 7s]
Seat 2: thekiing80 (big blind) showed [Kh 4d] and won ($29.50) with three of a kind, Kings
Seat 5: krytalex (button) (small blind) mucked


PokerStars Hand #150417797125:  Hold'em Limit ($3/$6 USD) - 2016/03/15 19:44:55 ET
Table 'Josephina II' 6-max Seat #2 is the button
Seat 2: thekiing80 ($94.92 in chips)
Seat 5: krytalex ($183.34 in chips)
thekiing80: posts small blind $1
krytalex: posts big blind $3
*** HOLE CARDS ***
thekiing80: raises $3 to $6
krytalex: calls $3
*** FLOP *** [Kd 8c Qc]
krytalex: checks
thekiing80: bets $3
krytalex: calls $3
*** TURN *** [Kd 8c Qc] [7h]
krytalex: checks
thekiing80: checks
*** RIVER *** [Kd 8c Qc 7h] [Ac]
krytalex: checks
thekiing80: checks
*** SHOW DOWN ***
krytalex: shows [8h 9c] (a pair of Eights)
thekiing80: mucks hand
krytalex collected $17.64 from pot
*** SUMMARY ***
Total pot $18 | Rake $0.36
Board [Kd 8c Qc 7h Ac]
Seat 2: thekiing80 (button) (small blind) mucked
Seat 5: krytalex (big blind) showed [8h 9c] and won ($17.64) with a pair of Eights


PokerStars Hand #150417818695:  Hold'em Limit ($3/$6 USD) - 2016/03/15 19:45:26 ET
Table 'Josephina II' 6-max Seat #2 is the button
Seat 2: thekiing80 ($79.92 in chips)
Seat 5: krytalex ($197.74 in chips)
thekiing80: posts small blind $1
krytalex: posts big blind $3
*** HOLE CARDS ***
thekiing80: raises $3 to $6
krytalex: folds
Uncalled bet ($3) returned to thekiing80
thekiing80 collected $6 from pot
thekiing80: doesn't show hand
*** SUMMARY ***
Total pot $6 | Rake $0
Seat 2: thekiing80 (button) (small blind) collected ($6)
Seat 5: krytalex (big blind) folded before Flop


PokerStars Hand #150417811708:  Hold'em Limit ($3/$6 USD) - 2016/03/15 19:45:16 ET
Table 'Josephina II' 6-max Seat #5 is the button
Seat 2: thekiing80 ($85.92 in chips)
Seat 5: krytalex ($191.98 in chips)
krytalex: posts small blind $1
thekiing80: posts big blind $3
*** HOLE CARDS ***
Krazy90 leaves the table
krytalex: raises $3 to $6
thekiing80: calls $3
*** FLOP *** [Kh 7d 2h]
thekiing80: checks
krytalex: bets $3
thekiing80: folds
Uncalled bet ($3) returned to krytalex
krytalex collected $11.76 from pot
*** SUMMARY ***
Total pot $12 | Rake $0.24
Board [Kh 7d 2h]
Seat 2: thekiing80 (big blind) folded on the Flop
Seat 5: krytalex (button) (small blind) collected ($11.76)


PokerStars Hand #150417824972:  Hold'em Limit ($3/$6 USD) - 2016/03/15 19:45:35 ET
Table 'Josephina II' 6-max Seat #5 is the button
Seat 2: thekiing80 ($82.92 in chips)
Seat 5: krytalex ($194.74 in chips)
krytalex: posts small blind $1
thekiing80: posts big blind $3
*** HOLE CARDS ***
krytalex: raises $3 to $6
thekiing80: folds
Uncalled bet ($3) returned to krytalex
krytalex collected $6 from pot
*** SUMMARY ***
Total pot $6 | Rake $0
Seat 2: thekiing80 (big blind) folded before Flop
Seat 5: krytalex (button) (small blind) collected ($6)


PokerStars Hand #150417829675:  Hold'em Limit ($3/$6 USD) - 2016/03/15 19:45:41 ET
Table 'Josephina II' 6-max Seat #2 is the button
Seat 2: thekiing80 ($79.92 in chips)
Seat 5: krytalex ($197.74 in chips)
thekiing80: posts small blind $1
krytalex: posts big blind $3
*** HOLE CARDS ***
thekiing80: raises $3 to $6
krytalex: raises $3 to $9
thekiing80: calls $3
*** FLOP *** [Tc 7d 2d]
krytalex: bets $3
thekiing80: calls $3
*** TURN *** [Tc 7d 2d] [Js]
krytalex: bets $6
thekiing80: calls $6
*** RIVER *** [Tc 7d 2d Js] [2s]
krytalex: checks
thekiing80: bets $6
krytalex: calls $6
*** SHOW DOWN ***
thekiing80: shows [4c 2c] (three of a kind, Deuces)
krytalex: mucks hand
thekiing80 collected $47.50 from pot
*** SUMMARY ***
Total pot $48 | Rake $0.50
Board [Tc 7d 2d Js 2s]
Seat 2: thekiing80 (button) (small blind) showed [4c 2c] and won ($47.50) with three of a kind, Deuces
Seat 5: krytalex (big blind) mucked


PokerStars Hand #150417851612:  Hold'em Limit ($3/$6 USD) - 2016/03/15 19:46:13 ET
Table 'Josephina II' 6-max Seat #5 is the button
Seat 2: thekiing80 ($103.42 in chips)
Seat 5: krytalex ($173.74 in chips)
krytalex: posts small blind $1
thekiing80: posts big blind $3
*** HOLE CARDS ***
krytalex: raises $3 to $6
thekiing80: folds
Uncalled bet ($3) returned to krytalex
krytalex collected $6 from pot
*** SUMMARY ***
Total pot $6 | Rake $0
Seat 2: thekiing80 (big blind) folded before Flop
Seat 5: krytalex (button) (small blind) collected ($6)


PokerStars Hand #150417886040:  Hold'em Limit ($3/$6 USD) - 2016/03/15 19:47:01 ET
Table 'Josephina II' 6-max Seat #5 is the button
Seat 2: thekiing80 ($94.18 in chips)
Seat 5: krytalex ($182.38 in chips)
krytalex: posts small blind $1
thekiing80: posts big blind $3
*** HOLE CARDS ***
krytalex: raises $3 to $6
thekiing80: calls $3
*** FLOP *** [3s Qc 5d]
thekiing80: checks
krytalex: bets $3
thekiing80: folds
Uncalled bet ($3) returned to krytalex
krytalex collected $11.76 from pot
*** SUMMARY ***
Total pot $12 | Rake $0.24
Board [3s Qc 5d]
Seat 2: thekiing80 (big blind) folded on the Flop
Seat 5: krytalex (button) (small blind) collected ($11.76)


PokerStars Hand #150417873652:  Hold'em Limit ($3/$6 USD) - 2016/03/15 19:46:44 ET
Table 'Josephina II' 6-max Seat #2 is the button
Seat 2: thekiing80 ($103.18 in chips)
Seat 5: krytalex ($173.74 in chips)
thekiing80: posts small blind $1
krytalex: posts big blind $3
*** HOLE CARDS ***
thekiing80: raises $3 to $6
krytalex: calls $3
*** FLOP *** [Qs 6c 9s]
krytalex: checks
thekiing80: bets $3
krytalex: calls $3
*** TURN *** [Qs 6c 9s] [3s]
krytalex: checks
thekiing80: checks
*** RIVER *** [Qs 6c 9s 3s] [4c]
krytalex: checks
thekiing80: checks
*** SHOW DOWN ***
krytalex: shows [4s Ad] (a pair of Fours)
thekiing80: mucks hand
krytalex collected $17.64 from pot
*** SUMMARY ***
Total pot $18 | Rake $0.36
Board [Qs 6c 9s 3s 4c]
Seat 2: thekiing80 (button) (small blind) mucked
Seat 5: krytalex (big blind) showed [4s Ad] and won ($17.64) with a pair of Fours


PokerStars Hand #150417893914:  Hold'em Limit ($3/$6 USD) - 2016/03/15 19:47:12 ET
Table 'Josephina II' 6-max Seat #2 is the button
Seat 2: thekiing80 ($88.18 in chips)
Seat 5: krytalex ($188.14 in chips)
thekiing80: posts small blind $1
krytalex: posts big blind $3
*** HOLE CARDS ***
thekiing80: raises $3 to $6
krytalex: raises $3 to $9
thekiing80: raises $3 to $12
Betting is capped
krytalex: calls $3
*** FLOP *** [2h Ah Jc]
krytalex: checks
thekiing80: bets $3
krytalex: raises $3 to $6
thekiing80: calls $3
*** TURN *** [2h Ah Jc] [Kd]
krytalex: bets $6
thekiing80: calls $6
*** RIVER *** [2h Ah Jc Kd] [9h]
krytalex: bets $6
thekiing80: calls $6
*** SHOW DOWN ***
krytalex: shows [Jd Js] (three of a kind, Jacks)
thekiing80: mucks hand
krytalex collected $59.50 from pot
*** SUMMARY ***
Total pot $60 | Rake $0.50
Board [2h Ah Jc Kd 9h]
Seat 2: thekiing80 (button) (small blind) mucked
Seat 5: krytalex (big blind) showed [Jd Js] and won ($59.50) with three of a kind, Jacks


PokerStars Hand #150417869439:  Hold'em Limit ($3/$6 USD) - 2016/03/15 19:46:38 ET
Table 'Josephina II' 6-max Seat #5 is the button
Seat 2: thekiing80 ($106.18 in chips)
Seat 5: krytalex ($170.74 in chips)
krytalex: posts small blind $1
thekiing80: posts big blind $3
*** HOLE CARDS ***
krytalex: raises $3 to $6
thekiing80: folds
Uncalled bet ($3) returned to krytalex
krytalex collected $6 from pot
*** SUMMARY ***
Total pot $6 | Rake $0
Seat 2: thekiing80 (big blind) folded before Flop
Seat 5: krytalex (button) (small blind) collected ($6)


PokerStars Hand #150417855202:  Hold'em Limit ($3/$6 USD) - 2016/03/15 19:46:18 ET
Table 'Josephina II' 6-max Seat #2 is the button
Seat 2: thekiing80 ($100.42 in chips)
Seat 5: krytalex ($176.74 in chips)
thekiing80: posts small blind $1
krytalex: posts big blind $3
*** HOLE CARDS ***
thekiing80: raises $3 to $6
krytalex: calls $3
*** FLOP *** [7h 4d 8d]
krytalex: checks
thekiing80: checks
*** TURN *** [7h 4d 8d] [7c]
krytalex: checks
thekiing80: bets $6
krytalex: folds
Uncalled bet ($6) returned to thekiing80
thekiing80 collected $11.76 from pot
thekiing80: doesn't show hand
*** SUMMARY ***
Total pot $12 | Rake $0.24
Board [7h 4d 8d 7c]
Seat 2: thekiing80 (button) (small blind) collected ($11.76)
Seat 5: krytalex (big blind) folded on the Turn


PokerStars Hand #150417910716:  Hold'em Limit ($3/$6 USD) - 2016/03/15 19:47:37 ET
Table 'Josephina II' 6-max Seat #5 is the button
Seat 2: thekiing80 ($58.18 in chips)
Seat 5: krytalex ($217.64 in chips)
krytalex: posts small blind $1
thekiing80: posts big blind $3
*** HOLE CARDS ***
$i1ver joins the table at seat #3
krytalex: raises $3 to $6
thekiing80: folds
Uncalled bet ($3) returned to krytalex
krytalex collected $6 from pot
*** SUMMARY ***
Total pot $6 | Rake $0
Seat 2: thekiing80 (big blind) folded before Flop
Seat 5: krytalex (button) (small blind) collected ($6)


PokerStars Hand #150418199994:  Hold'em Limit ($3/$6 USD) - 2016/03/15 19:54:36 ET
Table 'Josephina II' 6-max Seat #4 is the button
Seat 4: Pandakey ($162.36 in chips)
Seat 6: Zenci1993 ($169.43 in chips)
Pandakey: posts small blind $1
krytalex: is sitting out
Zenci1993: posts big blind $3
*** HOLE CARDS ***
Pandakey: raises $3 to $6
Zenci1993: calls $3
*** FLOP *** [8s 3d 7c]
Zenci1993: checks
Pandakey: bets $3
Zenci1993: calls $3
*** TURN *** [8s 3d 7c] [Ah]
Zenci1993: bets $6
Pandakey: calls $6
*** RIVER *** [8s 3d 7c Ah] [8c]
Zenci1993: bets $6
Pandakey: calls $6
*** SHOW DOWN ***
Zenci1993: shows [5h 6c] (a pair of Eights)
Pandakey: shows [7s 3s] (two pair, Eights and Sevens)
Pandakey collected $41.50 from pot
*** SUMMARY ***
Total pot $42 | Rake $0.50
Board [8s 3d 7c Ah 8c]
Seat 4: Pandakey (button) (small blind) showed [7s 3s] and won ($41.50) with two pair, Eights and Sevens
Seat 6: Zenci1993 (big blind) showed [5h 6c] and lost with a pair of Eights


