PokerStars Hand #162440083968:  Hold'em Limit ($3/$6 USD) - 2016/12/05 3:36:29 ET
Table 'Josefa' 6-max Seat #1 is the button
Seat 1: ToDaFelt ($121 in chips)
Seat 6: manly70 ($46.59 in chips)
ToDaFelt: posts small blind $1
manly70: posts big blind $3
*** HOLE CARDS ***
ToDaFelt: raises $3 to $6
manly70: calls $3
*** FLOP *** [3c 9h Ks]
manly70: checks
ToDaFelt: bets $3
manly70: raises $3 to $6
ToDaFelt: calls $3
*** TURN *** [3c 9h Ks] [2s]
manly70: bets $6
ToDaFelt: calls $6
*** RIVER *** [3c 9h Ks 2s] [7h]
manly70: bets $6
ToDaFelt: folds
Uncalled bet ($6) returned to manly70
manly70 collected $35.50 from pot
*** SUMMARY ***
Total pot $36 | Rake $0.50
Board [3c 9h Ks 2s 7h]
Seat 1: ToDaFelt (button) (small blind) folded on the River
Seat 6: manly70 (big blind) collected ($35.50)


PokerStars Hand #162440081977:  Hold'em Limit ($3/$6 USD) - 2016/12/05 3:36:22 ET
Table 'Josefa' 6-max Seat #6 is the button
Seat 1: ToDaFelt ($120 in chips)
Seat 6: manly70 ($47.59 in chips)
manly70: posts small blind $1
ToDaFelt: posts big blind $3
*** HOLE CARDS ***
manly70: folds
Uncalled bet ($2) returned to ToDaFelt
ToDaFelt collected $2 from pot
ToDaFelt: doesn't show hand
*** SUMMARY ***
Total pot $2 | Rake $0
Seat 1: ToDaFelt (big blind) collected ($2)
Seat 6: manly70 (button) (small blind) folded before Flop


PokerStars Hand #162440094908:  Hold'em Limit ($3/$6 USD) - 2016/12/05 3:37:05 ET
Table 'Josefa' 6-max Seat #6 is the button
Seat 1: ToDaFelt ($103 in chips)
Seat 6: manly70 ($64.09 in chips)
manly70: posts small blind $1
ToDaFelt: posts big blind $3
*** HOLE CARDS ***
markusfriebe joins the table at seat #4
manly70: raises $3 to $6
ToDaFelt: raises $3 to $9
manly70: calls $3
*** FLOP *** [6d Ah 8h]
ToDaFelt: bets $3
manly70: calls $3
*** TURN *** [6d Ah 8h] [7d]
ToDaFelt: bets $6
manly70: calls $6
*** RIVER *** [6d Ah 8h 7d] [Jh]
ToDaFelt: bets $6
manly70: calls $6
*** SHOW DOWN ***
ToDaFelt: shows [Kh Kc] (a pair of Kings)
manly70: shows [Ad 2s] (a pair of Aces)
manly70 collected $47.50 from pot
*** SUMMARY ***
Total pot $48 | Rake $0.50
Board [6d Ah 8h 7d Jh]
Seat 1: ToDaFelt (big blind) showed [Kh Kc] and lost with a pair of Kings
Seat 6: manly70 (button) (small blind) showed [Ad 2s] and won ($47.50) with a pair of Aces


PokerStars Hand #162440504961:  Hold'em Limit ($3/$6 USD) - 2016/12/05 3:58:53 ET
Table 'Josefa' 6-max Seat #2 is the button
Seat 1: ToDaFelt ($213.22 in chips)
Seat 2: 666diler6666 ($43.37 in chips)
666diler6666: posts small blind $1
VolkovDmitri: is sitting out
ToDaFelt: posts big blind $3
*** HOLE CARDS ***
666diler6666: raises $3 to $6
VolkovDmitri leaves the table
ToDaFelt: raises $3 to $9
666diler6666: calls $3
*** FLOP *** [3h Kh 6d]
ToDaFelt: bets $3
666diler6666: folds
Uncalled bet ($3) returned to ToDaFelt
ToDaFelt collected $17.64 from pot
ToDaFelt: doesn't show hand
*** SUMMARY ***
Total pot $18 | Rake $0.36
Board [3h Kh 6d]
Seat 1: ToDaFelt (big blind) collected ($17.64)
Seat 2: 666diler6666 (button) (small blind) folded on the Flop


PokerStars Hand #162440511263:  Hold'em Limit ($3/$6 USD) - 2016/12/05 3:59:15 ET
Table 'Josefa' 6-max Seat #1 is the button
Seat 1: ToDaFelt ($221.86 in chips)
Seat 2: 666diler6666 ($34.37 in chips)
ToDaFelt: posts small blind $1
666diler6666: posts big blind $3
*** HOLE CARDS ***
ToDaFelt: raises $3 to $6
666diler6666: raises $3 to $9
ToDaFelt: calls $3
*** FLOP *** [Ah As 4c]
666diler6666: bets $3
ToDaFelt: folds
Uncalled bet ($3) returned to 666diler6666
666diler6666 collected $17.64 from pot
*** SUMMARY ***
Total pot $18 | Rake $0.36
Board [Ah As 4c]
Seat 1: ToDaFelt (button) (small blind) folded on the Flop
Seat 2: 666diler6666 (big blind) collected ($17.64)


PokerStars Hand #162440519579:  Hold'em Limit ($3/$6 USD) - 2016/12/05 3:59:42 ET
Table 'Josefa' 6-max Seat #1 is the button
Seat 1: ToDaFelt ($213.86 in chips)
Seat 2: 666diler6666 ($42.01 in chips)
ToDaFelt: posts small blind $1
666diler6666: posts big blind $3
*** HOLE CARDS ***
ToDaFelt: raises $3 to $6
666diler6666: calls $3
*** FLOP *** [Jc 5c Ks]
666diler6666: checks
ToDaFelt: bets $3
666diler6666: folds
Uncalled bet ($3) returned to ToDaFelt
ToDaFelt collected $11.76 from pot
ToDaFelt: doesn't show hand
*** SUMMARY ***
Total pot $12 | Rake $0.24
Board [Jc 5c Ks]
Seat 1: ToDaFelt (button) (small blind) collected ($11.76)
Seat 2: 666diler6666 (big blind) folded on the Flop


PokerStars Hand #162440518102:  Hold'em Limit ($3/$6 USD) - 2016/12/05 3:59:37 ET
Table 'Josefa' 6-max Seat #2 is the button
Seat 1: ToDaFelt ($212.86 in chips)
Seat 2: 666diler6666 ($43.01 in chips)
666diler6666: posts small blind $1
ToDaFelt: posts big blind $3
*** HOLE CARDS ***
666diler6666: folds
Uncalled bet ($2) returned to ToDaFelt
ToDaFelt collected $2 from pot
ToDaFelt: doesn't show hand
*** SUMMARY ***
Total pot $2 | Rake $0
Seat 1: ToDaFelt (big blind) collected ($2)
Seat 2: 666diler6666 (button) (small blind) folded before Flop


PokerStars Hand #162440523131:  Hold'em Limit ($3/$6 USD) - 2016/12/05 3:59:54 ET
Table 'Josefa' 6-max Seat #2 is the button
Seat 1: ToDaFelt ($219.62 in chips)
Seat 2: 666diler6666 ($36.01 in chips)
666diler6666: posts small blind $1
ToDaFelt: posts big blind $3
*** HOLE CARDS ***
666diler6666: raises $3 to $6
ToDaFelt: calls $3
*** FLOP *** [Tc 3c Td]
ToDaFelt: checks
666diler6666: checks
*** TURN *** [Tc 3c Td] [8c]
ToDaFelt: bets $6
666diler6666: raises $6 to $12
ToDaFelt: raises $6 to $18
666diler6666: raises $6 to $24
Betting is capped
ToDaFelt: calls $6
*** RIVER *** [Tc 3c Td 8c] [Jc]
ToDaFelt: checks
666diler6666: bets $6
ToDaFelt: calls $6
*** SHOW DOWN ***
666diler6666: shows [Qd Ts] (three of a kind, Tens)
ToDaFelt: shows [6c 9c] (a flush, Jack high)
ToDaFelt collected $71.50 from pot
*** SUMMARY ***
Total pot $72 | Rake $0.50
Board [Tc 3c Td 8c Jc]
Seat 1: ToDaFelt (big blind) showed [6c 9c] and won ($71.50) with a flush, Jack high
Seat 2: 666diler6666 (button) (small blind) showed [Qd Ts] and lost with three of a kind, Tens


