PokerStars Hand #175047046952:  Hold'em Limit ($3/$6 USD) - 2017/08/31 20:58:37 ET
Table 'Jovita' 6-max Seat #3 is the button
Seat 3: ELSUPREMO999 ($120 in chips)
Seat 4: Bluf_To_Much ($77 in chips)
ELSUPREMO999: posts small blind $1
Bluf_To_Much: posts big blind $3
*** HOLE CARDS ***
ELSUPREMO999: calls $2
Bluf_To_Much: raises $3 to $6
ELSUPREMO999: calls $3
*** FLOP *** [9s 5h 5d]
Bluf_To_Much: bets $3
ELSUPREMO999: calls $3
*** TURN *** [9s 5h 5d] [Th]
Bluf_To_Much: checks
ELSUPREMO999: bets $6
Bluf_To_Much: calls $6
*** RIVER *** [9s 5h 5d Th] [5s]
Bluf_To_Much: checks
ELSUPREMO999: bets $6
Bluf_To_Much: calls $6
*** SHOW DOWN ***
ELSUPREMO999: shows [2d 2s] (a full house, Fives full of Deuces)
Bluf_To_Much: mucks hand
ELSUPREMO999 collected $41.50 from pot
*** SUMMARY ***
Total pot $42 | Rake $0.50
Board [9s 5h 5d Th 5s]
Seat 3: ELSUPREMO999 (button) (small blind) showed [2d 2s] and won ($41.50) with a full house, Fives full of Deuces
Seat 4: Bluf_To_Much (big blind) mucked


PokerStars Hand #175047084651:  Hold'em Limit ($3/$6 USD) - 2017/08/31 21:00:24 ET
Table 'Jovita' 6-max Seat #4 is the button
Seat 3: ELSUPREMO999 ($112.50 in chips)
Seat 4: Bluf_To_Much ($104.50 in chips)
Bluf_To_Much: posts small blind $1
ELSUPREMO999: posts big blind $3
*** HOLE CARDS ***
Bluf_To_Much: raises $3 to $6
ELSUPREMO999: calls $3
*** FLOP *** [3c Ts Qh]
ELSUPREMO999: checks
Bluf_To_Much: bets $3
ELSUPREMO999: calls $3
*** TURN *** [3c Ts Qh] [Jh]
ELSUPREMO999: checks
Bluf_To_Much: checks
*** RIVER *** [3c Ts Qh Jh] [9h]
ELSUPREMO999: bets $6
Bluf_To_Much: folds
Uncalled bet ($6) returned to ELSUPREMO999
ELSUPREMO999 collected $17.64 from pot
ELSUPREMO999: doesn't show hand
*** SUMMARY ***
Total pot $18 | Rake $0.36
Board [3c Ts Qh Jh 9h]
Seat 3: ELSUPREMO999 (big blind) collected ($17.64)
Seat 4: Bluf_To_Much (button) (small blind) folded on the River


PokerStars Hand #175047067663:  Hold'em Limit ($3/$6 USD) - 2017/08/31 20:59:36 ET
Table 'Jovita' 6-max Seat #4 is the button
Seat 3: ELSUPREMO999 ($140.50 in chips)
Seat 4: Bluf_To_Much ($77 in chips)
Bluf_To_Much: posts small blind $1
ELSUPREMO999: posts big blind $3
*** HOLE CARDS ***
Bluf_To_Much: raises $3 to $6
ELSUPREMO999: folds
Uncalled bet ($3) returned to Bluf_To_Much
Bluf_To_Much collected $6 from pot
*** SUMMARY ***
Total pot $6 | Rake $0
Seat 3: ELSUPREMO999 (big blind) folded before Flop
Seat 4: Bluf_To_Much (button) (small blind) collected ($6)


PokerStars Hand #175047073836:  Hold'em Limit ($3/$6 USD) - 2017/08/31 20:59:54 ET
Table 'Jovita' 6-max Seat #3 is the button
Seat 3: ELSUPREMO999 ($133.50 in chips)
Seat 4: Bluf_To_Much ($84 in chips)
ELSUPREMO999: posts small blind $1
Bluf_To_Much: posts big blind $3
*** HOLE CARDS ***
ELSUPREMO999: raises $3 to $6
Bluf_To_Much: raises $3 to $9
ELSUPREMO999: raises $3 to $12
Betting is capped
Bluf_To_Much: calls $3
*** FLOP *** [8s Kh 8h]
Bluf_To_Much: checks
ELSUPREMO999: bets $3
Bluf_To_Much: raises $3 to $6
ELSUPREMO999: raises $3 to $9
Bluf_To_Much: calls $3
*** TURN *** [8s Kh 8h] [3h]
Bluf_To_Much: checks
ELSUPREMO999: checks
*** RIVER *** [8s Kh 8h 3h] [Th]
Bluf_To_Much: checks
ELSUPREMO999: checks
*** SHOW DOWN ***
Bluf_To_Much: shows [Qs Qc] (two pair, Queens and Eights)
ELSUPREMO999: mucks hand
Bluf_To_Much collected $41.50 from pot
*** SUMMARY ***
Total pot $42 | Rake $0.50
Board [8s Kh 8h 3h Th]
Seat 3: ELSUPREMO999 (button) (small blind) mucked
Seat 4: Bluf_To_Much (big blind) showed [Qs Qc] and won ($41.50) with two pair, Queens and Eights


PokerStars Hand #175047071840:  Hold'em Limit ($3/$6 USD) - 2017/08/31 20:59:48 ET
Table 'Jovita' 6-max Seat #4 is the button
Seat 3: ELSUPREMO999 ($136.50 in chips)
Seat 4: Bluf_To_Much ($81 in chips)
Bluf_To_Much: posts small blind $1
ELSUPREMO999: posts big blind $3
*** HOLE CARDS ***
Bluf_To_Much: raises $3 to $6
ELSUPREMO999: folds
Uncalled bet ($3) returned to Bluf_To_Much
Bluf_To_Much collected $6 from pot
*** SUMMARY ***
Total pot $6 | Rake $0
Seat 3: ELSUPREMO999 (big blind) folded before Flop
Seat 4: Bluf_To_Much (button) (small blind) collected ($6)


PokerStars Hand #175047091078:  Hold'em Limit ($3/$6 USD) - 2017/08/31 21:00:42 ET
Table 'Jovita' 6-max Seat #3 is the button
Seat 3: ELSUPREMO999 ($121.14 in chips)
Seat 4: Bluf_To_Much ($95.50 in chips)
ELSUPREMO999: posts small blind $1
Bluf_To_Much: posts big blind $3
*** HOLE CARDS ***
ELSUPREMO999: calls $2
Bluf_To_Much: checks
*** FLOP *** [2c 7c Ks]
Bluf_To_Much: checks
ELSUPREMO999: bets $3
Bluf_To_Much: raises $3 to $6
ELSUPREMO999: calls $3
*** TURN *** [2c 7c Ks] [As]
Bluf_To_Much: checks
ELSUPREMO999: bets $6
Bluf_To_Much: calls $6
*** RIVER *** [2c 7c Ks As] [9c]
Bluf_To_Much: checks
ELSUPREMO999: bets $6
Bluf_To_Much: calls $6
*** SHOW DOWN ***
ELSUPREMO999: shows [6c Tc] (a flush, Ten high)
Bluf_To_Much: mucks hand
ELSUPREMO999 collected $41.50 from pot
*** SUMMARY ***
Total pot $42 | Rake $0.50
Board [2c 7c Ks As 9c]
Seat 3: ELSUPREMO999 (button) (small blind) showed [6c Tc] and won ($41.50) with a flush, Ten high
Seat 4: Bluf_To_Much (big blind) mucked


PokerStars Hand #175047128939:  Hold'em Limit ($3/$6 USD) - 2017/08/31 21:02:19 ET
Table 'Jovita' 6-max Seat #4 is the button
Seat 3: ELSUPREMO999 ($138.64 in chips)
Seat 4: Bluf_To_Much ($79.76 in chips)
Bluf_To_Much: posts small blind $1
ELSUPREMO999: posts big blind $3
*** HOLE CARDS ***
Bluf_To_Much: raises $3 to $6
ELSUPREMO999: calls $3
*** FLOP *** [Ac 6d Ah]
ELSUPREMO999: checks
Bluf_To_Much: bets $3
ELSUPREMO999: calls $3
*** TURN *** [Ac 6d Ah] [Kc]
ELSUPREMO999: checks
Bluf_To_Much: bets $6
ELSUPREMO999: folds
Uncalled bet ($6) returned to Bluf_To_Much
Bluf_To_Much collected $17.64 from pot
*** SUMMARY ***
Total pot $18 | Rake $0.36
Board [Ac 6d Ah Kc]
Seat 3: ELSUPREMO999 (big blind) folded on the Turn
Seat 4: Bluf_To_Much (button) (small blind) collected ($17.64)


PokerStars Hand #175047119831:  Hold'em Limit ($3/$6 USD) - 2017/08/31 21:01:56 ET
Table 'Jovita' 6-max Seat #3 is the button
Seat 3: ELSUPREMO999 ($135.64 in chips)
Seat 4: Bluf_To_Much ($82.76 in chips)
ELSUPREMO999: posts small blind $1
Bluf_To_Much: posts big blind $3
*** HOLE CARDS ***
ELSUPREMO999: raises $3 to $6
Bluf_To_Much: folds
Uncalled bet ($3) returned to ELSUPREMO999
ELSUPREMO999 collected $6 from pot
ELSUPREMO999: doesn't show hand
*** SUMMARY ***
Total pot $6 | Rake $0
Seat 3: ELSUPREMO999 (button) (small blind) collected ($6)
Seat 4: Bluf_To_Much (big blind) folded before Flop


PokerStars Hand #175047109439:  Hold'em Limit ($3/$6 USD) - 2017/08/31 21:01:30 ET
Table 'Jovita' 6-max Seat #4 is the button
Seat 3: ELSUPREMO999 ($141.64 in chips)
Seat 4: Bluf_To_Much ($77 in chips)
Bluf_To_Much: posts small blind $1
ELSUPREMO999: posts big blind $3
*** HOLE CARDS ***
Bluf_To_Much: raises $3 to $6
ELSUPREMO999: calls $3
*** FLOP *** [9d Kd 4d]
ELSUPREMO999: checks
Bluf_To_Much: bets $3
ELSUPREMO999: folds
Uncalled bet ($3) returned to Bluf_To_Much
Bluf_To_Much collected $11.76 from pot
*** SUMMARY ***
Total pot $12 | Rake $0.24
Board [9d Kd 4d]
Seat 3: ELSUPREMO999 (big blind) folded on the Flop
Seat 4: Bluf_To_Much (button) (small blind) collected ($11.76)


PokerStars Hand #175047142117:  Hold'em Limit ($3/$6 USD) - 2017/08/31 21:02:51 ET
Table 'Jovita' 6-max Seat #4 is the button
Seat 3: ELSUPREMO999 ($128.64 in chips)
Seat 4: Bluf_To_Much ($89.40 in chips)
Bluf_To_Much: posts small blind $1
ELSUPREMO999: posts big blind $3
*** HOLE CARDS ***
Bluf_To_Much: raises $3 to $6
ELSUPREMO999: raises $3 to $9
Bluf_To_Much: calls $3
*** FLOP *** [9s 7h Ah]
ELSUPREMO999: bets $3
Bluf_To_Much: calls $3
*** TURN *** [9s 7h Ah] [Kh]
ELSUPREMO999: bets $6
Bluf_To_Much: raises $6 to $12
ELSUPREMO999: calls $6
*** RIVER *** [9s 7h Ah Kh] [5h]
ELSUPREMO999: bets $6
Bluf_To_Much: calls $6
*** SHOW DOWN ***
ELSUPREMO999: shows [8d Th] (a flush, Ace high)
Bluf_To_Much: mucks hand
ELSUPREMO999 collected $59.50 from pot
*** SUMMARY ***
Total pot $60 | Rake $0.50
Board [9s 7h Ah Kh 5h]
Seat 3: ELSUPREMO999 (big blind) showed [8d Th] and won ($59.50) with a flush, Ace high
Seat 4: Bluf_To_Much (button) (small blind) mucked


PokerStars Hand #175047157678:  Hold'em Limit ($3/$6 USD) - 2017/08/31 21:03:29 ET
Table 'Jovita' 6-max Seat #4 is the button
Seat 3: ELSUPREMO999 ($157.14 in chips)
Seat 4: Bluf_To_Much ($78 in chips)
Bluf_To_Much: posts small blind $1
ELSUPREMO999: posts big blind $3
*** HOLE CARDS ***
Bluf_To_Much: raises $3 to $6
ELSUPREMO999: folds
Uncalled bet ($3) returned to Bluf_To_Much
Bluf_To_Much collected $6 from pot
*** SUMMARY ***
Total pot $6 | Rake $0
Seat 3: ELSUPREMO999 (big blind) folded before Flop
Seat 4: Bluf_To_Much (button) (small blind) collected ($6)


PokerStars Hand #175047138500:  Hold'em Limit ($3/$6 USD) - 2017/08/31 21:02:42 ET
Table 'Jovita' 6-max Seat #3 is the button
Seat 3: ELSUPREMO999 ($129.64 in chips)
Seat 4: Bluf_To_Much ($88.40 in chips)
ELSUPREMO999: posts small blind $1
Bluf_To_Much: posts big blind $3
*** HOLE CARDS ***
ELSUPREMO999: folds
Uncalled bet ($2) returned to Bluf_To_Much
Bluf_To_Much collected $2 from pot
*** SUMMARY ***
Total pot $2 | Rake $0
Seat 3: ELSUPREMO999 (button) (small blind) folded before Flop
Seat 4: Bluf_To_Much (big blind) collected ($2)


PokerStars Hand #175047160375:  Hold'em Limit ($3/$6 USD) - 2017/08/31 21:03:36 ET
Table 'Jovita' 6-max Seat #3 is the button
Seat 3: ELSUPREMO999 ($154.14 in chips)
Seat 4: Bluf_To_Much ($81 in chips)
ELSUPREMO999: posts small blind $1
Bluf_To_Much: posts big blind $3
*** HOLE CARDS ***
ELSUPREMO999: calls $2
Bluf_To_Much: raises $3 to $6
ELSUPREMO999: calls $3
*** FLOP *** [9c Ad 7s]
Bluf_To_Much: bets $3
ELSUPREMO999: raises $3 to $6
Bluf_To_Much: calls $3
*** TURN *** [9c Ad 7s] [Jc]
Bluf_To_Much: checks
ELSUPREMO999: bets $6
Bluf_To_Much: calls $6
*** RIVER *** [9c Ad 7s Jc] [Kc]
Bluf_To_Much: checks
ELSUPREMO999: bets $6
Bluf_To_Much: calls $6
*** SHOW DOWN ***
ELSUPREMO999: shows [3s 6s] (high card Ace)
Bluf_To_Much: shows [Qh Qc] (a pair of Queens)
Bluf_To_Much collected $47.50 from pot
*** SUMMARY ***
Total pot $48 | Rake $0.50
Board [9c Ad 7s Jc Kc]
Seat 3: ELSUPREMO999 (button) (small blind) showed [3s 6s] and lost with high card Ace
Seat 4: Bluf_To_Much (big blind) showed [Qh Qc] and won ($47.50) with a pair of Queens


PokerStars Hand #175047198125:  Hold'em Limit ($3/$6 USD) - 2017/08/31 21:05:09 ET
Table 'Jovita' 6-max Seat #3 is the button
Seat 3: ELSUPREMO999 ($163.64 in chips)
Seat 4: Bluf_To_Much ($81.76 in chips)
ELSUPREMO999: posts small blind $1
Bluf_To_Much: posts big blind $3
*** HOLE CARDS ***
ELSUPREMO999: folds
Uncalled bet ($2) returned to Bluf_To_Much
Bluf_To_Much collected $2 from pot
*** SUMMARY ***
Total pot $2 | Rake $0
Seat 3: ELSUPREMO999 (button) (small blind) folded before Flop
Seat 4: Bluf_To_Much (big blind) collected ($2)


PokerStars Hand #175047196286:  Hold'em Limit ($3/$6 USD) - 2017/08/31 21:05:04 ET
Table 'Jovita' 6-max Seat #4 is the button
Seat 3: ELSUPREMO999 ($162.64 in chips)
Seat 4: Bluf_To_Much ($82.76 in chips)
Bluf_To_Much: posts small blind $1
ELSUPREMO999: posts big blind $3
*** HOLE CARDS ***
Bluf_To_Much: folds
Uncalled bet ($2) returned to ELSUPREMO999
ELSUPREMO999 collected $2 from pot
ELSUPREMO999: doesn't show hand
*** SUMMARY ***
Total pot $2 | Rake $0
Seat 3: ELSUPREMO999 (big blind) collected ($2)
Seat 4: Bluf_To_Much (button) (small blind) folded before Flop


PokerStars Hand #175047188834:  Hold'em Limit ($3/$6 USD) - 2017/08/31 21:04:46 ET
Table 'Jovita' 6-max Seat #3 is the button
Seat 3: ELSUPREMO999 ($168.64 in chips)
Seat 4: Bluf_To_Much ($77 in chips)
ELSUPREMO999: posts small blind $1
Bluf_To_Much: posts big blind $3
*** HOLE CARDS ***
ELSUPREMO999: calls $2
Bluf_To_Much: raises $3 to $6
ELSUPREMO999: calls $3
*** FLOP *** [Kh Qs Qd]
Bluf_To_Much: bets $3
ELSUPREMO999: folds
Uncalled bet ($3) returned to Bluf_To_Much
Bluf_To_Much collected $11.76 from pot
*** SUMMARY ***
Total pot $12 | Rake $0.24
Board [Kh Qs Qd]
Seat 3: ELSUPREMO999 (button) (small blind) folded on the Flop
Seat 4: Bluf_To_Much (big blind) collected ($11.76)


PokerStars Hand #175047176651:  Hold'em Limit ($3/$6 USD) - 2017/08/31 21:04:16 ET
Table 'Jovita' 6-max Seat #4 is the button
Seat 3: ELSUPREMO999 ($130.14 in chips)
Seat 4: Bluf_To_Much ($104.50 in chips)
Bluf_To_Much: posts small blind $1
ELSUPREMO999: posts big blind $3
*** HOLE CARDS ***
Bluf_To_Much: raises $3 to $6
ELSUPREMO999: calls $3
*** FLOP *** [5d Qd 5c]
ELSUPREMO999: checks
Bluf_To_Much: bets $3
ELSUPREMO999: calls $3
*** TURN *** [5d Qd 5c] [8d]
ELSUPREMO999: checks
Bluf_To_Much: bets $6
ELSUPREMO999: raises $6 to $12
Bluf_To_Much: raises $6 to $18
ELSUPREMO999: raises $6 to $24
Betting is capped
Bluf_To_Much: calls $6
*** RIVER *** [5d Qd 5c 8d] [2s]
ELSUPREMO999: bets $6
Bluf_To_Much: calls $6
*** SHOW DOWN ***
ELSUPREMO999: shows [Ad 7d] (a flush, Ace high)
Bluf_To_Much: mucks hand
ELSUPREMO999 collected $77.50 from pot
*** SUMMARY ***
Total pot $78 | Rake $0.50
Board [5d Qd 5c 8d 2s]
Seat 3: ELSUPREMO999 (big blind) showed [Ad 7d] and won ($77.50) with a flush, Ace high
Seat 4: Bluf_To_Much (button) (small blind) mucked


PokerStars Hand #175047218635:  Hold'em Limit ($3/$6 USD) - 2017/08/31 21:05:59 ET
Table 'Jovita' 6-max Seat #3 is the button
Seat 3: ELSUPREMO999 ($186.14 in chips)
Seat 4: Bluf_To_Much ($77 in chips)
ELSUPREMO999: posts small blind $1
Bluf_To_Much: posts big blind $3
*** HOLE CARDS ***
bubsski joins the table at seat #2
ELSUPREMO999: folds
Uncalled bet ($2) returned to Bluf_To_Much
Bluf_To_Much collected $2 from pot
*** SUMMARY ***
Total pot $2 | Rake $0
Seat 3: ELSUPREMO999 (button) (small blind) folded before Flop
Seat 4: Bluf_To_Much (big blind) collected ($2)


PokerStars Hand #175047200487:  Hold'em Limit ($3/$6 USD) - 2017/08/31 21:05:14 ET
Table 'Jovita' 6-max Seat #4 is the button
Seat 3: ELSUPREMO999 ($162.64 in chips)
Seat 4: Bluf_To_Much ($82.76 in chips)
Bluf_To_Much: posts small blind $1
ELSUPREMO999: posts big blind $3
*** HOLE CARDS ***
Bluf_To_Much: raises $3 to $6
ELSUPREMO999: raises $3 to $9
Bluf_To_Much: calls $3
*** FLOP *** [7h 6d Th]
ELSUPREMO999: bets $3
Bluf_To_Much: calls $3
*** TURN *** [7h 6d Th] [5c]
ELSUPREMO999: bets $6
Bluf_To_Much: calls $6
*** RIVER *** [7h 6d Th 5c] [2s]
ELSUPREMO999: bets $6
Bluf_To_Much: calls $6
*** SHOW DOWN ***
ELSUPREMO999: shows [Ts Qh] (a pair of Tens)
Bluf_To_Much: mucks hand
ELSUPREMO999 collected $47.50 from pot
*** SUMMARY ***
Total pot $48 | Rake $0.50
Board [7h 6d Th 5c 2s]
Seat 3: ELSUPREMO999 (big blind) showed [Ts Qh] and won ($47.50) with a pair of Tens
Seat 4: Bluf_To_Much (button) (small blind) mucked


PokerStars Hand #175047292207:  Hold'em Limit ($3/$6 USD) - 2017/08/31 21:09:02 ET
Table 'Jovita' 6-max Seat #4 is the button
Seat 3: ELSUPREMO999 ($286.22 in chips)
Seat 4: Bluf_To_Much ($79.88 in chips)
Bluf_To_Much: posts small blind $1
ELSUPREMO999: posts big blind $3
*** HOLE CARDS ***
Bluf_To_Much: raises $3 to $6
ELSUPREMO999: calls $3
*** FLOP *** [5d 2d Tc]
ELSUPREMO999: checks
Bluf_To_Much: bets $3
ELSUPREMO999: calls $3
*** TURN *** [5d 2d Tc] [7s]
ELSUPREMO999: checks
Bluf_To_Much: checks
*** RIVER *** [5d 2d Tc 7s] [Ac]
ELSUPREMO999: bets $6
Bluf_To_Much: calls $6
*** SHOW DOWN ***
ELSUPREMO999: shows [Ts 3s] (a pair of Tens)
Bluf_To_Much: mucks hand
ELSUPREMO999 collected $29.50 from pot
*** SUMMARY ***
Total pot $30 | Rake $0.50
Board [5d 2d Tc 7s Ac]
Seat 3: ELSUPREMO999 (big blind) showed [Ts 3s] and won ($29.50) with a pair of Tens
Seat 4: Bluf_To_Much (button) (small blind) mucked


PokerStars Hand #175047279220:  Hold'em Limit ($3/$6 USD) - 2017/08/31 21:08:29 ET
Table 'Jovita' 6-max Seat #3 is the button
Seat 3: ELSUPREMO999 ($219.25 in chips)
Seat 4: Bluf_To_Much ($77 in chips)
ELSUPREMO999: posts small blind $1
Bluf_To_Much: posts big blind $3
*** HOLE CARDS ***
ELSUPREMO999: calls $2
Bluf_To_Much: checks
*** FLOP *** [6h 3h 7c]
Bluf_To_Much: checks
ELSUPREMO999: checks
*** TURN *** [6h 3h 7c] [Jc]
Bluf_To_Much: bets $6
ELSUPREMO999: folds
Uncalled bet ($6) returned to Bluf_To_Much
Bluf_To_Much collected $5.88 from pot
*** SUMMARY ***
Total pot $6 | Rake $0.12
Board [6h 3h 7c Jc]
Seat 3: ELSUPREMO999 (button) (small blind) folded on the Turn
Seat 4: Bluf_To_Much (big blind) collected ($5.88)


PokerStars Hand #175047318805:  Hold'em Limit ($3/$6 USD) - 2017/08/31 21:10:09 ET
Table 'Jovita' 6-max Seat #3 is the button
Seat 3: ELSUPREMO999 ($294.47 in chips)
Seat 4: Bluf_To_Much ($82.76 in chips)
ELSUPREMO999: posts small blind $1
Bluf_To_Much: posts big blind $3
*** HOLE CARDS ***
ELSUPREMO999: raises $3 to $6
Bluf_To_Much: calls $3
*** FLOP *** [4c 2s Qs]
Bluf_To_Much: checks
ELSUPREMO999: bets $3
Bluf_To_Much: calls $3
*** TURN *** [4c 2s Qs] [7c]
Bluf_To_Much: checks
ELSUPREMO999: bets $6
Bluf_To_Much: folds
Uncalled bet ($6) returned to ELSUPREMO999
ELSUPREMO999 collected $17.64 from pot
ELSUPREMO999: doesn't show hand
*** SUMMARY ***
Total pot $18 | Rake $0.36
Board [4c 2s Qs 7c]
Seat 3: ELSUPREMO999 (button) (small blind) collected ($17.64)
Seat 4: Bluf_To_Much (big blind) folded on the Turn


PokerStars Hand #175047313728:  Hold'em Limit ($3/$6 USD) - 2017/08/31 21:09:56 ET
Table 'Jovita' 6-max Seat #4 is the button
Seat 3: ELSUPREMO999 ($300.47 in chips)
Seat 4: Bluf_To_Much ($77 in chips)
Bluf_To_Much: posts small blind $1
ELSUPREMO999: posts big blind $3
*** HOLE CARDS ***
Bluf_To_Much: raises $3 to $6
ELSUPREMO999: calls $3
*** FLOP *** [Qh 8s Ad]
ELSUPREMO999: checks
Bluf_To_Much: bets $3
ELSUPREMO999: folds
Uncalled bet ($3) returned to Bluf_To_Much
Bluf_To_Much collected $11.76 from pot
*** SUMMARY ***
Total pot $12 | Rake $0.24
Board [Qh 8s Ad]
Seat 3: ELSUPREMO999 (big blind) folded on the Flop
Seat 4: Bluf_To_Much (button) (small blind) collected ($11.76)


PokerStars Hand #175047306129:  Hold'em Limit ($3/$6 USD) - 2017/08/31 21:09:37 ET
Table 'Jovita' 6-max Seat #3 is the button
Seat 3: ELSUPREMO999 ($300.72 in chips)
Seat 4: Bluf_To_Much ($77 in chips)
ELSUPREMO999: posts small blind $1
Bluf_To_Much: posts big blind $3
*** HOLE CARDS ***
ELSUPREMO999: calls $2
Bluf_To_Much: raises $3 to $6
ELSUPREMO999: calls $3
*** FLOP *** [8d Qd Ah]
Bluf_To_Much: bets $3
ELSUPREMO999: calls $3
*** TURN *** [8d Qd Ah] [Jd]
Bluf_To_Much: bets $6
ELSUPREMO999: raises $6 to $12
Bluf_To_Much: calls $6
*** RIVER *** [8d Qd Ah Jd] [8h]
Bluf_To_Much: checks
ELSUPREMO999: bets $6
Bluf_To_Much: calls $6
*** SHOW DOWN ***
ELSUPREMO999: shows [Ad 4s] (two pair, Aces and Eights)
Bluf_To_Much: shows [As Td] (two pair, Aces and Eights)
Bluf_To_Much collected $26.75 from pot
ELSUPREMO999 collected $26.75 from pot
*** SUMMARY ***
Total pot $54 | Rake $0.50
Board [8d Qd Ah Jd 8h]
Seat 3: ELSUPREMO999 (button) (small blind) showed [Ad 4s] and won ($26.75) with two pair, Aces and Eights
Seat 4: Bluf_To_Much (big blind) showed [As Td] and won ($26.75) with two pair, Aces and Eights


PokerStars Hand #175047331635:  Hold'em Limit ($3/$6 USD) - 2017/08/31 21:10:41 ET
Table 'Jovita' 6-max Seat #4 is the button
Seat 3: ELSUPREMO999 ($303.11 in chips)
Seat 4: Bluf_To_Much ($77 in chips)
Bluf_To_Much: posts small blind $1
ELSUPREMO999: posts big blind $3
*** HOLE CARDS ***
Bluf_To_Much: folds
Uncalled bet ($2) returned to ELSUPREMO999
ELSUPREMO999 collected $2 from pot
ELSUPREMO999: doesn't show hand
*** SUMMARY ***
Total pot $2 | Rake $0
Seat 3: ELSUPREMO999 (big blind) collected ($2)
Seat 4: Bluf_To_Much (button) (small blind) folded before Flop


PokerStars Hand #175047333498:  Hold'em Limit ($3/$6 USD) - 2017/08/31 21:10:46 ET
Table 'Jovita' 6-max Seat #3 is the button
Seat 3: ELSUPREMO999 ($304.11 in chips)
Seat 4: Bluf_To_Much ($77 in chips)
ELSUPREMO999: posts small blind $1
Bluf_To_Much: posts big blind $3
*** HOLE CARDS ***
ELSUPREMO999: calls $2
Bluf_To_Much: checks
*** FLOP *** [Jc 4c Js]
Bluf_To_Much: checks
ELSUPREMO999: checks
*** TURN *** [Jc 4c Js] [Ah]
Bluf_To_Much: checks
ELSUPREMO999: bets $6
Bluf_To_Much: calls $6
*** RIVER *** [Jc 4c Js Ah] [4d]
Bluf_To_Much: checks
ELSUPREMO999: bets $6
Bluf_To_Much: raises $6 to $12
ELSUPREMO999: folds
Uncalled bet ($6) returned to Bluf_To_Much
Bluf_To_Much collected $29.50 from pot
*** SUMMARY ***
Total pot $30 | Rake $0.50
Board [Jc 4c Js Ah 4d]
Seat 3: ELSUPREMO999 (button) (small blind) folded on the River
Seat 4: Bluf_To_Much (big blind) collected ($29.50)


PokerStars Hand #175047359003:  Hold'em Limit ($3/$6 USD) - 2017/08/31 21:11:50 ET
Table 'Jovita' 6-max Seat #4 is the button
Seat 3: ELSUPREMO999 ($289.11 in chips)
Seat 4: Bluf_To_Much ($91.50 in chips)
Bluf_To_Much: posts small blind $1
ELSUPREMO999: posts big blind $3
*** HOLE CARDS ***
Bluf_To_Much: raises $3 to $6
ELSUPREMO999: calls $3
*** FLOP *** [6d Th 7d]
ELSUPREMO999: checks
Bluf_To_Much: bets $3
ELSUPREMO999: calls $3
*** TURN *** [6d Th 7d] [9h]
ELSUPREMO999: checks
Bluf_To_Much: bets $6
ELSUPREMO999: calls $6
*** RIVER *** [6d Th 7d 9h] [4c]
ELSUPREMO999: checks
Bluf_To_Much: bets $6
ELSUPREMO999: calls $6
*** SHOW DOWN ***
Bluf_To_Much: shows [8s 6s] (a straight, Six to Ten)
ELSUPREMO999: mucks hand
Bluf_To_Much collected $41.50 from pot
*** SUMMARY ***
Total pot $42 | Rake $0.50
Board [6d Th 7d 9h 4c]
Seat 3: ELSUPREMO999 (big blind) mucked
Seat 4: Bluf_To_Much (button) (small blind) showed [8s 6s] and won ($41.50) with a straight, Six to Ten


PokerStars Hand #175047378930:  Hold'em Limit ($3/$6 USD) - 2017/08/31 21:12:40 ET
Table 'Jovita' 6-max Seat #3 is the button
Seat 3: ELSUPREMO999 ($268.11 in chips)
Seat 4: Bluf_To_Much ($112 in chips)
ELSUPREMO999: posts small blind $1
Bluf_To_Much: posts big blind $3
*** HOLE CARDS ***
ELSUPREMO999: raises $3 to $6
Bluf_To_Much: calls $3
*** FLOP *** [8h 4c Th]
Bluf_To_Much: checks
ELSUPREMO999: bets $3
Bluf_To_Much: raises $3 to $6
ELSUPREMO999: calls $3
*** TURN *** [8h 4c Th] [Kc]
Bluf_To_Much: bets $6
ELSUPREMO999: calls $6
*** RIVER *** [8h 4c Th Kc] [5h]
Bluf_To_Much: bets $6
ELSUPREMO999: calls $6
*** SHOW DOWN ***
Bluf_To_Much: shows [Jh Qc] (high card King)
ELSUPREMO999: shows [7d 7c] (a pair of Sevens)
ELSUPREMO999 collected $47.50 from pot
*** SUMMARY ***
Total pot $48 | Rake $0.50
Board [8h 4c Th Kc 5h]
Seat 3: ELSUPREMO999 (button) (small blind) showed [7d 7c] and won ($47.50) with a pair of Sevens
Seat 4: Bluf_To_Much (big blind) showed [Jh Qc] and lost with high card King


PokerStars Hand #175047390475:  Hold'em Limit ($3/$6 USD) - 2017/08/31 21:13:09 ET
Table 'Jovita' 6-max Seat #4 is the button
Seat 3: ELSUPREMO999 ($291.61 in chips)
Seat 4: Bluf_To_Much ($88 in chips)
Bluf_To_Much: posts small blind $1
ELSUPREMO999: posts big blind $3
*** HOLE CARDS ***
Bluf_To_Much: raises $3 to $6
ELSUPREMO999: folds
Uncalled bet ($3) returned to Bluf_To_Much
Bluf_To_Much collected $6 from pot
*** SUMMARY ***
Total pot $6 | Rake $0
Seat 3: ELSUPREMO999 (big blind) folded before Flop
Seat 4: Bluf_To_Much (button) (small blind) collected ($6)


PokerStars Hand #175047395505:  Hold'em Limit ($3/$6 USD) - 2017/08/31 21:13:21 ET
Table 'Jovita' 6-max Seat #3 is the button
Seat 3: ELSUPREMO999 ($288.61 in chips)
Seat 4: Bluf_To_Much ($91 in chips)
ELSUPREMO999: posts small blind $1
Bluf_To_Much: posts big blind $3
*** HOLE CARDS ***
ELSUPREMO999: folds
Uncalled bet ($2) returned to Bluf_To_Much
Bluf_To_Much collected $2 from pot
*** SUMMARY ***
Total pot $2 | Rake $0
Seat 3: ELSUPREMO999 (button) (small blind) folded before Flop
Seat 4: Bluf_To_Much (big blind) collected ($2)


PokerStars Hand #175047409923:  Hold'em Limit ($3/$6 USD) - 2017/08/31 21:13:58 ET
Table 'Jovita' 6-max Seat #3 is the button
Seat 3: ELSUPREMO999 ($296.25 in chips)
Seat 4: Bluf_To_Much ($83 in chips)
ELSUPREMO999: posts small blind $1
Bluf_To_Much: posts big blind $3
*** HOLE CARDS ***
ELSUPREMO999: raises $3 to $6
Bluf_To_Much: folds
Uncalled bet ($3) returned to ELSUPREMO999
ELSUPREMO999 collected $6 from pot
ELSUPREMO999: doesn't show hand
*** SUMMARY ***
Total pot $6 | Rake $0
Seat 3: ELSUPREMO999 (button) (small blind) collected ($6)
Seat 4: Bluf_To_Much (big blind) folded before Flop


PokerStars Hand #175047402014:  Hold'em Limit ($3/$6 USD) - 2017/08/31 21:13:38 ET
Table 'Jovita' 6-max Seat #4 is the button
Seat 3: ELSUPREMO999 ($287.61 in chips)
Seat 4: Bluf_To_Much ($92 in chips)
Bluf_To_Much: posts small blind $1
ELSUPREMO999: posts big blind $3
*** HOLE CARDS ***
Bluf_To_Much: raises $3 to $6
ELSUPREMO999: raises $3 to $9
Bluf_To_Much: calls $3
*** FLOP *** [Kd 6s Tc]
ELSUPREMO999: checks
Bluf_To_Much: checks
*** TURN *** [Kd 6s Tc] [2d]
ELSUPREMO999: bets $6
Bluf_To_Much: folds
Uncalled bet ($6) returned to ELSUPREMO999
ELSUPREMO999 collected $17.64 from pot
ELSUPREMO999: doesn't show hand
*** SUMMARY ***
Total pot $18 | Rake $0.36
Board [Kd 6s Tc 2d]
Seat 3: ELSUPREMO999 (big blind) collected ($17.64)
Seat 4: Bluf_To_Much (button) (small blind) folded on the Turn


PokerStars Hand #175047412467:  Hold'em Limit ($3/$6 USD) - 2017/08/31 21:14:05 ET
Table 'Jovita' 6-max Seat #4 is the button
Seat 3: ELSUPREMO999 ($299.25 in chips)
Seat 4: Bluf_To_Much ($80 in chips)
Bluf_To_Much: posts small blind $1
ELSUPREMO999: posts big blind $3
*** HOLE CARDS ***
Bluf_To_Much: raises $3 to $6
ELSUPREMO999: calls $3
*** FLOP *** [2c 3c 5d]
ELSUPREMO999: checks
Bluf_To_Much: bets $3
ELSUPREMO999: calls $3
*** TURN *** [2c 3c 5d] [Qh]
ELSUPREMO999: checks
Bluf_To_Much: bets $6
ELSUPREMO999: raises $6 to $12
Bluf_To_Much: calls $6
*** RIVER *** [2c 3c 5d Qh] [9h]
ELSUPREMO999: bets $6
Bluf_To_Much: calls $6
*** SHOW DOWN ***
ELSUPREMO999: shows [Ts Qd] (a pair of Queens)
Bluf_To_Much: mucks hand
ELSUPREMO999 collected $53.50 from pot
*** SUMMARY ***
Total pot $54 | Rake $0.50
Board [2c 3c 5d Qh 9h]
Seat 3: ELSUPREMO999 (big blind) showed [Ts Qd] and won ($53.50) with a pair of Queens
Seat 4: Bluf_To_Much (button) (small blind) mucked


PokerStars Hand #175047425264:  Hold'em Limit ($3/$6 USD) - 2017/08/31 21:14:37 ET
Table 'Jovita' 6-max Seat #3 is the button
Seat 3: ELSUPREMO999 ($325.75 in chips)
Seat 4: Bluf_To_Much ($77 in chips)
ELSUPREMO999: posts small blind $1
Bluf_To_Much: posts big blind $3
*** HOLE CARDS ***
ELSUPREMO999: calls $2
Bluf_To_Much: checks
*** FLOP *** [7d Qs 5c]
Bluf_To_Much: checks
ELSUPREMO999: checks
*** TURN *** [7d Qs 5c] [9c]
Bluf_To_Much: bets $6
ELSUPREMO999: folds
Uncalled bet ($6) returned to Bluf_To_Much
Bluf_To_Much collected $5.88 from pot
*** SUMMARY ***
Total pot $6 | Rake $0.12
Board [7d Qs 5c 9c]
Seat 3: ELSUPREMO999 (button) (small blind) folded on the Turn
Seat 4: Bluf_To_Much (big blind) collected ($5.88)


PokerStars Hand #175047431974:  Hold'em Limit ($3/$6 USD) - 2017/08/31 21:14:55 ET
Table 'Jovita' 6-max Seat #4 is the button
Seat 3: ELSUPREMO999 ($322.75 in chips)
Seat 4: Bluf_To_Much ($79.88 in chips)
Bluf_To_Much: posts small blind $1
ELSUPREMO999: posts big blind $3
*** HOLE CARDS ***
Bluf_To_Much: raises $3 to $6
ELSUPREMO999: calls $3
*** FLOP *** [4h 8d Qc]
ELSUPREMO999: checks
Bluf_To_Much: bets $3
ELSUPREMO999: calls $3
*** TURN *** [4h 8d Qc] [5h]
ELSUPREMO999: checks
Bluf_To_Much: bets $6
ELSUPREMO999: raises $6 to $12
Bluf_To_Much: calls $6
*** RIVER *** [4h 8d Qc 5h] [5c]
ELSUPREMO999: bets $6
Bluf_To_Much: calls $6
*** SHOW DOWN ***
ELSUPREMO999: shows [4c 2d] (two pair, Fives and Fours)
Bluf_To_Much: shows [Qs 2s] (two pair, Queens and Fives)
Bluf_To_Much collected $53.50 from pot
*** SUMMARY ***
Total pot $54 | Rake $0.50
Board [4h 8d Qc 5h 5c]
Seat 3: ELSUPREMO999 (big blind) showed [4c 2d] and lost with two pair, Fives and Fours
Seat 4: Bluf_To_Much (button) (small blind) showed [Qs 2s] and won ($53.50) with two pair, Queens and Fives


PokerStars Hand #175047447415:  Hold'em Limit ($3/$6 USD) - 2017/08/31 21:15:34 ET
Table 'Jovita' 6-max Seat #3 is the button
Seat 3: ELSUPREMO999 ($295.75 in chips)
Seat 4: Bluf_To_Much ($106.38 in chips)
ELSUPREMO999: posts small blind $1
Bluf_To_Much: posts big blind $3
*** HOLE CARDS ***
ELSUPREMO999: folds
Uncalled bet ($2) returned to Bluf_To_Much
Bluf_To_Much collected $2 from pot
*** SUMMARY ***
Total pot $2 | Rake $0
Seat 3: ELSUPREMO999 (button) (small blind) folded before Flop
Seat 4: Bluf_To_Much (big blind) collected ($2)


PokerStars Hand #175047461404:  Hold'em Limit ($3/$6 USD) - 2017/08/31 21:16:09 ET
Table 'Jovita' 6-max Seat #3 is the button
Seat 3: ELSUPREMO999 ($252.75 in chips)
Seat 4: Bluf_To_Much ($148.88 in chips)
ELSUPREMO999: posts small blind $1
Bluf_To_Much: posts big blind $3
*** HOLE CARDS ***
ELSUPREMO999: raises $3 to $6
Bluf_To_Much: calls $3
*** FLOP *** [3d Kc 5d]
Bluf_To_Much: checks
ELSUPREMO999: bets $3
Bluf_To_Much: calls $3
*** TURN *** [3d Kc 5d] [9h]
Bluf_To_Much: checks
ELSUPREMO999: bets $6
Bluf_To_Much: raises $6 to $12
ELSUPREMO999: raises $6 to $18
Bluf_To_Much: raises $6 to $24
Betting is capped
ELSUPREMO999: calls $6
*** RIVER *** [3d Kc 5d 9h] [5s]
Bluf_To_Much: bets $6
ELSUPREMO999: calls $6
*** SHOW DOWN ***
Bluf_To_Much: shows [Qc Kd] (two pair, Kings and Fives)
ELSUPREMO999: mucks hand
Bluf_To_Much collected $77.50 from pot
*** SUMMARY ***
Total pot $78 | Rake $0.50
Board [3d Kc 5d 9h 5s]
Seat 3: ELSUPREMO999 (button) (small blind) mucked
Seat 4: Bluf_To_Much (big blind) showed [Qc Kd] and won ($77.50) with two pair, Kings and Fives


PokerStars Hand #175047480299:  Hold'em Limit ($3/$6 USD) - 2017/08/31 21:16:57 ET
Table 'Jovita' 6-max Seat #4 is the button
Seat 3: ELSUPREMO999 ($213.75 in chips)
Seat 4: Bluf_To_Much ($187.38 in chips)
Bluf_To_Much: posts small blind $1
ELSUPREMO999: posts big blind $3
*** HOLE CARDS ***
Bluf_To_Much: raises $3 to $6
ELSUPREMO999: calls $3
*** FLOP *** [Tc 6d 5c]
ELSUPREMO999: checks
Bluf_To_Much: bets $3
ELSUPREMO999: folds
Uncalled bet ($3) returned to Bluf_To_Much
Bluf_To_Much collected $11.76 from pot
*** SUMMARY ***
Total pot $12 | Rake $0.24
Board [Tc 6d 5c]
Seat 3: ELSUPREMO999 (big blind) folded on the Flop
Seat 4: Bluf_To_Much (button) (small blind) collected ($11.76)


PokerStars Hand #175047484461:  Hold'em Limit ($3/$6 USD) - 2017/08/31 21:17:08 ET
Table 'Jovita' 6-max Seat #3 is the button
Seat 3: ELSUPREMO999 ($207.75 in chips)
Seat 4: Bluf_To_Much ($193.14 in chips)
ELSUPREMO999: posts small blind $1
Bluf_To_Much: posts big blind $3
*** HOLE CARDS ***
ELSUPREMO999: raises $3 to $6
Bluf_To_Much: calls $3
*** FLOP *** [Qh 6c 2h]
Bluf_To_Much: checks
ELSUPREMO999: bets $3
Bluf_To_Much: calls $3
*** TURN *** [Qh 6c 2h] [4d]
Bluf_To_Much: checks
ELSUPREMO999: bets $6
Bluf_To_Much: calls $6
*** RIVER *** [Qh 6c 2h 4d] [6d]
Bluf_To_Much: checks
ELSUPREMO999: bets $6
Bluf_To_Much: calls $6
*** SHOW DOWN ***
ELSUPREMO999: shows [Qs 8c] (two pair, Queens and Sixes)
Bluf_To_Much: mucks hand
ELSUPREMO999 collected $41.50 from pot
*** SUMMARY ***
Total pot $42 | Rake $0.50
Board [Qh 6c 2h 4d 6d]
Seat 3: ELSUPREMO999 (button) (small blind) showed [Qs 8c] and won ($41.50) with two pair, Queens and Sixes
Seat 4: Bluf_To_Much (big blind) mucked


PokerStars Hand #175047504117:  Hold'em Limit ($3/$6 USD) - 2017/08/31 21:17:58 ET
Table 'Jovita' 6-max Seat #4 is the button
Seat 3: ELSUPREMO999 ($228.25 in chips)
Seat 4: Bluf_To_Much ($172.14 in chips)
Bluf_To_Much: posts small blind $1
ELSUPREMO999: posts big blind $3
*** HOLE CARDS ***
Bluf_To_Much: raises $3 to $6
ELSUPREMO999: calls $3
*** FLOP *** [Qd Ad Jh]
ELSUPREMO999: checks
Bluf_To_Much: bets $3
ELSUPREMO999: calls $3
*** TURN *** [Qd Ad Jh] [Qh]
ELSUPREMO999: checks
Bluf_To_Much: bets $6
ELSUPREMO999: folds
Uncalled bet ($6) returned to Bluf_To_Much
Bluf_To_Much collected $17.64 from pot
*** SUMMARY ***
Total pot $18 | Rake $0.36
Board [Qd Ad Jh Qh]
Seat 3: ELSUPREMO999 (big blind) folded on the Turn
Seat 4: Bluf_To_Much (button) (small blind) collected ($17.64)


PokerStars Hand #175047528099:  Hold'em Limit ($3/$6 USD) - 2017/08/31 21:18:59 ET
Table 'Jovita' 6-max Seat #4 is the button
Seat 3: ELSUPREMO999 ($198.25 in chips)
Seat 4: Bluf_To_Much ($201.28 in chips)
Bluf_To_Much: posts small blind $1
ELSUPREMO999: posts big blind $3
*** HOLE CARDS ***
Bluf_To_Much: raises $3 to $6
ELSUPREMO999: folds
Uncalled bet ($3) returned to Bluf_To_Much
Bluf_To_Much collected $6 from pot
*** SUMMARY ***
Total pot $6 | Rake $0
Seat 3: ELSUPREMO999 (big blind) folded before Flop
Seat 4: Bluf_To_Much (button) (small blind) collected ($6)


PokerStars Hand #175047513080:  Hold'em Limit ($3/$6 USD) - 2017/08/31 21:18:21 ET
Table 'Jovita' 6-max Seat #3 is the button
Seat 3: ELSUPREMO999 ($219.25 in chips)
Seat 4: Bluf_To_Much ($180.78 in chips)
ELSUPREMO999: posts small blind $1
Bluf_To_Much: posts big blind $3
*** HOLE CARDS ***
ELSUPREMO999: raises $3 to $6
Bluf_To_Much: raises $3 to $9
ELSUPREMO999: raises $3 to $12
Betting is capped
Bluf_To_Much: calls $3
*** FLOP *** [5c 9h 4c]
Bluf_To_Much: checks
ELSUPREMO999: bets $3
Bluf_To_Much: calls $3
*** TURN *** [5c 9h 4c] [Kc]
Bluf_To_Much: checks
ELSUPREMO999: bets $6
Bluf_To_Much: calls $6
*** RIVER *** [5c 9h 4c Kc] [3c]
Bluf_To_Much: checks
ELSUPREMO999: checks
*** SHOW DOWN ***
Bluf_To_Much: shows [Ac 4h] (a flush, Ace high)
ELSUPREMO999: mucks hand
Bluf_To_Much collected $41.50 from pot
*** SUMMARY ***
Total pot $42 | Rake $0.50
Board [5c 9h 4c Kc 3c]
Seat 3: ELSUPREMO999 (button) (small blind) mucked
Seat 4: Bluf_To_Much (big blind) showed [Ac 4h] and won ($41.50) with a flush, Ace high


PokerStars Hand #175047530399:  Hold'em Limit ($3/$6 USD) - 2017/08/31 21:19:05 ET
Table 'Jovita' 6-max Seat #3 is the button
Seat 3: ELSUPREMO999 ($195.25 in chips)
Seat 4: Bluf_To_Much ($204.28 in chips)
ELSUPREMO999: posts small blind $1
Bluf_To_Much: posts big blind $3
*** HOLE CARDS ***
ELSUPREMO999: calls $2
Bluf_To_Much: checks
*** FLOP *** [3h Qd 4h]
Bluf_To_Much: checks
ELSUPREMO999: checks
*** TURN *** [3h Qd 4h] [8c]
Bluf_To_Much: bets $6
ELSUPREMO999: folds
Uncalled bet ($6) returned to Bluf_To_Much
Bluf_To_Much collected $5.88 from pot
*** SUMMARY ***
Total pot $6 | Rake $0.12
Board [3h Qd 4h 8c]
Seat 3: ELSUPREMO999 (button) (small blind) folded on the Turn
Seat 4: Bluf_To_Much (big blind) collected ($5.88)


PokerStars Hand #175047536539:  Hold'em Limit ($3/$6 USD) - 2017/08/31 21:19:20 ET
Table 'Jovita' 6-max Seat #4 is the button
Seat 3: ELSUPREMO999 ($192.25 in chips)
Seat 4: Bluf_To_Much ($207.16 in chips)
Bluf_To_Much: posts small blind $1
ELSUPREMO999: posts big blind $3
*** HOLE CARDS ***
Bluf_To_Much: raises $3 to $6
ELSUPREMO999: raises $3 to $9
Bluf_To_Much: calls $3
*** FLOP *** [6d 7d 3s]
ELSUPREMO999: bets $3
Bluf_To_Much: calls $3
*** TURN *** [6d 7d 3s] [8s]
ELSUPREMO999: bets $6
Bluf_To_Much: calls $6
*** RIVER *** [6d 7d 3s 8s] [Kh]
ELSUPREMO999: bets $6
Bluf_To_Much: raises $6 to $12
ELSUPREMO999: calls $6
*** SHOW DOWN ***
Bluf_To_Much: shows [4d Ks] (a pair of Kings)
ELSUPREMO999: mucks hand
Bluf_To_Much collected $59.50 from pot
*** SUMMARY ***
Total pot $60 | Rake $0.50
Board [6d 7d 3s 8s Kh]
Seat 3: ELSUPREMO999 (big blind) mucked
Seat 4: Bluf_To_Much (button) (small blind) showed [4d Ks] and won ($59.50) with a pair of Kings


PokerStars Hand #175047562895:  Hold'em Limit ($3/$6 USD) - 2017/08/31 21:20:29 ET
Table 'Jovita' 6-max Seat #3 is the button
Seat 3: ELSUPREMO999 ($162.25 in chips)
Seat 4: Bluf_To_Much ($236.66 in chips)
ELSUPREMO999: posts small blind $1
Bluf_To_Much: posts big blind $3
*** HOLE CARDS ***
ELSUPREMO999: raises $3 to $6
Bluf_To_Much: calls $3
*** FLOP *** [8s Kh Ah]
Bluf_To_Much: checks
ELSUPREMO999: bets $3
Bluf_To_Much: calls $3
*** TURN *** [8s Kh Ah] [7c]
Bluf_To_Much: checks
ELSUPREMO999: bets $6
Bluf_To_Much: calls $6
*** RIVER *** [8s Kh Ah 7c] [7s]
Bluf_To_Much: checks
ELSUPREMO999: bets $6
Bluf_To_Much: folds
Uncalled bet ($6) returned to ELSUPREMO999
ELSUPREMO999 collected $29.50 from pot
ELSUPREMO999: doesn't show hand
*** SUMMARY ***
Total pot $30 | Rake $0.50
Board [8s Kh Ah 7c 7s]
Seat 3: ELSUPREMO999 (button) (small blind) collected ($29.50)
Seat 4: Bluf_To_Much (big blind) folded on the River


PokerStars Hand #175047586663:  Hold'em Limit ($3/$6 USD) - 2017/08/31 21:21:29 ET
Table 'Jovita' 6-max Seat #4 is the button
Seat 3: ELSUPREMO999 ($176.75 in chips)
Seat 4: Bluf_To_Much ($221.66 in chips)
Bluf_To_Much: posts small blind $1
ELSUPREMO999: posts big blind $3
*** HOLE CARDS ***
Bluf_To_Much: raises $3 to $6
ELSUPREMO999: calls $3
*** FLOP *** [Qs 4c Js]
ELSUPREMO999: checks
Bluf_To_Much: bets $3
ELSUPREMO999: calls $3
*** TURN *** [Qs 4c Js] [8d]
ELSUPREMO999: checks
Bluf_To_Much: checks
*** RIVER *** [Qs 4c Js 8d] [7c]
ELSUPREMO999: bets $6
Bluf_To_Much: raises $6 to $12
ELSUPREMO999: raises $6 to $18
Bluf_To_Much: raises $6 to $24
Betting is capped
ELSUPREMO999: calls $6
*** SHOW DOWN ***
Bluf_To_Much: shows [7s 7d] (three of a kind, Sevens)
ELSUPREMO999: mucks hand
Bluf_To_Much collected $65.50 from pot
*** SUMMARY ***
Total pot $66 | Rake $0.50
Board [Qs 4c Js 8d 7c]
Seat 3: ELSUPREMO999 (big blind) mucked
Seat 4: Bluf_To_Much (button) (small blind) showed [7s 7d] and won ($65.50) with three of a kind, Sevens


PokerStars Hand #175047602641:  Hold'em Limit ($3/$6 USD) - 2017/08/31 21:22:09 ET
Table 'Jovita' 6-max Seat #4 is the button
Seat 3: ELSUPREMO999 ($142.75 in chips)
Seat 4: Bluf_To_Much ($255.16 in chips)
Bluf_To_Much: posts small blind $1
ELSUPREMO999: posts big blind $3
*** HOLE CARDS ***
Bluf_To_Much: folds
Uncalled bet ($2) returned to ELSUPREMO999
ELSUPREMO999 collected $2 from pot
ELSUPREMO999: doesn't show hand
*** SUMMARY ***
Total pot $2 | Rake $0
Seat 3: ELSUPREMO999 (big blind) collected ($2)
Seat 4: Bluf_To_Much (button) (small blind) folded before Flop


PokerStars Hand #175047600695:  Hold'em Limit ($3/$6 USD) - 2017/08/31 21:22:04 ET
Table 'Jovita' 6-max Seat #3 is the button
Seat 3: ELSUPREMO999 ($143.75 in chips)
Seat 4: Bluf_To_Much ($254.16 in chips)
ELSUPREMO999: posts small blind $1
Bluf_To_Much: posts big blind $3
*** HOLE CARDS ***
ELSUPREMO999: folds
Uncalled bet ($2) returned to Bluf_To_Much
Bluf_To_Much collected $2 from pot
*** SUMMARY ***
Total pot $2 | Rake $0
Seat 3: ELSUPREMO999 (button) (small blind) folded before Flop
Seat 4: Bluf_To_Much (big blind) collected ($2)


PokerStars Hand #175047610902:  Hold'em Limit ($3/$6 USD) - 2017/08/31 21:22:20 ET
Table 'Jovita' 6-max Seat #3 is the button
Seat 3: ELSUPREMO999 ($143.75 in chips)
Seat 4: Bluf_To_Much ($254.16 in chips)
ELSUPREMO999: posts small blind $1
Bluf_To_Much: posts big blind $3
*** HOLE CARDS ***
ELSUPREMO999: raises $3 to $6
Bluf_To_Much: calls $3
*** FLOP *** [Ac 5d Jd]
Bluf_To_Much: checks
ELSUPREMO999: bets $3
Bluf_To_Much: folds
Uncalled bet ($3) returned to ELSUPREMO999
ELSUPREMO999 collected $11.76 from pot
ELSUPREMO999: doesn't show hand
*** SUMMARY ***
Total pot $12 | Rake $0.24
Board [Ac 5d Jd]
Seat 3: ELSUPREMO999 (button) (small blind) collected ($11.76)
Seat 4: Bluf_To_Much (big blind) folded on the Flop


PokerStars Hand #175047630890:  Hold'em Limit ($3/$6 USD) - 2017/08/31 21:23:12 ET
Table 'Jovita' 6-max Seat #3 is the button
Seat 3: ELSUPREMO999 ($161.03 in chips)
Seat 4: Bluf_To_Much ($236.16 in chips)
ELSUPREMO999: posts small blind $1
Bluf_To_Much: posts big blind $3
*** HOLE CARDS ***
ELSUPREMO999: folds
Uncalled bet ($2) returned to Bluf_To_Much
Bluf_To_Much collected $2 from pot
*** SUMMARY ***
Total pot $2 | Rake $0
Seat 3: ELSUPREMO999 (button) (small blind) folded before Flop
Seat 4: Bluf_To_Much (big blind) collected ($2)


PokerStars Hand #175047619618:  Hold'em Limit ($3/$6 USD) - 2017/08/31 21:22:43 ET
Table 'Jovita' 6-max Seat #4 is the button
Seat 3: ELSUPREMO999 ($149.51 in chips)
Seat 4: Bluf_To_Much ($248.16 in chips)
Bluf_To_Much: posts small blind $1
ELSUPREMO999: posts big blind $3
*** HOLE CARDS ***
Bluf_To_Much: raises $3 to $6
ELSUPREMO999: raises $3 to $9
Bluf_To_Much: calls $3
*** FLOP *** [6h As 7h]
ELSUPREMO999: bets $3
Bluf_To_Much: calls $3
*** TURN *** [6h As 7h] [5h]
ELSUPREMO999: bets $6
Bluf_To_Much: folds
Uncalled bet ($6) returned to ELSUPREMO999
ELSUPREMO999 collected $23.52 from pot
ELSUPREMO999: doesn't show hand
*** SUMMARY ***
Total pot $24 | Rake $0.48
Board [6h As 7h 5h]
Seat 3: ELSUPREMO999 (big blind) collected ($23.52)
Seat 4: Bluf_To_Much (button) (small blind) folded on the Turn


PokerStars Hand #175047632789:  Hold'em Limit ($3/$6 USD) - 2017/08/31 21:23:17 ET
Table 'Jovita' 6-max Seat #4 is the button
Seat 3: ELSUPREMO999 ($160.03 in chips)
Seat 4: Bluf_To_Much ($237.16 in chips)
Bluf_To_Much: posts small blind $1
ELSUPREMO999: posts big blind $3
*** HOLE CARDS ***
Bluf_To_Much: raises $3 to $6
ELSUPREMO999: raises $3 to $9
Bluf_To_Much: calls $3
*** FLOP *** [Ad 8c Qh]
ELSUPREMO999: bets $3
Bluf_To_Much: calls $3
*** TURN *** [Ad 8c Qh] [9s]
ELSUPREMO999: bets $6
Bluf_To_Much: calls $6
*** RIVER *** [Ad 8c Qh 9s] [6c]
ELSUPREMO999: checks
Bluf_To_Much: bets $6
ELSUPREMO999: folds
Uncalled bet ($6) returned to Bluf_To_Much
Bluf_To_Much collected $35.50 from pot
*** SUMMARY ***
Total pot $36 | Rake $0.50
Board [Ad 8c Qh 9s 6c]
Seat 3: ELSUPREMO999 (big blind) folded on the River
Seat 4: Bluf_To_Much (button) (small blind) collected ($35.50)


PokerStars Hand #175047643596:  Hold'em Limit ($3/$6 USD) - 2017/08/31 21:23:44 ET
Table 'Jovita' 6-max Seat #3 is the button
Seat 3: ELSUPREMO999 ($142.03 in chips)
Seat 4: Bluf_To_Much ($254.66 in chips)
ELSUPREMO999: posts small blind $1
Bluf_To_Much: posts big blind $3
*** HOLE CARDS ***
ELSUPREMO999: folds
Uncalled bet ($2) returned to Bluf_To_Much
Bluf_To_Much collected $2 from pot
*** SUMMARY ***
Total pot $2 | Rake $0
Seat 3: ELSUPREMO999 (button) (small blind) folded before Flop
Seat 4: Bluf_To_Much (big blind) collected ($2)


PokerStars Hand #175047670188:  Hold'em Limit ($3/$6 USD) - 2017/08/31 21:24:53 ET
Table 'Jovita' 6-max Seat #3 is the button
Seat 3: ELSUPREMO999 ($117.03 in chips)
Seat 4: Bluf_To_Much ($279.16 in chips)
ELSUPREMO999: posts small blind $1
Bluf_To_Much: posts big blind $3
*** HOLE CARDS ***
ELSUPREMO999: raises $3 to $6
Bluf_To_Much: calls $3
*** FLOP *** [5s 5h Ks]
Bluf_To_Much: checks
ELSUPREMO999: checks
*** TURN *** [5s 5h Ks] [2h]
Bluf_To_Much: bets $6
ELSUPREMO999: raises $6 to $12
Bluf_To_Much: folds
Uncalled bet ($6) returned to ELSUPREMO999
ELSUPREMO999 collected $23.52 from pot
ELSUPREMO999: doesn't show hand
*** SUMMARY ***
Total pot $24 | Rake $0.48
Board [5s 5h Ks 2h]
Seat 3: ELSUPREMO999 (button) (small blind) collected ($23.52)
Seat 4: Bluf_To_Much (big blind) folded on the Turn


PokerStars Hand #175047646827:  Hold'em Limit ($3/$6 USD) - 2017/08/31 21:23:53 ET
Table 'Jovita' 6-max Seat #4 is the button
Seat 3: ELSUPREMO999 ($141.03 in chips)
Seat 4: Bluf_To_Much ($255.66 in chips)
Bluf_To_Much: posts small blind $1
ELSUPREMO999: posts big blind $3
*** HOLE CARDS ***
Bluf_To_Much: raises $3 to $6
ELSUPREMO999: raises $3 to $9
Bluf_To_Much: calls $3
*** FLOP *** [Qd 2h Ks]
ELSUPREMO999: bets $3
Bluf_To_Much: calls $3
*** TURN *** [Qd 2h Ks] [6s]
ELSUPREMO999: bets $6
Bluf_To_Much: calls $6
*** RIVER *** [Qd 2h Ks 6s] [Tc]
ELSUPREMO999: bets $6
Bluf_To_Much: calls $6
*** SHOW DOWN ***
ELSUPREMO999: shows [7d Ah] (high card Ace)
Bluf_To_Much: shows [3d 3h] (a pair of Threes)
Bluf_To_Much collected $47.50 from pot
*** SUMMARY ***
Total pot $48 | Rake $0.50
Board [Qd 2h Ks 6s Tc]
Seat 3: ELSUPREMO999 (big blind) showed [7d Ah] and lost with high card Ace
Seat 4: Bluf_To_Much (button) (small blind) showed [3d 3h] and won ($47.50) with a pair of Threes


PokerStars Hand #175047676873:  Hold'em Limit ($3/$6 USD) - 2017/08/31 21:25:10 ET
Table 'Jovita' 6-max Seat #4 is the button
Seat 3: ELSUPREMO999 ($128.55 in chips)
Seat 4: Bluf_To_Much ($267.16 in chips)
Bluf_To_Much: posts small blind $1
ELSUPREMO999: posts big blind $3
*** HOLE CARDS ***
Bluf_To_Much: raises $3 to $6
ELSUPREMO999: calls $3
*** FLOP *** [5d Ks 4h]
ELSUPREMO999: checks
Bluf_To_Much: bets $3
ELSUPREMO999: calls $3
*** TURN *** [5d Ks 4h] [Jh]
ELSUPREMO999: checks
Bluf_To_Much: checks
*** RIVER *** [5d Ks 4h Jh] [5c]
ELSUPREMO999: bets $6
Bluf_To_Much: calls $6
*** SHOW DOWN ***
ELSUPREMO999: shows [6h 5h] (three of a kind, Fives)
Bluf_To_Much: mucks hand
ELSUPREMO999 collected $29.50 from pot
*** SUMMARY ***
Total pot $30 | Rake $0.50
Board [5d Ks 4h Jh 5c]
Seat 3: ELSUPREMO999 (big blind) showed [6h 5h] and won ($29.50) with three of a kind, Fives
Seat 4: Bluf_To_Much (button) (small blind) mucked


PokerStars Hand #175047688426:  Hold'em Limit ($3/$6 USD) - 2017/08/31 21:25:40 ET
Table 'Jovita' 6-max Seat #4 is the button
Seat 3: ELSUPREMO999 ($151.69 in chips)
Seat 4: Bluf_To_Much ($243.16 in chips)
Bluf_To_Much: posts small blind $1
ELSUPREMO999: posts big blind $3
*** HOLE CARDS ***
Bluf_To_Much: raises $3 to $6
ELSUPREMO999: calls $3
*** FLOP *** [9c 9h 2d]
ELSUPREMO999: checks
Bluf_To_Much: bets $3
ELSUPREMO999: calls $3
*** TURN *** [9c 9h 2d] [2h]
ELSUPREMO999: checks
Bluf_To_Much: checks
*** RIVER *** [9c 9h 2d 2h] [Js]
ELSUPREMO999: bets $6
Bluf_To_Much: calls $6
*** SHOW DOWN ***
ELSUPREMO999: shows [4s Ad] (two pair, Nines and Deuces)
Bluf_To_Much: mucks hand
ELSUPREMO999 collected $29.50 from pot
*** SUMMARY ***
Total pot $30 | Rake $0.50
Board [9c 9h 2d 2h Js]
Seat 3: ELSUPREMO999 (big blind) showed [4s Ad] and won ($29.50) with two pair, Nines and Deuces
Seat 4: Bluf_To_Much (button) (small blind) mucked


PokerStars Hand #175047695037:  Hold'em Limit ($3/$6 USD) - 2017/08/31 21:25:57 ET
Table 'Jovita' 6-max Seat #3 is the button
Seat 3: ELSUPREMO999 ($166.19 in chips)
Seat 4: Bluf_To_Much ($228.16 in chips)
ELSUPREMO999: posts small blind $1
Bluf_To_Much: posts big blind $3
SLK500 joins the table at seat #1
*** HOLE CARDS ***
ELSUPREMO999: raises $3 to $6
Bluf_To_Much: raises $3 to $9
ELSUPREMO999: raises $3 to $12
Betting is capped
Bluf_To_Much: calls $3
*** FLOP *** [Kd 6s 2h]
Bluf_To_Much: checks
ELSUPREMO999: bets $3
Bluf_To_Much: calls $3
*** TURN *** [Kd 6s 2h] [Ac]
Bluf_To_Much: checks
ELSUPREMO999: bets $6
Bluf_To_Much: folds
Uncalled bet ($6) returned to ELSUPREMO999
ELSUPREMO999 collected $29.50 from pot
ELSUPREMO999: doesn't show hand
*** SUMMARY ***
Total pot $30 | Rake $0.50
Board [Kd 6s 2h Ac]
Seat 3: ELSUPREMO999 (button) (small blind) collected ($29.50)
Seat 4: Bluf_To_Much (big blind) folded on the Turn


PokerStars Hand #175047682864:  Hold'em Limit ($3/$6 USD) - 2017/08/31 21:25:26 ET
Table 'Jovita' 6-max Seat #3 is the button
Seat 3: ELSUPREMO999 ($143.05 in chips)
Seat 4: Bluf_To_Much ($252.16 in chips)
ELSUPREMO999: posts small blind $1
Bluf_To_Much: posts big blind $3
*** HOLE CARDS ***
ELSUPREMO999: calls $2
Bluf_To_Much: raises $3 to $6
ELSUPREMO999: calls $3
*** FLOP *** [4c 3c 5c]
Bluf_To_Much: bets $3
ELSUPREMO999: calls $3
*** TURN *** [4c 3c 5c] [8c]
Bluf_To_Much: checks
ELSUPREMO999: bets $6
Bluf_To_Much: folds
Uncalled bet ($6) returned to ELSUPREMO999
ELSUPREMO999 collected $17.64 from pot
ELSUPREMO999: doesn't show hand
*** SUMMARY ***
Total pot $18 | Rake $0.36
Board [4c 3c 5c 8c]
Seat 3: ELSUPREMO999 (button) (small blind) collected ($17.64)
Seat 4: Bluf_To_Much (big blind) folded on the Turn


PokerStars Hand #175047859706:  Hold'em Limit ($3/$6 USD) - 2017/08/31 21:33:01 ET
Table 'Jovita' 6-max Seat #4 is the button
Seat 1: SLK500 ($61.09 in chips)
Seat 4: Bluf_To_Much ($225.14 in chips)
Bluf_To_Much: posts small blind $1
SLK500: posts big blind $3
*** HOLE CARDS ***
karambakilla leaves the table
Bluf_To_Much: raises $3 to $6
SLK500: calls $3
*** FLOP *** [Qd 9d 8s]
SLK500: checks
Bluf_To_Much: bets $3
SLK500: folds
Uncalled bet ($3) returned to Bluf_To_Much
Bluf_To_Much collected $11.76 from pot
*** SUMMARY ***
Total pot $12 | Rake $0.24
Board [Qd 9d 8s]
Seat 1: SLK500 (big blind) folded on the Flop
Seat 4: Bluf_To_Much (button) (small blind) collected ($11.76)


PokerStars Hand #175047852971:  Hold'em Limit ($3/$6 USD) - 2017/08/31 21:32:43 ET
Table 'Jovita' 6-max Seat #1 is the button
Seat 1: SLK500 ($55.33 in chips)
Seat 4: Bluf_To_Much ($231.14 in chips)
SLK500: posts small blind $1
karambakilla: is sitting out
Bluf_To_Much: posts big blind $3
*** HOLE CARDS ***
SLK500: raises $3 to $6
Bluf_To_Much: calls $3
*** FLOP *** [4d As Qc]
Bluf_To_Much: checks
SLK500: bets $3
Bluf_To_Much: folds
Uncalled bet ($3) returned to SLK500
SLK500 collected $11.76 from pot
SLK500: doesn't show hand
*** SUMMARY ***
Total pot $12 | Rake $0.24
Board [4d As Qc]
Seat 1: SLK500 (button) (small blind) collected ($11.76)
Seat 4: Bluf_To_Much (big blind) folded on the Flop


