PokerStars Hand #155126157163:  Hold'em Limit ($3/$6 USD) - 2016/06/24 0:23:46 ET
Table 'Jovita II' 10-max Seat #5 is the button
Seat 5: TmsFerreira ($482 in chips)
Seat 10: LifeisagameX ($129.80 in chips)
TmsFerreira: posts small blind $1
LifeisagameX: posts big blind $3
*** HOLE CARDS ***
TmsFerreira: raises $3 to $6
LifeisagameX: calls $3
*** FLOP *** [8h Jd 5s]
LifeisagameX: checks
TmsFerreira: bets $3
LifeisagameX: raises $3 to $6
TmsFerreira: raises $3 to $9
LifeisagameX: calls $3
*** TURN *** [8h Jd 5s] [8d]
LifeisagameX: checks
TmsFerreira: bets $6
LifeisagameX: calls $6
*** RIVER *** [8h Jd 5s 8d] [As]
LifeisagameX: checks
TmsFerreira: bets $6
LifeisagameX: calls $6
*** SHOW DOWN ***
TmsFerreira: shows [3d 7h] (a pair of Eights)
LifeisagameX: shows [Ah 5d] (two pair, Aces and Eights)
LifeisagameX collected $53.50 from pot
*** SUMMARY ***
Total pot $54 | Rake $0.50
Board [8h Jd 5s 8d As]
Seat 5: TmsFerreira (button) (small blind) showed [3d 7h] and lost with a pair of Eights
Seat 10: LifeisagameX (big blind) showed [Ah 5d] and won ($53.50) with two pair, Aces and Eights


PokerStars Hand #155126176363:  Hold'em Limit ($3/$6 USD) - 2016/06/24 0:25:04 ET
Table 'Jovita II' 10-max Seat #10 is the button
Seat 5: TmsFerreira ($455 in chips)
Seat 10: LifeisagameX ($156.30 in chips)
LifeisagameX: posts small blind $1
TmsFerreira: posts big blind $3
*** HOLE CARDS ***
LifeisagameX: raises $3 to $6
TmsFerreira: folds
Uncalled bet ($3) returned to LifeisagameX
LifeisagameX collected $6 from pot
LifeisagameX: doesn't show hand
*** SUMMARY ***
Total pot $6 | Rake $0
Seat 5: TmsFerreira (big blind) folded before Flop
Seat 10: LifeisagameX (button) (small blind) collected ($6)


