PokerStars Hand #146502636272:  Hold'em Limit ($3/$6 USD) - 2016/01/05 8:02:24 ET
Table 'Jubilatrix II' 6-max Seat #6 is the button
Seat 1: VolkovDmitri ($120 in chips)
Seat 6: Andredias950 ($133.50 in chips)
Andredias950: posts small blind $1
VolkovDmitri: posts big blind $3
*** HOLE CARDS ***
Andredias950: folds
Uncalled bet ($2) returned to VolkovDmitri
B_loJkl joins the table at seat #4
VolkovDmitri collected $2 from pot
VolkovDmitri: doesn't show hand
*** SUMMARY ***
Total pot $2 | Rake $0
Seat 1: VolkovDmitri (big blind) collected ($2)
Seat 6: Andredias950 (button) (small blind) folded before Flop


PokerStars Hand #146506045976:  Hold'em Limit ($3/$6 USD) - 2016/01/05 9:21:01 ET
Table 'Jubilatrix II' 6-max Seat #6 is the button
Seat 4: B_loJkl ($125.01 in chips)
Seat 6: Helland ($305.12 in chips)
Helland: posts small blind $1
Nol 'thra: is sitting out
B_loJkl: posts big blind $3
*** HOLE CARDS ***
Helland: raises $3 to $6
B_loJkl: calls $3
*** FLOP *** [Jc 5c 9h]
B_loJkl: checks
Nol 'thra leaves the table
Helland: bets $3
B_loJkl: raises $3 to $6
Helland: calls $3
*** TURN *** [Jc 5c 9h] [5d]
B_loJkl: bets $6
Helland: calls $6
*** RIVER *** [Jc 5c 9h 5d] [Qc]
B_loJkl: bets $6
Helland: folds
Uncalled bet ($6) returned to B_loJkl
B_loJkl collected $35.50 from pot
B_loJkl: doesn't show hand
*** SUMMARY ***
Total pot $36 | Rake $0.50
Board [Jc 5c 9h 5d Qc]
Seat 4: B_loJkl (big blind) collected ($35.50)
Seat 6: Helland (button) (small blind) folded on the River


PokerStars Hand #146506084713:  Hold'em Limit ($3/$6 USD) - 2016/01/05 9:21:51 ET
Table 'Jubilatrix II' 6-max Seat #4 is the button
Seat 4: B_loJkl ($142.51 in chips)
Seat 6: Helland ($287.12 in chips)
B_loJkl: posts small blind $1
Helland: posts big blind $3
*** HOLE CARDS ***
B_loJkl: raises $3 to $6
Helland: folds
Uncalled bet ($3) returned to B_loJkl
B_loJkl collected $6 from pot
B_loJkl: doesn't show hand
*** SUMMARY ***
Total pot $6 | Rake $0
Seat 4: B_loJkl (button) (small blind) collected ($6)
Seat 6: Helland (big blind) folded before Flop


