PokerStars Hand #161162046853:  Hold'em Limit ($3/$6 USD) - 2016/11/09 17:25:52 ET
Table 'Jucunda' 6-max Seat #2 is the button
Seat 1: Brama Br ($120 in chips)
Seat 2: GRAILKO ($200 in chips)
GRAILKO: posts small blind $1
assitoni: is sitting out
Brama Br: posts big blind $3
*** HOLE CARDS ***
assitoni leaves the table
GRAILKO: raises $3 to $6
ValeryRon joins the table at seat #3
Brama Br: folds
Uncalled bet ($3) returned to GRAILKO
GRAILKO collected $6 from pot
GRAILKO: doesn't show hand
*** SUMMARY ***
Total pot $6 | Rake $0
Seat 1: Brama Br (big blind) folded before Flop
Seat 2: GRAILKO (button) (small blind) collected ($6)


PokerStars Hand #161162075441:  Hold'em Limit ($3/$6 USD) - 2016/11/09 17:26:20 ET
Table 'Jucunda' 6-max Seat #1 is the button
Seat 1: Brama Br ($117 in chips)
Seat 2: GRAILKO ($203 in chips)
Brama Br: posts small blind $1
GRAILKO: posts big blind $3
*** HOLE CARDS ***
Brama Br: folds
Uncalled bet ($2) returned to GRAILKO
GRAILKO collected $2 from pot
GRAILKO: doesn't show hand
*** SUMMARY ***
Total pot $2 | Rake $0
Seat 1: Brama Br (button) (small blind) folded before Flop
Seat 2: GRAILKO (big blind) collected ($2)


PokerStars Hand #161163034381:  Hold'em Limit ($3/$6 USD) - 2016/11/09 17:45:03 ET
Table 'Jucunda' 6-max Seat #2 is the button
Seat 2: GRAILKO ($190.25 in chips)
Seat 6: jackRizzar ($210.56 in chips)
GRAILKO: posts small blind $1
ToDaFelt: is sitting out
Hi Im Alexey: is sitting out
jackRizzar: posts big blind $3
*** HOLE CARDS ***
GRAILKO: raises $3 to $6
ToDaFelt leaves the table
jackRizzar: calls $3
*** FLOP *** [Qs Ks 7d]
jackRizzar: checks
GRAILKO: bets $3
jackRizzar: folds
Uncalled bet ($3) returned to GRAILKO
GRAILKO collected $11.76 from pot
GRAILKO: doesn't show hand
*** SUMMARY ***
Total pot $12 | Rake $0.24
Board [Qs Ks 7d]
Seat 2: GRAILKO (button) (small blind) collected ($11.76)
Seat 6: jackRizzar (big blind) folded on the Flop


