PokerStars Hand #174565342650:  Hold'em Limit ($3/$6 USD) - 2017/08/20 8:29:19 ET
Table 'Jucunda II' 6-max Seat #1 is the button
Seat 1: aremom4e ($120 in chips)
Seat 3: Rus29APX ($120 in chips)
aremom4e: posts small blind $1
Rus29APX: posts big blind $3
*** HOLE CARDS ***
aremom4e: raises $3 to $6
Rus29APX: calls $3
*** FLOP *** [9s 7h 7c]
Rus29APX: checks
aremom4e: bets $3
Rus29APX: folds
Uncalled bet ($3) returned to aremom4e
aremom4e collected $11.76 from pot
aremom4e: doesn't show hand
*** SUMMARY ***
Total pot $12 | Rake $0.24
Board [9s 7h 7c]
Seat 1: aremom4e (button) (small blind) collected ($11.76)
Seat 3: Rus29APX (big blind) folded on the Flop


PokerStars Hand #174565363188:  Hold'em Limit ($3/$6 USD) - 2017/08/20 8:29:58 ET
Table 'Jucunda II' 6-max Seat #1 is the button
Seat 1: aremom4e ($116.76 in chips)
Seat 3: Rus29APX ($122.64 in chips)
aremom4e: posts small blind $1
Rus29APX: posts big blind $3
*** HOLE CARDS ***
aremom4e: folds
Uncalled bet ($2) returned to Rus29APX
Rus29APX collected $2 from pot
Rus29APX: doesn't show hand
*** SUMMARY ***
Total pot $2 | Rake $0
Seat 1: aremom4e (button) (small blind) folded before Flop
Seat 3: Rus29APX (big blind) collected ($2)


PokerStars Hand #174565352837:  Hold'em Limit ($3/$6 USD) - 2017/08/20 8:29:38 ET
Table 'Jucunda II' 6-max Seat #3 is the button
Seat 1: aremom4e ($125.76 in chips)
Seat 3: Rus29APX ($114 in chips)
Rus29APX: posts small blind $1
aremom4e: posts big blind $3
*** HOLE CARDS ***
Rus29APX: raises $3 to $6
aremom4e: calls $3
*** FLOP *** [Qc 2h 9d]
aremom4e: checks
Rus29APX: bets $3
aremom4e: calls $3
*** TURN *** [Qc 2h 9d] [3h]
aremom4e: checks
Rus29APX: checks
*** RIVER *** [Qc 2h 9d 3h] [6h]
aremom4e: checks
Rus29APX: checks
*** SHOW DOWN ***
aremom4e: shows [Ac 7h] (high card Ace)
Rus29APX: shows [8c Ah] (high card Ace - Queen+Nine+Eight kicker)
Rus29APX collected $17.64 from pot
*** SUMMARY ***
Total pot $18 | Rake $0.36
Board [Qc 2h 9d 3h 6h]
Seat 1: aremom4e (big blind) showed [Ac 7h] and lost with high card Ace
Seat 3: Rus29APX (button) (small blind) showed [8c Ah] and won ($17.64) with high card Ace


PokerStars Hand #174565365876:  Hold'em Limit ($3/$6 USD) - 2017/08/20 8:30:03 ET
Table 'Jucunda II' 6-max Seat #3 is the button
Seat 1: aremom4e ($115.76 in chips)
Seat 3: Rus29APX ($123.64 in chips)
Rus29APX: posts small blind $1
aremom4e: posts big blind $3
*** HOLE CARDS ***
Rus29APX: raises $3 to $6
aremom4e: calls $3
*** FLOP *** [3c Jd 7h]
aremom4e: checks
Rus29APX: bets $3
aremom4e: raises $3 to $6
Rus29APX: calls $3
*** TURN *** [3c Jd 7h] [2s]
aremom4e: bets $6
Rus29APX: raises $6 to $12
aremom4e: calls $6
*** RIVER *** [3c Jd 7h 2s] [3h]
aremom4e: checks
Rus29APX: bets $6
aremom4e: calls $6
*** SHOW DOWN ***
Rus29APX: shows [Jh 6h] (two pair, Jacks and Threes)
aremom4e: mucks hand
Rus29APX collected $59.50 from pot
*** SUMMARY ***
Total pot $60 | Rake $0.50
Board [3c Jd 7h 2s 3h]
Seat 1: aremom4e (big blind) mucked
Seat 3: Rus29APX (button) (small blind) showed [Jh 6h] and won ($59.50) with two pair, Jacks and Threes


PokerStars Hand #174565391351:  Hold'em Limit ($3/$6 USD) - 2017/08/20 8:30:53 ET
Table 'Jucunda II' 6-max Seat #3 is the button
Seat 1: aremom4e ($76.76 in chips)
Seat 3: Rus29APX ($161.78 in chips)
Rus29APX: posts small blind $1
aremom4e: posts big blind $3
*** HOLE CARDS ***
Rus29APX: raises $3 to $6
aremom4e: calls $3
*** FLOP *** [7s Kh Js]
aremom4e: checks
Rus29APX: bets $3
aremom4e: folds
Uncalled bet ($3) returned to Rus29APX
Rus29APX collected $11.76 from pot
Rus29APX: doesn't show hand
*** SUMMARY ***
Total pot $12 | Rake $0.24
Board [7s Kh Js]
Seat 1: aremom4e (big blind) folded on the Flop
Seat 3: Rus29APX (button) (small blind) collected ($11.76)


PokerStars Hand #174565396500:  Hold'em Limit ($3/$6 USD) - 2017/08/20 8:31:02 ET
Table 'Jucunda II' 6-max Seat #1 is the button
Seat 1: aremom4e ($70.76 in chips)
Seat 3: Rus29APX ($167.54 in chips)
aremom4e: posts small blind $1
Rus29APX: posts big blind $3
*** HOLE CARDS ***
aremom4e: raises $3 to $6
Rus29APX: raises $3 to $9
aremom4e: calls $3
*** FLOP *** [Td 4s 7d]
Rus29APX: bets $3
aremom4e: calls $3
*** TURN *** [Td 4s 7d] [3c]
Rus29APX: bets $6
aremom4e: folds
Uncalled bet ($6) returned to Rus29APX
Rus29APX collected $23.52 from pot
Rus29APX: doesn't show hand
*** SUMMARY ***
Total pot $24 | Rake $0.48
Board [Td 4s 7d 3c]
Seat 1: aremom4e (button) (small blind) folded on the Turn
Seat 3: Rus29APX (big blind) collected ($23.52)


PokerStars Hand #174565377983:  Hold'em Limit ($3/$6 USD) - 2017/08/20 8:30:27 ET
Table 'Jucunda II' 6-max Seat #1 is the button
Seat 1: aremom4e ($85.76 in chips)
Seat 3: Rus29APX ($153.14 in chips)
aremom4e: posts small blind $1
Rus29APX: posts big blind $3
*** HOLE CARDS ***
aremom4e: raises $3 to $6
Rus29APX: calls $3
*** FLOP *** [9d Kh 2c]
Rus29APX: checks
aremom4e: bets $3
Rus29APX: calls $3
*** TURN *** [9d Kh 2c] [2h]
Rus29APX: checks
aremom4e: checks
*** RIVER *** [9d Kh 2c 2h] [Ac]
Rus29APX: checks
aremom4e: checks
*** SHOW DOWN ***
Rus29APX: shows [Qh 6h] (a pair of Deuces)
aremom4e: mucks hand
Rus29APX collected $17.64 from pot
*** SUMMARY ***
Total pot $18 | Rake $0.36
Board [9d Kh 2c 2h Ac]
Seat 1: aremom4e (button) (small blind) mucked
Seat 3: Rus29APX (big blind) showed [Qh 6h] and won ($17.64) with a pair of Deuces


PokerStars Hand #174565405465:  Hold'em Limit ($3/$6 USD) - 2017/08/20 8:31:19 ET
Table 'Jucunda II' 6-max Seat #3 is the button
Seat 1: aremom4e ($58.76 in chips)
Seat 3: Rus29APX ($179.06 in chips)
Rus29APX: posts small blind $1
aremom4e: posts big blind $3
*** HOLE CARDS ***
Rus29APX: raises $3 to $6
aremom4e: calls $3
*** FLOP *** [Kd Qh Tc]
aremom4e: checks
Rus29APX: bets $3
aremom4e: folds
Uncalled bet ($3) returned to Rus29APX
Rus29APX collected $11.76 from pot
Rus29APX: doesn't show hand
*** SUMMARY ***
Total pot $12 | Rake $0.24
Board [Kd Qh Tc]
Seat 1: aremom4e (big blind) folded on the Flop
Seat 3: Rus29APX (button) (small blind) collected ($11.76)


PokerStars Hand #174565416629:  Hold'em Limit ($3/$6 USD) - 2017/08/20 8:31:41 ET
Table 'Jucunda II' 6-max Seat #3 is the button
Seat 1: aremom4e ($51.76 in chips)
Seat 3: Rus29APX ($185.82 in chips)
Rus29APX: posts small blind $1
aremom4e: posts big blind $3
*** HOLE CARDS ***
Rus29APX: raises $3 to $6
aremom4e: calls $3
*** FLOP *** [4c 7c Ad]
aremom4e: checks
Rus29APX: bets $3
aremom4e: calls $3
*** TURN *** [4c 7c Ad] [6h]
aremom4e: checks
Rus29APX: bets $6
aremom4e: raises $6 to $12
Rus29APX: calls $6
*** RIVER *** [4c 7c Ad 6h] [Qc]
aremom4e: checks
Rus29APX: checks
*** SHOW DOWN ***
aremom4e: shows [6s 4s] (two pair, Sixes and Fours)
Rus29APX: mucks hand
aremom4e collected $41.50 from pot
*** SUMMARY ***
Total pot $42 | Rake $0.50
Board [4c 7c Ad 6h Qc]
Seat 1: aremom4e (big blind) showed [6s 4s] and won ($41.50) with two pair, Sixes and Fours
Seat 3: Rus29APX (button) (small blind) mucked


PokerStars Hand #174565414062:  Hold'em Limit ($3/$6 USD) - 2017/08/20 8:31:36 ET
Table 'Jucunda II' 6-max Seat #1 is the button
Seat 1: aremom4e ($52.76 in chips)
Seat 3: Rus29APX ($184.82 in chips)
aremom4e: posts small blind $1
Rus29APX: posts big blind $3
*** HOLE CARDS ***
aremom4e: folds
Uncalled bet ($2) returned to Rus29APX
Rus29APX collected $2 from pot
Rus29APX: doesn't show hand
*** SUMMARY ***
Total pot $2 | Rake $0
Seat 1: aremom4e (button) (small blind) folded before Flop
Seat 3: Rus29APX (big blind) collected ($2)


PokerStars Hand #174565431313:  Hold'em Limit ($3/$6 USD) - 2017/08/20 8:32:09 ET
Table 'Jucunda II' 6-max Seat #1 is the button
Seat 1: aremom4e ($72.26 in chips)
Seat 3: Rus29APX ($164.82 in chips)
aremom4e: posts small blind $1
Rus29APX: posts big blind $3
*** HOLE CARDS ***
aremom4e: raises $3 to $6
Rus29APX: raises $3 to $9
aremom4e: calls $3
*** FLOP *** [Kc Jd Jh]
Rus29APX: bets $3
aremom4e: calls $3
*** TURN *** [Kc Jd Jh] [7c]
Rus29APX: bets $6
aremom4e: raises $6 to $12
Rus29APX: calls $6
*** RIVER *** [Kc Jd Jh 7c] [6c]
Rus29APX: checks
aremom4e: bets $6
Rus29APX: folds
Uncalled bet ($6) returned to aremom4e
aremom4e collected $47.50 from pot
aremom4e: doesn't show hand
*** SUMMARY ***
Total pot $48 | Rake $0.50
Board [Kc Jd Jh 7c 6c]
Seat 1: aremom4e (button) (small blind) collected ($47.50)
Seat 3: Rus29APX (big blind) folded on the River


PokerStars Hand #174565451951:  Hold'em Limit ($3/$6 USD) - 2017/08/20 8:32:47 ET
Table 'Jucunda II' 6-max Seat #1 is the button
Seat 1: aremom4e ($104.40 in chips)
Seat 3: Rus29APX ($131.82 in chips)
aremom4e: posts small blind $1
Rus29APX: posts big blind $3
*** HOLE CARDS ***
aremom4e: calls $2
Rus29APX: checks
*** FLOP *** [As Ah 7d]
Rus29APX: checks
aremom4e: checks
*** TURN *** [As Ah 7d] [6s]
Rus29APX: checks
aremom4e: bets $6
Rus29APX: calls $6
*** RIVER *** [As Ah 7d 6s] [6h]
Rus29APX: checks
aremom4e: checks
*** SHOW DOWN ***
Rus29APX: shows [8c Kd] (two pair, Aces and Sixes)
aremom4e: mucks hand
Rus29APX collected $17.64 from pot
*** SUMMARY ***
Total pot $18 | Rake $0.36
Board [As Ah 7d 6s 6h]
Seat 1: aremom4e (button) (small blind) mucked
Seat 3: Rus29APX (big blind) showed [8c Kd] and won ($17.64) with two pair, Aces and Sixes


PokerStars Hand #174565444414:  Hold'em Limit ($3/$6 USD) - 2017/08/20 8:32:33 ET
Table 'Jucunda II' 6-max Seat #3 is the button
Seat 1: aremom4e ($95.76 in chips)
Seat 3: Rus29APX ($140.82 in chips)
Rus29APX: posts small blind $1
aremom4e: posts big blind $3
*** HOLE CARDS ***
Rus29APX: raises $3 to $6
aremom4e: raises $3 to $9
Rus29APX: calls $3
*** FLOP *** [As 9c 5h]
aremom4e: bets $3
Rus29APX: folds
Uncalled bet ($3) returned to aremom4e
aremom4e collected $17.64 from pot
aremom4e: doesn't show hand
*** SUMMARY ***
Total pot $18 | Rake $0.36
Board [As 9c 5h]
Seat 1: aremom4e (big blind) collected ($17.64)
Seat 3: Rus29APX (button) (small blind) folded on the Flop


PokerStars Hand #174565467118:  Hold'em Limit ($3/$6 USD) - 2017/08/20 8:33:16 ET
Table 'Jucunda II' 6-max Seat #3 is the button
Seat 1: aremom4e ($95.40 in chips)
Seat 3: Rus29APX ($140.46 in chips)
Rus29APX: posts small blind $1
aremom4e: posts big blind $3
*** HOLE CARDS ***
Rus29APX: raises $3 to $6
aremom4e: calls $3
*** FLOP *** [9c 7c Kh]
aremom4e: checks
Rus29APX: bets $3
aremom4e: raises $3 to $6
Rus29APX: calls $3
*** TURN *** [9c 7c Kh] [8d]
aremom4e: bets $6
Rus29APX: calls $6
*** RIVER *** [9c 7c Kh 8d] [3h]
aremom4e: bets $6
Rus29APX: folds
Uncalled bet ($6) returned to aremom4e
aremom4e collected $35.50 from pot
aremom4e: doesn't show hand
*** SUMMARY ***
Total pot $36 | Rake $0.50
Board [9c 7c Kh 8d 3h]
Seat 1: aremom4e (big blind) collected ($35.50)
Seat 3: Rus29APX (button) (small blind) folded on the River


PokerStars Hand #174565506369:  Hold'em Limit ($3/$6 USD) - 2017/08/20 8:34:31 ET
Table 'Jucunda II' 6-max Seat #1 is the button
Seat 1: aremom4e ($91.90 in chips)
Seat 3: Rus29APX ($142.74 in chips)
aremom4e: posts small blind $1
Rus29APX: posts big blind $3
*** HOLE CARDS ***
aremom4e: folds
Uncalled bet ($2) returned to Rus29APX
Rus29APX collected $2 from pot
Rus29APX: doesn't show hand
*** SUMMARY ***
Total pot $2 | Rake $0
Seat 1: aremom4e (button) (small blind) folded before Flop
Seat 3: Rus29APX (big blind) collected ($2)


PokerStars Hand #174565499607:  Hold'em Limit ($3/$6 USD) - 2017/08/20 8:34:18 ET
Table 'Jucunda II' 6-max Seat #3 is the button
Seat 1: aremom4e ($97.90 in chips)
Seat 3: Rus29APX ($136.98 in chips)
Rus29APX: posts small blind $1
aremom4e: posts big blind $3
*** HOLE CARDS ***
Rus29APX: raises $3 to $6
aremom4e: calls $3
*** FLOP *** [Qh 2c 8d]
aremom4e: checks
Rus29APX: bets $3
aremom4e: folds
Uncalled bet ($3) returned to Rus29APX
Rus29APX collected $11.76 from pot
Rus29APX: doesn't show hand
*** SUMMARY ***
Total pot $12 | Rake $0.24
Board [Qh 2c 8d]
Seat 1: aremom4e (big blind) folded on the Flop
Seat 3: Rus29APX (button) (small blind) collected ($11.76)


PokerStars Hand #174565496902:  Hold'em Limit ($3/$6 USD) - 2017/08/20 8:34:13 ET
Table 'Jucunda II' 6-max Seat #1 is the button
Seat 1: aremom4e ($98.90 in chips)
Seat 3: Rus29APX ($135.98 in chips)
aremom4e: posts small blind $1
Rus29APX: posts big blind $3
*** HOLE CARDS ***
aremom4e: folds
Uncalled bet ($2) returned to Rus29APX
Rus29APX collected $2 from pot
Rus29APX: doesn't show hand
*** SUMMARY ***
Total pot $2 | Rake $0
Seat 1: aremom4e (button) (small blind) folded before Flop
Seat 3: Rus29APX (big blind) collected ($2)


PokerStars Hand #174565491247:  Hold'em Limit ($3/$6 USD) - 2017/08/20 8:34:03 ET
Table 'Jucunda II' 6-max Seat #3 is the button
Seat 1: aremom4e ($104.90 in chips)
Seat 3: Rus29APX ($130.22 in chips)
Rus29APX: posts small blind $1
aremom4e: posts big blind $3
*** HOLE CARDS ***
Rus29APX: raises $3 to $6
aremom4e: calls $3
*** FLOP *** [4h As 9s]
aremom4e: checks
Rus29APX: bets $3
aremom4e: folds
Uncalled bet ($3) returned to Rus29APX
Rus29APX collected $11.76 from pot
Rus29APX: doesn't show hand
*** SUMMARY ***
Total pot $12 | Rake $0.24
Board [4h As 9s]
Seat 1: aremom4e (big blind) folded on the Flop
Seat 3: Rus29APX (button) (small blind) collected ($11.76)


PokerStars Hand #174565488740:  Hold'em Limit ($3/$6 USD) - 2017/08/20 8:33:58 ET
Table 'Jucunda II' 6-max Seat #1 is the button
Seat 1: aremom4e ($105.90 in chips)
Seat 3: Rus29APX ($129.22 in chips)
aremom4e: posts small blind $1
Rus29APX: posts big blind $3
*** HOLE CARDS ***
aremom4e: folds
Uncalled bet ($2) returned to Rus29APX
Rus29APX collected $2 from pot
Rus29APX: doesn't show hand
*** SUMMARY ***
Total pot $2 | Rake $0
Seat 1: aremom4e (button) (small blind) folded before Flop
Seat 3: Rus29APX (big blind) collected ($2)


PokerStars Hand #174565481613:  Hold'em Limit ($3/$6 USD) - 2017/08/20 8:33:44 ET
Table 'Jucunda II' 6-max Seat #3 is the button
Seat 1: aremom4e ($111.90 in chips)
Seat 3: Rus29APX ($123.46 in chips)
Rus29APX: posts small blind $1
aremom4e: posts big blind $3
*** HOLE CARDS ***
Rus29APX: raises $3 to $6
aremom4e: calls $3
*** FLOP *** [8s Ac Kh]
aremom4e: checks
Rus29APX: bets $3
aremom4e: folds
Uncalled bet ($3) returned to Rus29APX
Rus29APX collected $11.76 from pot
Rus29APX: doesn't show hand
*** SUMMARY ***
Total pot $12 | Rake $0.24
Board [8s Ac Kh]
Seat 1: aremom4e (big blind) folded on the Flop
Seat 3: Rus29APX (button) (small blind) collected ($11.76)


PokerStars Hand #174565478705:  Hold'em Limit ($3/$6 USD) - 2017/08/20 8:33:39 ET
Table 'Jucunda II' 6-max Seat #1 is the button
Seat 1: aremom4e ($112.90 in chips)
Seat 3: Rus29APX ($122.46 in chips)
aremom4e: posts small blind $1
Rus29APX: posts big blind $3
*** HOLE CARDS ***
aremom4e: folds
Uncalled bet ($2) returned to Rus29APX
Rus29APX collected $2 from pot
Rus29APX: doesn't show hand
*** SUMMARY ***
Total pot $2 | Rake $0
Seat 1: aremom4e (button) (small blind) folded before Flop
Seat 3: Rus29APX (big blind) collected ($2)


PokerStars Hand #174565529933:  Hold'em Limit ($3/$6 USD) - 2017/08/20 8:35:16 ET
Table 'Jucunda II' 6-max Seat #3 is the button
Seat 1: aremom4e ($63.54 in chips)
Seat 3: Rus29APX ($170.24 in chips)
Rus29APX: posts small blind $1
aremom4e: posts big blind $3
*** HOLE CARDS ***
Rus29APX: raises $3 to $6
aremom4e: calls $3
*** FLOP *** [2s 6s 7d]
aremom4e: checks
Rus29APX: bets $3
aremom4e: calls $3
*** TURN *** [2s 6s 7d] [9s]
aremom4e: checks
Rus29APX: bets $6
aremom4e: raises $6 to $12
Rus29APX: calls $6
*** RIVER *** [2s 6s 7d 9s] [2h]
aremom4e: bets $6
Rus29APX: calls $6
*** SHOW DOWN ***
aremom4e: shows [8d Th] (a straight, Six to Ten)
Rus29APX: mucks hand
aremom4e collected $53.50 from pot
*** SUMMARY ***
Total pot $54 | Rake $0.50
Board [2s 6s 7d 9s 2h]
Seat 1: aremom4e (big blind) showed [8d Th] and won ($53.50) with a straight, Six to Ten
Seat 3: Rus29APX (button) (small blind) mucked


PokerStars Hand #174565514788:  Hold'em Limit ($3/$6 USD) - 2017/08/20 8:34:47 ET
Table 'Jucunda II' 6-max Seat #1 is the button
Seat 1: aremom4e ($99.54 in chips)
Seat 3: Rus29APX ($134.74 in chips)
aremom4e: posts small blind $1
Rus29APX: posts big blind $3
*** HOLE CARDS ***
aremom4e: raises $3 to $6
Rus29APX: calls $3
*** FLOP *** [5h 9s Td]
Rus29APX: checks
aremom4e: bets $3
Rus29APX: raises $3 to $6
aremom4e: calls $3
*** TURN *** [5h 9s Td] [Tc]
Rus29APX: bets $6
aremom4e: raises $6 to $12
Rus29APX: raises $6 to $18
aremom4e: calls $6
*** RIVER *** [5h 9s Td Tc] [Kd]
Rus29APX: bets $6
aremom4e: calls $6
*** SHOW DOWN ***
Rus29APX: shows [Ts Qh] (three of a kind, Tens)
aremom4e: mucks hand
Rus29APX collected $71.50 from pot
*** SUMMARY ***
Total pot $72 | Rake $0.50
Board [5h 9s Td Tc Kd]
Seat 1: aremom4e (button) (small blind) mucked
Seat 3: Rus29APX (big blind) showed [Ts Qh] and won ($71.50) with three of a kind, Tens


PokerStars Hand #174565508879:  Hold'em Limit ($3/$6 USD) - 2017/08/20 8:34:36 ET
Table 'Jucunda II' 6-max Seat #3 is the button
Seat 1: aremom4e ($90.90 in chips)
Seat 3: Rus29APX ($143.74 in chips)
Rus29APX: posts small blind $1
aremom4e: posts big blind $3
*** HOLE CARDS ***
Rus29APX: raises $3 to $6
aremom4e: calls $3
*** FLOP *** [Ks 8d Js]
aremom4e: checks
Rus29APX: bets $3
aremom4e: raises $3 to $6
Rus29APX: folds
Uncalled bet ($3) returned to aremom4e
aremom4e collected $17.64 from pot
aremom4e: doesn't show hand
*** SUMMARY ***
Total pot $18 | Rake $0.36
Board [Ks 8d Js]
Seat 1: aremom4e (big blind) collected ($17.64)
Seat 3: Rus29APX (button) (small blind) folded on the Flop


PokerStars Hand #174565554668:  Hold'em Limit ($3/$6 USD) - 2017/08/20 8:36:03 ET
Table 'Jucunda II' 6-max Seat #1 is the button
Seat 1: aremom4e ($89.80 in chips)
Seat 3: Rus29APX ($143 in chips)
aremom4e: posts small blind $1
Rus29APX: posts big blind $3
*** HOLE CARDS ***
aremom4e: folds
Uncalled bet ($2) returned to Rus29APX
Rus29APX collected $2 from pot
Rus29APX: doesn't show hand
*** SUMMARY ***
Total pot $2 | Rake $0
Seat 1: aremom4e (button) (small blind) folded before Flop
Seat 3: Rus29APX (big blind) collected ($2)


PokerStars Hand #174565548941:  Hold'em Limit ($3/$6 USD) - 2017/08/20 8:35:52 ET
Table 'Jucunda II' 6-max Seat #3 is the button
Seat 1: aremom4e ($95.80 in chips)
Seat 3: Rus29APX ($137.24 in chips)
Rus29APX: posts small blind $1
aremom4e: posts big blind $3
*** HOLE CARDS ***
Rus29APX: raises $3 to $6
aremom4e: calls $3
*** FLOP *** [Th 6h Jc]
aremom4e: checks
Rus29APX: bets $3
aremom4e: folds
Uncalled bet ($3) returned to Rus29APX
Rus29APX collected $11.76 from pot
Rus29APX: doesn't show hand
*** SUMMARY ***
Total pot $12 | Rake $0.24
Board [Th 6h Jc]
Seat 1: aremom4e (big blind) folded on the Flop
Seat 3: Rus29APX (button) (small blind) collected ($11.76)


PokerStars Hand #174565542177:  Hold'em Limit ($3/$6 USD) - 2017/08/20 8:35:40 ET
Table 'Jucunda II' 6-max Seat #1 is the button
Seat 1: aremom4e ($90.04 in chips)
Seat 3: Rus29APX ($143.24 in chips)
aremom4e: posts small blind $1
Rus29APX: posts big blind $3
*** HOLE CARDS ***
aremom4e: raises $3 to $6
Rus29APX: calls $3
*** FLOP *** [Qc Ac Ah]
Rus29APX: checks
aremom4e: bets $3
Rus29APX: folds
Uncalled bet ($3) returned to aremom4e
aremom4e collected $11.76 from pot
aremom4e: doesn't show hand
*** SUMMARY ***
Total pot $12 | Rake $0.24
Board [Qc Ac Ah]
Seat 1: aremom4e (button) (small blind) collected ($11.76)
Seat 3: Rus29APX (big blind) folded on the Flop


PokerStars Hand #174565557260:  Hold'em Limit ($3/$6 USD) - 2017/08/20 8:36:08 ET
Table 'Jucunda II' 6-max Seat #3 is the button
Seat 1: aremom4e ($88.80 in chips)
Seat 3: Rus29APX ($144 in chips)
Rus29APX: posts small blind $1
aremom4e: posts big blind $3
*** HOLE CARDS ***
Rus29APX: raises $3 to $6
aremom4e: calls $3
*** FLOP *** [As 8h 7s]
aremom4e: checks
Rus29APX: bets $3
aremom4e: folds
Uncalled bet ($3) returned to Rus29APX
Rus29APX collected $11.76 from pot
Rus29APX: doesn't show hand
*** SUMMARY ***
Total pot $12 | Rake $0.24
Board [As 8h 7s]
Seat 1: aremom4e (big blind) folded on the Flop
Seat 3: Rus29APX (button) (small blind) collected ($11.76)


PokerStars Hand #174565564533:  Hold'em Limit ($3/$6 USD) - 2017/08/20 8:36:22 ET
Table 'Jucunda II' 6-max Seat #1 is the button
Seat 1: aremom4e ($82.80 in chips)
Seat 3: Rus29APX ($149.76 in chips)
aremom4e: posts small blind $1
Rus29APX: posts big blind $3
*** HOLE CARDS ***
aremom4e: raises $3 to $6
Rus29APX: calls $3
*** FLOP *** [2c Th Ad]
Rus29APX: checks
aremom4e: bets $3
Rus29APX: calls $3
*** TURN *** [2c Th Ad] [5c]
Rus29APX: checks
aremom4e: checks
*** RIVER *** [2c Th Ad 5c] [4d]
Rus29APX: checks
aremom4e: checks
*** SHOW DOWN ***
Rus29APX: shows [6c Kc] (high card Ace)
aremom4e: shows [Jh Ks] (high card Ace - King+Jack kicker)
aremom4e collected $17.64 from pot
*** SUMMARY ***
Total pot $18 | Rake $0.36
Board [2c Th Ad 5c 4d]
Seat 1: aremom4e (button) (small blind) showed [Jh Ks] and won ($17.64) with high card Ace
Seat 3: Rus29APX (big blind) showed [6c Kc] and lost with high card Ace


PokerStars Hand #174565586610:  Hold'em Limit ($3/$6 USD) - 2017/08/20 8:37:04 ET
Table 'Jucunda II' 6-max Seat #1 is the button
Seat 1: aremom4e ($85.44 in chips)
Seat 3: Rus29APX ($146.52 in chips)
aremom4e: posts small blind $1
Rus29APX: posts big blind $3
*** HOLE CARDS ***
aremom4e: raises $3 to $6
Rus29APX: raises $3 to $9
aremom4e: calls $3
*** FLOP *** [2d 6s 8s]
Rus29APX: bets $3
aremom4e: calls $3
*** TURN *** [2d 6s 8s] [9d]
Rus29APX: checks
aremom4e: bets $6
Rus29APX: calls $6
*** RIVER *** [2d 6s 8s 9d] [As]
Rus29APX: checks
aremom4e: bets $6
Rus29APX: folds
Uncalled bet ($6) returned to aremom4e
aremom4e collected $35.50 from pot
aremom4e: doesn't show hand
*** SUMMARY ***
Total pot $36 | Rake $0.50
Board [2d 6s 8s 9d As]
Seat 1: aremom4e (button) (small blind) collected ($35.50)
Seat 3: Rus29APX (big blind) folded on the River


PokerStars Hand #174565580505:  Hold'em Limit ($3/$6 USD) - 2017/08/20 8:36:52 ET
Table 'Jucunda II' 6-max Seat #3 is the button
Seat 1: aremom4e ($91.44 in chips)
Seat 3: Rus29APX ($140.76 in chips)
Rus29APX: posts small blind $1
aremom4e: posts big blind $3
*** HOLE CARDS ***
Rus29APX: raises $3 to $6
aremom4e: calls $3
*** FLOP *** [8d Tc Th]
aremom4e: checks
Rus29APX: bets $3
aremom4e: folds
Uncalled bet ($3) returned to Rus29APX
Rus29APX collected $11.76 from pot
Rus29APX: doesn't show hand
*** SUMMARY ***
Total pot $12 | Rake $0.24
Board [8d Tc Th]
Seat 1: aremom4e (big blind) folded on the Flop
Seat 3: Rus29APX (button) (small blind) collected ($11.76)


PokerStars Hand #174565616341:  Hold'em Limit ($3/$6 USD) - 2017/08/20 8:38:01 ET
Table 'Jucunda II' 6-max Seat #1 is the button
Seat 1: aremom4e ($84.94 in chips)
Seat 3: Rus29APX ($146.02 in chips)
aremom4e: posts small blind $1
Rus29APX: posts big blind $3
*** HOLE CARDS ***
aremom4e: folds
Uncalled bet ($2) returned to Rus29APX
Rus29APX collected $2 from pot
Rus29APX: doesn't show hand
*** SUMMARY ***
Total pot $2 | Rake $0
Seat 1: aremom4e (button) (small blind) folded before Flop
Seat 3: Rus29APX (big blind) collected ($2)


PokerStars Hand #174565603416:  Hold'em Limit ($3/$6 USD) - 2017/08/20 8:37:36 ET
Table 'Jucunda II' 6-max Seat #3 is the button
Seat 1: aremom4e ($102.94 in chips)
Seat 3: Rus29APX ($128.52 in chips)
Rus29APX: posts small blind $1
aremom4e: posts big blind $3
*** HOLE CARDS ***
Rus29APX: raises $3 to $6
aremom4e: calls $3
*** FLOP *** [Js 7d 5c]
aremom4e: checks
Rus29APX: bets $3
aremom4e: raises $3 to $6
Rus29APX: calls $3
*** TURN *** [Js 7d 5c] [9d]
aremom4e: checks
Rus29APX: bets $6
aremom4e: calls $6
*** RIVER *** [Js 7d 5c 9d] [Qc]
aremom4e: checks
Rus29APX: bets $6
aremom4e: folds
Uncalled bet ($6) returned to Rus29APX
Rus29APX collected $35.50 from pot
Rus29APX: doesn't show hand
*** SUMMARY ***
Total pot $36 | Rake $0.50
Board [Js 7d 5c 9d Qc]
Seat 1: aremom4e (big blind) folded on the River
Seat 3: Rus29APX (button) (small blind) collected ($35.50)


PokerStars Hand #174565629127:  Hold'em Limit ($3/$6 USD) - 2017/08/20 8:38:25 ET
Table 'Jucunda II' 6-max Seat #1 is the button
Seat 1: aremom4e ($95.46 in chips)
Seat 3: Rus29APX ($135.02 in chips)
aremom4e: posts small blind $1
Rus29APX: posts big blind $3
*** HOLE CARDS ***
aremom4e: folds
Uncalled bet ($2) returned to Rus29APX
Rus29APX collected $2 from pot
Rus29APX: doesn't show hand
*** SUMMARY ***
Total pot $2 | Rake $0
Seat 1: aremom4e (button) (small blind) folded before Flop
Seat 3: Rus29APX (big blind) collected ($2)


PokerStars Hand #174565618741:  Hold'em Limit ($3/$6 USD) - 2017/08/20 8:38:05 ET
Table 'Jucunda II' 6-max Seat #3 is the button
Seat 1: aremom4e ($83.94 in chips)
Seat 3: Rus29APX ($147.02 in chips)
Rus29APX: posts small blind $1
aremom4e: posts big blind $3
*** HOLE CARDS ***
Rus29APX: raises $3 to $6
aremom4e: raises $3 to $9
Rus29APX: calls $3
*** FLOP *** [3c 3d 3s]
aremom4e: bets $3
Rus29APX: calls $3
*** TURN *** [3c 3d 3s] [4s]
aremom4e: bets $6
Rus29APX: folds
Uncalled bet ($6) returned to aremom4e
aremom4e collected $23.52 from pot
aremom4e: doesn't show hand
*** SUMMARY ***
Total pot $24 | Rake $0.48
Board [3c 3d 3s 4s]
Seat 1: aremom4e (big blind) collected ($23.52)
Seat 3: Rus29APX (button) (small blind) folded on the Turn


PokerStars Hand #174565651123:  Hold'em Limit ($3/$6 USD) - 2017/08/20 8:39:07 ET
Table 'Jucunda II' 6-max Seat #3 is the button
Seat 1: aremom4e ($129.46 in chips)
Seat 3: Rus29APX ($100.02 in chips)
Rus29APX: posts small blind $1
aremom4e: posts big blind $3
*** HOLE CARDS ***
Rus29APX: raises $3 to $6
aremom4e: calls $3
*** FLOP *** [Ts 2d Kd]
aremom4e: checks
Rus29APX: bets $3
aremom4e: calls $3
*** TURN *** [Ts 2d Kd] [Ad]
aremom4e: checks
Rus29APX: bets $6
aremom4e: folds
Uncalled bet ($6) returned to Rus29APX
Rus29APX collected $17.64 from pot
Rus29APX: doesn't show hand
*** SUMMARY ***
Total pot $18 | Rake $0.36
Board [Ts 2d Kd Ad]
Seat 1: aremom4e (big blind) folded on the Turn
Seat 3: Rus29APX (button) (small blind) collected ($17.64)


PokerStars Hand #174565641736:  Hold'em Limit ($3/$6 USD) - 2017/08/20 8:38:49 ET
Table 'Jucunda II' 6-max Seat #1 is the button
Seat 1: aremom4e ($114.96 in chips)
Seat 3: Rus29APX ($115.02 in chips)
aremom4e: posts small blind $1
Rus29APX: posts big blind $3
*** HOLE CARDS ***
aremom4e: calls $2
Rus29APX: raises $3 to $6
aremom4e: calls $3
*** FLOP *** [2c 4h 4s]
Rus29APX: bets $3
aremom4e: calls $3
*** TURN *** [2c 4h 4s] [5h]
Rus29APX: bets $6
aremom4e: raises $6 to $12
Rus29APX: folds
Uncalled bet ($6) returned to aremom4e
aremom4e collected $29.50 from pot
aremom4e: doesn't show hand
*** SUMMARY ***
Total pot $30 | Rake $0.50
Board [2c 4h 4s 5h]
Seat 1: aremom4e (button) (small blind) collected ($29.50)
Seat 3: Rus29APX (big blind) folded on the Turn


PokerStars Hand #174565662801:  Hold'em Limit ($3/$6 USD) - 2017/08/20 8:39:29 ET
Table 'Jucunda II' 6-max Seat #3 is the button
Seat 1: aremom4e ($123.46 in chips)
Seat 3: Rus29APX ($105.66 in chips)
Rus29APX: posts small blind $1
aremom4e: posts big blind $3
*** HOLE CARDS ***
Rus29APX: raises $3 to $6
aremom4e: folds
Uncalled bet ($3) returned to Rus29APX
Rus29APX collected $6 from pot
Rus29APX: doesn't show hand
*** SUMMARY ***
Total pot $6 | Rake $0
Seat 1: aremom4e (big blind) folded before Flop
Seat 3: Rus29APX (button) (small blind) collected ($6)


PokerStars Hand #174565631955:  Hold'em Limit ($3/$6 USD) - 2017/08/20 8:38:31 ET
Table 'Jucunda II' 6-max Seat #3 is the button
Seat 1: aremom4e ($94.46 in chips)
Seat 3: Rus29APX ($136.02 in chips)
Rus29APX: posts small blind $1
aremom4e: posts big blind $3
*** HOLE CARDS ***
Rus29APX: raises $3 to $6
aremom4e: calls $3
*** FLOP *** [6h 4d As]
aremom4e: checks
Rus29APX: bets $3
aremom4e: calls $3
*** TURN *** [6h 4d As] [3c]
aremom4e: checks
Rus29APX: bets $6
aremom4e: calls $6
*** RIVER *** [6h 4d As 3c] [Ah]
aremom4e: checks
Rus29APX: bets $6
aremom4e: calls $6
*** SHOW DOWN ***
Rus29APX: shows [8s 9d] (a pair of Aces)
aremom4e: shows [Qd 4s] (two pair, Aces and Fours)
aremom4e collected $41.50 from pot
*** SUMMARY ***
Total pot $42 | Rake $0.50
Board [6h 4d As 3c Ah]
Seat 1: aremom4e (big blind) showed [Qd 4s] and won ($41.50) with two pair, Aces and Fours
Seat 3: Rus29APX (button) (small blind) showed [8s 9d] and lost with a pair of Aces


PokerStars Hand #174565676053:  Hold'em Limit ($3/$6 USD) - 2017/08/20 8:39:55 ET
Table 'Jucunda II' 6-max Seat #3 is the button
Seat 1: aremom4e ($111.46 in chips)
Seat 3: Rus29APX ($117.30 in chips)
Rus29APX: posts small blind $1
aremom4e: posts big blind $3
*** HOLE CARDS ***
Rus29APX: folds
Uncalled bet ($2) returned to aremom4e
aremom4e collected $2 from pot
aremom4e: doesn't show hand
*** SUMMARY ***
Total pot $2 | Rake $0
Seat 1: aremom4e (big blind) collected ($2)
Seat 3: Rus29APX (button) (small blind) folded before Flop


PokerStars Hand #174565665521:  Hold'em Limit ($3/$6 USD) - 2017/08/20 8:39:34 ET
Table 'Jucunda II' 6-max Seat #1 is the button
Seat 1: aremom4e ($120.46 in chips)
Seat 3: Rus29APX ($108.66 in chips)
aremom4e: posts small blind $1
Rus29APX: posts big blind $3
*** HOLE CARDS ***
aremom4e: calls $2
Rus29APX: raises $3 to $6
aremom4e: calls $3
*** FLOP *** [Jd 9s 6c]
Rus29APX: bets $3
aremom4e: calls $3
*** TURN *** [Jd 9s 6c] [9c]
Rus29APX: checks
aremom4e: checks
*** RIVER *** [Jd 9s 6c 9c] [6h]
Rus29APX: checks
aremom4e: checks
*** SHOW DOWN ***
Rus29APX: shows [8d Kd] (two pair, Nines and Sixes)
aremom4e: mucks hand
Rus29APX collected $17.64 from pot
*** SUMMARY ***
Total pot $18 | Rake $0.36
Board [Jd 9s 6c 9c 6h]
Seat 1: aremom4e (button) (small blind) mucked
Seat 3: Rus29APX (big blind) showed [8d Kd] and won ($17.64) with two pair, Nines and Sixes


PokerStars Hand #174565692245:  Hold'em Limit ($3/$6 USD) - 2017/08/20 8:40:26 ET
Table 'Jucunda II' 6-max Seat #3 is the button
Seat 1: aremom4e ($94.46 in chips)
Seat 3: Rus29APX ($133.80 in chips)
Rus29APX: posts small blind $1
aremom4e: posts big blind $3
*** HOLE CARDS ***
Rus29APX: raises $3 to $6
aremom4e: folds
Uncalled bet ($3) returned to Rus29APX
Rus29APX collected $6 from pot
Rus29APX: doesn't show hand
*** SUMMARY ***
Total pot $6 | Rake $0
Seat 1: aremom4e (big blind) folded before Flop
Seat 3: Rus29APX (button) (small blind) collected ($6)


PokerStars Hand #174565679377:  Hold'em Limit ($3/$6 USD) - 2017/08/20 8:40:01 ET
Table 'Jucunda II' 6-max Seat #1 is the button
Seat 1: aremom4e ($112.46 in chips)
Seat 3: Rus29APX ($116.30 in chips)
aremom4e: posts small blind $1
Rus29APX: posts big blind $3
*** HOLE CARDS ***
aremom4e: raises $3 to $6
Rus29APX: calls $3
*** FLOP *** [Ac 3c 8c]
Rus29APX: checks
aremom4e: checks
*** TURN *** [Ac 3c 8c] [4c]
Rus29APX: checks
aremom4e: bets $6
Rus29APX: raises $6 to $12
aremom4e: calls $6
*** RIVER *** [Ac 3c 8c 4c] [As]
Rus29APX: bets $6
aremom4e: folds
Uncalled bet ($6) returned to Rus29APX
Rus29APX collected $35.50 from pot
Rus29APX: doesn't show hand
*** SUMMARY ***
Total pot $36 | Rake $0.50
Board [Ac 3c 8c 4c As]
Seat 1: aremom4e (button) (small blind) folded on the River
Seat 3: Rus29APX (big blind) collected ($35.50)


PokerStars Hand #174565695507:  Hold'em Limit ($3/$6 USD) - 2017/08/20 8:40:32 ET
Table 'Jucunda II' 6-max Seat #1 is the button
Seat 1: aremom4e ($91.46 in chips)
Seat 3: Rus29APX ($136.80 in chips)
aremom4e: posts small blind $1
Rus29APX: posts big blind $3
*** HOLE CARDS ***
aremom4e: raises $3 to $6
Rus29APX: calls $3
*** FLOP *** [3s 7d 3d]
Rus29APX: checks
aremom4e: checks
*** TURN *** [3s 7d 3d] [8s]
masterblstr8 joins the table at seat #2
Rus29APX: bets $6
aremom4e: calls $6
*** RIVER *** [3s 7d 3d 8s] [8d]
Rus29APX: checks
aremom4e: checks
*** SHOW DOWN ***
Rus29APX: shows [6d 9h] (two pair, Eights and Threes)
aremom4e: shows [Ts Js] (two pair, Eights and Threes - Jack kicker)
aremom4e collected $23.52 from pot
*** SUMMARY ***
Total pot $24 | Rake $0.48
Board [3s 7d 3d 8s 8d]
Seat 1: aremom4e (button) (small blind) showed [Ts Js] and won ($23.52) with two pair, Eights and Threes
Seat 3: Rus29APX (big blind) showed [6d 9h] and lost with two pair, Eights and Threes


PokerStars Hand #174565707567:  Hold'em Limit ($3/$6 USD) - 2017/08/20 8:40:55 ET
Table 'Jucunda II' 6-max Seat #3 is the button
Seat 1: aremom4e ($102.98 in chips)
Seat 3: Rus29APX ($124.80 in chips)
Rus29APX: posts small blind $1
aremom4e: posts big blind $3
*** HOLE CARDS ***
Rus29APX: raises $3 to $6
aremom4e: calls $3
*** FLOP *** [2d 4c Kh]
aremom4e: checks
Rus29APX: bets $3
aremom4e: calls $3
*** TURN *** [2d 4c Kh] [2s]
aremom4e: checks
Anchig joins the table at seat #4
Rus29APX: checks
*** RIVER *** [2d 4c Kh 2s] [6c]
aremom4e: checks
Rus29APX: bets $6
aremom4e: folds
Uncalled bet ($6) returned to Rus29APX
Rus29APX collected $17.64 from pot
Rus29APX: doesn't show hand
*** SUMMARY ***
Total pot $18 | Rake $0.36
Board [2d 4c Kh 2s 6c]
Seat 1: aremom4e (big blind) folded on the River
Seat 3: Rus29APX (button) (small blind) collected ($17.64)


PokerStars Hand #174566042019:  Hold'em Limit ($3/$6 USD) - 2017/08/20 8:51:28 ET
Table 'Jucunda II' 6-max Seat #3 is the button
Seat 3: Rus29APX ($176.36 in chips)
Seat 5: linuxhunter ($229.20 in chips)
AAAbeta will be allowed to play after the button
Rus29APX: posts small blind $1
Anchig: is sitting out
linuxhunter: posts big blind $3
*** HOLE CARDS ***
Rus29APX: raises $3 to $6
Anchig leaves the table
linuxhunter: calls $3
*** FLOP *** [4s 7s 3c]
linuxhunter: bets $3
Rus29APX: calls $3
*** TURN *** [4s 7s 3c] [3h]
linuxhunter: checks
Rus29APX: bets $6
linuxhunter: folds
Uncalled bet ($6) returned to Rus29APX
Rus29APX collected $17.64 from pot
Rus29APX: doesn't show hand
*** SUMMARY ***
Total pot $18 | Rake $0.36
Board [4s 7s 3c 3h]
Seat 3: Rus29APX (button) (small blind) collected ($17.64)
Seat 5: linuxhunter (big blind) folded on the Turn


PokerStars Hand #174568324976:  Hold'em Limit ($3/$6 USD) - 2017/08/20 9:59:20 ET
Table 'Jucunda II' 6-max Seat #1 is the button
Seat 1: AAAbeta ($122.69 in chips)
Seat 4: 14benzo ($44.57 in chips)
AAAbeta: posts small blind $1
B_loJkl: is sitting out
14benzo: posts big blind $3
*** HOLE CARDS ***
B_loJkl leaves the table
AAAbeta: raises $3 to $6
14benzo: raises $3 to $9
B_loJkl joins the table at seat #5
AAAbeta: calls $3
*** FLOP *** [4h Kh 5s]
14benzo: bets $3
AAAbeta: calls $3
*** TURN *** [4h Kh 5s] [5d]
14benzo: bets $6
AAAbeta: raises $6 to $12
14benzo: calls $6
*** RIVER *** [4h Kh 5s 5d] [6d]
14benzo: checks
AAAbeta: bets $6
14benzo: calls $6
*** SHOW DOWN ***
AAAbeta: shows [Js 5c] (three of a kind, Fives)
14benzo: mucks hand
AAAbeta collected $59.50 from pot
*** SUMMARY ***
Total pot $60 | Rake $0.50
Board [4h Kh 5s 5d 6d]
Seat 1: AAAbeta (button) (small blind) showed [Js 5c] and won ($59.50) with three of a kind, Fives
Seat 4: 14benzo (big blind) mucked


PokerStars Hand #174568342116:  Hold'em Limit ($3/$6 USD) - 2017/08/20 9:59:54 ET
Table 'Jucunda II' 6-max Seat #5 is the button
Seat 4: 14benzo ($13.57 in chips)
Seat 5: B_loJkl ($151 in chips)
B_loJkl: posts small blind $1
AAAbeta: is sitting out
14benzo: posts big blind $3
*** HOLE CARDS ***
B_loJkl: raises $3 to $6
14benzo: raises $3 to $9
B_loJkl: calls $3
*** FLOP *** [2h 4s Js]
14benzo: bets $3
AAAbeta leaves the table
B_loJkl: calls $3
*** TURN *** [2h 4s Js] [6h]
14benzo: bets $1.57 and is all-in
B_loJkl: calls $1.57
*** RIVER *** [2h 4s Js 6h] [5c]
*** SHOW DOWN ***
14benzo: shows [Tc Jh] (a pair of Jacks)
B_loJkl: shows [9d 5s] (a pair of Fives)
14benzo collected $26.64 from pot
ChaseMeIfUC joins the table at seat #6
*** SUMMARY ***
Total pot $27.14 | Rake $0.50
Board [2h 4s Js 6h 5c]
Seat 4: 14benzo (big blind) showed [Tc Jh] and won ($26.64) with a pair of Jacks
Seat 5: B_loJkl (button) (small blind) showed [9d 5s] and lost with a pair of Fives


PokerStars Hand #174568354482:  Hold'em Limit ($3/$6 USD) - 2017/08/20 10:00:19 ET
Table 'Jucunda II' 6-max Seat #4 is the button
Seat 4: 14benzo ($26.64 in chips)
Seat 5: B_loJkl ($137.43 in chips)
14benzo: posts small blind $1
B_loJkl: posts big blind $3
*** HOLE CARDS ***
14benzo: calls $2
B_loJkl: raises $3 to $6
14benzo: calls $3
*** FLOP *** [Th 9h 2s]
B_loJkl: bets $3
14benzo: calls $3
*** TURN *** [Th 9h 2s] [4d]
B_loJkl: bets $6
14benzo: calls $6
*** RIVER *** [Th 9h 2s 4d] [Td]
B_loJkl: checks
14benzo: bets $6
B_loJkl: folds
Uncalled bet ($6) returned to 14benzo
14benzo collected $29.50 from pot
14benzo: doesn't show hand
*** SUMMARY ***
Total pot $30 | Rake $0.50
Board [Th 9h 2s 4d Td]
Seat 4: 14benzo (button) (small blind) collected ($29.50)
Seat 5: B_loJkl (big blind) folded on the River


PokerStars Hand #174568567872:  Hold'em Limit ($3/$6 USD) - 2017/08/20 10:06:15 ET
Table 'Jucunda II' 6-max Seat #6 is the button
Seat 5: B_loJkl ($93.33 in chips)
Seat 6: ChaseMeIfUC ($71.02 in chips)
ChaseMeIfUC: posts small blind $1
B_loJkl: posts big blind $3
*** HOLE CARDS ***
ChaseMeIfUC: raises $3 to $6
B_loJkl: calls $3
*** FLOP *** [3d As Kh]
B_loJkl: checks
ChaseMeIfUC: bets $3
B_loJkl: calls $3
*** TURN *** [3d As Kh] [Ad]
B_loJkl: checks
ChaseMeIfUC: checks
*** RIVER *** [3d As Kh Ad] [3s]
B_loJkl: bets $6
ChaseMeIfUC: calls $6
*** SHOW DOWN ***
B_loJkl: shows [Qc 3c] (a full house, Threes full of Aces)
ChaseMeIfUC: mucks hand
B_loJkl collected $29.50 from pot
*** SUMMARY ***
Total pot $30 | Rake $0.50
Board [3d As Kh Ad 3s]
Seat 5: B_loJkl (big blind) showed [Qc 3c] and won ($29.50) with a full house, Threes full of Aces
Seat 6: ChaseMeIfUC (button) (small blind) mucked


PokerStars Hand #174568616728:  Hold'em Limit ($3/$6 USD) - 2017/08/20 10:07:33 ET
Table 'Jucunda II' 6-max Seat #6 is the button
Seat 5: B_loJkl ($134.33 in chips)
Seat 6: ChaseMeIfUC ($29.02 in chips)
ChaseMeIfUC: posts small blind $1
B_loJkl: posts big blind $3
*** HOLE CARDS ***
ChaseMeIfUC: raises $3 to $6
B_loJkl: calls $3
*** FLOP *** [Ks 5h 3d]
B_loJkl: checks
ChaseMeIfUC: bets $3
B_loJkl: calls $3
*** TURN *** [Ks 5h 3d] [Jh]
B_loJkl: checks
ChaseMeIfUC: bets $6
B_loJkl: folds
Uncalled bet ($6) returned to ChaseMeIfUC
ChaseMeIfUC collected $17.64 from pot
*** SUMMARY ***
Total pot $18 | Rake $0.36
Board [Ks 5h 3d Jh]
Seat 5: B_loJkl (big blind) folded on the Turn
Seat 6: ChaseMeIfUC (button) (small blind) collected ($17.64)


PokerStars Hand #174568673235:  Hold'em Limit ($3/$6 USD) - 2017/08/20 10:09:04 ET
Table 'Jucunda II' 6-max Seat #6 is the button
Seat 5: B_loJkl ($110.33 in chips)
Seat 6: ChaseMeIfUC ($52.16 in chips)
ChaseMeIfUC: posts small blind $1
B_loJkl: posts big blind $3
*** HOLE CARDS ***
ChaseMeIfUC: raises $3 to $6
B_loJkl: raises $3 to $9
ChaseMeIfUC: calls $3
*** FLOP *** [2c 6d 8d]
B_loJkl: bets $3
ChaseMeIfUC: raises $3 to $6
B_loJkl: raises $3 to $9
ChaseMeIfUC: calls $3
*** TURN *** [2c 6d 8d] [5d]
B_loJkl: bets $6
ChaseMeIfUC: calls $6
*** RIVER *** [2c 6d 8d 5d] [6s]
B_loJkl: bets $6
ChaseMeIfUC: folds
Uncalled bet ($6) returned to B_loJkl
B_loJkl collected $47.50 from pot
B_loJkl: doesn't show hand
*** SUMMARY ***
Total pot $48 | Rake $0.50
Board [2c 6d 8d 5d 6s]
Seat 5: B_loJkl (big blind) collected ($47.50)
Seat 6: ChaseMeIfUC (button) (small blind) folded on the River


PokerStars Hand #174568643013:  Hold'em Limit ($3/$6 USD) - 2017/08/20 10:08:16 ET
Table 'Jucunda II' 6-max Seat #5 is the button
Seat 5: B_loJkl ($125.33 in chips)
Seat 6: ChaseMeIfUC ($37.66 in chips)
B_loJkl: posts small blind $1
ChaseMeIfUC: posts big blind $3
*** HOLE CARDS ***
B_loJkl: raises $3 to $6
ChaseMeIfUC: calls $3
*** FLOP *** [3d Qh 5d]
ChaseMeIfUC: checks
B_loJkl: bets $3
ChaseMeIfUC: calls $3
*** TURN *** [3d Qh 5d] [6h]
ChaseMeIfUC: checks
B_loJkl: bets $6
ChaseMeIfUC: calls $6
*** RIVER *** [3d Qh 5d 6h] [2d]
ChaseMeIfUC: checks
B_loJkl: checks
*** SHOW DOWN ***
ChaseMeIfUC: shows [Td 7d] (a flush, Ten high)
B_loJkl: mucks hand
ChaseMeIfUC collected $29.50 from pot
*** SUMMARY ***
Total pot $30 | Rake $0.50
Board [3d Qh 5d 6h 2d]
Seat 5: B_loJkl (button) (small blind) mucked
Seat 6: ChaseMeIfUC (big blind) showed [Td 7d] and won ($29.50) with a flush, Ten high


PokerStars Hand #174568691027:  Hold'em Limit ($3/$6 USD) - 2017/08/20 10:09:33 ET
Table 'Jucunda II' 6-max Seat #5 is the button
Seat 5: B_loJkl ($133.83 in chips)
Seat 6: ChaseMeIfUC ($28.16 in chips)
B_loJkl: posts small blind $1
ChaseMeIfUC: posts big blind $3
*** HOLE CARDS ***
B_loJkl: raises $3 to $6
ChaseMeIfUC: calls $3
*** FLOP *** [7h Qd 8d]
ChaseMeIfUC: checks
B_loJkl: bets $3
ChaseMeIfUC: raises $3 to $6
B_loJkl: calls $3
*** TURN *** [7h Qd 8d] [9h]
ChaseMeIfUC: bets $6
B_loJkl: calls $6
*** RIVER *** [7h Qd 8d 9h] [7s]
ChaseMeIfUC: bets $6
B_loJkl: calls $6
*** SHOW DOWN ***
ChaseMeIfUC: shows [Qc Th] (two pair, Queens and Sevens)
B_loJkl: mucks hand
ChaseMeIfUC collected $47.50 from pot
*** SUMMARY ***
Total pot $48 | Rake $0.50
Board [7h Qd 8d 9h 7s]
Seat 5: B_loJkl (button) (small blind) mucked
Seat 6: ChaseMeIfUC (big blind) showed [Qc Th] and won ($47.50) with two pair, Queens and Sevens


PokerStars Hand #174568712325:  Hold'em Limit ($3/$6 USD) - 2017/08/20 10:10:07 ET
Table 'Jucunda II' 6-max Seat #6 is the button
Seat 5: B_loJkl ($109.83 in chips)
Seat 6: ChaseMeIfUC ($51.66 in chips)
ChaseMeIfUC: posts small blind $1
B_loJkl: posts big blind $3
*** HOLE CARDS ***
ChaseMeIfUC: raises $3 to $6
B_loJkl: folds
Uncalled bet ($3) returned to ChaseMeIfUC
ChaseMeIfUC collected $6 from pot
*** SUMMARY ***
Total pot $6 | Rake $0
Seat 5: B_loJkl (big blind) folded before Flop
Seat 6: ChaseMeIfUC (button) (small blind) collected ($6)


PokerStars Hand #174568717057:  Hold'em Limit ($3/$6 USD) - 2017/08/20 10:10:15 ET
Table 'Jucunda II' 6-max Seat #5 is the button
Seat 5: B_loJkl ($106.83 in chips)
Seat 6: ChaseMeIfUC ($54.66 in chips)
B_loJkl: posts small blind $1
ChaseMeIfUC: posts big blind $3
*** HOLE CARDS ***
B_loJkl: raises $3 to $6
ChaseMeIfUC: calls $3
*** FLOP *** [Td 4c 6d]
HAL9QQQ leaves the table
ChaseMeIfUC: checks
B_loJkl: bets $3
ChaseMeIfUC: folds
Uncalled bet ($3) returned to B_loJkl
B_loJkl collected $11.76 from pot
B_loJkl: doesn't show hand
*** SUMMARY ***
Total pot $12 | Rake $0.24
Board [Td 4c 6d]
Seat 5: B_loJkl (button) (small blind) collected ($11.76)
Seat 6: ChaseMeIfUC (big blind) folded on the Flop


PokerStars Hand #174568724440:  Hold'em Limit ($3/$6 USD) - 2017/08/20 10:10:27 ET
Table 'Jucunda II' 6-max Seat #6 is the button
Seat 5: B_loJkl ($112.59 in chips)
Seat 6: ChaseMeIfUC ($48.66 in chips)
ChaseMeIfUC: posts small blind $1
B_loJkl: posts big blind $3
*** HOLE CARDS ***
ChaseMeIfUC: raises $3 to $6
B_loJkl: calls $3
*** FLOP *** [Kd Th 2s]
B_loJkl: checks
ChaseMeIfUC: bets $3
B_loJkl: folds
Uncalled bet ($3) returned to ChaseMeIfUC
ChaseMeIfUC collected $11.76 from pot
*** SUMMARY ***
Total pot $12 | Rake $0.24
Board [Kd Th 2s]
Seat 5: B_loJkl (big blind) folded on the Flop
Seat 6: ChaseMeIfUC (button) (small blind) collected ($11.76)


PokerStars Hand #174568738080:  Hold'em Limit ($3/$6 USD) - 2017/08/20 10:10:48 ET
Table 'Jucunda II' 6-max Seat #5 is the button
Seat 5: B_loJkl ($106.59 in chips)
Seat 6: ChaseMeIfUC ($54.42 in chips)
B_loJkl: posts small blind $1
ChaseMeIfUC: posts big blind $3
*** HOLE CARDS ***
B_loJkl: raises $3 to $6
ChaseMeIfUC: calls $3
*** FLOP *** [Ks 5s As]
ChaseMeIfUC: checks
B_loJkl: checks
*** TURN *** [Ks 5s As] [9d]
ChaseMeIfUC: checks
B_loJkl: checks
*** RIVER *** [Ks 5s As 9d] [7s]
ChaseMeIfUC: checks
B_loJkl: checks
*** SHOW DOWN ***
ChaseMeIfUC: shows [7d Th] (a pair of Sevens)
B_loJkl: mucks hand
ChaseMeIfUC collected $11.76 from pot
*** SUMMARY ***
Total pot $12 | Rake $0.24
Board [Ks 5s As 9d 7s]
Seat 5: B_loJkl (button) (small blind) mucked
Seat 6: ChaseMeIfUC (big blind) showed [7d Th] and won ($11.76) with a pair of Sevens


PokerStars Hand #174568759458:  Hold'em Limit ($3/$6 USD) - 2017/08/20 10:11:23 ET
Table 'Jucunda II' 6-max Seat #6 is the button
Seat 5: B_loJkl ($100.59 in chips)
Seat 6: ChaseMeIfUC ($60.18 in chips)
ChaseMeIfUC: posts small blind $1
B_loJkl: posts big blind $3
*** HOLE CARDS ***
ChaseMeIfUC: raises $3 to $6
B_loJkl: calls $3
*** FLOP *** [Jh Ah 6h]
B_loJkl: checks
ChaseMeIfUC: bets $3
B_loJkl: calls $3
*** TURN *** [Jh Ah 6h] [9c]
B_loJkl: checks
ChaseMeIfUC: checks
*** RIVER *** [Jh Ah 6h 9c] [Jd]
B_loJkl: bets $6
ChaseMeIfUC: folds
Uncalled bet ($6) returned to B_loJkl
B_loJkl collected $17.64 from pot
B_loJkl: doesn't show hand
*** SUMMARY ***
Total pot $18 | Rake $0.36
Board [Jh Ah 6h 9c Jd]
Seat 5: B_loJkl (big blind) collected ($17.64)
Seat 6: ChaseMeIfUC (button) (small blind) folded on the River


PokerStars Hand #174568771706:  Hold'em Limit ($3/$6 USD) - 2017/08/20 10:11:42 ET
Table 'Jucunda II' 6-max Seat #5 is the button
Seat 5: B_loJkl ($109.23 in chips)
Seat 6: ChaseMeIfUC ($51.18 in chips)
B_loJkl: posts small blind $1
ChaseMeIfUC: posts big blind $3
*** HOLE CARDS ***
B_loJkl: raises $3 to $6
ChaseMeIfUC: calls $3
*** FLOP *** [5d 9d Ah]
ChaseMeIfUC: checks
B_loJkl: checks
*** TURN *** [5d 9d Ah] [3h]
ChaseMeIfUC: bets $6
B_loJkl: calls $6
*** RIVER *** [5d 9d Ah 3h] [Ac]
ChaseMeIfUC: bets $6
B_loJkl: calls $6
*** SHOW DOWN ***
ChaseMeIfUC: shows [8d 9s] (two pair, Aces and Nines)
B_loJkl: mucks hand
ChaseMeIfUC collected $35.50 from pot
*** SUMMARY ***
Total pot $36 | Rake $0.50
Board [5d 9d Ah 3h Ac]
Seat 5: B_loJkl (button) (small blind) mucked
Seat 6: ChaseMeIfUC (big blind) showed [8d 9s] and won ($35.50) with two pair, Aces and Nines


PokerStars Hand #174568788986:  Hold'em Limit ($3/$6 USD) - 2017/08/20 10:12:10 ET
Table 'Jucunda II' 6-max Seat #6 is the button
Seat 5: B_loJkl ($91.23 in chips)
Seat 6: ChaseMeIfUC ($68.68 in chips)
ChaseMeIfUC: posts small blind $1
B_loJkl: posts big blind $3
*** HOLE CARDS ***
ChaseMeIfUC: raises $3 to $6
B_loJkl: folds
Uncalled bet ($3) returned to ChaseMeIfUC
ChaseMeIfUC collected $6 from pot
*** SUMMARY ***
Total pot $6 | Rake $0
Seat 5: B_loJkl (big blind) folded before Flop
Seat 6: ChaseMeIfUC (button) (small blind) collected ($6)


PokerStars Hand #174568793811:  Hold'em Limit ($3/$6 USD) - 2017/08/20 10:12:18 ET
Table 'Jucunda II' 6-max Seat #5 is the button
Seat 5: B_loJkl ($88.23 in chips)
Seat 6: ChaseMeIfUC ($71.68 in chips)
B_loJkl: posts small blind $1
ChaseMeIfUC: posts big blind $3
*** HOLE CARDS ***
B_loJkl: raises $3 to $6
ChaseMeIfUC: calls $3
*** FLOP *** [9c 4d 6s]
ChaseMeIfUC: checks
B_loJkl: checks
*** TURN *** [9c 4d 6s] [8d]
ChaseMeIfUC: bets $6
B_loJkl: calls $6
*** RIVER *** [9c 4d 6s 8d] [Js]
ChaseMeIfUC: checks
B_loJkl: checks
*** SHOW DOWN ***
ChaseMeIfUC: shows [As 8h] (a pair of Eights)
B_loJkl: mucks hand
ChaseMeIfUC collected $23.52 from pot
*** SUMMARY ***
Total pot $24 | Rake $0.48
Board [9c 4d 6s 8d Js]
Seat 5: B_loJkl (button) (small blind) mucked
Seat 6: ChaseMeIfUC (big blind) showed [As 8h] and won ($23.52) with a pair of Eights


PokerStars Hand #174568815669:  Hold'em Limit ($3/$6 USD) - 2017/08/20 10:12:53 ET
Table 'Jucunda II' 6-max Seat #6 is the button
Seat 5: B_loJkl ($76.23 in chips)
Seat 6: ChaseMeIfUC ($83.20 in chips)
ChaseMeIfUC: posts small blind $1
B_loJkl: posts big blind $3
*** HOLE CARDS ***
ChaseMeIfUC: raises $3 to $6
B_loJkl: raises $3 to $9
ChaseMeIfUC: calls $3
*** FLOP *** [Ks 3c Ts]
B_loJkl: bets $3
ChaseMeIfUC: raises $3 to $6
B_loJkl: raises $3 to $9
ChaseMeIfUC: calls $3
*** TURN *** [Ks 3c Ts] [9c]
B_loJkl: bets $6
ChaseMeIfUC: calls $6
*** RIVER *** [Ks 3c Ts 9c] [8c]
B_loJkl: bets $6
ChaseMeIfUC: calls $6
*** SHOW DOWN ***
B_loJkl: shows [Kc 7c] (a flush, King high)
ChaseMeIfUC: mucks hand
B_loJkl collected $59.50 from pot
*** SUMMARY ***
Total pot $60 | Rake $0.50
Board [Ks 3c Ts 9c 8c]
Seat 5: B_loJkl (big blind) showed [Kc 7c] and won ($59.50) with a flush, King high
Seat 6: ChaseMeIfUC (button) (small blind) mucked


PokerStars Hand #174568834284:  Hold'em Limit ($3/$6 USD) - 2017/08/20 10:13:22 ET
Table 'Jucunda II' 6-max Seat #5 is the button
Seat 5: B_loJkl ($105.73 in chips)
Seat 6: ChaseMeIfUC ($53.20 in chips)
B_loJkl: posts small blind $1
ChaseMeIfUC: posts big blind $3
*** HOLE CARDS ***
B_loJkl: raises $3 to $6
ChaseMeIfUC: folds
Uncalled bet ($3) returned to B_loJkl
B_loJkl collected $6 from pot
B_loJkl: doesn't show hand
*** SUMMARY ***
Total pot $6 | Rake $0
Seat 5: B_loJkl (button) (small blind) collected ($6)
Seat 6: ChaseMeIfUC (big blind) folded before Flop


PokerStars Hand #174568860979:  Hold'em Limit ($3/$6 USD) - 2017/08/20 10:14:04 ET
Table 'Jucunda II' 6-max Seat #5 is the button
Seat 5: B_loJkl ($102.73 in chips)
Seat 6: ChaseMeIfUC ($55.96 in chips)
B_loJkl: posts small blind $1
ChaseMeIfUC: posts big blind $3
*** HOLE CARDS ***
B_loJkl: raises $3 to $6
ChaseMeIfUC: calls $3
*** FLOP *** [7c 9h Kh]
ChaseMeIfUC: checks
B_loJkl: bets $3
ChaseMeIfUC: folds
Uncalled bet ($3) returned to B_loJkl
B_loJkl collected $11.76 from pot
B_loJkl: doesn't show hand
*** SUMMARY ***
Total pot $12 | Rake $0.24
Board [7c 9h Kh]
Seat 5: B_loJkl (button) (small blind) collected ($11.76)
Seat 6: ChaseMeIfUC (big blind) folded on the Flop


PokerStars Hand #174568881324:  Hold'em Limit ($3/$6 USD) - 2017/08/20 10:14:36 ET
Table 'Jucunda II' 6-max Seat #5 is the button
Seat 5: B_loJkl ($109.49 in chips)
Seat 6: ChaseMeIfUC ($48.96 in chips)
B_loJkl: posts small blind $1
ChaseMeIfUC: posts big blind $3
*** HOLE CARDS ***
B_loJkl: folds
Uncalled bet ($2) returned to ChaseMeIfUC
ChaseMeIfUC collected $2 from pot
*** SUMMARY ***
Total pot $2 | Rake $0
Seat 5: B_loJkl (button) (small blind) folded before Flop
Seat 6: ChaseMeIfUC (big blind) collected ($2)


PokerStars Hand #174568877794:  Hold'em Limit ($3/$6 USD) - 2017/08/20 10:14:31 ET
Table 'Jucunda II' 6-max Seat #6 is the button
Seat 5: B_loJkl ($108.49 in chips)
Seat 6: ChaseMeIfUC ($49.96 in chips)
ChaseMeIfUC: posts small blind $1
B_loJkl: posts big blind $3
*** HOLE CARDS ***
ChaseMeIfUC: folds
Uncalled bet ($2) returned to B_loJkl
B_loJkl collected $2 from pot
B_loJkl: doesn't show hand
*** SUMMARY ***
Total pot $2 | Rake $0
Seat 5: B_loJkl (big blind) collected ($2)
Seat 6: ChaseMeIfUC (button) (small blind) folded before Flop


PokerStars Hand #174568841481:  Hold'em Limit ($3/$6 USD) - 2017/08/20 10:13:33 ET
Table 'Jucunda II' 6-max Seat #6 is the button
Seat 5: B_loJkl ($108.73 in chips)
Seat 6: ChaseMeIfUC ($50.20 in chips)
ChaseMeIfUC: posts small blind $1
B_loJkl: posts big blind $3
*** HOLE CARDS ***
ChaseMeIfUC: raises $3 to $6
B_loJkl: calls $3
*** FLOP *** [Kd Qs Js]
B_loJkl: checks
ChaseMeIfUC: bets $3
B_loJkl: folds
Uncalled bet ($3) returned to ChaseMeIfUC
ChaseMeIfUC collected $11.76 from pot
*** SUMMARY ***
Total pot $12 | Rake $0.24
Board [Kd Qs Js]
Seat 5: B_loJkl (big blind) folded on the Flop
Seat 6: ChaseMeIfUC (button) (small blind) collected ($11.76)


PokerStars Hand #174568889956:  Hold'em Limit ($3/$6 USD) - 2017/08/20 10:14:50 ET
Table 'Jucunda II' 6-max Seat #5 is the button
Seat 5: B_loJkl ($105.49 in chips)
Seat 6: ChaseMeIfUC ($52.96 in chips)
B_loJkl: posts small blind $1
ChaseMeIfUC: posts big blind $3
*** HOLE CARDS ***
B_loJkl: raises $3 to $6
ChaseMeIfUC: calls $3
*** FLOP *** [Qc 7s Ks]
ChaseMeIfUC: checks
B_loJkl: bets $3
ChaseMeIfUC: raises $3 to $6
B_loJkl: calls $3
*** TURN *** [Qc 7s Ks] [Qh]
ChaseMeIfUC: bets $6
B_loJkl: folds
Uncalled bet ($6) returned to ChaseMeIfUC
ChaseMeIfUC collected $23.52 from pot
*** SUMMARY ***
Total pot $24 | Rake $0.48
Board [Qc 7s Ks Qh]
Seat 5: B_loJkl (button) (small blind) folded on the Turn
Seat 6: ChaseMeIfUC (big blind) collected ($23.52)


PokerStars Hand #174568885444:  Hold'em Limit ($3/$6 USD) - 2017/08/20 10:14:43 ET
Table 'Jucunda II' 6-max Seat #6 is the button
Seat 5: B_loJkl ($108.49 in chips)
Seat 6: ChaseMeIfUC ($49.96 in chips)
ChaseMeIfUC: posts small blind $1
B_loJkl: posts big blind $3
*** HOLE CARDS ***
ChaseMeIfUC: raises $3 to $6
B_loJkl: folds
Uncalled bet ($3) returned to ChaseMeIfUC
ChaseMeIfUC collected $6 from pot
*** SUMMARY ***
Total pot $6 | Rake $0
Seat 5: B_loJkl (big blind) folded before Flop
Seat 6: ChaseMeIfUC (button) (small blind) collected ($6)


