PokerStars Hand #161138452320:  Hold'em Limit ($3/$6 USD) - 2016/11/09 9:24:39 ET
Table 'Jucunda II' 6-max Seat #1 is the button
Seat 1: Opal10 ($75.92 in chips)
Seat 3: Ale4o ($236.35 in chips)
Opal10: posts small blind $1
Great_Kang: is sitting out
Ale4o: posts big blind $3
*** HOLE CARDS ***
Opal10: raises $3 to $6
Ale4o: calls $3
*** FLOP *** [6d Qd 6h]
Ale4o: checks
Opal10: bets $3
Ale4o: calls $3
*** TURN *** [6d Qd 6h] [Js]
Ale4o: checks
Opal10: checks
*** RIVER *** [6d Qd 6h Js] [Kh]
Ale4o: checks
Opal10: checks
*** SHOW DOWN ***
Ale4o: shows [Qs 3s] (two pair, Queens and Sixes)
Opal10: mucks hand
Ale4o collected $17.64 from pot
*** SUMMARY ***
Total pot $18 | Rake $0.36
Board [6d Qd 6h Js Kh]
Seat 1: Opal10 (button) (small blind) mucked
Seat 3: Ale4o (big blind) showed [Qs 3s] and won ($17.64) with two pair, Queens and Sixes


PokerStars Hand #161138462830:  Hold'em Limit ($3/$6 USD) - 2016/11/09 9:24:56 ET
Table 'Jucunda II' 6-max Seat #3 is the button
Seat 1: Opal10 ($66.92 in chips)
Seat 3: Ale4o ($244.99 in chips)
Ale4o: posts small blind $1
Opal10: posts big blind $3
*** HOLE CARDS ***
Ale4o: raises $3 to $6
Opal10: calls $3
*** FLOP *** [6c 8s 9c]
Opal10: bets $3
Ale4o: raises $3 to $6
Opal10: raises $3 to $9
Ale4o: calls $3
*** TURN *** [6c 8s 9c] [Ts]
Opal10: bets $6
Ale4o: calls $6
*** RIVER *** [6c 8s 9c Ts] [8h]
Opal10: bets $6
Ale4o: calls $6
*** SHOW DOWN ***
Opal10: shows [9s Tc] (two pair, Tens and Nines)
Hi Im Alexey joins the table at seat #4
Ale4o: mucks hand
Opal10 collected $53.50 from pot
*** SUMMARY ***
Total pot $54 | Rake $0.50
Board [6c 8s 9c Ts 8h]
Seat 1: Opal10 (big blind) showed [9s Tc] and won ($53.50) with two pair, Tens and Nines
Seat 3: Ale4o (button) (small blind) mucked


PokerStars Hand #161138477920:  Hold'em Limit ($3/$6 USD) - 2016/11/09 9:25:21 ET
Table 'Jucunda II' 6-max Seat #1 is the button
Seat 1: Opal10 ($93.42 in chips)
Seat 3: Ale4o ($217.99 in chips)
Opal10: posts small blind $1
Ale4o: posts big blind $3
*** HOLE CARDS ***
Opal10: raises $3 to $6
Ale4o: calls $3
*** FLOP *** [5c 6h Kd]
Ale4o: checks
Opal10: bets $3
Ale4o: calls $3
*** TURN *** [5c 6h Kd] [9d]
Ale4o: checks
Opal10: bets $6
Ale4o: calls $6
*** RIVER *** [5c 6h Kd 9d] [3h]
Ale4o: checks
Opal10: bets $6
Ale4o: calls $6
ZOGI joins the table at seat #6
*** SHOW DOWN ***
Opal10: shows [Jh Qh] (high card King)
Ale4o: shows [Ah 9s] (a pair of Nines)
Ale4o collected $41.50 from pot
AAinthehole joins the table at seat #5
*** SUMMARY ***
Total pot $42 | Rake $0.50
Board [5c 6h Kd 9d 3h]
Seat 1: Opal10 (button) (small blind) showed [Jh Qh] and lost with high card King
Seat 3: Ale4o (big blind) showed [Ah 9s] and won ($41.50) with a pair of Nines


