PokerStars Hand #167078411615:  Hold'em Limit ($3/$6 USD) - 2017/03/03 21:32:17 ET
Table 'Jucunda' 6-max Seat #4 is the button
Seat 2: dizziefizzy ($29.94 in chips)
Seat 4: AzureCaper ($72 in chips)
AzureCaper: posts small blind $1
dizziefizzy: posts big blind $3
*** HOLE CARDS ***
AzureCaper: folds
Uncalled bet ($2) returned to dizziefizzy
dizziefizzy collected $2 from pot
dizziefizzy: doesn't show hand
*** SUMMARY ***
Total pot $2 | Rake $0
Seat 2: dizziefizzy (big blind) collected ($2)
Seat 4: AzureCaper (button) (small blind) folded before Flop


PokerStars Hand #167078425491:  Hold'em Limit ($3/$6 USD) - 2017/03/03 21:32:47 ET
Table 'Jucunda' 6-max Seat #4 is the button
Seat 2: dizziefizzy ($21.94 in chips)
Seat 4: AzureCaper ($80.64 in chips)
AzureCaper: posts small blind $1
dizziefizzy: posts big blind $3
*** HOLE CARDS ***
AzureCaper: folds
Uncalled bet ($2) returned to dizziefizzy
dizziefizzy collected $2 from pot
dizziefizzy: doesn't show hand
*** SUMMARY ***
Total pot $2 | Rake $0
Seat 2: dizziefizzy (big blind) collected ($2)
Seat 4: AzureCaper (button) (small blind) folded before Flop


PokerStars Hand #167078394208:  Hold'em Limit ($3/$6 USD) - 2017/03/03 21:31:46 ET
Table 'Jucunda' 6-max Seat #2 is the button
Seat 2: dizziefizzy ($30 in chips)
Seat 4: AzureCaper ($72 in chips)
dizziefizzy: posts small blind $1
AzureCaper: posts big blind $3
*** HOLE CARDS ***
dizziefizzy: calls $2
AzureCaper: checks
*** FLOP *** [6c Ah 4d]
AzureCaper: checks
dizziefizzy: checks
*** TURN *** [6c Ah 4d] [6d]
AzureCaper: checks
dizziefizzy: checks
*** RIVER *** [6c Ah 4d 6d] [Kc]
AzureCaper: checks
dizziefizzy: checks
*** SHOW DOWN ***
AzureCaper: shows [2s Qh] (a pair of Sixes)
dizziefizzy: shows [Qd Tc] (a pair of Sixes)
AzureCaper collected $2.94 from pot
dizziefizzy collected $2.94 from pot
*** SUMMARY ***
Total pot $6 | Rake $0.12
Board [6c Ah 4d 6d Kc]
Seat 2: dizziefizzy (button) (small blind) showed [Qd Tc] and won ($2.94) with a pair of Sixes
Seat 4: AzureCaper (big blind) showed [2s Qh] and won ($2.94) with a pair of Sixes


PokerStars Hand #167078414066:  Hold'em Limit ($3/$6 USD) - 2017/03/03 21:32:22 ET
Table 'Jucunda' 6-max Seat #2 is the button
Seat 2: dizziefizzy ($30.94 in chips)
Seat 4: AzureCaper ($72 in chips)
dizziefizzy: posts small blind $1
AzureCaper: posts big blind $3
*** HOLE CARDS ***
dizziefizzy: calls $2
AzureCaper: raises $3 to $6
dizziefizzy: calls $3
*** FLOP *** [Kc 2c 3d]
AzureCaper: bets $3
dizziefizzy: calls $3
*** TURN *** [Kc 2c 3d] [7c]
AzureCaper: checks
dizziefizzy: checks
*** RIVER *** [Kc 2c 3d 7c] [4h]
AzureCaper: checks
dizziefizzy: checks
*** SHOW DOWN ***
AzureCaper: shows [Ah Jd] (high card Ace)
dizziefizzy: mucks hand
AzureCaper collected $17.64 from pot
*** SUMMARY ***
Total pot $18 | Rake $0.36
Board [Kc 2c 3d 7c 4h]
Seat 2: dizziefizzy (button) (small blind) mucked
Seat 4: AzureCaper (big blind) showed [Ah Jd] and won ($17.64) with high card Ace


PokerStars Hand #167078444050:  Hold'em Limit ($3/$6 USD) - 2017/03/03 21:33:27 ET
Table 'Jucunda' 6-max Seat #2 is the button
Seat 2: dizziefizzy ($5.94 in chips)
Seat 4: AzureCaper ($96.14 in chips)
dizziefizzy: posts small blind $1
AzureCaper: posts big blind $3
*** HOLE CARDS ***
dizziefizzy: calls $2
AzureCaper: checks
*** FLOP *** [9h 3s Th]
AzureCaper: checks
dizziefizzy: bets $2.94 and is all-in
AzureCaper: folds
Uncalled bet ($2.94) returned to dizziefizzy
dizziefizzy collected $5.88 from pot
dizziefizzy: doesn't show hand
*** SUMMARY ***
Total pot $6 | Rake $0.12
Board [9h 3s Th]
Seat 2: dizziefizzy (button) (small blind) collected ($5.88)
Seat 4: AzureCaper (big blind) folded on the Flop


PokerStars Hand #167078438547:  Hold'em Limit ($3/$6 USD) - 2017/03/03 21:33:15 ET
Table 'Jucunda' 6-max Seat #4 is the button
Seat 2: dizziefizzy ($4.94 in chips)
Seat 4: AzureCaper ($97.14 in chips)
AzureCaper: posts small blind $1
dizziefizzy: posts big blind $3
*** HOLE CARDS ***
AzureCaper: folds
Uncalled bet ($2) returned to dizziefizzy
dizziefizzy collected $2 from pot
dizziefizzy: doesn't show hand
*** SUMMARY ***
Total pot $2 | Rake $0
Seat 2: dizziefizzy (big blind) collected ($2)
Seat 4: AzureCaper (button) (small blind) folded before Flop


PokerStars Hand #167078428493:  Hold'em Limit ($3/$6 USD) - 2017/03/03 21:32:53 ET
Table 'Jucunda' 6-max Seat #2 is the button
Seat 2: dizziefizzy ($22.94 in chips)
Seat 4: AzureCaper ($79.64 in chips)
dizziefizzy: posts small blind $1
AzureCaper: posts big blind $3
*** HOLE CARDS ***
dizziefizzy: calls $2
AzureCaper: checks
*** FLOP *** [Th 7h 2d]
AzureCaper: bets $3
dizziefizzy: calls $3
*** TURN *** [Th 7h 2d] [Ad]
AzureCaper: bets $6
dizziefizzy: calls $6
*** RIVER *** [Th 7h 2d Ad] [6h]
AzureCaper: checks
dizziefizzy: bets $6
AzureCaper: calls $6
*** SHOW DOWN ***
dizziefizzy: shows [7c 4c] (a pair of Sevens)
AzureCaper: shows [Js 7d] (a pair of Sevens - Ace+Jack kicker)
AzureCaper collected $35.50 from pot
*** SUMMARY ***
Total pot $36 | Rake $0.50
Board [Th 7h 2d Ad 6h]
Seat 2: dizziefizzy (button) (small blind) showed [7c 4c] and lost with a pair of Sevens
Seat 4: AzureCaper (big blind) showed [Js 7d] and won ($35.50) with a pair of Sevens


PokerStars Hand #167078452332:  Hold'em Limit ($3/$6 USD) - 2017/03/03 21:33:46 ET
Table 'Jucunda' 6-max Seat #4 is the button
Seat 2: dizziefizzy ($8.82 in chips)
Seat 4: AzureCaper ($93.14 in chips)
AzureCaper: posts small blind $1
dizziefizzy: posts big blind $3
*** HOLE CARDS ***
AzureCaper: raises $3 to $6
dizziefizzy: calls $3
*** FLOP *** [9c 4s 4c]
dizziefizzy: bets $2.82 and is all-in
AzureCaper: calls $2.82
*** TURN *** [9c 4s 4c] [6d]
*** RIVER *** [9c 4s 4c 6d] [Ah]
*** SHOW DOWN ***
dizziefizzy: shows [Ad 6s] (two pair, Aces and Sixes)
AzureCaper: shows [As 2s] (two pair, Aces and Fours)
dizziefizzy collected $17.29 from pot
*** SUMMARY ***
Total pot $17.64 | Rake $0.35
Board [9c 4s 4c 6d Ah]
Seat 2: dizziefizzy (big blind) showed [Ad 6s] and won ($17.29) with two pair, Aces and Sixes
Seat 4: AzureCaper (button) (small blind) showed [As 2s] and lost with two pair, Aces and Fours


PokerStars Hand #167078466609:  Hold'em Limit ($3/$6 USD) - 2017/03/03 21:34:17 ET
Table 'Jucunda' 6-max Seat #2 is the button
Seat 2: dizziefizzy ($17.29 in chips)
Seat 4: AzureCaper ($84.32 in chips)
dizziefizzy: posts small blind $1
AzureCaper: posts big blind $3
*** HOLE CARDS ***
dizziefizzy: calls $2
AzureCaper: checks
*** FLOP *** [9c Th 2d]
AzureCaper: checks
dizziefizzy: bets $3
AzureCaper: folds
Uncalled bet ($3) returned to dizziefizzy
dizziefizzy collected $5.88 from pot
dizziefizzy: doesn't show hand
*** SUMMARY ***
Total pot $6 | Rake $0.12
Board [9c Th 2d]
Seat 2: dizziefizzy (button) (small blind) collected ($5.88)
Seat 4: AzureCaper (big blind) folded on the Flop


PokerStars Hand #167078475319:  Hold'em Limit ($3/$6 USD) - 2017/03/03 21:34:35 ET
Table 'Jucunda' 6-max Seat #4 is the button
Seat 2: dizziefizzy ($20.17 in chips)
Seat 4: AzureCaper ($81.32 in chips)
AzureCaper: posts small blind $1
dizziefizzy: posts big blind $3
*** HOLE CARDS ***
AzureCaper: raises $3 to $6
dizziefizzy: calls $3
*** FLOP *** [9h 8h Ah]
dizziefizzy: checks
AzureCaper: bets $3
dizziefizzy: calls $3
*** TURN *** [9h 8h Ah] [Ts]
dizziefizzy: checks
AzureCaper: bets $6
dizziefizzy: calls $6
*** RIVER *** [9h 8h Ah Ts] [Js]
dizziefizzy: checks
AzureCaper: bets $6
dizziefizzy: calls $5.17 and is all-in
Uncalled bet ($0.83) returned to AzureCaper
*** SHOW DOWN ***
AzureCaper: shows [Qd Ac] (a straight, Eight to Queen)
dizziefizzy: shows [3c 4h] (high card Ace)
AzureCaper collected $39.84 from pot
*** SUMMARY ***
Total pot $40.34 | Rake $0.50
Board [9h 8h Ah Ts Js]
Seat 2: dizziefizzy (big blind) showed [3c 4h] and lost with high card Ace
Seat 4: AzureCaper (button) (small blind) showed [Qd Ac] and won ($39.84) with a straight, Eight to Queen


PokerStars Hand #167080930237:  Hold'em Limit ($3/$6 USD) - 2017/03/03 23:16:52 ET
Table 'Jucunda' 6-max Seat #2 is the button
Seat 2: Brentiee ($78 in chips)
Seat 4: Agrotait ($72 in chips)
Brentiee: posts small blind $1
Agrotait: posts big blind $3
*** HOLE CARDS ***
Brentiee: raises $3 to $6
Agrotait: raises $3 to $9
Brentiee: raises $3 to $12
Betting is capped
Agrotait: calls $3
*** FLOP *** [2d 5d 2c]
Agrotait: checks
Brentiee: bets $3
Agrotait: raises $3 to $6
Brentiee: folds
Uncalled bet ($3) returned to Agrotait
Agrotait collected $29.50 from pot
Agrotait: doesn't show hand
*** SUMMARY ***
Total pot $30 | Rake $0.50
Board [2d 5d 2c]
Seat 2: Brentiee (button) (small blind) folded on the Flop
Seat 4: Agrotait (big blind) collected ($29.50)


PokerStars Hand #167080957056:  Hold'em Limit ($3/$6 USD) - 2017/03/03 23:18:10 ET
Table 'Jucunda' 6-max Seat #4 is the button
Seat 2: Brentiee ($86 in chips)
Seat 4: Agrotait ($86.52 in chips)
Agrotait: posts small blind $1
Brentiee: posts big blind $3
*** HOLE CARDS ***
Agrotait: raises $3 to $6
Brentiee: folds
Uncalled bet ($3) returned to Agrotait
Agrotait collected $6 from pot
Agrotait: doesn't show hand
Bedard joins the table at seat #3
*** SUMMARY ***
Total pot $6 | Rake $0
Seat 2: Brentiee (big blind) folded before Flop
Seat 4: Agrotait (button) (small blind) collected ($6)


PokerStars Hand #167080951499:  Hold'em Limit ($3/$6 USD) - 2017/03/03 23:17:54 ET
Table 'Jucunda' 6-max Seat #2 is the button
Seat 2: Brentiee ($98 in chips)
Seat 4: Agrotait ($75 in chips)
Brentiee: posts small blind $1
Agrotait: posts big blind $3
*** HOLE CARDS ***
Brentiee: raises $3 to $6
Agrotait: calls $3
*** FLOP *** [9d Js 7d]
Agrotait: checks
Brentiee: checks
*** TURN *** [9d Js 7d] [Ts]
Agrotait: bets $6
Brentiee: calls $6
*** RIVER *** [9d Js 7d Ts] [Kc]
Agrotait: bets $6
Brentiee: folds
Uncalled bet ($6) returned to Agrotait
Agrotait collected $23.52 from pot
Agrotait: doesn't show hand
*** SUMMARY ***
Total pot $24 | Rake $0.48
Board [9d Js 7d Ts Kc]
Seat 2: Brentiee (button) (small blind) folded on the River
Seat 4: Agrotait (big blind) collected ($23.52)


PokerStars Hand #167080936237:  Hold'em Limit ($3/$6 USD) - 2017/03/03 23:17:09 ET
Table 'Jucunda' 6-max Seat #4 is the button
Seat 2: Brentiee ($63 in chips)
Seat 4: Agrotait ($86.50 in chips)
Agrotait: posts small blind $1
Brentiee: posts big blind $3
*** HOLE CARDS ***
Agrotait: raises $3 to $6
Brentiee: raises $3 to $9
Agrotait: calls $3
*** FLOP *** [7s 5s 3c]
Brentiee: bets $3
Agrotait: calls $3
*** TURN *** [7s 5s 3c] [2d]
Brentiee: bets $6
Agrotait: calls $6
*** RIVER *** [7s 5s 3c 2d] [2c]
Brentiee: bets $6
Agrotait: folds
Uncalled bet ($6) returned to Brentiee
Brentiee collected $35.50 from pot
Brentiee: doesn't show hand
*** SUMMARY ***
Total pot $36 | Rake $0.50
Board [7s 5s 3c 2d 2c]
Seat 2: Brentiee (big blind) collected ($35.50)
Seat 4: Agrotait (button) (small blind) folded on the River


PokerStars Hand #167080943620:  Hold'em Limit ($3/$6 USD) - 2017/03/03 23:17:31 ET
Table 'Jucunda' 6-max Seat #2 is the button
Seat 2: Brentiee ($80.50 in chips)
Seat 4: Agrotait ($68.50 in chips)
Brentiee: posts small blind $1
Agrotait: posts big blind $3
*** HOLE CARDS ***
Brentiee: raises $3 to $6
Agrotait: calls $3
*** FLOP *** [6d 8s 4d]
Agrotait: checks
Brentiee: bets $3
Agrotait: calls $3
*** TURN *** [6d 8s 4d] [Qd]
Agrotait: checks
Brentiee: bets $6
Agrotait: calls $6
*** RIVER *** [6d 8s 4d Qd] [2h]
Agrotait: checks
Brentiee: bets $6
Agrotait: calls $6
*** SHOW DOWN ***
Brentiee: shows [Kc Ks] (a pair of Kings)
Agrotait: mucks hand
Brentiee collected $41.50 from pot
*** SUMMARY ***
Total pot $42 | Rake $0.50
Board [6d 8s 4d Qd 2h]
Seat 2: Brentiee (button) (small blind) showed [Kc Ks] and won ($41.50) with a pair of Kings
Seat 4: Agrotait (big blind) mucked


PokerStars Hand #167080949514:  Hold'em Limit ($3/$6 USD) - 2017/03/03 23:17:48 ET
Table 'Jucunda' 6-max Seat #4 is the button
Seat 2: Brentiee ($101 in chips)
Seat 4: Agrotait ($72 in chips)
Agrotait: posts small blind $1
Brentiee: posts big blind $3
*** HOLE CARDS ***
Agrotait: raises $3 to $6
Brentiee: folds
Uncalled bet ($3) returned to Agrotait
Agrotait collected $6 from pot
Agrotait: doesn't show hand
*** SUMMARY ***
Total pot $6 | Rake $0
Seat 2: Brentiee (big blind) folded before Flop
Seat 4: Agrotait (button) (small blind) collected ($6)


PokerStars Hand #167081094118:  Hold'em Limit ($3/$6 USD) - 2017/03/03 23:24:52 ET
Table 'Jucunda' 6-max Seat #4 is the button
Seat 3: Bedard ($154.69 in chips)
Seat 4: Agrotait ($104.84 in chips)
Agrotait: posts small blind $1
Bedard: posts big blind $3
*** HOLE CARDS ***
Agrotait: raises $3 to $6
Bedard: folds
Uncalled bet ($3) returned to Agrotait
Agrotait collected $6 from pot
Agrotait: doesn't show hand
*** SUMMARY ***
Total pot $6 | Rake $0
Seat 3: Bedard (big blind) folded before Flop
Seat 4: Agrotait (button) (small blind) collected ($6)


