PokerStars Hand #151313125913:  Hold'em Limit ($3/$6 USD) - 2016/04/02 9:07:42 ET
Table 'Jucunda' 6-max Seat #2 is the button
Seat 2: ebsmoney12 ($2894.52 in chips)
Seat 4: Agrotait ($72 in chips)
ebsmoney12: posts small blind $1
oregordog joins the table at seat #6
Agrotait: posts big blind $3
*** HOLE CARDS ***
ebsmoney12: calls $2
kolaz03 joins the table at seat #1
liolilove joins the table at seat #3
Agrotait: checks
*** FLOP *** [5s 3c Ts]
Agrotait: bets $3
ebsmoney12: folds
Uncalled bet ($3) returned to Agrotait
Agrotait collected $5.88 from pot
Agrotait: doesn't show hand
*** SUMMARY ***
Total pot $6 | Rake $0.12
Board [5s 3c Ts]
Seat 2: ebsmoney12 (button) (small blind) folded on the Flop
Seat 4: Agrotait (big blind) collected ($5.88)


PokerStars Hand #151313518015:  Hold'em Limit ($3/$6 USD) - 2016/04/02 9:17:39 ET
Table 'Jucunda' 6-max Seat #4 is the button
Seat 2: yasmins1990 ($32 in chips)
Seat 4: Agrotait ($130.86 in chips)
Agrotait: posts small blind $1
happyshine88 is disconnected
happyshine88 has timed out while disconnected
happyshine88: is sitting out
yasmins1990: posts big blind $3
*** HOLE CARDS ***
Agrotait: raises $3 to $6
yasmins1990: calls $3
*** FLOP *** [8h 5c 7s]
yasmins1990: checks
Agrotait: bets $3
yasmins1990: calls $3
*** TURN *** [8h 5c 7s] [4s]
yasmins1990: checks
Agrotait: bets $6
yasmins1990: folds
Uncalled bet ($6) returned to Agrotait
Agrotait collected $17.64 from pot
Agrotait: doesn't show hand
*** SUMMARY ***
Total pot $18 | Rake $0.36
Board [8h 5c 7s 4s]
Seat 2: yasmins1990 (big blind) folded on the Turn
Seat 4: Agrotait (button) (small blind) collected ($17.64)


PokerStars Hand #151314022492:  Hold'em Limit ($3/$6 USD) - 2016/04/02 9:30:18 ET
Table 'Jucunda' 6-max Seat #2 is the button
Seat 2: Krazy90 ($132 in chips)
Seat 3: PeteSvensson ($108 in chips)
Krazy90: posts small blind $1
kolaz03 joins the table at seat #5
PeteSvensson: posts big blind $3
*** HOLE CARDS ***
Krazy90: raises $3 to $6
PeteSvensson: folds
Uncalled bet ($3) returned to Krazy90
Krazy90 collected $6 from pot
Krazy90: doesn't show hand
*** SUMMARY ***
Total pot $6 | Rake $0
Seat 2: Krazy90 (button) (small blind) collected ($6)
Seat 3: PeteSvensson (big blind) folded before Flop


PokerStars Hand #151314394338:  Hold'em Limit ($3/$6 USD) - 2016/04/02 9:39:37 ET
Table 'Jucunda' 6-max Seat #2 is the button
Seat 1: JoeBlack1982 ($101.28 in chips)
Seat 2: Krazy90 ($167.64 in chips)
Krazy90: posts small blind $1
JoeBlack1982: posts big blind $3
*** HOLE CARDS ***
Krazy90: folds
Uncalled bet ($2) returned to JoeBlack1982
JoeBlack1982 collected $2 from pot
JoeBlack1982: doesn't show hand
*** SUMMARY ***
Total pot $2 | Rake $0
Seat 1: JoeBlack1982 (big blind) collected ($2)
Seat 2: Krazy90 (button) (small blind) folded before Flop


PokerStars Hand #151314390870:  Hold'em Limit ($3/$6 USD) - 2016/04/02 9:39:32 ET
Table 'Jucunda' 6-max Seat #1 is the button
Seat 1: JoeBlack1982 ($102.28 in chips)
Seat 2: Krazy90 ($166.64 in chips)
JoeBlack1982: posts small blind $1
Krazy90: posts big blind $3
*** HOLE CARDS ***
JoeBlack1982: folds
Uncalled bet ($2) returned to Krazy90
Krazy90 collected $2 from pot
Krazy90: doesn't show hand
*** SUMMARY ***
Total pot $2 | Rake $0
Seat 1: JoeBlack1982 (button) (small blind) folded before Flop
Seat 2: Krazy90 (big blind) collected ($2)


PokerStars Hand #151314384248:  Hold'em Limit ($3/$6 USD) - 2016/04/02 9:39:22 ET
Table 'Jucunda' 6-max Seat #2 is the button
Seat 1: JoeBlack1982 ($101.28 in chips)
Seat 2: Krazy90 ($167.64 in chips)
Krazy90: posts small blind $1
liolilove: is sitting out
JoeBlack1982: posts big blind $3
*** HOLE CARDS ***
liolilove leaves the table
liolilove joins the table at seat #3
Krazy90: folds
Uncalled bet ($2) returned to JoeBlack1982
JoeBlack1982 collected $2 from pot
JoeBlack1982: doesn't show hand
*** SUMMARY ***
Total pot $2 | Rake $0
Seat 1: JoeBlack1982 (big blind) collected ($2)
Seat 2: Krazy90 (button) (small blind) folded before Flop


PokerStars Hand #151314434274:  Hold'em Limit ($3/$6 USD) - 2016/04/02 9:40:37 ET
Table 'Jucunda' 6-max Seat #2 is the button
Seat 1: JoeBlack1982 ($128.78 in chips)
Seat 2: Krazy90 ($139.64 in chips)
Krazy90: posts small blind $1
JoeBlack1982: posts big blind $3
*** HOLE CARDS ***
Krazy90: raises $3 to $6
JoeBlack1982: folds
Uncalled bet ($3) returned to Krazy90
Krazy90 collected $6 from pot
Krazy90: doesn't show hand
*** SUMMARY ***
Total pot $6 | Rake $0
Seat 1: JoeBlack1982 (big blind) folded before Flop
Seat 2: Krazy90 (button) (small blind) collected ($6)


PokerStars Hand #151314398895:  Hold'em Limit ($3/$6 USD) - 2016/04/02 9:39:44 ET
Table 'Jucunda' 6-max Seat #1 is the button
Seat 1: JoeBlack1982 ($102.28 in chips)
Seat 2: Krazy90 ($166.64 in chips)
JoeBlack1982: posts small blind $1
Krazy90: posts big blind $3
*** HOLE CARDS ***
JoeBlack1982: calls $2
Krazy90: raises $3 to $6
JoeBlack1982: calls $3
*** FLOP *** [8s 7c 8h]
Krazy90: bets $3
JoeBlack1982: calls $3
*** TURN *** [8s 7c 8h] [Th]
Krazy90: bets $6
JoeBlack1982: calls $6
*** RIVER *** [8s 7c 8h Th] [5c]
Krazy90: bets $6
JoeBlack1982: raises $6 to $12
Krazy90: calls $6
*** SHOW DOWN ***
JoeBlack1982: shows [Ac As] (two pair, Aces and Eights)
Krazy90: mucks hand
JoeBlack1982 collected $53.50 from pot
*** SUMMARY ***
Total pot $54 | Rake $0.50
Board [8s 7c 8h Th 5c]
Seat 1: JoeBlack1982 (button) (small blind) showed [Ac As] and won ($53.50) with two pair, Aces and Eights
Seat 2: Krazy90 (big blind) mucked


PokerStars Hand #151314466986:  Hold'em Limit ($3/$6 USD) - 2016/04/02 9:41:26 ET
Table 'Jucunda' 6-max Seat #1 is the button
Seat 1: JoeBlack1982 ($139.28 in chips)
Seat 2: Krazy90 ($128.64 in chips)
JoeBlack1982: posts small blind $1
Krazy90: posts big blind $3
*** HOLE CARDS ***
JoeBlack1982: raises $3 to $6
Krazy90: calls $3
*** FLOP *** [3s 7s Ah]
Krazy90: checks
JoeBlack1982: bets $3
Krazy90: folds
Uncalled bet ($3) returned to JoeBlack1982
JoeBlack1982 collected $11.76 from pot
JoeBlack1982: doesn't show hand
*** SUMMARY ***
Total pot $12 | Rake $0.24
Board [3s 7s Ah]
Seat 1: JoeBlack1982 (button) (small blind) collected ($11.76)
Seat 2: Krazy90 (big blind) folded on the Flop


PokerStars Hand #151314444806:  Hold'em Limit ($3/$6 USD) - 2016/04/02 9:40:53 ET
Table 'Jucunda' 6-max Seat #2 is the button
Seat 1: JoeBlack1982 ($124.78 in chips)
Seat 2: Krazy90 ($143.64 in chips)
Krazy90: posts small blind $1
JoeBlack1982: posts big blind $3
*** HOLE CARDS ***
Krazy90: raises $3 to $6
JoeBlack1982: calls $3
*** FLOP *** [Qh 7h 6c]
JoeBlack1982: checks
Krazy90: bets $3
JoeBlack1982: calls $3
*** TURN *** [Qh 7h 6c] [2h]
JoeBlack1982: checks
Krazy90: bets $6
JoeBlack1982: calls $6
*** RIVER *** [Qh 7h 6c 2h] [3d]
JoeBlack1982: checks
Krazy90: checks
*** SHOW DOWN ***
JoeBlack1982: shows [Qd 8c] (a pair of Queens)
Krazy90: mucks hand
JoeBlack1982 collected $29.50 from pot
*** SUMMARY ***
Total pot $30 | Rake $0.50
Board [Qh 7h 6c 2h 3d]
Seat 1: JoeBlack1982 (big blind) showed [Qd 8c] and won ($29.50) with a pair of Queens
Seat 2: Krazy90 (button) (small blind) mucked


PokerStars Hand #151314441353:  Hold'em Limit ($3/$6 USD) - 2016/04/02 9:40:47 ET
Table 'Jucunda' 6-max Seat #1 is the button
Seat 1: JoeBlack1982 ($125.78 in chips)
Seat 2: Krazy90 ($142.64 in chips)
JoeBlack1982: posts small blind $1
Krazy90: posts big blind $3
*** HOLE CARDS ***
JoeBlack1982: folds
Uncalled bet ($2) returned to Krazy90
Krazy90 collected $2 from pot
Krazy90: doesn't show hand
*** SUMMARY ***
Total pot $2 | Rake $0
Seat 1: JoeBlack1982 (button) (small blind) folded before Flop
Seat 2: Krazy90 (big blind) collected ($2)


PokerStars Hand #151314505151:  Hold'em Limit ($3/$6 USD) - 2016/04/02 9:42:23 ET
Table 'Jucunda' 6-max Seat #2 is the button
Seat 1: JoeBlack1982 ($171.30 in chips)
Seat 2: Krazy90 ($120 in chips)
Krazy90: posts small blind $1
JoeBlack1982: posts big blind $3
*** HOLE CARDS ***
Krazy90: folds
Uncalled bet ($2) returned to JoeBlack1982
JoeBlack1982 collected $2 from pot
JoeBlack1982: doesn't show hand
*** SUMMARY ***
Total pot $2 | Rake $0
Seat 1: JoeBlack1982 (big blind) collected ($2)
Seat 2: Krazy90 (button) (small blind) folded before Flop


PokerStars Hand #151314495207:  Hold'em Limit ($3/$6 USD) - 2016/04/02 9:42:08 ET
Table 'Jucunda' 6-max Seat #1 is the button
Seat 1: JoeBlack1982 ($165.54 in chips)
Seat 2: Krazy90 ($120 in chips)
JoeBlack1982: posts small blind $1
Krazy90: posts big blind $3
*** HOLE CARDS ***
JoeBlack1982: raises $3 to $6
Krazy90: calls $3
*** FLOP *** [7c 5d Jh]
Krazy90: checks
JoeBlack1982: bets $3
Krazy90: folds
Uncalled bet ($3) returned to JoeBlack1982
JoeBlack1982 collected $11.76 from pot
JoeBlack1982: doesn't show hand
*** SUMMARY ***
Total pot $12 | Rake $0.24
Board [7c 5d Jh]
Seat 1: JoeBlack1982 (button) (small blind) collected ($11.76)
Seat 2: Krazy90 (big blind) folded on the Flop


PokerStars Hand #151314545250:  Hold'em Limit ($3/$6 USD) - 2016/04/02 9:43:23 ET
Table 'Jucunda' 6-max Seat #1 is the button
Seat 1: JoeBlack1982 ($161.30 in chips)
Seat 2: Krazy90 ($130.52 in chips)
JoeBlack1982: posts small blind $1
Krazy90: posts big blind $3
*** HOLE CARDS ***
JoeBlack1982: calls $2
Krazy90: checks
*** FLOP *** [Jc Qd Kh]
Krazy90: checks
JoeBlack1982: checks
*** TURN *** [Jc Qd Kh] [Td]
Krazy90: checks
JoeBlack1982: checks
*** RIVER *** [Jc Qd Kh Td] [4c]
Krazy90: bets $6
JoeBlack1982: calls $6
*** SHOW DOWN ***
Krazy90: shows [9s 5d] (a straight, Nine to King)
JoeBlack1982: mucks hand
Krazy90 collected $17.64 from pot
*** SUMMARY ***
Total pot $18 | Rake $0.36
Board [Jc Qd Kh Td 4c]
Seat 1: JoeBlack1982 (button) (small blind) mucked
Seat 2: Krazy90 (big blind) showed [9s 5d] and won ($17.64) with a straight, Nine to King


PokerStars Hand #151314540224:  Hold'em Limit ($3/$6 USD) - 2016/04/02 9:43:16 ET
Table 'Jucunda' 6-max Seat #2 is the button
Seat 1: JoeBlack1982 ($160.30 in chips)
Seat 2: Krazy90 ($131.52 in chips)
Krazy90: posts small blind $1
JoeBlack1982: posts big blind $3
*** HOLE CARDS ***
yasmins1990 joins the table at seat #4
Krazy90: folds
Uncalled bet ($2) returned to JoeBlack1982
JoeBlack1982 collected $2 from pot
JoeBlack1982: doesn't show hand
*** SUMMARY ***
Total pot $2 | Rake $0
Seat 1: JoeBlack1982 (big blind) collected ($2)
Seat 2: Krazy90 (button) (small blind) folded before Flop


PokerStars Hand #151314509216:  Hold'em Limit ($3/$6 USD) - 2016/04/02 9:42:29 ET
Table 'Jucunda' 6-max Seat #1 is the button
Seat 1: JoeBlack1982 ($172.30 in chips)
Seat 2: Krazy90 ($120 in chips)
JoeBlack1982: posts small blind $1
Krazy90: posts big blind $3
*** HOLE CARDS ***
JoeBlack1982: raises $3 to $6
Krazy90: calls $3
*** FLOP *** [6s 2d 7d]
Krazy90: checks
JoeBlack1982: checks
*** TURN *** [6s 2d 7d] [Ac]
Krazy90: checks
JoeBlack1982: bets $6
Krazy90: calls $6
*** RIVER *** [6s 2d 7d Ac] [Ah]
Krazy90: bets $6
JoeBlack1982: folds
Uncalled bet ($6) returned to Krazy90
Krazy90 collected $23.52 from pot
Krazy90: doesn't show hand
*** SUMMARY ***
Total pot $24 | Rake $0.48
Board [6s 2d 7d Ac Ah]
Seat 1: JoeBlack1982 (button) (small blind) folded on the River
Seat 2: Krazy90 (big blind) collected ($23.52)


PokerStars Hand #151315803073:  Hold'em Limit ($3/$6 USD) - 2016/04/02 10:14:30 ET
Table 'Jucunda' 6-max Seat #2 is the button
Seat 2: Krazy90 ($120 in chips)
Seat 4: yasmins1990 ($109.76 in chips)
Krazy90: posts small blind $1
yasmins1990: posts big blind $3
*** HOLE CARDS ***
Krazy90: raises $3 to $6
yasmins1990: folds
Uncalled bet ($3) returned to Krazy90
Krazy90 collected $6 from pot
Krazy90: doesn't show hand
*** SUMMARY ***
Total pot $6 | Rake $0
Seat 2: Krazy90 (button) (small blind) collected ($6)
Seat 4: yasmins1990 (big blind) folded before Flop


PokerStars Hand #151315797839:  Hold'em Limit ($3/$6 USD) - 2016/04/02 10:14:22 ET
Table 'Jucunda' 6-max Seat #4 is the button
Seat 2: Krazy90 ($120 in chips)
Seat 4: yasmins1990 ($106.76 in chips)
yasmins1990: posts small blind $1
liolilove: is sitting out
Krazy90: posts big blind $3
*** HOLE CARDS ***
liolilove leaves the table
yasmins1990: raises $3 to $6
Krazy90: folds
Uncalled bet ($3) returned to yasmins1990
liolilove joins the table at seat #5
yasmins1990 collected $6 from pot
*** SUMMARY ***
Total pot $6 | Rake $0
Seat 2: Krazy90 (big blind) folded before Flop
Seat 4: yasmins1990 (button) (small blind) collected ($6)


PokerStars Hand #151316091972:  Hold'em Limit ($3/$6 USD) - 2016/04/02 10:21:22 ET
Table 'Jucunda' 6-max Seat #3 is the button
Seat 2: Krazy90 ($120 in chips)
Seat 3: Snuffymo ($118.26 in chips)
Snuffymo: posts small blind $1
liolilove: is sitting out
Krazy90: posts big blind $3
*** HOLE CARDS ***
Snuffymo: folds
Uncalled bet ($2) returned to Krazy90
Krazy90 collected $2 from pot
Krazy90: doesn't show hand
*** SUMMARY ***
Total pot $2 | Rake $0
Seat 2: Krazy90 (big blind) collected ($2)
Seat 3: Snuffymo (button) (small blind) folded before Flop


PokerStars Hand #151316095847:  Hold'em Limit ($3/$6 USD) - 2016/04/02 10:21:27 ET
Table 'Jucunda' 6-max Seat #2 is the button
Seat 2: Krazy90 ($121 in chips)
Seat 3: Snuffymo ($117.26 in chips)
Krazy90: posts small blind $1
Snuffymo: posts big blind $3
*** HOLE CARDS ***
Krazy90: raises $3 to $6
Snuffymo: calls $3
*** FLOP *** [6d Jd Qd]
Snuffymo: bets $3
Krazy90: folds
Uncalled bet ($3) returned to Snuffymo
Snuffymo collected $11.76 from pot
*** SUMMARY ***
Total pot $12 | Rake $0.24
Board [6d Jd Qd]
Seat 2: Krazy90 (button) (small blind) folded on the Flop
Seat 3: Snuffymo (big blind) collected ($11.76)


