PokerStars Hand #155958389326:  Hold'em Limit ($3/$6 USD) - 2016/07/14 10:40:04 ET
Table 'Juewa' 10-max Seat #7 is the button
Seat 7: VolkovDmitri ($124 in chips)
Seat 8: moveoverover ($33.39 in chips)
VolkovDmitri: posts small blind $1
moveoverover: posts big blind $3
*** HOLE CARDS ***
VolkovDmitri: raises $3 to $6
moveoverover: calls $3
*** FLOP *** [Th 8s 4s]
moveoverover: checks
VolkovDmitri: bets $3
moveoverover: raises $3 to $6
VolkovDmitri: calls $3
*** TURN *** [Th 8s 4s] [5s]
moveoverover: bets $6
VolkovDmitri: calls $6
*** RIVER *** [Th 8s 4s 5s] [2h]
moveoverover: bets $6
VolkovDmitri: calls $6
*** SHOW DOWN ***
moveoverover: shows [3s Qs] (a flush, Queen high)
VolkovDmitri: mucks hand
moveoverover collected $47.50 from pot
*** SUMMARY ***
Total pot $48 | Rake $0.50
Board [Th 8s 4s 5s 2h]
Seat 7: VolkovDmitri (button) (small blind) mucked
Seat 8: moveoverover (big blind) showed [3s Qs] and won ($47.50) with a flush, Queen high


PokerStars Hand #155958409863:  Hold'em Limit ($3/$6 USD) - 2016/07/14 10:40:41 ET
Table 'Juewa' 10-max Seat #8 is the button
Seat 7: VolkovDmitri ($120 in chips)
Seat 8: moveoverover ($56.89 in chips)
moveoverover: posts small blind $1
VolkovDmitri: posts big blind $3
*** HOLE CARDS ***
moveoverover: folds
Uncalled bet ($2) returned to VolkovDmitri
moveoverover leaves the table
VolkovDmitri collected $2 from pot
VolkovDmitri: doesn't show hand
*** SUMMARY ***
Total pot $2 | Rake $0
Seat 7: VolkovDmitri (big blind) collected ($2)
Seat 8: moveoverover (button) (small blind) folded before Flop


