PokerStars Hand #168103833247:  Hold'em Limit ($3/$6 USD) - 2017/03/25 16:36:32 ET
Table 'Juewa' 6-max Seat #1 is the button
Seat 1: horsedelfueg ($19.77 in chips)
Seat 5: GRAILKO ($387.92 in chips)
horsedelfueg: posts small blind $1
Apanage: is sitting out
GRAILKO: posts big blind $3
*** HOLE CARDS ***
Boxer-Carlo joins the table at seat #3
horsedelfueg: folds
Uncalled bet ($2) returned to GRAILKO
GRAILKO collected $2 from pot
GRAILKO: doesn't show hand
*** SUMMARY ***
Total pot $2 | Rake $0
Seat 1: horsedelfueg (button) (small blind) folded before Flop
Seat 5: GRAILKO (big blind) collected ($2)


PokerStars Hand #168103841802:  Hold'em Limit ($3/$6 USD) - 2017/03/25 16:36:42 ET
Table 'Juewa' 6-max Seat #5 is the button
Seat 1: horsedelfueg ($18.77 in chips)
Seat 5: GRAILKO ($388.92 in chips)
GRAILKO: posts small blind $1
horsedelfueg: posts big blind $3
*** HOLE CARDS ***
GRAILKO: raises $3 to $6
horsedelfueg: raises $3 to $9
GRAILKO: calls $3
*** FLOP *** [8d 3s 2d]
horsedelfueg: bets $3
GRAILKO: raises $3 to $6
horsedelfueg: raises $3 to $9
GRAILKO: raises $3 to $12
Betting is capped
horsedelfueg: calls $0.77 and is all-in
Uncalled bet ($2.23) returned to GRAILKO
*** TURN *** [8d 3s 2d] [Kc]
*** RIVER *** [8d 3s 2d Kc] [4d]
*** SHOW DOWN ***
horsedelfueg: shows [Kh 8h] (two pair, Kings and Eights)
GRAILKO: shows [9h Jc] (high card King)
horsedelfueg collected $37.04 from pot
*** SUMMARY ***
Total pot $37.54 | Rake $0.50
Board [8d 3s 2d Kc 4d]
Seat 1: horsedelfueg (big blind) showed [Kh 8h] and won ($37.04) with two pair, Kings and Eights
Seat 5: GRAILKO (button) (small blind) showed [9h Jc] and lost with high card King


PokerStars Hand #168104560224:  Hold'em Limit ($3/$6 USD) - 2017/03/25 16:50:38 ET
Table 'Juewa' 6-max Seat #2 is the button
Seat 2: Velbor107 ($259.63 in chips)
Seat 4: Qvidde ($145.47 in chips)
Velbor107: posts small blind $1
Boxer-Carlo: is sitting out
Qvidde: posts big blind $3
*** HOLE CARDS ***
Velbor107: folds
Uncalled bet ($2) returned to Qvidde
Qvidde collected $2 from pot
Qvidde: doesn't show hand
*** SUMMARY ***
Total pot $2 | Rake $0
Seat 2: Velbor107 (button) (small blind) folded before Flop
Seat 4: Qvidde (big blind) collected ($2)


