PokerStars Hand #165817578570:  Hold'em Limit ($3/$6 USD) - 2017/02/07 3:55:59 ET
Table 'Juewa II' 6-max Seat #3 is the button
Seat 3: vitamin168 ($34.02 in chips)
Seat 4: xcgxcg2005 ($213 in chips)
vitamin168: posts small blind $1
xcgxcg2005: posts big blind $3
*** HOLE CARDS ***
vitamin168: raises $3 to $6
xcgxcg2005: calls $3
*** FLOP *** [3d 6d 2c]
xcgxcg2005: checks
vitamin168: checks
*** TURN *** [3d 6d 2c] [Ad]
xcgxcg2005: checks
vitamin168: bets $6
xcgxcg2005: folds
Uncalled bet ($6) returned to vitamin168
vitamin168 collected $11.76 from pot
vitamin168: doesn't show hand
*** SUMMARY ***
Total pot $12 | Rake $0.24
Board [3d 6d 2c Ad]
Seat 3: vitamin168 (button) (small blind) collected ($11.76)
Seat 4: xcgxcg2005 (big blind) folded on the Turn


PokerStars Hand #165817570858:  Hold'em Limit ($3/$6 USD) - 2017/02/07 3:55:35 ET
Table 'Juewa II' 6-max Seat #4 is the button
Seat 3: vitamin168 ($49.02 in chips)
Seat 4: xcgxcg2005 ($198.50 in chips)
xcgxcg2005: posts small blind $1
RockKillerTY: is sitting out
vitamin168: posts big blind $3
*** HOLE CARDS ***
xcgxcg2005: raises $3 to $6
vitamin168: calls $3
*** FLOP *** [Ts 6h 8h]
bubsski joins the table at seat #1
vitamin168: checks
xcgxcg2005: bets $3
vitamin168: calls $3
*** TURN *** [Ts 6h 8h] [Qd]
vitamin168: checks
xcgxcg2005: checks
*** RIVER *** [Ts 6h 8h Qd] [9s]
vitamin168: checks
xcgxcg2005: bets $6
RockKillerTY leaves the table
vitamin168: calls $6
*** SHOW DOWN ***
xcgxcg2005: shows [Jc 7h] (a straight, Eight to Queen)
vitamin168: mucks hand
xcgxcg2005 collected $29.50 from pot
*** SUMMARY ***
Total pot $30 | Rake $0.50
Board [Ts 6h 8h Qd 9s]
Seat 3: vitamin168 (big blind) mucked
Seat 4: xcgxcg2005 (button) (small blind) showed [Jc 7h] and won ($29.50) with a straight, Eight to Queen


PokerStars Hand #165817716397:  Hold'em Limit ($3/$6 USD) - 2017/02/07 4:02:48 ET
Table 'Juewa II' 6-max Seat #1 is the button
Seat 1: bubsski ($67.96 in chips)
Seat 3: vitamin168 ($5.85 in chips)
bubsski: posts small blind $1
vitamin168: posts big blind $3
*** HOLE CARDS ***
xcgxcg2005 leaves the table
bubsski: folds
Uncalled bet ($2) returned to vitamin168
vitamin168 collected $2 from pot
vitamin168: doesn't show hand
*** SUMMARY ***
Total pot $2 | Rake $0
Seat 1: bubsski (button) (small blind) folded before Flop
Seat 3: vitamin168 (big blind) collected ($2)


PokerStars Hand #165817714238:  Hold'em Limit ($3/$6 USD) - 2017/02/07 4:02:42 ET
Table 'Juewa II' 6-max Seat #3 is the button
Seat 1: bubsski ($66.96 in chips)
Seat 3: vitamin168 ($6.85 in chips)
vitamin168: posts small blind $1
bubsski: posts big blind $3
*** HOLE CARDS ***
vitamin168: folds
Uncalled bet ($2) returned to bubsski
bubsski collected $2 from pot
bubsski: doesn't show hand
*** SUMMARY ***
Total pot $2 | Rake $0
Seat 1: bubsski (big blind) collected ($2)
Seat 3: vitamin168 (button) (small blind) folded before Flop


PokerStars Hand #165817718607:  Hold'em Limit ($3/$6 USD) - 2017/02/07 4:02:54 ET
Table 'Juewa II' 6-max Seat #3 is the button
Seat 1: bubsski ($66.96 in chips)
Seat 3: vitamin168 ($6.85 in chips)
vitamin168: posts small blind $1
bubsski: posts big blind $3
*** HOLE CARDS ***
vitamin168: folds
Uncalled bet ($2) returned to bubsski
bubsski collected $2 from pot
bubsski: doesn't show hand
*** SUMMARY ***
Total pot $2 | Rake $0
Seat 1: bubsski (big blind) collected ($2)
Seat 3: vitamin168 (button) (small blind) folded before Flop


PokerStars Hand #165817728382:  Hold'em Limit ($3/$6 USD) - 2017/02/07 4:03:20 ET
Table 'Juewa II' 6-max Seat #1 is the button
Seat 1: bubsski ($67.96 in chips)
Seat 2: Twaters:-0 ($132.26 in chips)
bubsski: posts small blind $1
Twaters:-0: posts big blind $3
*** HOLE CARDS ***
bubsski: folds
Uncalled bet ($2) returned to Twaters:-0
Twaters:-0 collected $2 from pot
*** SUMMARY ***
Total pot $2 | Rake $0
Seat 1: bubsski (button) (small blind) folded before Flop
Seat 2: Twaters:-0 (big blind) collected ($2)


PokerStars Hand #165817726161:  Hold'em Limit ($3/$6 USD) - 2017/02/07 4:03:14 ET
Table 'Juewa II' 6-max Seat #2 is the button
Seat 1: bubsski ($66.96 in chips)
Seat 2: Twaters:-0 ($133.26 in chips)
Twaters:-0: posts small blind $1
bubsski: posts big blind $3
*** HOLE CARDS ***
Twaters:-0: folds
Uncalled bet ($2) returned to bubsski
bubsski collected $2 from pot
bubsski: doesn't show hand
*** SUMMARY ***
Total pot $2 | Rake $0
Seat 1: bubsski (big blind) collected ($2)
Seat 2: Twaters:-0 (button) (small blind) folded before Flop


PokerStars Hand #165817738803:  Hold'em Limit ($3/$6 USD) - 2017/02/07 4:03:49 ET
Table 'Juewa II' 6-max Seat #1 is the button
Seat 1: bubsski ($56.96 in chips)
Seat 2: Twaters:-0 ($143.02 in chips)
bubsski: posts small blind $1
Twaters:-0: posts big blind $3
*** HOLE CARDS ***
bubsski: raises $3 to $6
Twaters:-0: raises $3 to $9
bubsski: calls $3
*** FLOP *** [6c 8h 5h]
Twaters:-0: bets $3
bubsski: raises $3 to $6
Twaters:-0: folds
Uncalled bet ($3) returned to bubsski
bubsski collected $23.52 from pot
bubsski: doesn't show hand
*** SUMMARY ***
Total pot $24 | Rake $0.48
Board [6c 8h 5h]
Seat 1: bubsski (button) (small blind) collected ($23.52)
Seat 2: Twaters:-0 (big blind) folded on the Flop


PokerStars Hand #165817736301:  Hold'em Limit ($3/$6 USD) - 2017/02/07 4:03:42 ET
Table 'Juewa II' 6-max Seat #2 is the button
Seat 1: bubsski ($59.96 in chips)
Seat 2: Twaters:-0 ($140.02 in chips)
Twaters:-0: posts small blind $1
bubsski: posts big blind $3
*** HOLE CARDS ***
Twaters:-0: raises $3 to $6
bubsski: folds
Uncalled bet ($3) returned to Twaters:-0
Twaters:-0 collected $6 from pot
*** SUMMARY ***
Total pot $6 | Rake $0
Seat 1: bubsski (big blind) folded before Flop
Seat 2: Twaters:-0 (button) (small blind) collected ($6)


PokerStars Hand #165817734186:  Hold'em Limit ($3/$6 USD) - 2017/02/07 4:03:36 ET
Table 'Juewa II' 6-max Seat #1 is the button
Seat 1: bubsski ($60.96 in chips)
Seat 2: Twaters:-0 ($139.02 in chips)
bubsski: posts small blind $1
Twaters:-0: posts big blind $3
*** HOLE CARDS ***
bubsski: folds
Uncalled bet ($2) returned to Twaters:-0
Twaters:-0 collected $2 from pot
*** SUMMARY ***
Total pot $2 | Rake $0
Seat 1: bubsski (button) (small blind) folded before Flop
Seat 2: Twaters:-0 (big blind) collected ($2)


PokerStars Hand #165817730244:  Hold'em Limit ($3/$6 USD) - 2017/02/07 4:03:25 ET
Table 'Juewa II' 6-max Seat #2 is the button
Seat 1: bubsski ($66.96 in chips)
Seat 2: Twaters:-0 ($133.26 in chips)
Twaters:-0: posts small blind $1
bubsski: posts big blind $3
*** HOLE CARDS ***
Twaters:-0: raises $3 to $6
bubsski: calls $3
*** FLOP *** [9d 4d Jh]
bubsski: checks
Twaters:-0: bets $3
bubsski: folds
Uncalled bet ($3) returned to Twaters:-0
Twaters:-0 collected $11.76 from pot
*** SUMMARY ***
Total pot $12 | Rake $0.24
Board [9d 4d Jh]
Seat 1: bubsski (big blind) folded on the Flop
Seat 2: Twaters:-0 (button) (small blind) collected ($11.76)


