PokerStars Hand #152798225774:  Hold'em Limit ($3/$6 USD) - 2016/05/03 11:24:40 ET
Table 'Jugurtha' 6-max Seat #6 is the button
Seat 1: TbIP-TbIP 88 ($94.56 in chips)
Seat 6: HAOYUN88888 ($69.20 in chips)
HAOYUN88888: posts small blind $1
TbIP-TbIP 88: posts big blind $3
*** HOLE CARDS ***
HAOYUN88888: folds
Uncalled bet ($2) returned to TbIP-TbIP 88
TbIP-TbIP 88 collected $2 from pot
TbIP-TbIP 88: doesn't show hand
*** SUMMARY ***
Total pot $2 | Rake $0
Seat 1: TbIP-TbIP 88 (big blind) collected ($2)
Seat 6: HAOYUN88888 (button) (small blind) folded before Flop


PokerStars Hand #152798690171:  Hold'em Limit ($3/$6 USD) - 2016/05/03 11:36:04 ET
Table 'Jugurtha' 6-max Seat #2 is the button
Seat 2: Krazy90 ($120 in chips)
Seat 4: JayEm82 ($263.98 in chips)
HAOYUN88888 will be allowed to play after the button
TbIP-TbIP 88 will be allowed to play after the button
Krazy90: posts small blind $1
JayEm82: posts big blind $3
*** HOLE CARDS ***
Krazy90: raises $3 to $6
JayEm82: folds
Uncalled bet ($3) returned to Krazy90
Krazy90 collected $6 from pot
Krazy90: doesn't show hand
*** SUMMARY ***
Total pot $6 | Rake $0
Seat 2: Krazy90 (button) (small blind) collected ($6)
Seat 4: JayEm82 (big blind) folded before Flop


PokerStars Hand #152798811303:  Hold'em Limit ($3/$6 USD) - 2016/05/03 11:39:01 ET
Table 'Jugurtha' 6-max Seat #6 is the button
Seat 4: JayEm82 ($255.98 in chips)
Seat 6: HAOYUN88888 ($72.33 in chips)
HAOYUN88888: posts small blind $1
JayEm82: posts big blind $3
*** HOLE CARDS ***
HAOYUN88888: raises $3 to $6
JayEm82: calls $3
*** FLOP *** [2s 8s Td]
JayEm82: checks
HAOYUN88888: bets $3
JayEm82: folds
Uncalled bet ($3) returned to HAOYUN88888
HAOYUN88888 collected $11.76 from pot
HAOYUN88888: doesn't show hand
*** SUMMARY ***
Total pot $12 | Rake $0.24
Board [2s 8s Td]
Seat 4: JayEm82 (big blind) folded on the Flop
Seat 6: HAOYUN88888 (button) (small blind) collected ($11.76)


PokerStars Hand #152798821782:  Hold'em Limit ($3/$6 USD) - 2016/05/03 11:39:16 ET
Table 'Jugurtha' 6-max Seat #4 is the button
Seat 4: JayEm82 ($249.98 in chips)
Seat 6: HAOYUN88888 ($78.09 in chips)
JayEm82: posts small blind $1
HAOYUN88888: posts big blind $3
*** HOLE CARDS ***
JayEm82: raises $3 to $6
HAOYUN88888: calls $3
*** FLOP *** [Qd Qc Jd]
HAOYUN88888: checks
JayEm82: bets $3
HAOYUN88888: raises $3 to $6
JayEm82: raises $3 to $9
HAOYUN88888: raises $3 to $12
Betting is capped
JayEm82: calls $3
*** TURN *** [Qd Qc Jd] [6d]
HAOYUN88888: bets $6
JayEm82: calls $6
*** RIVER *** [Qd Qc Jd 6d] [4h]
HAOYUN88888: bets $6
JayEm82: calls $6
*** SHOW DOWN ***
HAOYUN88888: shows [Qh 8c] (three of a kind, Queens)
JayEm82: mucks hand
HAOYUN88888 collected $59.50 from pot
*** SUMMARY ***
Total pot $60 | Rake $0.50
Board [Qd Qc Jd 6d 4h]
Seat 4: JayEm82 (button) (small blind) mucked
Seat 6: HAOYUN88888 (big blind) showed [Qh 8c] and won ($59.50) with three of a kind, Queens


PokerStars Hand #152798842537:  Hold'em Limit ($3/$6 USD) - 2016/05/03 11:39:46 ET
Table 'Jugurtha' 6-max Seat #4 is the button
Seat 4: JayEm82 ($220.98 in chips)
Seat 6: HAOYUN88888 ($106.59 in chips)
JayEm82: posts small blind $1
HAOYUN88888: posts big blind $3
*** HOLE CARDS ***
JayEm82: raises $3 to $6
HAOYUN88888: folds
Uncalled bet ($3) returned to JayEm82
JayEm82 collected $6 from pot
JayEm82: doesn't show hand
*** SUMMARY ***
Total pot $6 | Rake $0
Seat 4: JayEm82 (button) (small blind) collected ($6)
Seat 6: HAOYUN88888 (big blind) folded before Flop


PokerStars Hand #152798894143:  Hold'em Limit ($3/$6 USD) - 2016/05/03 11:41:03 ET
Table 'Jugurtha' 6-max Seat #3 is the button
Seat 3: llmaiconll ($64.07 in chips)
Seat 4: JayEm82 ($241.48 in chips)
llmaiconll: posts small blind $1
JayEm82: posts big blind $3
*** HOLE CARDS ***
llmaiconll: raises $3 to $6
JayEm82: calls $3
*** FLOP *** [Ad 6c 6h]
JayEm82: checks
llmaiconll: checks
*** TURN *** [Ad 6c 6h] [Ah]
JayEm82: checks
llmaiconll: bets $6
JayEm82: folds
Uncalled bet ($6) returned to llmaiconll
llmaiconll collected $11.76 from pot
llmaiconll: doesn't show hand
*** SUMMARY ***
Total pot $12 | Rake $0.24
Board [Ad 6c 6h Ah]
Seat 3: llmaiconll (button) (small blind) collected ($11.76)
Seat 4: JayEm82 (big blind) folded on the Turn


PokerStars Hand #152798881231:  Hold'em Limit ($3/$6 USD) - 2016/05/03 11:40:43 ET
Table 'Jugurtha' 6-max Seat #4 is the button
Seat 3: llmaiconll ($55.43 in chips)
Seat 4: JayEm82 ($250.48 in chips)
JayEm82: posts small blind $1
llmaiconll: posts big blind $3
*** HOLE CARDS ***
JayEm82: raises $3 to $6
llmaiconll: calls $3
*** FLOP *** [3s Ah 2d]
llmaiconll: checks
JayEm82: bets $3
llmaiconll: calls $3
*** TURN *** [3s Ah 2d] [5s]
llmaiconll: checks
CRoberto888 joins the table at seat #2
JayEm82: checks
*** RIVER *** [3s Ah 2d 5s] [Jc]
llmaiconll: bets $6
JayEm82: folds
Uncalled bet ($6) returned to llmaiconll
llmaiconll collected $17.64 from pot
llmaiconll: doesn't show hand
*** SUMMARY ***
Total pot $18 | Rake $0.36
Board [3s Ah 2d 5s Jc]
Seat 3: llmaiconll (big blind) collected ($17.64)
Seat 4: JayEm82 (button) (small blind) folded on the River


PokerStars Hand #152798846857:  Hold'em Limit ($3/$6 USD) - 2016/05/03 11:39:53 ET
Table 'Jugurtha' 6-max Seat #6 is the button
Seat 4: JayEm82 ($223.98 in chips)
Seat 6: HAOYUN88888 ($103.59 in chips)
HAOYUN88888: posts small blind $1
JayEm82: posts big blind $3
*** HOLE CARDS ***
HAOYUN88888: raises $3 to $6
JayEm82: raises $3 to $9
HAOYUN88888: calls $3
*** FLOP *** [Jd Tc 6c]
JayEm82: bets $3
HAOYUN88888: raises $3 to $6
JayEm82: calls $3
*** TURN *** [Jd Tc 6c] [2c]
JayEm82: checks
llmaiconll joins the table at seat #3
HAOYUN88888: bets $6
JayEm82: calls $6
*** RIVER *** [Jd Tc 6c 2c] [4h]
JayEm82: checks
HAOYUN88888: bets $6
JayEm82: calls $6
*** SHOW DOWN ***
HAOYUN88888: shows [5h Td] (a pair of Tens)
JayEm82: shows [Th 7d] (a pair of Tens - Jack+Seven kicker)
JayEm82 collected $53.50 from pot
*** SUMMARY ***
Total pot $54 | Rake $0.50
Board [Jd Tc 6c 2c 4h]
Seat 4: JayEm82 (big blind) showed [Th 7d] and won ($53.50) with a pair of Tens
Seat 6: HAOYUN88888 (button) (small blind) showed [5h Td] and lost with a pair of Tens


PokerStars Hand #152806938087:  Hold'em Limit ($3/$6 USD) - 2016/05/03 14:37:14 ET
Table 'Jugurtha' 6-max Seat #3 is the button
Seat 1: liza3008 ($161.43 in chips)
Seat 3: LolDnkaments ($84.74 in chips)
LolDnkaments: posts small blind $1
Tryptamean: is sitting out
liza3008: posts big blind $3
*** HOLE CARDS ***
LolDnkaments: raises $3 to $6
liza3008: calls $3
*** FLOP *** [2d Tc 6c]
liza3008: bets $3
LolDnkaments: calls $3
*** TURN *** [2d Tc 6c] [Jd]
liza3008: bets $6
LolDnkaments: calls $6
*** RIVER *** [2d Tc 6c Jd] [9c]
liza3008: bets $6
LolDnkaments: calls $6
*** SHOW DOWN ***
liza3008: shows [9d Ts] (two pair, Tens and Nines)
LolDnkaments: mucks hand
liza3008 collected $41.50 from pot
*** SUMMARY ***
Total pot $42 | Rake $0.50
Board [2d Tc 6c Jd 9c]
Seat 1: liza3008 (big blind) showed [9d Ts] and won ($41.50) with two pair, Tens and Nines
Seat 3: LolDnkaments (button) (small blind) mucked


