PokerStars Hand #168251705075:  Hold'em Limit ($3/$6 USD) - 2017/03/28 17:30:19 ET
Table 'Jugurtha II' 6-max Seat #5 is the button
Seat 2: 3mmPLEASE ($107.70 in chips)
Seat 5: GoliafUa ($123.76 in chips)
GoliafUa: posts small blind $1
3mmPLEASE: posts big blind $3
*** HOLE CARDS ***
GoliafUa: raises $3 to $6
3mmPLEASE: folds
Uncalled bet ($3) returned to GoliafUa
GoliafUa collected $6 from pot
GoliafUa: doesn't show hand
*** SUMMARY ***
Total pot $6 | Rake $0
Seat 2: 3mmPLEASE (big blind) folded before Flop
Seat 5: GoliafUa (button) (small blind) collected ($6)


PokerStars Hand #168251698582:  Hold'em Limit ($3/$6 USD) - 2017/03/28 17:30:11 ET
Table 'Jugurtha II' 6-max Seat #2 is the button
Seat 2: 3mmPLEASE ($104.70 in chips)
Seat 5: GoliafUa ($126.76 in chips)
3mmPLEASE: posts small blind $1
GoliafUa: posts big blind $3
Leko joins the table at seat #3
*** HOLE CARDS ***
3mmPLEASE: raises $3 to $6
GoliafUa: folds
Uncalled bet ($3) returned to 3mmPLEASE
3mmPLEASE collected $6 from pot
3mmPLEASE: doesn't show hand
*** SUMMARY ***
Total pot $6 | Rake $0
Seat 2: 3mmPLEASE (button) (small blind) collected ($6)
Seat 5: GoliafUa (big blind) folded before Flop


PokerStars Hand #168251688145:  Hold'em Limit ($3/$6 USD) - 2017/03/28 17:29:59 ET
Table 'Jugurtha II' 6-max Seat #5 is the button
Seat 2: 3mmPLEASE ($110.70 in chips)
Seat 5: GoliafUa ($121 in chips)
GoliafUa: posts small blind $1
3mmPLEASE: posts big blind $3
*** HOLE CARDS ***
GoliafUa: raises $3 to $6
3mmPLEASE: calls $3
*** FLOP *** [6c Ts 6h]
3mmPLEASE: checks
GoliafUa: bets $3
3mmPLEASE: folds
Uncalled bet ($3) returned to GoliafUa
GoliafUa collected $11.76 from pot
GoliafUa: doesn't show hand
*** SUMMARY ***
Total pot $12 | Rake $0.24
Board [6c Ts 6h]
Seat 2: 3mmPLEASE (big blind) folded on the Flop
Seat 5: GoliafUa (button) (small blind) collected ($11.76)


PokerStars Hand #168251678699:  Hold'em Limit ($3/$6 USD) - 2017/03/28 17:29:47 ET
Table 'Jugurtha II' 6-max Seat #2 is the button
Seat 2: 3mmPLEASE ($111.70 in chips)
Seat 5: GoliafUa ($120 in chips)
3mmPLEASE: posts small blind $1
GoliafUa: posts big blind $3
*** HOLE CARDS ***
3mmPLEASE: folds
Uncalled bet ($2) returned to GoliafUa
GoliafUa collected $2 from pot
GoliafUa: doesn't show hand
*** SUMMARY ***
Total pot $2 | Rake $0
Seat 2: 3mmPLEASE (button) (small blind) folded before Flop
Seat 5: GoliafUa (big blind) collected ($2)


PokerStars Hand #168255756962:  Hold'em Limit ($3/$6 USD) - 2017/03/28 18:57:40 ET
Table 'Jugurtha II' 6-max Seat #1 is the button
Seat 1: Carl1891 ($281.77 in chips)
Seat 3: B_loJkl ($123.08 in chips)
Carl1891: posts small blind $1
GRAILKO: is sitting out
B_loJkl: posts big blind $3
*** HOLE CARDS ***
Carl1891: raises $3 to $6
B_loJkl: calls $3
*** FLOP *** [Th 2h 3d]
GRAILKO leaves the table
B_loJkl: checks
Carl1891: bets $3
B_loJkl: raises $3 to $6
Carl1891: calls $3
*** TURN *** [Th 2h 3d] [2s]
B_loJkl: bets $6
Carl1891: calls $6
*** RIVER *** [Th 2h 3d 2s] [9d]
B_loJkl: bets $6
Carl1891: calls $6
*** SHOW DOWN ***
B_loJkl: shows [8d Td] (two pair, Tens and Deuces)
Carl1891: mucks hand
B_loJkl collected $47.50 from pot
*** SUMMARY ***
Total pot $48 | Rake $0.50
Board [Th 2h 3d 2s 9d]
Seat 1: Carl1891 (button) (small blind) mucked
Seat 3: B_loJkl (big blind) showed [8d Td] and won ($47.50) with two pair, Tens and Deuces


PokerStars Hand #168255774845:  Hold'em Limit ($3/$6 USD) - 2017/03/28 18:58:13 ET
Table 'Jugurtha II' 6-max Seat #1 is the button
Seat 1: Carl1891 ($251.77 in chips)
Seat 3: B_loJkl ($152.34 in chips)
Carl1891: posts small blind $1
B_loJkl: posts big blind $3
*** HOLE CARDS ***
Carl1891: raises $3 to $6
B_loJkl: calls $3
*** FLOP *** [9h Ts 8h]
B_loJkl: bets $3
Carl1891: calls $3
*** TURN *** [9h Ts 8h] [6d]
B_loJkl: bets $6
Carl1891: calls $6
*** RIVER *** [9h Ts 8h 6d] [4c]
B_loJkl: bets $6
Carl1891: calls $6
*** SHOW DOWN ***
B_loJkl: shows [Ad 7c] (a straight, Six to Ten)
Carl1891: mucks hand
B_loJkl collected $41.50 from pot
*** SUMMARY ***
Total pot $42 | Rake $0.50
Board [9h Ts 8h 6d 4c]
Seat 1: Carl1891 (button) (small blind) mucked
Seat 3: B_loJkl (big blind) showed [Ad 7c] and won ($41.50) with a straight, Six to Ten


PokerStars Hand #168255768496:  Hold'em Limit ($3/$6 USD) - 2017/03/28 18:58:01 ET
Table 'Jugurtha II' 6-max Seat #3 is the button
Seat 1: Carl1891 ($257.77 in chips)
Seat 3: B_loJkl ($146.58 in chips)
B_loJkl: posts small blind $1
Carl1891: posts big blind $3
*** HOLE CARDS ***
B_loJkl: raises $3 to $6
Carl1891: calls $3
*** FLOP *** [9h 5c Ks]
Carl1891: checks
B_loJkl: bets $3
Carl1891: folds
Uncalled bet ($3) returned to B_loJkl
B_loJkl collected $11.76 from pot
B_loJkl: doesn't show hand
*** SUMMARY ***
Total pot $12 | Rake $0.24
Board [9h 5c Ks]
Seat 1: Carl1891 (big blind) folded on the Flop
Seat 3: B_loJkl (button) (small blind) collected ($11.76)


PokerStars Hand #168255787569:  Hold'em Limit ($3/$6 USD) - 2017/03/28 18:58:36 ET
Table 'Jugurtha II' 6-max Seat #3 is the button
Seat 1: Carl1891 ($230.77 in chips)
Seat 3: B_loJkl ($172.84 in chips)
B_loJkl: posts small blind $1
Carl1891: posts big blind $3
*** HOLE CARDS ***
B_loJkl: raises $3 to $6
Carl1891: calls $3
*** FLOP *** [Js Ac 4d]
Carl1891: checks
B_loJkl: bets $3
Carl1891: calls $3
*** TURN *** [Js Ac 4d] [4h]
Carl1891: checks
B_loJkl: checks
*** RIVER *** [Js Ac 4d 4h] [Ks]
Carl1891: checks
B_loJkl: bets $6
Carl1891: calls $6
*** SHOW DOWN ***
B_loJkl: shows [Tc Qs] (a straight, Ten to Ace)
Carl1891: mucks hand
B_loJkl collected $29.50 from pot
*** SUMMARY ***
Total pot $30 | Rake $0.50
Board [Js Ac 4d 4h Ks]
Seat 1: Carl1891 (big blind) mucked
Seat 3: B_loJkl (button) (small blind) showed [Tc Qs] and won ($29.50) with a straight, Ten to Ace


PokerStars Hand #168255798573:  Hold'em Limit ($3/$6 USD) - 2017/03/28 18:58:56 ET
Table 'Jugurtha II' 6-max Seat #1 is the button
Seat 1: Carl1891 ($215.77 in chips)
Seat 3: B_loJkl ($187.34 in chips)
Carl1891: posts small blind $1
B_loJkl: posts big blind $3
*** HOLE CARDS ***
Carl1891: raises $3 to $6
B_loJkl: calls $3
*** FLOP *** [4d Ts 3h]
B_loJkl: checks
Carl1891: bets $3
B_loJkl: raises $3 to $6
Carl1891: calls $3
*** TURN *** [4d Ts 3h] [8s]
B_loJkl: bets $6
Carl1891: calls $6
*** RIVER *** [4d Ts 3h 8s] [Ks]
B_loJkl: checks
Carl1891: checks
*** SHOW DOWN ***
B_loJkl: shows [4h 6s] (a pair of Fours)
Carl1891: shows [6d Td] (a pair of Tens)
Carl1891 collected $35.50 from pot
*** SUMMARY ***
Total pot $36 | Rake $0.50
Board [4d Ts 3h 8s Ks]
Seat 1: Carl1891 (button) (small blind) showed [6d Td] and won ($35.50) with a pair of Tens
Seat 3: B_loJkl (big blind) showed [4h 6s] and lost with a pair of Fours


PokerStars Hand #168255813430:  Hold'em Limit ($3/$6 USD) - 2017/03/28 18:59:23 ET
Table 'Jugurtha II' 6-max Seat #3 is the button
Seat 1: Carl1891 ($233.27 in chips)
Seat 3: B_loJkl ($169.34 in chips)
B_loJkl: posts small blind $1
Carl1891: posts big blind $3
*** HOLE CARDS ***
B_loJkl: raises $3 to $6
Carl1891: raises $3 to $9
B_loJkl: calls $3
*** FLOP *** [6d Js 3h]
Carl1891: bets $3
B_loJkl: calls $3
*** TURN *** [6d Js 3h] [8s]
hairy1961 joins the table at seat #4
Carl1891: bets $6
B_loJkl: calls $6
*** RIVER *** [6d Js 3h 8s] [5h]
Carl1891: checks
B_loJkl: bets $6
Carl1891: calls $6
*** SHOW DOWN ***
B_loJkl: shows [7h 7c] (a pair of Sevens)
Carl1891: mucks hand
B_loJkl collected $47.50 from pot
*** SUMMARY ***
Total pot $48 | Rake $0.50
Board [6d Js 3h 8s 5h]
Seat 1: Carl1891 (big blind) mucked
Seat 3: B_loJkl (button) (small blind) showed [7h 7c] and won ($47.50) with a pair of Sevens


PokerStars Hand #168255834263:  Hold'em Limit ($3/$6 USD) - 2017/03/28 19:00:01 ET
Table 'Jugurtha II' 6-max Seat #1 is the button
Seat 1: Carl1891 ($209.27 in chips)
Seat 3: B_loJkl ($192.84 in chips)
Carl1891: posts small blind $1
B_loJkl: posts big blind $3
*** HOLE CARDS ***
Carl1891: folds
Uncalled bet ($2) returned to B_loJkl
B_loJkl collected $2 from pot
B_loJkl: doesn't show hand
*** SUMMARY ***
Total pot $2 | Rake $0
Seat 1: Carl1891 (button) (small blind) folded before Flop
Seat 3: B_loJkl (big blind) collected ($2)


PokerStars Hand #168255893165:  Hold'em Limit ($3/$6 USD) - 2017/03/28 19:01:38 ET
Table 'Jugurtha II' 6-max Seat #4 is the button
Seat 1: Carl1891 ($204.37 in chips)
Seat 4: hairy1961 ($66.93 in chips)
B_loJkl leaves the table
hairy1961: posts small blind $1
Carl1891: posts big blind $3
*** HOLE CARDS ***
hairy1961: raises $3 to $6
B_loJkl joins the table at seat #5
Carl1891: folds
Uncalled bet ($3) returned to hairy1961
hairy1961 collected $6 from pot
*** SUMMARY ***
Total pot $6 | Rake $0
Seat 1: Carl1891 (big blind) folded before Flop
Seat 4: hairy1961 (button) (small blind) collected ($6)


PokerStars Hand #168255889753:  Hold'em Limit ($3/$6 USD) - 2017/03/28 19:01:33 ET
Table 'Jugurtha II' 6-max Seat #1 is the button
Seat 1: Carl1891 ($205.37 in chips)
Seat 4: hairy1961 ($65.93 in chips)
Carl1891: posts small blind $1
B_loJkl: is sitting out
hairy1961: posts big blind $3
*** HOLE CARDS ***
Carl1891: folds
Uncalled bet ($2) returned to hairy1961
hairy1961 collected $2 from pot
*** SUMMARY ***
Total pot $2 | Rake $0
Seat 1: Carl1891 (button) (small blind) folded before Flop
Seat 4: hairy1961 (big blind) collected ($2)


PokerStars Hand #168255943151:  Hold'em Limit ($3/$6 USD) - 2017/03/28 19:02:49 ET
Table 'Jugurtha II' 6-max Seat #1 is the button
Seat 1: Carl1891 ($277.16 in chips)
Seat 5: B_loJkl ($141.60 in chips)
Carl1891: posts small blind $1
B_loJkl: posts big blind $3
*** HOLE CARDS ***
Carl1891: raises $3 to $6
B_loJkl: calls $3
*** FLOP *** [3s 5c 9d]
hairy1961 leaves the table
B_loJkl: bets $3
Carl1891: folds
Uncalled bet ($3) returned to B_loJkl
Brama Br joins the table at seat #3
B_loJkl collected $11.76 from pot
B_loJkl: doesn't show hand
*** SUMMARY ***
Total pot $12 | Rake $0.24
Board [3s 5c 9d]
Seat 1: Carl1891 (button) (small blind) folded on the Flop
Seat 5: B_loJkl (big blind) collected ($11.76)


PokerStars Hand #168255900592:  Hold'em Limit ($3/$6 USD) - 2017/03/28 19:01:44 ET
Table 'Jugurtha II' 6-max Seat #1 is the button
Seat 1: Carl1891 ($201.37 in chips)
Seat 4: hairy1961 ($69.93 in chips)
Carl1891: posts small blind $1
hairy1961: posts big blind $3
*** HOLE CARDS ***
Carl1891: raises $3 to $6
hairy1961: calls $3
*** FLOP *** [3s 4c 3d]
hairy1961: checks
Carl1891: bets $3
hairy1961: calls $3
*** TURN *** [3s 4c 3d] [5c]
hairy1961: checks
Carl1891: bets $6
hairy1961: raises $6 to $12
Carl1891: raises $6 to $18
hairy1961: raises $6 to $24
Betting is capped
Carl1891: calls $6
*** RIVER *** [3s 4c 3d 5c] [8s]
hairy1961: bets $6
Carl1891: raises $6 to $12
hairy1961: calls $6
*** SHOW DOWN ***
Carl1891: shows [7c 6s] (a straight, Four to Eight)
hairy1961: mucks hand
Carl1891 collected $89.50 from pot
*** SUMMARY ***
Total pot $90 | Rake $0.50
Board [3s 4c 3d 5c 8s]
Seat 1: Carl1891 (button) (small blind) showed [7c 6s] and won ($89.50) with a straight, Four to Eight
Seat 4: hairy1961 (big blind) mucked


PokerStars Hand #168255951041:  Hold'em Limit ($3/$6 USD) - 2017/03/28 19:03:01 ET
Table 'Jugurtha II' 6-max Seat #5 is the button
Seat 1: Carl1891 ($271.16 in chips)
Seat 5: B_loJkl ($147.36 in chips)
B_loJkl: posts small blind $1
Carl1891: posts big blind $3
*** HOLE CARDS ***
B_loJkl: raises $3 to $6
Carl1891: calls $3
*** FLOP *** [As 7c Td]
Carl1891: checks
B_loJkl: bets $3
Carl1891: folds
Uncalled bet ($3) returned to B_loJkl
B_loJkl collected $11.76 from pot
B_loJkl: doesn't show hand
*** SUMMARY ***
Total pot $12 | Rake $0.24
Board [As 7c Td]
Seat 1: Carl1891 (big blind) folded on the Flop
Seat 5: B_loJkl (button) (small blind) collected ($11.76)


