PokerStars Hand #145242080266:  Hold'em Limit ($3/$6 USD) - 2015/12/12 15:30:46 ET
Table 'Jugurtha' 2-max Seat #2 is the button
Seat 1: op2526 ($93 in chips)
Seat 2: Avereem ($104.26 in chips)
Avereem: posts small blind $1
op2526: posts big blind $3
*** HOLE CARDS ***
Avereem: raises $3 to $6
op2526: calls $3
*** FLOP *** [Kd Qs Js]
op2526: bets $3
Avereem: raises $3 to $6
op2526: calls $3
*** TURN *** [Kd Qs Js] [6c]
op2526: bets $6
Avereem: calls $6
*** RIVER *** [Kd Qs Js 6c] [4d]
op2526: bets $6
Avereem: calls $6
*** SHOW DOWN ***
op2526: shows [Qh Td] (a pair of Queens)
Avereem: mucks hand
op2526 collected $47.50 from pot
*** SUMMARY ***
Total pot $48 | Rake $0.50
Board [Kd Qs Js 6c 4d]
Seat 1: op2526 (big blind) showed [Qh Td] and won ($47.50) with a pair of Queens
Seat 2: Avereem (button) (small blind) mucked


PokerStars Hand #145242113578:  Hold'em Limit ($3/$6 USD) - 2015/12/12 15:31:20 ET
Table 'Jugurtha' 2-max Seat #1 is the button
Seat 1: op2526 ($116.50 in chips)
Seat 2: Avereem ($80.26 in chips)
op2526: posts small blind $1
Avereem: posts big blind $3
*** HOLE CARDS ***
op2526: raises $3 to $6
Avereem: raises $3 to $9
op2526: raises $3 to $12
Betting is capped
Avereem: calls $3
*** FLOP *** [Qc 3c 9c]
Avereem: checks
op2526: bets $3
Avereem: calls $3
*** TURN *** [Qc 3c 9c] [8h]
Avereem: checks
op2526: bets $6
Avereem: calls $6
*** RIVER *** [Qc 3c 9c 8h] [As]
Avereem: checks
op2526: checks
*** SHOW DOWN ***
Avereem: shows [7s 7h] (a pair of Sevens)
op2526: shows [Th Td] (a pair of Tens)
op2526 collected $41.50 from pot
*** SUMMARY ***
Total pot $42 | Rake $0.50
Board [Qc 3c 9c 8h As]
Seat 1: op2526 (button) (small blind) showed [Th Td] and won ($41.50) with a pair of Tens
Seat 2: Avereem (big blind) showed [7s 7h] and lost with a pair of Sevens


PokerStars Hand #145242166664:  Hold'em Limit ($3/$6 USD) - 2015/12/12 15:32:13 ET
Table 'Jugurtha' 2-max Seat #2 is the button
Seat 1: op2526 ($137 in chips)
Seat 2: Avereem ($78 in chips)
Avereem: posts small blind $1
op2526: posts big blind $3
*** HOLE CARDS ***
Avereem: raises $3 to $6
op2526: calls $3
*** FLOP *** [Ks Qh 9c]
op2526: bets $3
Avereem: calls $3
*** TURN *** [Ks Qh 9c] [Td]
op2526: checks
Avereem: checks
*** RIVER *** [Ks Qh 9c Td] [Qc]
op2526: checks
Avereem: bets $6
op2526: calls $6
*** SHOW DOWN ***
Avereem: shows [Ts 5s] (two pair, Queens and Tens)
op2526: mucks hand
Avereem collected $29.50 from pot
*** SUMMARY ***
Total pot $30 | Rake $0.50
Board [Ks Qh 9c Td Qc]
Seat 1: op2526 (big blind) mucked
Seat 2: Avereem (button) (small blind) showed [Ts 5s] and won ($29.50) with two pair, Queens and Tens


PokerStars Hand #145242285164:  Hold'em Limit ($3/$6 USD) - 2015/12/12 15:34:12 ET
Table 'Jugurtha' 2-max Seat #1 is the button
Seat 1: op2526 ($77 in chips)
Seat 2: Avereem ($136.50 in chips)
op2526: posts small blind $1
Avereem: posts big blind $3
*** HOLE CARDS ***
op2526: raises $3 to $6
Avereem: folds
Uncalled bet ($3) returned to op2526
op2526 collected $6 from pot
op2526: doesn't show hand
*** SUMMARY ***
Total pot $6 | Rake $0
Seat 1: op2526 (button) (small blind) collected ($6)
Seat 2: Avereem (big blind) folded before Flop


PokerStars Hand #145242210559:  Hold'em Limit ($3/$6 USD) - 2015/12/12 15:32:57 ET
Table 'Jugurtha' 2-max Seat #1 is the button
Seat 1: op2526 ($122 in chips)
Seat 2: Avereem ($92.50 in chips)
op2526: posts small blind $1
Avereem: posts big blind $3
*** HOLE CARDS ***
op2526: raises $3 to $6
Avereem: calls $3
*** FLOP *** [8h 6h 7s]
Avereem: bets $3
op2526: calls $3
*** TURN *** [8h 6h 7s] [7h]
Avereem: bets $6
op2526: calls $6
*** RIVER *** [8h 6h 7s 7h] [4d]
Avereem: bets $6
op2526: calls $6
*** SHOW DOWN ***
Avereem: shows [4s 7c] (a full house, Sevens full of Fours)
op2526: mucks hand
Avereem collected $41.50 from pot
*** SUMMARY ***
Total pot $42 | Rake $0.50
Board [8h 6h 7s 7h 4d]
Seat 1: op2526 (button) (small blind) mucked
Seat 2: Avereem (big blind) showed [4s 7c] and won ($41.50) with a full house, Sevens full of Fours


PokerStars Hand #145242247610:  Hold'em Limit ($3/$6 USD) - 2015/12/12 15:33:34 ET
Table 'Jugurtha' 2-max Seat #2 is the button
Seat 1: op2526 ($101 in chips)
Seat 2: Avereem ($113 in chips)
Avereem: posts small blind $1
op2526: posts big blind $3
*** HOLE CARDS ***
Avereem: raises $3 to $6
op2526: raises $3 to $9
Avereem: calls $3
*** FLOP *** [8c Th 7c]
op2526: bets $3
Avereem: calls $3
*** TURN *** [8c Th 7c] [5s]
op2526: bets $6
Avereem: calls $6
*** RIVER *** [8c Th 7c 5s] [Qd]
op2526: bets $6
Avereem: calls $6
*** SHOW DOWN ***
op2526: shows [Kh As] (high card Ace)
Avereem: shows [Jh 5c] (a pair of Fives)
Avereem collected $47.50 from pot
*** SUMMARY ***
Total pot $48 | Rake $0.50
Board [8c Th 7c 5s Qd]
Seat 1: op2526 (big blind) showed [Kh As] and lost with high card Ace
Seat 2: Avereem (button) (small blind) showed [Jh 5c] and won ($47.50) with a pair of Fives


PokerStars Hand #145242301973:  Hold'em Limit ($3/$6 USD) - 2015/12/12 15:34:29 ET
Table 'Jugurtha' 2-max Seat #2 is the button
Seat 1: op2526 ($80 in chips)
Seat 2: Avereem ($133.50 in chips)
Avereem: posts small blind $1
op2526: posts big blind $3
*** HOLE CARDS ***
Avereem: folds
Uncalled bet ($2) returned to op2526
op2526 collected $2 from pot
op2526: doesn't show hand
*** SUMMARY ***
Total pot $2 | Rake $0
Seat 1: op2526 (big blind) collected ($2)
Seat 2: Avereem (button) (small blind) folded before Flop


PokerStars Hand #145242312922:  Hold'em Limit ($3/$6 USD) - 2015/12/12 15:34:40 ET
Table 'Jugurtha' 2-max Seat #1 is the button
Seat 1: op2526 ($81 in chips)
Seat 2: Avereem ($132.50 in chips)
op2526: posts small blind $1
Avereem: posts big blind $3
*** HOLE CARDS ***
op2526: raises $3 to $6
Avereem: raises $3 to $9
op2526: calls $3
*** FLOP *** [5h Jh 4s]
Avereem: bets $3
op2526: calls $3
*** TURN *** [5h Jh 4s] [3s]
Avereem: checks
op2526: checks
*** RIVER *** [5h Jh 4s 3s] [Jd]
Avereem: checks
op2526: checks
*** SHOW DOWN ***
Avereem: shows [Kh Ts] (a pair of Jacks)
op2526: mucks hand
Avereem collected $23.52 from pot
*** SUMMARY ***
Total pot $24 | Rake $0.48
Board [5h Jh 4s 3s Jd]
Seat 1: op2526 (button) (small blind) mucked
Seat 2: Avereem (big blind) showed [Kh Ts] and won ($23.52) with a pair of Jacks


PokerStars Hand #145242353177:  Hold'em Limit ($3/$6 USD) - 2015/12/12 15:35:21 ET
Table 'Jugurtha' 2-max Seat #2 is the button
Seat 1: op2526 ($69 in chips)
Seat 2: Avereem ($144.02 in chips)
Avereem: posts small blind $1
op2526: posts big blind $3
*** HOLE CARDS ***
Avereem: raises $3 to $6
op2526: calls $3
*** FLOP *** [Jh Tc 4h]
op2526: bets $3
Avereem: calls $3
*** TURN *** [Jh Tc 4h] [3s]
op2526: bets $6
Avereem: calls $6
*** RIVER *** [Jh Tc 4h 3s] [4c]
op2526: checks
Avereem: checks
*** SHOW DOWN ***
op2526: shows [Qh 5h] (a pair of Fours)
Avereem: shows [Ks 6h] (a pair of Fours - King kicker)
Avereem collected $29.50 from pot
*** SUMMARY ***
Total pot $30 | Rake $0.50
Board [Jh Tc 4h 3s 4c]
Seat 1: op2526 (big blind) showed [Qh 5h] and lost with a pair of Fours
Seat 2: Avereem (button) (small blind) showed [Ks 6h] and won ($29.50) with a pair of Fours


PokerStars Hand #145242390014:  Hold'em Limit ($3/$6 USD) - 2015/12/12 15:35:59 ET
Table 'Jugurtha' 2-max Seat #1 is the button
Seat 1: op2526 ($54 in chips)
Seat 2: Avereem ($158.52 in chips)
op2526: posts small blind $1
Avereem: posts big blind $3
*** HOLE CARDS ***
op2526: folds
Uncalled bet ($2) returned to Avereem
Avereem collected $2 from pot
Avereem: doesn't show hand
*** SUMMARY ***
Total pot $2 | Rake $0
Seat 1: op2526 (button) (small blind) folded before Flop
Seat 2: Avereem (big blind) collected ($2)


PokerStars Hand #145242395389:  Hold'em Limit ($3/$6 USD) - 2015/12/12 15:36:04 ET
Table 'Jugurtha' 2-max Seat #2 is the button
Seat 1: op2526 ($53 in chips)
Seat 2: Avereem ($159.52 in chips)
Avereem: posts small blind $1
op2526: posts big blind $3
*** HOLE CARDS ***
Avereem: raises $3 to $6
op2526: calls $3
*** FLOP *** [Tc 6s 4c]
op2526: bets $3
Avereem: calls $3
*** TURN *** [Tc 6s 4c] [Qc]
op2526: checks
Avereem: bets $6
op2526: calls $6
*** RIVER *** [Tc 6s 4c Qc] [7d]
op2526: bets $6
Avereem: raises $6 to $12
op2526: calls $6
*** SHOW DOWN ***
Avereem: shows [7h Qs] (two pair, Queens and Sevens)
op2526: shows [3s 5h] (a straight, Three to Seven)
op2526 collected $53.50 from pot
*** SUMMARY ***
Total pot $54 | Rake $0.50
Board [Tc 6s 4c Qc 7d]
Seat 1: op2526 (big blind) showed [3s 5h] and won ($53.50) with a straight, Three to Seven
Seat 2: Avereem (button) (small blind) showed [7h Qs] and lost with two pair, Queens and Sevens


PokerStars Hand #145242518370:  Hold'em Limit ($3/$6 USD) - 2015/12/12 15:38:09 ET
Table 'Jugurtha' 2-max Seat #1 is the button
Seat 1: op2526 ($73.25 in chips)
Seat 2: Avereem ($138.03 in chips)
op2526: posts small blind $1
Avereem: posts big blind $3
*** HOLE CARDS ***
op2526: folds
Uncalled bet ($2) returned to Avereem
Avereem collected $2 from pot
Avereem: doesn't show hand
*** SUMMARY ***
Total pot $2 | Rake $0
Seat 1: op2526 (button) (small blind) folded before Flop
Seat 2: Avereem (big blind) collected ($2)


PokerStars Hand #145242501297:  Hold'em Limit ($3/$6 USD) - 2015/12/12 15:37:51 ET
Table 'Jugurtha' 2-max Seat #2 is the button
Seat 1: op2526 ($79.25 in chips)
Seat 2: Avereem ($132.27 in chips)
Avereem: posts small blind $1
op2526: posts big blind $3
*** HOLE CARDS ***
Avereem: raises $3 to $6
op2526: calls $3
*** FLOP *** [6s Kc Kd]
op2526: checks
Avereem: bets $3
op2526: folds
Uncalled bet ($3) returned to Avereem
Avereem collected $11.76 from pot
Avereem: doesn't show hand
*** SUMMARY ***
Total pot $12 | Rake $0.24
Board [6s Kc Kd]
Seat 1: op2526 (big blind) folded on the Flop
Seat 2: Avereem (button) (small blind) collected ($11.76)


PokerStars Hand #145242444041:  Hold'em Limit ($3/$6 USD) - 2015/12/12 15:36:53 ET
Table 'Jugurtha' 2-max Seat #1 is the button
Seat 1: op2526 ($79.50 in chips)
Seat 2: Avereem ($132.52 in chips)
op2526: posts small blind $1
Avereem: posts big blind $3
*** HOLE CARDS ***
op2526: calls $2
Avereem: checks
*** FLOP *** [9h 5h Th]
Avereem: checks
op2526: bets $3
Avereem: raises $3 to $6
op2526: calls $3
*** TURN *** [9h 5h Th] [Jh]
Avereem: checks
op2526: bets $6
Avereem: calls $6
*** RIVER *** [9h 5h Th Jh] [6h]
Avereem: checks
op2526: bets $6
Avereem: calls $6
*** SHOW DOWN ***
op2526: shows [Kc 9d] (a flush, Jack high)
Avereem: shows [3c Tc] (a flush, Jack high)
Avereem collected $20.75 from pot
op2526 collected $20.75 from pot
*** SUMMARY ***
Total pot $42 | Rake $0.50
Board [9h 5h Th Jh 6h]
Seat 1: op2526 (button) (small blind) showed [Kc 9d] and won ($20.75) with a flush, Jack high
Seat 2: Avereem (big blind) showed [3c Tc] and won ($20.75) with a flush, Jack high


PokerStars Hand #145242596043:  Hold'em Limit ($3/$6 USD) - 2015/12/12 15:39:28 ET
Table 'Jugurtha' 2-max Seat #1 is the button
Seat 1: op2526 ($45.01 in chips)
Seat 2: Avereem ($165.29 in chips)
op2526: posts small blind $1
Avereem: posts big blind $3
*** HOLE CARDS ***
op2526: folds
Uncalled bet ($2) returned to Avereem
Avereem collected $2 from pot
Avereem: doesn't show hand
*** SUMMARY ***
Total pot $2 | Rake $0
Seat 1: op2526 (button) (small blind) folded before Flop
Seat 2: Avereem (big blind) collected ($2)


PokerStars Hand #145242578524:  Hold'em Limit ($3/$6 USD) - 2015/12/12 15:39:10 ET
Table 'Jugurtha' 2-max Seat #2 is the button
Seat 1: op2526 ($51.01 in chips)
Seat 2: Avereem ($159.53 in chips)
Avereem: posts small blind $1
op2526: posts big blind $3
*** HOLE CARDS ***
Avereem: raises $3 to $6
op2526: calls $3
*** FLOP *** [6h Ac Qs]
op2526: checks
Avereem: bets $3
op2526: folds
Uncalled bet ($3) returned to Avereem
Avereem collected $11.76 from pot
Avereem: doesn't show hand
*** SUMMARY ***
Total pot $12 | Rake $0.24
Board [6h Ac Qs]
Seat 1: op2526 (big blind) folded on the Flop
Seat 2: Avereem (button) (small blind) collected ($11.76)


PokerStars Hand #145242562805:  Hold'em Limit ($3/$6 USD) - 2015/12/12 15:38:54 ET
Table 'Jugurtha' 2-max Seat #1 is the button
Seat 1: op2526 ($45.25 in chips)
Seat 2: Avereem ($165.53 in chips)
op2526: posts small blind $1
Avereem: posts big blind $3
*** HOLE CARDS ***
op2526: raises $3 to $6
Avereem: calls $3
*** FLOP *** [Kd 2s 5c]
Avereem: checks
op2526: bets $3
Avereem: folds
Uncalled bet ($3) returned to op2526
op2526 collected $11.76 from pot
op2526: doesn't show hand
*** SUMMARY ***
Total pot $12 | Rake $0.24
Board [Kd 2s 5c]
Seat 1: op2526 (button) (small blind) collected ($11.76)
Seat 2: Avereem (big blind) folded on the Flop


PokerStars Hand #145242525137:  Hold'em Limit ($3/$6 USD) - 2015/12/12 15:38:16 ET
Table 'Jugurtha' 2-max Seat #2 is the button
Seat 1: op2526 ($72.25 in chips)
Seat 2: Avereem ($139.03 in chips)
Avereem: posts small blind $1
op2526: posts big blind $3
*** HOLE CARDS ***
Avereem: raises $3 to $6
op2526: calls $3
*** FLOP *** [Qh Ac 2s]
op2526: checks
Avereem: bets $3
op2526: calls $3
*** TURN *** [Qh Ac 2s] [Th]
op2526: bets $6
Avereem: raises $6 to $12
op2526: calls $6
*** RIVER *** [Qh Ac 2s Th] [3d]
op2526: bets $6
Avereem: calls $6
*** SHOW DOWN ***
op2526: shows [8d Ts] (a pair of Tens)
Avereem: shows [Js As] (a pair of Aces)
Avereem collected $53.50 from pot
*** SUMMARY ***
Total pot $54 | Rake $0.50
Board [Qh Ac 2s Th 3d]
Seat 1: op2526 (big blind) showed [8d Ts] and lost with a pair of Tens
Seat 2: Avereem (button) (small blind) showed [Js As] and won ($53.50) with a pair of Aces


PokerStars Hand #145242601670:  Hold'em Limit ($3/$6 USD) - 2015/12/12 15:39:33 ET
Table 'Jugurtha' 2-max Seat #2 is the button
Seat 1: op2526 ($44.01 in chips)
Seat 2: Avereem ($166.29 in chips)
Avereem: posts small blind $1
op2526: posts big blind $3
*** HOLE CARDS ***
Avereem: raises $3 to $6
op2526: calls $3
*** FLOP *** [2c Qs 6d]
op2526: checks
Avereem: bets $3
op2526: folds
Uncalled bet ($3) returned to Avereem
Avereem collected $11.76 from pot
Avereem: doesn't show hand
*** SUMMARY ***
Total pot $12 | Rake $0.24
Board [2c Qs 6d]
Seat 1: op2526 (big blind) folded on the Flop
Seat 2: Avereem (button) (small blind) collected ($11.76)


PokerStars Hand #145242669185:  Hold'em Limit ($3/$6 USD) - 2015/12/12 15:40:43 ET
Table 'Jugurtha' 2-max Seat #2 is the button
Seat 1: op2526 ($23.01 in chips)
Seat 2: Avereem ($186.55 in chips)
Avereem: posts small blind $1
op2526: posts big blind $3
*** HOLE CARDS ***
Avereem: raises $3 to $6
op2526: calls $3
*** FLOP *** [9c As 2h]
op2526: checks
Avereem: bets $3
op2526: folds
Uncalled bet ($3) returned to Avereem
Avereem collected $11.76 from pot
Avereem: doesn't show hand
*** SUMMARY ***
Total pot $12 | Rake $0.24
Board [9c As 2h]
Seat 1: op2526 (big blind) folded on the Flop
Seat 2: Avereem (button) (small blind) collected ($11.76)


PokerStars Hand #145242620481:  Hold'em Limit ($3/$6 USD) - 2015/12/12 15:39:53 ET
Table 'Jugurtha' 2-max Seat #1 is the button
Seat 1: op2526 ($38.01 in chips)
Seat 2: Avereem ($172.05 in chips)
op2526: posts small blind $1
Avereem: posts big blind $3
*** HOLE CARDS ***
op2526: raises $3 to $6
Avereem: raises $3 to $9
op2526: raises $3 to $12
Betting is capped
Avereem: calls $3
*** FLOP *** [2h Qh 8d]
Avereem: checks
op2526: bets $3
Avereem: calls $3
*** TURN *** [2h Qh 8d] [3c]
Avereem: checks
op2526: checks
*** RIVER *** [2h Qh 8d 3c] [8s]
Avereem: bets $6
op2526: folds
Uncalled bet ($6) returned to Avereem
Avereem collected $29.50 from pot
Avereem: doesn't show hand
*** SUMMARY ***
Total pot $30 | Rake $0.50
Board [2h Qh 8d 3c 8s]
Seat 1: op2526 (button) (small blind) folded on the River
Seat 2: Avereem (big blind) collected ($29.50)


PokerStars Hand #145242687899:  Hold'em Limit ($3/$6 USD) - 2015/12/12 15:41:02 ET
Table 'Jugurtha' 2-max Seat #1 is the button
Seat 1: op2526 ($17.01 in chips)
Seat 2: Avereem ($192.31 in chips)
op2526: posts small blind $1
Avereem: posts big blind $3
*** HOLE CARDS ***
op2526: raises $3 to $6
Avereem: calls $3
*** FLOP *** [4h 3c 8h]
Avereem: checks
op2526: bets $3
Avereem: raises $3 to $6
op2526: calls $3
*** TURN *** [4h 3c 8h] [7c]
Avereem: bets $6
op2526: calls $5.01 and is all-in
Uncalled bet ($0.99) returned to Avereem
*** RIVER *** [4h 3c 8h 7c] [2d]
*** SHOW DOWN ***
Avereem: shows [Qc 8d] (a pair of Eights)
op2526: shows [9h Tc] (high card Ten)
Avereem collected $33.52 from pot
*** SUMMARY ***
Total pot $34.02 | Rake $0.50
Board [4h 3c 8h 7c 2d]
Seat 1: op2526 (button) (small blind) showed [9h Tc] and lost with high card Ten
Seat 2: Avereem (big blind) showed [Qc 8d] and won ($33.52) with a pair of Eights


