PokerStars Hand #151467541107:  Hold'em Limit ($3/$6 USD) - 2016/04/05 10:22:33 ET
Table 'Juhani' 6-max Seat #1 is the button
Seat 1: swanka ($6 in chips)
Seat 4: Agrotait ($95.50 in chips)
swanka: posts small blind $1
Agrotait: posts big blind $3
*** HOLE CARDS ***
swanka: raises $3 to $6 and is all-in
Agrotait: calls $3
*** FLOP *** [3h 5h Kh]
*** TURN *** [3h 5h Kh] [Qc]
*** RIVER *** [3h 5h Kh Qc] [4d]
*** SHOW DOWN ***
Agrotait: shows [6c 7s] (a straight, Three to Seven)
swanka: shows [Ah Ac] (a pair of Aces)
Agrotait collected $11.76 from pot
*** SUMMARY ***
Total pot $12 | Rake $0.24
Board [3h 5h Kh Qc 4d]
Seat 1: swanka (button) (small blind) showed [Ah Ac] and lost with a pair of Aces
Seat 4: Agrotait (big blind) showed [6c 7s] and won ($11.76) with a straight, Three to Seven


PokerStars Hand #151467535937:  Hold'em Limit ($3/$6 USD) - 2016/04/05 10:22:25 ET
Table 'Juhani' 6-max Seat #4 is the button
Seat 1: swanka ($9 in chips)
Seat 4: Agrotait ($92.50 in chips)
Agrotait: posts small blind $1
swanka: posts big blind $3
*** HOLE CARDS ***
Agrotait: raises $3 to $6
swanka: folds
Uncalled bet ($3) returned to Agrotait
Agrotait collected $6 from pot
Agrotait: doesn't show hand
*** SUMMARY ***
Total pot $6 | Rake $0
Seat 1: swanka (big blind) folded before Flop
Seat 4: Agrotait (button) (small blind) collected ($6)


PokerStars Hand #151467506424:  Hold'em Limit ($3/$6 USD) - 2016/04/05 10:21:40 ET
Table 'Juhani' 6-max Seat #1 is the button
Seat 1: swanka ($30 in chips)
Seat 4: Agrotait ($72 in chips)
swanka: posts small blind $1
Agrotait: posts big blind $3
*** HOLE CARDS ***
swanka: calls $2
Agrotait: checks
*** FLOP *** [Ts 4s 5h]
Agrotait: checks
swanka: checks
*** TURN *** [Ts 4s 5h] [Jd]
Agrotait: bets $6
swanka: calls $6
*** RIVER *** [Ts 4s 5h Jd] [9d]
Agrotait: bets $6
swanka: raises $6 to $12
Agrotait: raises $6 to $18
swanka: folds
Uncalled bet ($6) returned to Agrotait
Agrotait collected $41.50 from pot
Agrotait: doesn't show hand
*** SUMMARY ***
Total pot $42 | Rake $0.50
Board [Ts 4s 5h Jd 9d]
Seat 1: swanka (button) (small blind) folded on the River
Seat 4: Agrotait (big blind) collected ($41.50)


PokerStars Hand #151470152744:  Hold'em Limit ($3/$6 USD) - 2016/04/05 11:27:24 ET
Table 'Juhani' 6-max Seat #5 is the button
Seat 5: owenheadch ($600 in chips)
Seat 6: vestimokrec ($120 in chips)
owenheadch: posts small blind $1
vestimokrec: posts big blind $3
*** HOLE CARDS ***
owenheadch: raises $3 to $6
BuzovaPro joins the table at seat #1
vestimokrec: calls $3
*** FLOP *** [Ah 3h 3c]
vestimokrec: checks
owenheadch: bets $3
vestimokrec: raises $3 to $6
owenheadch: calls $3
*** TURN *** [Ah 3h 3c] [Jd]
vestimokrec: bets $6
owenheadch: calls $6
*** RIVER *** [Ah 3h 3c Jd] [2h]
vestimokrec: bets $6
owenheadch: calls $6
*** SHOW DOWN ***
vestimokrec: shows [5h 3d] (three of a kind, Threes)
owenheadch: mucks hand
vestimokrec collected $47.50 from pot
*** SUMMARY ***
Total pot $48 | Rake $0.50
Board [Ah 3h 3c Jd 2h]
Seat 5: owenheadch (button) (small blind) mucked
Seat 6: vestimokrec (big blind) showed [5h 3d] and won ($47.50) with three of a kind, Threes


PokerStars Hand #151471203334:  Hold'em Limit ($3/$6 USD) - 2016/04/05 11:51:30 ET
Table 'Juhani' 6-max Seat #3 is the button
Seat 1: BuzovaPro ($72 in chips)
Seat 3: Zeeon ($106.32 in chips)
Zeeon: posts small blind $1
BuzovaPro: posts big blind $3
*** HOLE CARDS ***
Zeeon: folds
Uncalled bet ($2) returned to BuzovaPro
BuzovaPro collected $2 from pot
BuzovaPro: doesn't show hand
*** SUMMARY ***
Total pot $2 | Rake $0
Seat 1: BuzovaPro (big blind) collected ($2)
Seat 3: Zeeon (button) (small blind) folded before Flop


PokerStars Hand #151471249390:  Hold'em Limit ($3/$6 USD) - 2016/04/05 11:52:33 ET
Table 'Juhani' 6-max Seat #1 is the button
Seat 1: BuzovaPro ($73 in chips)
Seat 3: Zeeon ($118.82 in chips)
BuzovaPro: posts small blind $1
Zeeon: posts big blind $3
*** HOLE CARDS ***
BuzovaPro: raises $3 to $6
Zeeon: calls $3
*** FLOP *** [2h 3c Qs]
Zeeon: checks
BuzovaPro: bets $3
Zeeon: calls $3
*** TURN *** [2h 3c Qs] [9h]
Zeeon: checks
BuzovaPro: bets $6
Zeeon: folds
Uncalled bet ($6) returned to BuzovaPro
BuzovaPro collected $17.64 from pot
BuzovaPro: doesn't show hand
*** SUMMARY ***
Total pot $18 | Rake $0.36
Board [2h 3c Qs 9h]
Seat 1: BuzovaPro (button) (small blind) collected ($17.64)
Seat 3: Zeeon (big blind) folded on the Turn


PokerStars Hand #151471243923:  Hold'em Limit ($3/$6 USD) - 2016/04/05 11:52:26 ET
Table 'Juhani' 6-max Seat #3 is the button
Seat 1: BuzovaPro ($72 in chips)
Seat 3: Zeeon ($119.82 in chips)
Zeeon: posts small blind $1
BuzovaPro: posts big blind $3
*** HOLE CARDS ***
Zeeon: folds
Uncalled bet ($2) returned to BuzovaPro
BuzovaPro collected $2 from pot
BuzovaPro: doesn't show hand
*** SUMMARY ***
Total pot $2 | Rake $0
Seat 1: BuzovaPro (big blind) collected ($2)
Seat 3: Zeeon (button) (small blind) folded before Flop


PokerStars Hand #151471208389:  Hold'em Limit ($3/$6 USD) - 2016/04/05 11:51:37 ET
Table 'Juhani' 6-max Seat #1 is the button
Seat 1: BuzovaPro ($73 in chips)
Seat 3: Zeeon ($105.32 in chips)
BuzovaPro: posts small blind $1
Zeeon: posts big blind $3
*** HOLE CARDS ***
BuzovaPro: raises $3 to $6
Zeeon: calls $3
*** FLOP *** [Qs 3d Qh]
Zeeon: checks
BuzovaPro: bets $3
Zeeon: calls $3
*** TURN *** [Qs 3d Qh] [3h]
Zeeon: checks
BuzovaPro: bets $6
Zeeon: calls $6
*** RIVER *** [Qs 3d Qh 3h] [4s]
Zeeon: checks
BuzovaPro: checks
*** SHOW DOWN ***
Zeeon: shows [Kc Th] (two pair, Queens and Threes)
BuzovaPro: mucks hand
Zeeon collected $29.50 from pot
*** SUMMARY ***
Total pot $30 | Rake $0.50
Board [Qs 3d Qh 3h 4s]
Seat 1: BuzovaPro (button) (small blind) mucked
Seat 3: Zeeon (big blind) showed [Kc Th] and won ($29.50) with two pair, Queens and Threes


PokerStars Hand #151471304196:  Hold'em Limit ($3/$6 USD) - 2016/04/05 11:53:48 ET
Table 'Juhani' 6-max Seat #1 is the button
Seat 1: BuzovaPro ($90.28 in chips)
Seat 3: Zeeon ($100.82 in chips)
BuzovaPro: posts small blind $1
Zeeon: posts big blind $3
*** HOLE CARDS ***
BuzovaPro: folds
Uncalled bet ($2) returned to Zeeon
Zeeon collected $2 from pot
*** SUMMARY ***
Total pot $2 | Rake $0
Seat 1: BuzovaPro (button) (small blind) folded before Flop
Seat 3: Zeeon (big blind) collected ($2)


PokerStars Hand #151471268453:  Hold'em Limit ($3/$6 USD) - 2016/04/05 11:52:59 ET
Table 'Juhani' 6-max Seat #3 is the button
Seat 1: BuzovaPro ($81.64 in chips)
Seat 3: Zeeon ($109.82 in chips)
Zeeon: posts small blind $1
BuzovaPro: posts big blind $3
*** HOLE CARDS ***
Zeeon: raises $3 to $6
BuzovaPro: calls $3
*** FLOP *** [5s Jc 4h]
BuzovaPro: checks
Zeeon: bets $3
BuzovaPro: calls $3
*** TURN *** [5s Jc 4h] [9s]
BuzovaPro: checks
Zeeon: checks
*** RIVER *** [5s Jc 4h 9s] [Qs]
BuzovaPro: bets $6
Zeeon: folds
Uncalled bet ($6) returned to BuzovaPro
BuzovaPro collected $17.64 from pot
BuzovaPro: doesn't show hand
*** SUMMARY ***
Total pot $18 | Rake $0.36
Board [5s Jc 4h 9s Qs]
Seat 1: BuzovaPro (big blind) collected ($17.64)
Seat 3: Zeeon (button) (small blind) folded on the River


PokerStars Hand #151471336493:  Hold'em Limit ($3/$6 USD) - 2016/04/05 11:54:33 ET
Table 'Juhani' 6-max Seat #1 is the button
Seat 1: BuzovaPro ($103.78 in chips)
Seat 3: Zeeon ($86.82 in chips)
BuzovaPro: posts small blind $1
Zeeon: posts big blind $3
*** HOLE CARDS ***
BuzovaPro: raises $3 to $6
Zeeon: folds
Uncalled bet ($3) returned to BuzovaPro
BuzovaPro collected $6 from pot
BuzovaPro: doesn't show hand
*** SUMMARY ***
Total pot $6 | Rake $0
Seat 1: BuzovaPro (button) (small blind) collected ($6)
Seat 3: Zeeon (big blind) folded before Flop


PokerStars Hand #151471310560:  Hold'em Limit ($3/$6 USD) - 2016/04/05 11:53:57 ET
Table 'Juhani' 6-max Seat #3 is the button
Seat 1: BuzovaPro ($89.28 in chips)
Seat 3: Zeeon ($101.82 in chips)
Zeeon: posts small blind $1
BuzovaPro: posts big blind $3
*** HOLE CARDS ***
Zeeon: raises $3 to $6
BuzovaPro: calls $3
*** FLOP *** [Kc 4c 4s]
BuzovaPro: checks
Zeeon: bets $3
BuzovaPro: calls $3
*** TURN *** [Kc 4c 4s] [5d]
BuzovaPro: checks
Zeeon: bets $6
BuzovaPro: raises $6 to $12
Zeeon: folds
Uncalled bet ($6) returned to BuzovaPro
BuzovaPro collected $29.50 from pot
BuzovaPro: doesn't show hand
*** SUMMARY ***
Total pot $30 | Rake $0.50
Board [Kc 4c 4s 5d]
Seat 1: BuzovaPro (big blind) collected ($29.50)
Seat 3: Zeeon (button) (small blind) folded on the Turn


PokerStars Hand #151471370423:  Hold'em Limit ($3/$6 USD) - 2016/04/05 11:55:20 ET
Table 'Juhani' 6-max Seat #3 is the button
Seat 1: BuzovaPro ($105.53 in chips)
Seat 3: Zeeon ($84.57 in chips)
Zeeon: posts small blind $1
BuzovaPro: posts big blind $3
*** HOLE CARDS ***
Zeeon: raises $3 to $6
TbIP-TbIP 88 leaves the table
BuzovaPro: folds
Uncalled bet ($3) returned to Zeeon
Zeeon collected $6 from pot
*** SUMMARY ***
Total pot $6 | Rake $0
Seat 1: BuzovaPro (big blind) folded before Flop
Seat 3: Zeeon (button) (small blind) collected ($6)


PokerStars Hand #151471367373:  Hold'em Limit ($3/$6 USD) - 2016/04/05 11:55:15 ET
Table 'Juhani' 6-max Seat #1 is the button
Seat 1: BuzovaPro ($106.53 in chips)
Seat 3: Zeeon ($83.57 in chips)
BuzovaPro: posts small blind $1
Zeeon: posts big blind $3
*** HOLE CARDS ***
Biffen 1 joins the table at seat #2
BuzovaPro: folds
Uncalled bet ($2) returned to Zeeon
Zeeon collected $2 from pot
*** SUMMARY ***
Total pot $2 | Rake $0
Seat 1: BuzovaPro (button) (small blind) folded before Flop
Seat 3: Zeeon (big blind) collected ($2)


PokerStars Hand #151471346134:  Hold'em Limit ($3/$6 USD) - 2016/04/05 11:54:46 ET
Table 'Juhani' 6-max Seat #3 is the button
Seat 1: BuzovaPro ($106.78 in chips)
Seat 3: Zeeon ($83.82 in chips)
Zeeon: posts small blind $1
BuzovaPro: posts big blind $3
*** HOLE CARDS ***
Zeeon: raises $3 to $6
BuzovaPro: raises $3 to $9
Zeeon: calls $3
*** FLOP *** [Th 2s Jc]
BuzovaPro: bets $3
Zeeon: raises $3 to $6
BuzovaPro: calls $3
*** TURN *** [Th 2s Jc] [Jh]
BuzovaPro: checks
Zeeon: bets $6
BuzovaPro: calls $6
*** RIVER *** [Th 2s Jc Jh] [Ks]
BuzovaPro: checks
Zeeon: checks
*** SHOW DOWN ***
BuzovaPro: shows [Ts Qs] (two pair, Jacks and Tens)
Zeeon: shows [Qc Tc] (two pair, Jacks and Tens)
BuzovaPro collected $20.75 from pot
Zeeon collected $20.75 from pot
*** SUMMARY ***
Total pot $42 | Rake $0.50
Board [Th 2s Jc Jh Ks]
Seat 1: BuzovaPro (big blind) showed [Ts Qs] and won ($20.75) with two pair, Jacks and Tens
Seat 3: Zeeon (button) (small blind) showed [Qc Tc] and won ($20.75) with two pair, Jacks and Tens


PokerStars Hand #151473090562:  Hold'em Limit ($3/$6 USD) - 2016/04/05 12:34:23 ET
Table 'Juhani' 6-max Seat #1 is the button
Seat 1: vestimokrec ($120 in chips)
Seat 5: abatic ($221.85 in chips)
vestimokrec: posts small blind $1
LolDnkaments: is sitting out
abatic: posts big blind $3
*** HOLE CARDS ***
vestimokrec: raises $3 to $6
belik555 leaves the table
abatic: calls $3
*** FLOP *** [9s 7c Th]
LolDnkaments leaves the table
abatic: checks
vestimokrec: checks
*** TURN *** [9s 7c Th] [Qs]
abatic: checks
vestimokrec: bets $6
abatic: folds
Uncalled bet ($6) returned to vestimokrec
vestimokrec collected $11.76 from pot
vestimokrec: doesn't show hand
*** SUMMARY ***
Total pot $12 | Rake $0.24
Board [9s 7c Th Qs]
Seat 1: vestimokrec (button) (small blind) collected ($11.76)
Seat 5: abatic (big blind) folded on the Turn


PokerStars Hand #151473255054:  Hold'em Limit ($3/$6 USD) - 2016/04/05 12:37:57 ET
Table 'Juhani' 6-max Seat #3 is the button
Seat 3: Zeeon ($149.19 in chips)
Seat 6: gargamel155 ($109.69 in chips)
Zeeon: posts small blind $1
gargamel155: posts big blind $3
*** HOLE CARDS ***
Zeeon: raises $3 to $6
gargamel155: calls $3
*** FLOP *** [6h 6s 3c]
gargamel155: checks
Zeeon: checks
*** TURN *** [6h 6s 3c] [3d]
gargamel155: bets $6
Zeeon: folds
Uncalled bet ($6) returned to gargamel155
gargamel155 collected $11.76 from pot
gargamel155: doesn't show hand
BuzovaPro joins the table at seat #1
*** SUMMARY ***
Total pot $12 | Rake $0.24
Board [6h 6s 3c 3d]
Seat 3: Zeeon (button) (small blind) folded on the Turn
Seat 6: gargamel155 (big blind) collected ($11.76)


PokerStars Hand #151473249203:  Hold'em Limit ($3/$6 USD) - 2016/04/05 12:37:50 ET
Table 'Juhani' 6-max Seat #6 is the button
Seat 3: Zeeon ($148.19 in chips)
Seat 6: gargamel155 ($110.69 in chips)
gargamel155: posts small blind $1
Zeeon: posts big blind $3
*** HOLE CARDS ***
gargamel155: folds
Uncalled bet ($2) returned to Zeeon
Zeeon collected $2 from pot
*** SUMMARY ***
Total pot $2 | Rake $0
Seat 3: Zeeon (big blind) collected ($2)
Seat 6: gargamel155 (button) (small blind) folded before Flop


PokerStars Hand #151474138551:  Hold'em Limit ($3/$6 USD) - 2016/04/05 12:56:12 ET
Table 'Juhani' 6-max Seat #3 is the button
Seat 1: AzureCaper ($95.74 in chips)
Seat 3: Zeeon ($61.32 in chips)
Zeeon: posts small blind $1
AzureCaper: posts big blind $3
*** HOLE CARDS ***
Zeeon: folds
Uncalled bet ($2) returned to AzureCaper
AzureCaper collected $2 from pot
AzureCaper: doesn't show hand
*** SUMMARY ***
Total pot $2 | Rake $0
Seat 1: AzureCaper (big blind) collected ($2)
Seat 3: Zeeon (button) (small blind) folded before Flop


PokerStars Hand #151474146749:  Hold'em Limit ($3/$6 USD) - 2016/04/05 12:56:25 ET
Table 'Juhani' 6-max Seat #1 is the button
Seat 1: AzureCaper ($96.74 in chips)
Seat 3: Zeeon ($60.32 in chips)
AzureCaper: posts small blind $1
Zeeon: posts big blind $3
*** HOLE CARDS ***
AzureCaper: raises $3 to $6
Zeeon: folds
Uncalled bet ($3) returned to AzureCaper
AzureCaper collected $6 from pot
AzureCaper: doesn't show hand
*** SUMMARY ***
Total pot $6 | Rake $0
Seat 1: AzureCaper (button) (small blind) collected ($6)
Seat 3: Zeeon (big blind) folded before Flop


