PokerStars Hand #145218145043:  Hold'em Limit ($3/$6 USD) - 2015/12/12 6:42:57 ET
Table 'Juliana' 6-max Seat #6 is the button
Seat 2: belik555 ($72 in chips)
Seat 6: kaz2y5 ($75 in chips)
kaz2y5: posts small blind $1
belik555: posts big blind $3
*** HOLE CARDS ***
kaz2y5: raises $3 to $6
belik555: calls $3
*** FLOP *** [Th 3d Qh]
belik555: checks
kaz2y5: bets $3
belik555: calls $3
*** TURN *** [Th 3d Qh] [Jd]
belik555: bets $6
kaz2y5: raises $6 to $12
belik555: raises $6 to $18
kaz2y5: calls $6
*** RIVER *** [Th 3d Qh Jd] [Ac]
belik555: bets $6
kaz2y5: raises $6 to $12
belik555: raises $6 to $18
kaz2y5: raises $6 to $24
Betting is capped
belik555: calls $6
*** SHOW DOWN ***
kaz2y5: shows [9d Ks] (a straight, Ten to Ace)
belik555: shows [9c Kd] (a straight, Ten to Ace)
belik555 collected $50.75 from pot
kaz2y5 collected $50.75 from pot
*** SUMMARY ***
Total pot $102 | Rake $0.50
Board [Th 3d Qh Jd Ac]
Seat 2: belik555 (big blind) showed [9c Kd] and won ($50.75) with a straight, Ten to Ace
Seat 6: kaz2y5 (button) (small blind) showed [9d Ks] and won ($50.75) with a straight, Ten to Ace


PokerStars Hand #145218195170:  Hold'em Limit ($3/$6 USD) - 2015/12/12 6:44:31 ET
Table 'Juliana' 6-max Seat #2 is the button
Seat 2: belik555 ($78.76 in chips)
Seat 6: kaz2y5 ($67.75 in chips)
belik555: posts small blind $1
kaz2y5: posts big blind $3
*** HOLE CARDS ***
belik555: raises $3 to $6
kaz2y5: raises $3 to $9
belik555: calls $3
*** FLOP *** [Qd Ad 2h]
kaz2y5: bets $3
belik555: folds
Uncalled bet ($3) returned to kaz2y5
kaz2y5 collected $17.64 from pot
*** SUMMARY ***
Total pot $18 | Rake $0.36
Board [Qd Ad 2h]
Seat 2: belik555 (button) (small blind) folded on the Flop
Seat 6: kaz2y5 (big blind) collected ($17.64)


PokerStars Hand #145218191429:  Hold'em Limit ($3/$6 USD) - 2015/12/12 6:44:24 ET
Table 'Juliana' 6-max Seat #6 is the button
Seat 2: belik555 ($77.76 in chips)
Seat 6: kaz2y5 ($68.75 in chips)
kaz2y5: posts small blind $1
belik555: posts big blind $3
*** HOLE CARDS ***
kaz2y5: folds
Uncalled bet ($2) returned to belik555
belik555 collected $2 from pot
belik555: doesn't show hand
*** SUMMARY ***
Total pot $2 | Rake $0
Seat 2: belik555 (big blind) collected ($2)
Seat 6: kaz2y5 (button) (small blind) folded before Flop


PokerStars Hand #145218181769:  Hold'em Limit ($3/$6 USD) - 2015/12/12 6:44:06 ET
Table 'Juliana' 6-max Seat #2 is the button
Seat 2: belik555 ($72 in chips)
Seat 6: kaz2y5 ($74.75 in chips)
belik555: posts small blind $1
kaz2y5: posts big blind $3
*** HOLE CARDS ***
belik555: raises $3 to $6
kaz2y5: calls $3
*** FLOP *** [Qc 7c 6s]
kaz2y5: checks
belik555: bets $3
kaz2y5: folds
Uncalled bet ($3) returned to belik555
belik555 collected $11.76 from pot
belik555: doesn't show hand
*** SUMMARY ***
Total pot $12 | Rake $0.24
Board [Qc 7c 6s]
Seat 2: belik555 (button) (small blind) collected ($11.76)
Seat 6: kaz2y5 (big blind) folded on the Flop


PokerStars Hand #145218233015:  Hold'em Limit ($3/$6 USD) - 2015/12/12 6:45:41 ET
Table 'Juliana' 6-max Seat #6 is the button
Seat 2: belik555 ($79 in chips)
Seat 6: kaz2y5 ($83.89 in chips)
kaz2y5: posts small blind $1
belik555: posts big blind $3
*** HOLE CARDS ***
kaz2y5: raises $3 to $6
belik555: calls $3
*** FLOP *** [8s 3h 2h]
belik555: checks
kaz2y5: bets $3
belik555: raises $3 to $6
kaz2y5: calls $3
*** TURN *** [8s 3h 2h] [9h]
belik555: bets $6
kaz2y5: folds
Uncalled bet ($6) returned to belik555
belik555 collected $23.52 from pot
belik555: doesn't show hand
*** SUMMARY ***
Total pot $24 | Rake $0.48
Board [8s 3h 2h 9h]
Seat 2: belik555 (big blind) collected ($23.52)
Seat 6: kaz2y5 (button) (small blind) folded on the Turn


PokerStars Hand #145218228677:  Hold'em Limit ($3/$6 USD) - 2015/12/12 6:45:33 ET
Table 'Juliana' 6-max Seat #2 is the button
Seat 2: belik555 ($76 in chips)
Seat 6: kaz2y5 ($86.89 in chips)
belik555: posts small blind $1
kaz2y5: posts big blind $3
*** HOLE CARDS ***
belik555: raises $3 to $6
kaz2y5: folds
Uncalled bet ($3) returned to belik555
belik555 collected $6 from pot
belik555: doesn't show hand
*** SUMMARY ***
Total pot $6 | Rake $0
Seat 2: belik555 (button) (small blind) collected ($6)
Seat 6: kaz2y5 (big blind) folded before Flop


PokerStars Hand #145218223944:  Hold'em Limit ($3/$6 USD) - 2015/12/12 6:45:24 ET
Table 'Juliana' 6-max Seat #6 is the button
Seat 2: belik555 ($75 in chips)
Seat 6: kaz2y5 ($87.89 in chips)
kaz2y5: posts small blind $1
belik555: posts big blind $3
*** HOLE CARDS ***
kaz2y5: folds
Uncalled bet ($2) returned to belik555
belik555 collected $2 from pot
belik555: doesn't show hand
*** SUMMARY ***
Total pot $2 | Rake $0
Seat 2: belik555 (big blind) collected ($2)
Seat 6: kaz2y5 (button) (small blind) folded before Flop


PokerStars Hand #145218217444:  Hold'em Limit ($3/$6 USD) - 2015/12/12 6:45:12 ET
Table 'Juliana' 6-max Seat #2 is the button
Seat 2: belik555 ($72 in chips)
Seat 6: kaz2y5 ($90.89 in chips)
belik555: posts small blind $1
kaz2y5: posts big blind $3
*** HOLE CARDS ***
belik555: raises $3 to $6
kaz2y5: folds
Uncalled bet ($3) returned to belik555
belik555 collected $6 from pot
belik555: doesn't show hand
*** SUMMARY ***
Total pot $6 | Rake $0
Seat 2: belik555 (button) (small blind) collected ($6)
Seat 6: kaz2y5 (big blind) folded before Flop


PokerStars Hand #145218202738:  Hold'em Limit ($3/$6 USD) - 2015/12/12 6:44:45 ET
Table 'Juliana' 6-max Seat #6 is the button
Seat 2: belik555 ($72 in chips)
Seat 6: kaz2y5 ($76.39 in chips)
kaz2y5: posts small blind $1
belik555: posts big blind $3
*** HOLE CARDS ***
kaz2y5: raises $3 to $6
belik555: calls $3
*** FLOP *** [9d Jh 9s]
belik555: checks
kaz2y5: bets $3
belik555: calls $3
*** TURN *** [9d Jh 9s] [Js]
belik555: checks
kaz2y5: checks
*** RIVER *** [9d Jh 9s Js] [Th]
belik555: bets $6
kaz2y5: calls $6
*** SHOW DOWN ***
belik555: shows [Ad 6c] (two pair, Jacks and Nines)
kaz2y5: shows [Qh Tc] (two pair, Jacks and Tens)
kaz2y5 collected $29.50 from pot
*** SUMMARY ***
Total pot $30 | Rake $0.50
Board [9d Jh 9s Js Th]
Seat 2: belik555 (big blind) showed [Ad 6c] and lost with two pair, Jacks and Nines
Seat 6: kaz2y5 (button) (small blind) showed [Qh Tc] and won ($29.50) with two pair, Jacks and Tens


PokerStars Hand #145218264506:  Hold'em Limit ($3/$6 USD) - 2015/12/12 6:46:40 ET
Table 'Juliana' 6-max Seat #2 is the button
Seat 2: belik555 ($80.52 in chips)
Seat 6: kaz2y5 ($81.53 in chips)
belik555: posts small blind $1
kaz2y5: posts big blind $3
*** HOLE CARDS ***
belik555: raises $3 to $6
kaz2y5: folds
Uncalled bet ($3) returned to belik555
belik555 collected $6 from pot
belik555: doesn't show hand
*** SUMMARY ***
Total pot $6 | Rake $0
Seat 2: belik555 (button) (small blind) collected ($6)
Seat 6: kaz2y5 (big blind) folded before Flop


PokerStars Hand #145218247500:  Hold'em Limit ($3/$6 USD) - 2015/12/12 6:46:08 ET
Table 'Juliana' 6-max Seat #6 is the button
Seat 2: belik555 ($89.52 in chips)
Seat 6: kaz2y5 ($72.89 in chips)
kaz2y5: posts small blind $1
belik555: posts big blind $3
*** HOLE CARDS ***
kaz2y5: raises $3 to $6
belik555: calls $3
*** FLOP *** [5h 5s 6d]
belik555: checks
kaz2y5: bets $3
belik555: calls $3
*** TURN *** [5h 5s 6d] [Td]
belik555: checks
kaz2y5: bets $6
belik555: folds
Uncalled bet ($6) returned to kaz2y5
kaz2y5 collected $17.64 from pot
kaz2y5: doesn't show hand
*** SUMMARY ***
Total pot $18 | Rake $0.36
Board [5h 5s 6d Td]
Seat 2: belik555 (big blind) folded on the Turn
Seat 6: kaz2y5 (button) (small blind) collected ($17.64)


PokerStars Hand #145218244115:  Hold'em Limit ($3/$6 USD) - 2015/12/12 6:46:02 ET
Table 'Juliana' 6-max Seat #2 is the button
Seat 2: belik555 ($90.52 in chips)
Seat 6: kaz2y5 ($71.89 in chips)
belik555: posts small blind $1
kaz2y5: posts big blind $3
*** HOLE CARDS ***
belik555: folds
Uncalled bet ($2) returned to kaz2y5
kaz2y5 collected $2 from pot
kaz2y5: doesn't show hand
*** SUMMARY ***
Total pot $2 | Rake $0
Seat 2: belik555 (button) (small blind) folded before Flop
Seat 6: kaz2y5 (big blind) collected ($2)


PokerStars Hand #145218302384:  Hold'em Limit ($3/$6 USD) - 2015/12/12 6:47:50 ET
Table 'Juliana' 6-max Seat #6 is the button
Seat 2: belik555 ($72 in chips)
Seat 6: kaz2y5 ($95.81 in chips)
kaz2y5: posts small blind $1
belik555: posts big blind $3
*** HOLE CARDS ***
kaz2y5: folds
Uncalled bet ($2) returned to belik555
belik555 collected $2 from pot
belik555: doesn't show hand
*** SUMMARY ***
Total pot $2 | Rake $0
Seat 2: belik555 (big blind) collected ($2)
Seat 6: kaz2y5 (button) (small blind) folded before Flop


PokerStars Hand #145218289320:  Hold'em Limit ($3/$6 USD) - 2015/12/12 6:47:26 ET
Table 'Juliana' 6-max Seat #2 is the button
Seat 2: belik555 ($74.52 in chips)
Seat 6: kaz2y5 ($87.17 in chips)
belik555: posts small blind $1
kaz2y5: posts big blind $3
*** HOLE CARDS ***
belik555: raises $3 to $6
kaz2y5: calls $3
*** FLOP *** [Jh Ks 4s]
kaz2y5: checks
belik555: bets $3
kaz2y5: calls $3
*** TURN *** [Jh Ks 4s] [7c]
kaz2y5: checks
belik555: checks
*** RIVER *** [Jh Ks 4s 7c] [Kd]
kaz2y5: bets $6
belik555: folds
Uncalled bet ($6) returned to kaz2y5
kaz2y5 collected $17.64 from pot
kaz2y5: doesn't show hand
*** SUMMARY ***
Total pot $18 | Rake $0.36
Board [Jh Ks 4s 7c Kd]
Seat 2: belik555 (button) (small blind) folded on the River
Seat 6: kaz2y5 (big blind) collected ($17.64)


PokerStars Hand #145218268756:  Hold'em Limit ($3/$6 USD) - 2015/12/12 6:46:48 ET
Table 'Juliana' 6-max Seat #6 is the button
Seat 2: belik555 ($83.52 in chips)
Seat 6: kaz2y5 ($78.53 in chips)
kaz2y5: posts small blind $1
belik555: posts big blind $3
*** HOLE CARDS ***
kaz2y5: raises $3 to $6
belik555: calls $3
*** FLOP *** [Kh 4c 6s]
belik555: checks
kaz2y5: bets $3
belik555: calls $3
*** TURN *** [Kh 4c 6s] [4h]
belik555: checks
kaz2y5: checks
*** RIVER *** [Kh 4c 6s 4h] [9c]
belik555: checks
kaz2y5: bets $6
belik555: folds
Uncalled bet ($6) returned to kaz2y5
kaz2y5 collected $17.64 from pot
kaz2y5: doesn't show hand
*** SUMMARY ***
Total pot $18 | Rake $0.36
Board [Kh 4c 6s 4h 9c]
Seat 2: belik555 (big blind) folded on the River
Seat 6: kaz2y5 (button) (small blind) collected ($17.64)


PokerStars Hand #145218320786:  Hold'em Limit ($3/$6 USD) - 2015/12/12 6:48:24 ET
Table 'Juliana' 6-max Seat #6 is the button
Seat 2: belik555 ($72 in chips)
Seat 6: kaz2y5 ($109.31 in chips)
kaz2y5: posts small blind $1
scorpio04 joins the table at seat #1
belik555: posts big blind $3
*** HOLE CARDS ***
kaz2y5: raises $3 to $6
belik555: raises $3 to $9
kaz2y5: calls $3
*** FLOP *** [Ah Ac Qh]
belik555: bets $3
kaz2y5: raises $3 to $6
belik555: calls $3
*** TURN *** [Ah Ac Qh] [Qs]
belik555: checks
kaz2y5: bets $6
belik555: folds
Uncalled bet ($6) returned to kaz2y5
kaz2y5 collected $29.50 from pot
*** SUMMARY ***
Total pot $30 | Rake $0.50
Board [Ah Ac Qh Qs]
Seat 2: belik555 (big blind) folded on the Turn
Seat 6: kaz2y5 (button) (small blind) collected ($29.50)


PokerStars Hand #145218305998:  Hold'em Limit ($3/$6 USD) - 2015/12/12 6:47:57 ET
Table 'Juliana' 6-max Seat #2 is the button
Seat 2: belik555 ($73 in chips)
Seat 6: kaz2y5 ($94.81 in chips)
belik555: posts small blind $1
kaz2y5: posts big blind $3
*** HOLE CARDS ***
belik555: raises $3 to $6
kaz2y5: calls $3
*** FLOP *** [Ks 3c 7h]
kaz2y5: checks
belik555: bets $3
kaz2y5: calls $3
*** TURN *** [Ks 3c 7h] [8h]
kaz2y5: checks
belik555: checks
*** RIVER *** [Ks 3c 7h 8h] [Qh]
kaz2y5: bets $6
belik555: calls $6
*** SHOW DOWN ***
kaz2y5: shows [2h Th] (a flush, Queen high)
belik555: mucks hand
kaz2y5 collected $29.50 from pot
*** SUMMARY ***
Total pot $30 | Rake $0.50
Board [Ks 3c 7h 8h Qh]
Seat 2: belik555 (button) (small blind) mucked
Seat 6: kaz2y5 (big blind) showed [2h Th] and won ($29.50) with a flush, Queen high


PokerStars Hand #145218333716:  Hold'em Limit ($3/$6 USD) - 2015/12/12 6:48:48 ET
Table 'Juliana' 6-max Seat #2 is the button
Seat 2: belik555 ($72 in chips)
Seat 6: kaz2y5 ($123.81 in chips)
belik555: posts small blind $1
kaz2y5: posts big blind $3
*** HOLE CARDS ***
belik555: raises $3 to $6
kaz2y5: calls $3
*** FLOP *** [9h 7h 3h]
kaz2y5: checks
belik555: bets $3
kaz2y5: calls $3
*** TURN *** [9h 7h 3h] [Qs]
kaz2y5: checks
belik555: bets $6
kaz2y5: calls $6
*** RIVER *** [9h 7h 3h Qs] [7d]
kaz2y5: checks
belik555: checks
*** SHOW DOWN ***
kaz2y5: shows [5s Jh] (a pair of Sevens)
belik555: shows [Ac 6d] (a pair of Sevens - Ace kicker)
belik555 collected $29.50 from pot
*** SUMMARY ***
Total pot $30 | Rake $0.50
Board [9h 7h 3h Qs 7d]
Seat 2: belik555 (button) (small blind) showed [Ac 6d] and won ($29.50) with a pair of Sevens
Seat 6: kaz2y5 (big blind) showed [5s Jh] and lost with a pair of Sevens


