PokerStars Hand #175807218749:  Hold'em Limit ($3/$6 USD) - 2017/09/18 11:30:34 ET
Table 'Juliet' 6-max Seat #5 is the button
Seat 4: Psynto ($144.05 in chips)
Seat 5: Hauptstrasse98 ($136.95 in chips)
Hauptstrasse98: posts small blind $1
ANIN1337 joins the table at seat #2
muzixibei is disconnected
muzixibei has timed out while disconnected
muzixibei: is sitting out
Psynto: posts big blind $3
*** HOLE CARDS ***
Hauptstrasse98: calls $2
Psynto: raises $3 to $6
Hauptstrasse98: calls $3
*** FLOP *** [2d 6s Kh]
Psynto: bets $3
Hauptstrasse98: calls $3
*** TURN *** [2d 6s Kh] [4d]
Psynto: bets $6
Hauptstrasse98: calls $6
*** RIVER *** [2d 6s Kh 4d] [9h]
Psynto: bets $6
Hauptstrasse98: raises $6 to $12
Psynto: folds
Uncalled bet ($6) returned to Hauptstrasse98
Hauptstrasse98 collected $41.50 from pot
Hauptstrasse98: doesn't show hand
*** SUMMARY ***
Total pot $42 | Rake $0.50
Board [2d 6s Kh 4d 9h]
Seat 4: Psynto (big blind) folded on the River
Seat 5: Hauptstrasse98 (button) (small blind) collected ($41.50)


PokerStars Hand #175807248915:  Hold'em Limit ($3/$6 USD) - 2017/09/18 11:31:24 ET
Table 'Juliet' 6-max Seat #4 is the button
Seat 4: Psynto ($123.05 in chips)
Seat 5: Hauptstrasse98 ($157.45 in chips)
Psynto: posts small blind $1
Hauptstrasse98: posts big blind $3
*** HOLE CARDS ***
Psynto: raises $3 to $6
Hauptstrasse98: folds
Uncalled bet ($3) returned to Psynto
Psynto collected $6 from pot
Psynto: doesn't show hand
*** SUMMARY ***
Total pot $6 | Rake $0
Seat 4: Psynto (button) (small blind) collected ($6)
Seat 5: Hauptstrasse98 (big blind) folded before Flop


PokerStars Hand #175810443136:  Hold'em Limit ($3/$6 USD) - 2017/09/18 12:50:53 ET
Table 'Juliet' 6-max Seat #2 is the button
Seat 1: Jigorek1989 ($128.34 in chips)
Seat 2: Sirocko ($149.83 in chips)
Sirocko: posts small blind $1
BLITZKRIIEG5 leaves the table
Noah21: is sitting out
Jigorek1989: posts big blind $3
*** HOLE CARDS ***
Sirocko: raises $3 to $6
Jigorek1989: raises $3 to $9
Noah21 leaves the table
Sirocko: calls $3
*** FLOP *** [3s 7c 8c]
Jigorek1989: bets $3
Sirocko: calls $3
*** TURN *** [3s 7c 8c] [Kc]
Jigorek1989: bets $6
vestimokrec joins the table at seat #6
Sirocko: calls $6
*** RIVER *** [3s 7c 8c Kc] [Ts]
Jigorek1989: bets $6
KAKA1 is disconnected
Sirocko: folds
Uncalled bet ($6) returned to Jigorek1989
Jigorek1989 collected $35.50 from pot
Jigorek1989: doesn't show hand
*** SUMMARY ***
Total pot $36 | Rake $0.50
Board [3s 7c 8c Kc Ts]
Seat 1: Jigorek1989 (big blind) collected ($35.50)
Seat 2: Sirocko (button) (small blind) folded on the River


