PokerStars Hand #162061245438:  Hold'em Limit ($3/$6 USD) - 2016/11/27 17:09:39 ET
Table 'Juliet' 6-max Seat #4 is the button
Seat 3: TinaTurner72 ($99 in chips)
Seat 4: $liwamor ($162.46 in chips)
$liwamor: posts small blind $1
TinaTurner72: posts big blind $3
*** HOLE CARDS ***
$liwamor: raises $3 to $6
TinaTurner72: folds
Uncalled bet ($3) returned to $liwamor
$liwamor collected $6 from pot
*** SUMMARY ***
Total pot $6 | Rake $0
Seat 3: TinaTurner72 (big blind) folded before Flop
Seat 4: $liwamor (button) (small blind) collected ($6)


PokerStars Hand #162061213950:  Hold'em Limit ($3/$6 USD) - 2016/11/27 17:09:06 ET
Table 'Juliet' 6-max Seat #3 is the button
Seat 3: TinaTurner72 ($120 in chips)
Seat 4: $liwamor ($141.96 in chips)
TinaTurner72: posts small blind $1
$liwamor: posts big blind $3
*** HOLE CARDS ***
TinaTurner72: raises $3 to $6
$liwamor: calls $3
*** FLOP *** [5c 6s 3h]
$liwamor: checks
TinaTurner72: bets $3
$liwamor: calls $3
*** TURN *** [5c 6s 3h] [7s]
$liwamor: checks
TinaTurner72: bets $6
$liwamor: calls $6
*** RIVER *** [5c 6s 3h 7s] [7d]
$liwamor: bets $6
TinaTurner72: calls $6
*** SHOW DOWN ***
$liwamor: shows [Td 7h] (three of a kind, Sevens)
TinaTurner72: mucks hand
$liwamor collected $41.50 from pot
*** SUMMARY ***
Total pot $42 | Rake $0.50
Board [5c 6s 3h 7s 7d]
Seat 3: TinaTurner72 (button) (small blind) mucked
Seat 4: $liwamor (big blind) showed [Td 7h] and won ($41.50) with three of a kind, Sevens


PokerStars Hand #162061255474:  Hold'em Limit ($3/$6 USD) - 2016/11/27 17:09:50 ET
Table 'Juliet' 6-max Seat #3 is the button
Seat 3: TinaTurner72 ($96 in chips)
Seat 4: $liwamor ($165.46 in chips)
TinaTurner72: posts small blind $1
$liwamor: posts big blind $3
*** HOLE CARDS ***
TinaTurner72: raises $3 to $6
$liwamor: calls $3
*** FLOP *** [2h 3d 9h]
$liwamor: checks
TinaTurner72: bets $3
$liwamor: raises $3 to $6
TinaTurner72: calls $3
*** TURN *** [2h 3d 9h] [8s]
$liwamor: bets $6
TinaTurner72: calls $6
*** RIVER *** [2h 3d 9h 8s] [Jh]
$liwamor: checks
TinaTurner72: checks
*** SHOW DOWN ***
$liwamor: shows [3s Kd] (a pair of Threes)
TinaTurner72: mucks hand
$liwamor collected $35.50 from pot
*** SUMMARY ***
Total pot $36 | Rake $0.50
Board [2h 3d 9h 8s Jh]
Seat 3: TinaTurner72 (button) (small blind) mucked
Seat 4: $liwamor (big blind) showed [3s Kd] and won ($35.50) with a pair of Threes


PokerStars Hand #162061342780:  Hold'em Limit ($3/$6 USD) - 2016/11/27 17:11:22 ET
Table 'Juliet' 6-max Seat #3 is the button
Seat 3: TinaTurner72 ($101.50 in chips)
Seat 4: $liwamor ($158.96 in chips)
TinaTurner72: posts small blind $1
$liwamor: posts big blind $3
*** HOLE CARDS ***
TinaTurner72: raises $3 to $6
$liwamor: folds
Uncalled bet ($3) returned to TinaTurner72
TinaTurner72 collected $6 from pot
TinaTurner72: doesn't show hand
*** SUMMARY ***
Total pot $6 | Rake $0
Seat 3: TinaTurner72 (button) (small blind) collected ($6)
Seat 4: $liwamor (big blind) folded before Flop


PokerStars Hand #162061285064:  Hold'em Limit ($3/$6 USD) - 2016/11/27 17:10:21 ET
Table 'Juliet' 6-max Seat #4 is the button
Seat 3: TinaTurner72 ($78 in chips)
Seat 4: $liwamor ($182.96 in chips)
$liwamor: posts small blind $1
TinaTurner72: posts big blind $3
*** HOLE CARDS ***
$liwamor: raises $3 to $6
TinaTurner72: calls $3
*** FLOP *** [Jd 2c Jh]
TinaTurner72: checks
$liwamor: bets $3
TinaTurner72: raises $3 to $6
$liwamor: calls $3
*** TURN *** [Jd 2c Jh] [7d]
TinaTurner72: bets $6
$liwamor: calls $6
*** RIVER *** [Jd 2c Jh 7d] [3s]
TinaTurner72: bets $6
$liwamor: calls $6
*** SHOW DOWN ***
TinaTurner72: shows [Ts Jc] (three of a kind, Jacks)
$liwamor: mucks hand
TinaTurner72 collected $47.50 from pot
*** SUMMARY ***
Total pot $48 | Rake $0.50
Board [Jd 2c Jh 7d 3s]
Seat 3: TinaTurner72 (big blind) showed [Ts Jc] and won ($47.50) with three of a kind, Jacks
Seat 4: $liwamor (button) (small blind) mucked


PokerStars Hand #162061402720:  Hold'em Limit ($3/$6 USD) - 2016/11/27 17:12:25 ET
Table 'Juliet' 6-max Seat #4 is the button
Seat 3: TinaTurner72 ($80.50 in chips)
Seat 4: $liwamor ($179.46 in chips)
$liwamor: posts small blind $1
TinaTurner72: posts big blind $3
*** HOLE CARDS ***
$liwamor: raises $3 to $6
TinaTurner72: calls $3
*** FLOP *** [2d 8d Ac]
TinaTurner72: checks
$liwamor: bets $3
TinaTurner72: raises $3 to $6
$liwamor: calls $3
*** TURN *** [2d 8d Ac] [5s]
TinaTurner72: checks
$liwamor: bets $6
TinaTurner72: calls $6
*** RIVER *** [2d 8d Ac 5s] [4h]
TinaTurner72: checks
$liwamor: checks
*** SHOW DOWN ***
TinaTurner72: shows [Qd 3d] (a straight, Ace to Five)
$liwamor: mucks hand
TinaTurner72 collected $35.50 from pot
*** SUMMARY ***
Total pot $36 | Rake $0.50
Board [2d 8d Ac 5s 4h]
Seat 3: TinaTurner72 (big blind) showed [Qd 3d] and won ($35.50) with a straight, Ace to Five
Seat 4: $liwamor (button) (small blind) mucked


PokerStars Hand #162061355032:  Hold'em Limit ($3/$6 USD) - 2016/11/27 17:11:35 ET
Table 'Juliet' 6-max Seat #4 is the button
Seat 3: TinaTurner72 ($104.50 in chips)
Seat 4: $liwamor ($155.96 in chips)
$liwamor: posts small blind $1
TinaTurner72: posts big blind $3
*** HOLE CARDS ***
$liwamor: raises $3 to $6
TinaTurner72: calls $3
*** FLOP *** [4h Ad 7h]
TinaTurner72: checks
$liwamor: bets $3
TinaTurner72: raises $3 to $6
$liwamor: raises $3 to $9
TinaTurner72: calls $3
*** TURN *** [4h Ad 7h] [Tc]
TinaTurner72: checks
$liwamor: bets $6
TinaTurner72: calls $6
*** RIVER *** [4h Ad 7h Tc] [6c]
TinaTurner72: checks
$liwamor: bets $6
TinaTurner72: calls $6
*** SHOW DOWN ***
$liwamor: shows [Qc Ac] (a pair of Aces)
TinaTurner72: mucks hand
$liwamor collected $53.50 from pot
*** SUMMARY ***
Total pot $54 | Rake $0.50
Board [4h Ad 7h Tc 6c]
Seat 3: TinaTurner72 (big blind) mucked
Seat 4: $liwamor (button) (small blind) showed [Qc Ac] and won ($53.50) with a pair of Aces


PokerStars Hand #162061396891:  Hold'em Limit ($3/$6 USD) - 2016/11/27 17:12:19 ET
Table 'Juliet' 6-max Seat #3 is the button
Seat 3: TinaTurner72 ($77.50 in chips)
Seat 4: $liwamor ($182.46 in chips)
TinaTurner72: posts small blind $1
$liwamor: posts big blind $3
*** HOLE CARDS ***
TinaTurner72: raises $3 to $6
$liwamor: folds
Uncalled bet ($3) returned to TinaTurner72
TinaTurner72 collected $6 from pot
TinaTurner72: doesn't show hand
*** SUMMARY ***
Total pot $6 | Rake $0
Seat 3: TinaTurner72 (button) (small blind) collected ($6)
Seat 4: $liwamor (big blind) folded before Flop


PokerStars Hand #162061431650:  Hold'em Limit ($3/$6 USD) - 2016/11/27 17:12:55 ET
Table 'Juliet' 6-max Seat #3 is the button
Seat 3: TinaTurner72 ($98 in chips)
Seat 4: $liwamor ($161.46 in chips)
TinaTurner72: posts small blind $1
$liwamor: posts big blind $3
*** HOLE CARDS ***
TinaTurner72: raises $3 to $6
$liwamor: calls $3
*** FLOP *** [Kd Qd Jh]
$liwamor: checks
TinaTurner72: bets $3
$liwamor: raises $3 to $6
TinaTurner72: calls $3
*** TURN *** [Kd Qd Jh] [6d]
$liwamor: bets $6
TinaTurner72: calls $6
*** RIVER *** [Kd Qd Jh 6d] [5d]
$liwamor: checks
TinaTurner72: checks
*** SHOW DOWN ***
$liwamor: shows [9s Ts] (a straight, Nine to King)
TinaTurner72: mucks hand
$liwamor collected $35.50 from pot
*** SUMMARY ***
Total pot $36 | Rake $0.50
Board [Kd Qd Jh 6d 5d]
Seat 3: TinaTurner72 (button) (small blind) mucked
Seat 4: $liwamor (big blind) showed [9s Ts] and won ($35.50) with a straight, Nine to King


PokerStars Hand #162061495658:  Hold'em Limit ($3/$6 USD) - 2016/11/27 17:14:03 ET
Table 'Juliet' 6-max Seat #4 is the button
Seat 3: TinaTurner72 ($80 in chips)
Seat 4: $liwamor ($178.96 in chips)
$liwamor: posts small blind $1
TinaTurner72: posts big blind $3
*** HOLE CARDS ***
$liwamor: raises $3 to $6
TinaTurner72: folds
Uncalled bet ($3) returned to $liwamor
$liwamor collected $6 from pot
*** SUMMARY ***
Total pot $6 | Rake $0
Seat 3: TinaTurner72 (big blind) folded before Flop
Seat 4: $liwamor (button) (small blind) collected ($6)


PokerStars Hand #162061506535:  Hold'em Limit ($3/$6 USD) - 2016/11/27 17:14:15 ET
Table 'Juliet' 6-max Seat #3 is the button
Seat 3: TinaTurner72 ($77 in chips)
Seat 4: $liwamor ($181.96 in chips)
TinaTurner72: posts small blind $1
$liwamor: posts big blind $3
*** HOLE CARDS ***
TinaTurner72: raises $3 to $6
$liwamor: calls $3
*** FLOP *** [5s Jc 8c]
$liwamor: checks
TinaTurner72: bets $3
$liwamor: folds
Uncalled bet ($3) returned to TinaTurner72
TinaTurner72 collected $11.76 from pot
TinaTurner72: doesn't show hand
*** SUMMARY ***
Total pot $12 | Rake $0.24
Board [5s Jc 8c]
Seat 3: TinaTurner72 (button) (small blind) collected ($11.76)
Seat 4: $liwamor (big blind) folded on the Flop


PokerStars Hand #162061522227:  Hold'em Limit ($3/$6 USD) - 2016/11/27 17:14:31 ET
Table 'Juliet' 6-max Seat #4 is the button
Seat 3: TinaTurner72 ($82.76 in chips)
Seat 4: $liwamor ($175.96 in chips)
$liwamor: posts small blind $1
TinaTurner72: posts big blind $3
*** HOLE CARDS ***
$liwamor: raises $3 to $6
TinaTurner72: calls $3
*** FLOP *** [6s 6h 9d]
TinaTurner72: checks
$liwamor: bets $3
TinaTurner72: folds
Uncalled bet ($3) returned to $liwamor
$liwamor collected $11.76 from pot
*** SUMMARY ***
Total pot $12 | Rake $0.24
Board [6s 6h 9d]
Seat 3: TinaTurner72 (big blind) folded on the Flop
Seat 4: $liwamor (button) (small blind) collected ($11.76)


PokerStars Hand #162061541915:  Hold'em Limit ($3/$6 USD) - 2016/11/27 17:14:52 ET
Table 'Juliet' 6-max Seat #3 is the button
Seat 3: TinaTurner72 ($76.76 in chips)
Seat 4: $liwamor ($181.72 in chips)
TinaTurner72: posts small blind $1
$liwamor: posts big blind $3
*** HOLE CARDS ***
TinaTurner72: raises $3 to $6
$liwamor: calls $3
*** FLOP *** [6c 6d 9d]
$liwamor: checks
TinaTurner72: bets $3
$liwamor: calls $3
*** TURN *** [6c 6d 9d] [3h]
$liwamor: checks
TinaTurner72: checks
*** RIVER *** [6c 6d 9d 3h] [7h]
$liwamor: bets $6
TinaTurner72: folds
Uncalled bet ($6) returned to $liwamor
$liwamor collected $17.64 from pot
*** SUMMARY ***
Total pot $18 | Rake $0.36
Board [6c 6d 9d 3h 7h]
Seat 3: TinaTurner72 (button) (small blind) folded on the River
Seat 4: $liwamor (big blind) collected ($17.64)


PokerStars Hand #162061574268:  Hold'em Limit ($3/$6 USD) - 2016/11/27 17:15:26 ET
Table 'Juliet' 6-max Seat #4 is the button
Seat 3: TinaTurner72 ($67.76 in chips)
Seat 4: $liwamor ($190.36 in chips)
$liwamor: posts small blind $1
TinaTurner72: posts big blind $3
*** HOLE CARDS ***
$liwamor: raises $3 to $6
TinaTurner72: raises $3 to $9
$liwamor: raises $3 to $12
Betting is capped
TinaTurner72: calls $3
*** FLOP *** [Qh 2d Jc]
TinaTurner72: checks
$liwamor: checks
*** TURN *** [Qh 2d Jc] [5s]
TinaTurner72: bets $6
$liwamor: calls $6
*** RIVER *** [Qh 2d Jc 5s] [7s]
TinaTurner72: bets $6
$liwamor: raises $6 to $12
TinaTurner72: calls $6
*** SHOW DOWN ***
$liwamor: shows [7h 7c] (three of a kind, Sevens)
TinaTurner72: mucks hand
$liwamor collected $59.50 from pot
*** SUMMARY ***
Total pot $60 | Rake $0.50
Board [Qh 2d Jc 5s 7s]
Seat 3: TinaTurner72 (big blind) mucked
Seat 4: $liwamor (button) (small blind) showed [7h 7c] and won ($59.50) with three of a kind, Sevens


PokerStars Hand #162061620140:  Hold'em Limit ($3/$6 USD) - 2016/11/27 17:16:08 ET
Table 'Juliet' 6-max Seat #3 is the button
Seat 3: TinaTurner72 ($37.76 in chips)
Seat 4: $liwamor ($219.86 in chips)
TinaTurner72: posts small blind $1
$liwamor: posts big blind $3
*** HOLE CARDS ***
TinaTurner72: raises $3 to $6
$liwamor: raises $3 to $9
Artachok joins the table at seat #6
TinaTurner72: calls $3
*** FLOP *** [2d Jc 5d]
$liwamor: bets $3
mulbros joins the table at seat #1
TinaTurner72: folds
Uncalled bet ($3) returned to $liwamor
$liwamor collected $17.64 from pot
*** SUMMARY ***
Total pot $18 | Rake $0.36
Board [2d Jc 5d]
Seat 3: TinaTurner72 (button) (small blind) folded on the Flop
Seat 4: $liwamor (big blind) collected ($17.64)


