PokerStars Hand #146187580149:  Hold'em Limit ($3/$6 USD) - 2015/12/30 15:12:45 ET
Table 'Juliana' 6-max Seat #6 is the button
Seat 4: PelonCabelao ($60 in chips)
Seat 6: Leevi ($31.94 in chips)
Leevi: posts small blind $1
PelonCabelao: posts big blind $3
*** HOLE CARDS ***
Leevi: raises $3 to $6
PelonCabelao: raises $3 to $9
Leevi: calls $3
*** FLOP *** [Qs 5c 7h]
PelonCabelao: bets $3
Leevi: raises $3 to $6
PelonCabelao: calls $3
*** TURN *** [Qs 5c 7h] [3s]
PelonCabelao: checks
Leevi: bets $6
PelonCabelao: raises $6 to $12
Leevi: raises $4.94 to $16.94 and is all-in
PelonCabelao: calls $4.94
*** RIVER *** [Qs 5c 7h 3s] [5d]
*** SHOW DOWN ***
PelonCabelao: shows [7s Js] (two pair, Sevens and Fives)
Leevi: shows [4s 7d] (two pair, Sevens and Fives)
PelonCabelao collected $31.69 from pot
Leevi collected $31.69 from pot
*** SUMMARY ***
Total pot $63.88 | Rake $0.50
Board [Qs 5c 7h 3s 5d]
Seat 4: PelonCabelao (big blind) showed [7s Js] and won ($31.69) with two pair, Sevens and Fives
Seat 6: Leevi (button) (small blind) showed [4s 7d] and won ($31.69) with two pair, Sevens and Fives


PokerStars Hand #146187614012:  Hold'em Limit ($3/$6 USD) - 2015/12/30 15:13:18 ET
Table 'Juliana' 6-max Seat #4 is the button
Seat 4: PelonCabelao ($72 in chips)
Seat 6: Leevi ($31.69 in chips)
PelonCabelao: posts small blind $1
Leevi: posts big blind $3
*** HOLE CARDS ***
PelonCabelao: raises $3 to $6
Leevi: calls $3
*** FLOP *** [3h 9s 3c]
Leevi: checks
PelonCabelao: bets $3
Leevi: calls $3
*** TURN *** [3h 9s 3c] [4s]
Leevi: checks
PelonCabelao: checks
*** RIVER *** [3h 9s 3c 4s] [8c]
Leevi: checks
PelonCabelao: checks
*** SHOW DOWN ***
Leevi: shows [Th 6h] (a pair of Threes)
PelonCabelao: shows [Kc 5c] (a pair of Threes - King kicker)
PelonCabelao collected $17.64 from pot
*** SUMMARY ***
Total pot $18 | Rake $0.36
Board [3h 9s 3c 4s 8c]
Seat 4: PelonCabelao (button) (small blind) showed [Kc 5c] and won ($17.64) with a pair of Threes
Seat 6: Leevi (big blind) showed [Th 6h] and lost with a pair of Threes


PokerStars Hand #146187652484:  Hold'em Limit ($3/$6 USD) - 2015/12/30 15:13:55 ET
Table 'Juliana' 6-max Seat #6 is the button
Seat 4: PelonCabelao ($80.64 in chips)
Seat 6: Leevi ($22.69 in chips)
Leevi: posts small blind $1
PelonCabelao: posts big blind $3
*** HOLE CARDS ***
Leevi: folds
Uncalled bet ($2) returned to PelonCabelao
PelonCabelao collected $2 from pot
PelonCabelao: doesn't show hand
*** SUMMARY ***
Total pot $2 | Rake $0
Seat 4: PelonCabelao (big blind) collected ($2)
Seat 6: Leevi (button) (small blind) folded before Flop


PokerStars Hand #146187662073:  Hold'em Limit ($3/$6 USD) - 2015/12/30 15:14:05 ET
Table 'Juliana' 6-max Seat #4 is the button
Seat 4: PelonCabelao ($81.64 in chips)
Seat 6: Leevi ($21.69 in chips)
PelonCabelao: posts small blind $1
Leevi: posts big blind $3
*** HOLE CARDS ***
PelonCabelao: folds
Uncalled bet ($2) returned to Leevi
Leevi collected $2 from pot
Leevi: doesn't show hand
*** SUMMARY ***
Total pot $2 | Rake $0
Seat 4: PelonCabelao (button) (small blind) folded before Flop
Seat 6: Leevi (big blind) collected ($2)


PokerStars Hand #146187672097:  Hold'em Limit ($3/$6 USD) - 2015/12/30 15:14:14 ET
Table 'Juliana' 6-max Seat #6 is the button
Seat 4: PelonCabelao ($80.64 in chips)
Seat 6: Leevi ($22.69 in chips)
Leevi: posts small blind $1
PelonCabelao: posts big blind $3
*** HOLE CARDS ***
Leevi: raises $3 to $6
PelonCabelao: calls $3
*** FLOP *** [Qc Kh 8h]
BelSv joins the table at seat #1
PelonCabelao: checks
Leevi: bets $3
Miele104 joins the table at seat #2
PelonCabelao: folds
Uncalled bet ($3) returned to Leevi
Leevi collected $11.76 from pot
Leevi: doesn't show hand
*** SUMMARY ***
Total pot $12 | Rake $0.24
Board [Qc Kh 8h]
Seat 4: PelonCabelao (big blind) folded on the Flop
Seat 6: Leevi (button) (small blind) collected ($11.76)


PokerStars Hand #146187701676:  Hold'em Limit ($3/$6 USD) - 2015/12/30 15:14:44 ET
Table 'Juliana' 6-max Seat #4 is the button
Seat 4: PelonCabelao ($74.64 in chips)
Seat 6: Leevi ($28.45 in chips)
PelonCabelao: posts small blind $1
Leevi: posts big blind $3
*** HOLE CARDS ***
PelonCabelao: raises $3 to $6
Leevi: calls $3
*** FLOP *** [6d Ac 2h]
Leevi: checks
PelonCabelao: bets $3
Leevi: calls $3
*** TURN *** [6d Ac 2h] [3d]
Leevi: checks
PelonCabelao: checks
*** RIVER *** [6d Ac 2h 3d] [9h]
Leevi: bets $6
PelonCabelao: calls $6
*** SHOW DOWN ***
Leevi: shows [Jd 7d] (high card Ace)
PelonCabelao: shows [2c Qs] (a pair of Deuces)
PelonCabelao collected $29.50 from pot
*** SUMMARY ***
Total pot $30 | Rake $0.50
Board [6d Ac 2h 3d 9h]
Seat 4: PelonCabelao (button) (small blind) showed [2c Qs] and won ($29.50) with a pair of Deuces
Seat 6: Leevi (big blind) showed [Jd 7d] and lost with high card Ace


PokerStars Hand #146188988613:  Hold'em Limit ($3/$6 USD) - 2015/12/30 15:35:53 ET
Table 'Juliana' 6-max Seat #1 is the button
Seat 1: Chessnok ($121.61 in chips)
Seat 3: feilinho ($115.24 in chips)
Chessnok: posts small blind $1
Miele104: is sitting out
feilinho: posts big blind $3
*** HOLE CARDS ***
Chessnok: raises $3 to $6
feilinho: folds
Uncalled bet ($3) returned to Chessnok
Chessnok collected $6 from pot
Chessnok: doesn't show hand
*** SUMMARY ***
Total pot $6 | Rake $0
Seat 1: Chessnok (button) (small blind) collected ($6)
Seat 3: feilinho (big blind) folded before Flop


PokerStars Hand #146189037420:  Hold'em Limit ($3/$6 USD) - 2015/12/30 15:36:41 ET
Table 'Juliana' 6-max Seat #3 is the button
Seat 1: Chessnok ($124.61 in chips)
Seat 3: feilinho ($112.24 in chips)
feilinho: posts small blind $1
Chessnok: posts big blind $3
*** HOLE CARDS ***
feilinho: raises $3 to $6
Chessnok: calls $3
*** FLOP *** [9h 5s 3s]
Chessnok: checks
feilinho: bets $3
Chessnok: raises $3 to $6
feilinho: calls $3
*** TURN *** [9h 5s 3s] [4s]
Chessnok: bets $6
feilinho: calls $6
*** RIVER *** [9h 5s 3s 4s] [Js]
Chessnok: bets $6
PelonCabelao leaves the table
feilinho: raises $6 to $12
Chessnok: calls $6
*** SHOW DOWN ***
feilinho: shows [9d 7h] (a pair of Nines)
Chessnok: shows [7s 8s] (a flush, Jack high)
Chessnok collected $59.50 from pot
*** SUMMARY ***
Total pot $60 | Rake $0.50
Board [9h 5s 3s 4s Js]
Seat 1: Chessnok (big blind) showed [7s 8s] and won ($59.50) with a flush, Jack high
Seat 3: feilinho (button) (small blind) showed [9d 7h] and lost with a pair of Nines


PokerStars Hand #146189014976:  Hold'em Limit ($3/$6 USD) - 2015/12/30 15:36:18 ET
Table 'Juliana' 6-max Seat #1 is the button
Seat 1: Chessnok ($121.61 in chips)
Seat 3: feilinho ($115.24 in chips)
Chessnok: posts small blind $1
feilinho: posts big blind $3
*** HOLE CARDS ***
Chessnok: raises $3 to $6
feilinho: folds
Uncalled bet ($3) returned to Chessnok
Chessnok collected $6 from pot
Chessnok: doesn't show hand
*** SUMMARY ***
Total pot $6 | Rake $0
Seat 1: Chessnok (button) (small blind) collected ($6)
Seat 3: feilinho (big blind) folded before Flop


PokerStars Hand #146189002773:  Hold'em Limit ($3/$6 USD) - 2015/12/30 15:36:06 ET
Table 'Juliana' 6-max Seat #3 is the button
Seat 1: Chessnok ($124.61 in chips)
Seat 3: feilinho ($112.24 in chips)
feilinho: posts small blind $1
Chessnok: posts big blind $3
*** HOLE CARDS ***
feilinho: raises $3 to $6
Chessnok: folds
Uncalled bet ($3) returned to feilinho
feilinho collected $6 from pot
feilinho: doesn't show hand
*** SUMMARY ***
Total pot $6 | Rake $0
Seat 1: Chessnok (big blind) folded before Flop
Seat 3: feilinho (button) (small blind) collected ($6)


