PokerStars Hand #153771749697:  Hold'em Limit ($3/$6 USD) - 2016/05/24 8:51:42 ET
Table 'Juliana II' 10-max Seat #10 is the button
Seat 7: tamerlan459 ($87.24 in chips)
Seat 10: Airbag999 ($120 in chips)
Airbag999: posts small blind $1
tamerlan459: posts big blind $3
*** HOLE CARDS ***
Airbag999: raises $3 to $6
tamerlan459: calls $3
*** FLOP *** [5h Kc Ad]
tamerlan459: checks
Airbag999: bets $3
tamerlan459: calls $3
*** TURN *** [5h Kc Ad] [Js]
tamerlan459: checks
Airbag999: checks
*** RIVER *** [5h Kc Ad Js] [4s]
tamerlan459: checks
Perumov joins the table at seat #8
Airbag999: bets $6
tamerlan459: folds
Uncalled bet ($6) returned to Airbag999
Airbag999 collected $17.64 from pot
Airbag999: doesn't show hand
*** SUMMARY ***
Total pot $18 | Rake $0.36
Board [5h Kc Ad Js 4s]
Seat 7: tamerlan459 (big blind) folded on the River
Seat 10: Airbag999 (button) (small blind) collected ($17.64)


PokerStars Hand #153771987441:  Hold'em Limit ($3/$6 USD) - 2016/05/24 8:59:53 ET
Table 'Juliana II' 10-max Seat #7 is the button
Seat 7: tamerlan459 ($29.91 in chips)
Seat 10: Airbag999 ($120 in chips)
tamerlan459: posts small blind $1
Perumov: is sitting out
Airbag999: posts big blind $3
*** HOLE CARDS ***
Perumov leaves the table
tamerlan459: folds
Uncalled bet ($2) returned to Airbag999
Airbag999 collected $2 from pot
Airbag999: doesn't show hand
*** SUMMARY ***
Total pot $2 | Rake $0
Seat 7: tamerlan459 (button) (small blind) folded before Flop
Seat 10: Airbag999 (big blind) collected ($2)


PokerStars Hand #153771990567:  Hold'em Limit ($3/$6 USD) - 2016/05/24 8:59:59 ET
Table 'Juliana II' 10-max Seat #10 is the button
Seat 7: tamerlan459 ($28.91 in chips)
Seat 10: Airbag999 ($121 in chips)
Airbag999: posts small blind $1
tamerlan459: posts big blind $3
*** HOLE CARDS ***
Airbag999: folds
Uncalled bet ($2) returned to tamerlan459
tamerlan459 collected $2 from pot
tamerlan459: doesn't show hand
*** SUMMARY ***
Total pot $2 | Rake $0
Seat 7: tamerlan459 (big blind) collected ($2)
Seat 10: Airbag999 (button) (small blind) folded before Flop


PokerStars Hand #153771995283:  Hold'em Limit ($3/$6 USD) - 2016/05/24 9:00:09 ET
Table 'Juliana II' 10-max Seat #7 is the button
Seat 7: tamerlan459 ($29.91 in chips)
Seat 10: Airbag999 ($120 in chips)
tamerlan459: posts small blind $1
Airbag999: posts big blind $3
*** HOLE CARDS ***
tamerlan459: calls $2
Airbag999: checks
*** FLOP *** [7c Qh 9s]
Airbag999: checks
tamerlan459: checks
*** TURN *** [7c Qh 9s] [4c]
Airbag999: bets $6
tamerlan459: folds
Uncalled bet ($6) returned to Airbag999
Airbag999 collected $5.88 from pot
Airbag999: doesn't show hand
*** SUMMARY ***
Total pot $6 | Rake $0.12
Board [7c Qh 9s 4c]
Seat 7: tamerlan459 (button) (small blind) folded on the Turn
Seat 10: Airbag999 (big blind) collected ($5.88)


PokerStars Hand #153772005683:  Hold'em Limit ($3/$6 USD) - 2016/05/24 9:00:31 ET
Table 'Juliana II' 10-max Seat #10 is the button
Seat 7: tamerlan459 ($26.91 in chips)
Seat 10: Airbag999 ($122.88 in chips)
Airbag999: posts small blind $1
tamerlan459: posts big blind $3
*** HOLE CARDS ***
Airbag999: raises $3 to $6
tamerlan459: calls $3
*** FLOP *** [3c Ts 6d]
tamerlan459: checks
Airbag999: bets $3
tamerlan459: calls $3
*** TURN *** [3c Ts 6d] [2s]
tamerlan459: bets $6
Airbag999: calls $6
*** RIVER *** [3c Ts 6d 2s] [Qs]
tamerlan459: bets $6
Airbag999: folds
Uncalled bet ($6) returned to tamerlan459
tamerlan459 collected $29.50 from pot
tamerlan459: doesn't show hand
*** SUMMARY ***
Total pot $30 | Rake $0.50
Board [3c Ts 6d 2s Qs]
Seat 7: tamerlan459 (big blind) collected ($29.50)
Seat 10: Airbag999 (button) (small blind) folded on the River


PokerStars Hand #153772025692:  Hold'em Limit ($3/$6 USD) - 2016/05/24 9:01:11 ET
Table 'Juliana II' 10-max Seat #7 is the button
Seat 7: tamerlan459 ($41.41 in chips)
Seat 10: Airbag999 ($107.88 in chips)
tamerlan459: posts small blind $1
Airbag999: posts big blind $3
*** HOLE CARDS ***
tamerlan459: calls $2
Airbag999: raises $3 to $6
tamerlan459: raises $3 to $9
Airbag999: calls $3
*** FLOP *** [Th 4h 7s]
Airbag999: checks
tamerlan459: bets $3
Airbag999: calls $3
*** TURN *** [Th 4h 7s] [Ac]
Airbag999: checks
tamerlan459: checks
*** RIVER *** [Th 4h 7s Ac] [3h]
Airbag999: bets $6
tamerlan459: calls $6
*** SHOW DOWN ***
Airbag999: shows [9s Qs] (high card Ace)
tamerlan459: shows [2c 7c] (a pair of Sevens)
tamerlan459 collected $35.50 from pot
*** SUMMARY ***
Total pot $36 | Rake $0.50
Board [Th 4h 7s Ac 3h]
Seat 7: tamerlan459 (button) (small blind) showed [2c 7c] and won ($35.50) with a pair of Sevens
Seat 10: Airbag999 (big blind) showed [9s Qs] and lost with high card Ace


PokerStars Hand #153772039282:  Hold'em Limit ($3/$6 USD) - 2016/05/24 9:01:37 ET
Table 'Juliana II' 10-max Seat #10 is the button
Seat 7: tamerlan459 ($58.91 in chips)
Seat 10: Airbag999 ($120 in chips)
Airbag999: posts small blind $1
tamerlan459: posts big blind $3
*** HOLE CARDS ***
Airbag999: raises $3 to $6
tamerlan459: calls $3
*** FLOP *** [Qc 4s Ks]
tamerlan459: checks
Airbag999: bets $3
tamerlan459: folds
Uncalled bet ($3) returned to Airbag999
Airbag999 collected $11.76 from pot
Airbag999: doesn't show hand
*** SUMMARY ***
Total pot $12 | Rake $0.24
Board [Qc 4s Ks]
Seat 7: tamerlan459 (big blind) folded on the Flop
Seat 10: Airbag999 (button) (small blind) collected ($11.76)


PokerStars Hand #153772049391:  Hold'em Limit ($3/$6 USD) - 2016/05/24 9:01:56 ET
Table 'Juliana II' 10-max Seat #7 is the button
Seat 7: tamerlan459 ($52.91 in chips)
Seat 10: Airbag999 ($125.76 in chips)
tamerlan459: posts small blind $1
Airbag999: posts big blind $3
*** HOLE CARDS ***
tamerlan459: folds
Uncalled bet ($2) returned to Airbag999
Airbag999 collected $2 from pot
Airbag999: doesn't show hand
*** SUMMARY ***
Total pot $2 | Rake $0
Seat 7: tamerlan459 (button) (small blind) folded before Flop
Seat 10: Airbag999 (big blind) collected ($2)


PokerStars Hand #153772053394:  Hold'em Limit ($3/$6 USD) - 2016/05/24 9:02:04 ET
Table 'Juliana II' 10-max Seat #10 is the button
Seat 7: tamerlan459 ($51.91 in chips)
Seat 10: Airbag999 ($126.76 in chips)
Airbag999: posts small blind $1
tamerlan459: posts big blind $3
*** HOLE CARDS ***
Airbag999: folds
Uncalled bet ($2) returned to tamerlan459
tamerlan459 collected $2 from pot
tamerlan459: doesn't show hand
*** SUMMARY ***
Total pot $2 | Rake $0
Seat 7: tamerlan459 (big blind) collected ($2)
Seat 10: Airbag999 (button) (small blind) folded before Flop


PokerStars Hand #153772057884:  Hold'em Limit ($3/$6 USD) - 2016/05/24 9:02:12 ET
Table 'Juliana II' 10-max Seat #7 is the button
Seat 7: tamerlan459 ($52.91 in chips)
Seat 10: Airbag999 ($125.76 in chips)
tamerlan459: posts small blind $1
Airbag999: posts big blind $3
*** HOLE CARDS ***
tamerlan459: folds
Uncalled bet ($2) returned to Airbag999
Airbag999 collected $2 from pot
Airbag999: doesn't show hand
*** SUMMARY ***
Total pot $2 | Rake $0
Seat 7: tamerlan459 (button) (small blind) folded before Flop
Seat 10: Airbag999 (big blind) collected ($2)


PokerStars Hand #153772062253:  Hold'em Limit ($3/$6 USD) - 2016/05/24 9:02:20 ET
Table 'Juliana II' 10-max Seat #10 is the button
Seat 7: tamerlan459 ($51.91 in chips)
Seat 10: Airbag999 ($126.76 in chips)
Airbag999: posts small blind $1
tamerlan459: posts big blind $3
*** HOLE CARDS ***
Airbag999: folds
Uncalled bet ($2) returned to tamerlan459
tamerlan459 collected $2 from pot
*** SUMMARY ***
Total pot $2 | Rake $0
Seat 7: tamerlan459 (big blind) collected ($2)
Seat 10: Airbag999 (button) (small blind) folded before Flop


PokerStars Hand #153772068175:  Hold'em Limit ($3/$6 USD) - 2016/05/24 9:02:32 ET
Table 'Juliana II' 10-max Seat #7 is the button
Seat 7: tamerlan459 ($52.91 in chips)
Seat 10: Airbag999 ($125.76 in chips)
tamerlan459: posts small blind $1
Airbag999: posts big blind $3
*** HOLE CARDS ***
tamerlan459: calls $2
Airbag999: checks
*** FLOP *** [5c 6h Td]
Airbag999: checks
tamerlan459: bets $3
Airbag999: raises $3 to $6
tamerlan459: calls $3
*** TURN *** [5c 6h Td] [2s]
Airbag999: bets $6
tamerlan459: calls $6
*** RIVER *** [5c 6h Td 2s] [Qd]
Airbag999: bets $6
tamerlan459: calls $6
*** SHOW DOWN ***
Airbag999: shows [3d Th] (a pair of Tens)
tamerlan459: mucks hand
Airbag999 collected $41.50 from pot
*** SUMMARY ***
Total pot $42 | Rake $0.50
Board [5c 6h Td 2s Qd]
Seat 7: tamerlan459 (button) (small blind) mucked
Seat 10: Airbag999 (big blind) showed [3d Th] and won ($41.50) with a pair of Tens


PokerStars Hand #153772084747:  Hold'em Limit ($3/$6 USD) - 2016/05/24 9:03:03 ET
Table 'Juliana II' 10-max Seat #10 is the button
Seat 7: tamerlan459 ($31.91 in chips)
Seat 10: Airbag999 ($146.26 in chips)
Airbag999: posts small blind $1
tamerlan459: posts big blind $3
*** HOLE CARDS ***
Airbag999: raises $3 to $6
tamerlan459: calls $3
*** FLOP *** [Qs Jh 8s]
tamerlan459: bets $3
Airbag999: calls $3
*** TURN *** [Qs Jh 8s] [5s]
tamerlan459: bets $6
Airbag999: calls $6
*** RIVER *** [Qs Jh 8s 5s] [2c]
tamerlan459: bets $6
Airbag999: raises $6 to $12
tamerlan459: folds
Uncalled bet ($6) returned to Airbag999
Airbag999 collected $41.50 from pot
Airbag999: doesn't show hand
*** SUMMARY ***
Total pot $42 | Rake $0.50
Board [Qs Jh 8s 5s 2c]
Seat 7: tamerlan459 (big blind) folded on the River
Seat 10: Airbag999 (button) (small blind) collected ($41.50)


PokerStars Hand #153772118414:  Hold'em Limit ($3/$6 USD) - 2016/05/24 9:04:05 ET
Table 'Juliana II' 10-max Seat #7 is the button
Seat 7: tamerlan459 ($10.91 in chips)
Seat 10: Airbag999 ($166.76 in chips)
tamerlan459: posts small blind $1
Airbag999: posts big blind $3
*** HOLE CARDS ***
tamerlan459: folds
Uncalled bet ($2) returned to Airbag999
Airbag999 collected $2 from pot
Airbag999: doesn't show hand
*** SUMMARY ***
Total pot $2 | Rake $0
Seat 7: tamerlan459 (button) (small blind) folded before Flop
Seat 10: Airbag999 (big blind) collected ($2)


PokerStars Hand #153772121627:  Hold'em Limit ($3/$6 USD) - 2016/05/24 9:04:11 ET
Table 'Juliana II' 10-max Seat #10 is the button
Seat 7: tamerlan459 ($9.91 in chips)
Seat 10: Airbag999 ($167.76 in chips)
Airbag999: posts small blind $1
tamerlan459: posts big blind $3
*** HOLE CARDS ***
Airbag999: raises $3 to $6
tamerlan459: calls $3
*** FLOP *** [Jd 4d 9c]
tamerlan459: checks
Airbag999: bets $3
tamerlan459: calls $3
*** TURN *** [Jd 4d 9c] [6d]
tamerlan459: checks
Airbag999: bets $6
tamerlan459: calls $0.91 and is all-in
Uncalled bet ($5.09) returned to Airbag999
*** RIVER *** [Jd 4d 9c 6d] [4c]
*** SHOW DOWN ***
tamerlan459: shows [6s Qd] (two pair, Sixes and Fours)
Airbag999: shows [3d Js] (two pair, Jacks and Fours)
Airbag999 collected $19.42 from pot
*** SUMMARY ***
Total pot $19.82 | Rake $0.40
Board [Jd 4d 9c 6d 4c]
Seat 7: tamerlan459 (big blind) showed [6s Qd] and lost with two pair, Sixes and Fours
Seat 10: Airbag999 (button) (small blind) showed [3d Js] and won ($19.42) with two pair, Jacks and Fours


PokerStars Hand #153772885252:  Hold'em Limit ($3/$6 USD) - 2016/05/24 9:27:04 ET
Table 'Juliana II' 10-max Seat #1 is the button
Seat 1: RJF1943 ($111.63 in chips)
Seat 10: Airbag999 ($177.27 in chips)
RJF1943: posts small blind $1
Airbag999: posts big blind $3
*** HOLE CARDS ***
RJF1943: calls $2
Airbag999: checks
*** FLOP *** [Jd 7s Jh]
Airbag999: checks
RJF1943: checks
*** TURN *** [Jd 7s Jh] [Qd]
Airbag999: bets $6
RJF1943: folds
Uncalled bet ($6) returned to Airbag999
Airbag999 collected $5.88 from pot
Airbag999: doesn't show hand
*** SUMMARY ***
Total pot $6 | Rake $0.12
Board [Jd 7s Jh Qd]
Seat 1: RJF1943 (button) (small blind) folded on the Turn
Seat 10: Airbag999 (big blind) collected ($5.88)


PokerStars Hand #153772932665:  Hold'em Limit ($3/$6 USD) - 2016/05/24 9:28:29 ET
Table 'Juliana II' 10-max Seat #10 is the button
Seat 1: RJF1943 ($149.63 in chips)
Seat 10: Airbag999 ($138.15 in chips)
Airbag999: posts small blind $1
RJF1943: posts big blind $3
*** HOLE CARDS ***
Airbag999: folds
Uncalled bet ($2) returned to RJF1943
RJF1943 collected $2 from pot
RJF1943: doesn't show hand
*** SUMMARY ***
Total pot $2 | Rake $0
Seat 1: RJF1943 (big blind) collected ($2)
Seat 10: Airbag999 (button) (small blind) folded before Flop


PokerStars Hand #153772910496:  Hold'em Limit ($3/$6 USD) - 2016/05/24 9:27:49 ET
Table 'Juliana II' 10-max Seat #1 is the button
Seat 1: RJF1943 ($123.13 in chips)
Seat 10: Airbag999 ($165.15 in chips)
RJF1943: posts small blind $1
Airbag999: posts big blind $3
*** HOLE CARDS ***
RJF1943: raises $3 to $6
Airbag999: raises $3 to $9
RJF1943: calls $3
*** FLOP *** [3c Ah 8h]
Airbag999: bets $3
RJF1943: raises $3 to $6
Airbag999: calls $3
*** TURN *** [3c Ah 8h] [Qs]
Airbag999: checks
RJF1943: bets $6
Airbag999: calls $6
*** RIVER *** [3c Ah 8h Qs] [4h]
Airbag999: checks
RJF1943: bets $6
Airbag999: calls $6
*** SHOW DOWN ***
RJF1943: shows [Th As] (a pair of Aces)
Airbag999: mucks hand
RJF1943 collected $53.50 from pot
*** SUMMARY ***
Total pot $54 | Rake $0.50
Board [3c Ah 8h Qs 4h]
Seat 1: RJF1943 (button) (small blind) showed [Th As] and won ($53.50) with a pair of Aces
Seat 10: Airbag999 (big blind) mucked


PokerStars Hand #153772955220:  Hold'em Limit ($3/$6 USD) - 2016/05/24 9:29:09 ET
Table 'Juliana II' 10-max Seat #1 is the button
Seat 1: RJF1943 ($145.63 in chips)
Seat 10: Airbag999 ($141.91 in chips)
RJF1943: posts small blind $1
Airbag999: posts big blind $3
*** HOLE CARDS ***
RJF1943: raises $3 to $6
Airbag999: raises $3 to $9
RJF1943: raises $3 to $12
Betting is capped
Airbag999: calls $3
*** FLOP *** [7d Th 9d]
Airbag999: checks
RJF1943: bets $3
Airbag999: calls $3
*** TURN *** [7d Th 9d] [4c]
Airbag999: checks
RJF1943: bets $6
Airbag999: calls $6
*** RIVER *** [7d Th 9d 4c] [Td]
Airbag999: checks
RJF1943: bets $6
Airbag999: calls $6
*** SHOW DOWN ***
RJF1943: shows [Qd Qc] (two pair, Queens and Tens)
Airbag999: mucks hand
RJF1943 collected $53.50 from pot
*** SUMMARY ***
Total pot $54 | Rake $0.50
Board [7d Th 9d 4c Td]
Seat 1: RJF1943 (button) (small blind) showed [Qd Qc] and won ($53.50) with two pair, Queens and Tens
Seat 10: Airbag999 (big blind) mucked


PokerStars Hand #153772950171:  Hold'em Limit ($3/$6 USD) - 2016/05/24 9:28:59 ET
Table 'Juliana II' 10-max Seat #10 is the button
Seat 1: RJF1943 ($144.63 in chips)
Seat 10: Airbag999 ($142.91 in chips)
Airbag999: posts small blind $1
RJF1943: posts big blind $3
*** HOLE CARDS ***
Airbag999: folds
Uncalled bet ($2) returned to RJF1943
RJF1943 collected $2 from pot
RJF1943: doesn't show hand
*** SUMMARY ***
Total pot $2 | Rake $0
Seat 1: RJF1943 (big blind) collected ($2)
Seat 10: Airbag999 (button) (small blind) folded before Flop


PokerStars Hand #153772937945:  Hold'em Limit ($3/$6 USD) - 2016/05/24 9:28:38 ET
Table 'Juliana II' 10-max Seat #1 is the button
Seat 1: RJF1943 ($150.63 in chips)
Seat 10: Airbag999 ($137.15 in chips)
RJF1943: posts small blind $1
Airbag999: posts big blind $3
*** HOLE CARDS ***
RJF1943: calls $2
Airbag999: raises $3 to $6
RJF1943: calls $3
*** FLOP *** [7c Js 8s]
Airbag999: bets $3
RJF1943: folds
Uncalled bet ($3) returned to Airbag999
Airbag999 collected $11.76 from pot
Airbag999: doesn't show hand
*** SUMMARY ***
Total pot $12 | Rake $0.24
Board [7c Js 8s]
Seat 1: RJF1943 (button) (small blind) folded on the Flop
Seat 10: Airbag999 (big blind) collected ($11.76)


