PokerStars Hand #175616789294:  Hold'em Limit ($3/$6 USD) - 2017/09/13 22:58:33 ET
Table 'Jupiter' 6-max Seat #3 is the button
Seat 3: LifeisagameX ($84 in chips)
Seat 4: habari786 ($60 in chips)
LifeisagameX: posts small blind $1
habari786: posts big blind $3
*** HOLE CARDS ***
LifeisagameX: raises $3 to $6
habari786: calls $3
*** FLOP *** [6c 6d 2d]
habari786: checks
LifeisagameX: bets $3
habari786: calls $3
*** TURN *** [6c 6d 2d] [6h]
habari786: checks
LifeisagameX: bets $6
habari786: folds
Uncalled bet ($6) returned to LifeisagameX
LifeisagameX collected $17.64 from pot
LifeisagameX: doesn't show hand
*** SUMMARY ***
Total pot $18 | Rake $0.36
Board [6c 6d 2d 6h]
Seat 3: LifeisagameX (button) (small blind) collected ($17.64)
Seat 4: habari786 (big blind) folded on the Turn


PokerStars Hand #175616833307:  Hold'em Limit ($3/$6 USD) - 2017/09/13 23:01:12 ET
Table 'Jupiter' 6-max Seat #4 is the button
Seat 3: LifeisagameX ($84 in chips)
Seat 4: habari786 ($86 in chips)
habari786: posts small blind $1
LifeisagameX: posts big blind $3
*** HOLE CARDS ***
habari786: folds
Uncalled bet ($2) returned to LifeisagameX
LifeisagameX collected $2 from pot
LifeisagameX: doesn't show hand
*** SUMMARY ***
Total pot $2 | Rake $0
Seat 3: LifeisagameX (big blind) collected ($2)
Seat 4: habari786 (button) (small blind) folded before Flop


PokerStars Hand #175616822198:  Hold'em Limit ($3/$6 USD) - 2017/09/13 23:00:34 ET
Table 'Jupiter' 6-max Seat #3 is the button
Seat 3: LifeisagameX ($84 in chips)
Seat 4: habari786 ($71.50 in chips)
LifeisagameX: posts small blind $1
habari786: posts big blind $3
*** HOLE CARDS ***
LifeisagameX: raises $3 to $6
habari786: calls $3
*** FLOP *** [Jc 5s 5c]
habari786: checks
LifeisagameX: bets $3
habari786: calls $3
*** TURN *** [Jc 5s 5c] [7c]
habari786: checks
LifeisagameX: bets $6
habari786: calls $6
*** RIVER *** [Jc 5s 5c 7c] [3s]
habari786: bets $6
LifeisagameX: folds
Uncalled bet ($6) returned to habari786
habari786 collected $29.50 from pot
habari786: doesn't show hand
*** SUMMARY ***
Total pot $30 | Rake $0.50
Board [Jc 5s 5c 7c 3s]
Seat 3: LifeisagameX (button) (small blind) folded on the River
Seat 4: habari786 (big blind) collected ($29.50)


PokerStars Hand #175616806099:  Hold'em Limit ($3/$6 USD) - 2017/09/13 22:59:35 ET
Table 'Jupiter' 6-max Seat #4 is the button
Seat 3: LifeisagameX ($92.64 in chips)
Seat 4: habari786 ($51 in chips)
habari786: posts small blind $1
LifeisagameX: posts big blind $3
*** HOLE CARDS ***
habari786: raises $3 to $6
LifeisagameX: calls $3
*** FLOP *** [Th 3c Ks]
LifeisagameX: checks
habari786: bets $3
LifeisagameX: calls $3
*** TURN *** [Th 3c Ks] [7d]
LifeisagameX: checks
habari786: bets $6
LifeisagameX: calls $6
*** RIVER *** [Th 3c Ks 7d] [2c]
LifeisagameX: checks
habari786: bets $6
LifeisagameX: calls $6
*** SHOW DOWN ***
habari786: shows [Kd 7h] (two pair, Kings and Sevens)
LifeisagameX: mucks hand
habari786 collected $41.50 from pot
*** SUMMARY ***
Total pot $42 | Rake $0.50
Board [Th 3c Ks 7d 2c]
Seat 3: LifeisagameX (big blind) mucked
Seat 4: habari786 (button) (small blind) showed [Kd 7h] and won ($41.50) with two pair, Kings and Sevens


PokerStars Hand #175616834858:  Hold'em Limit ($3/$6 USD) - 2017/09/13 23:01:17 ET
Table 'Jupiter' 6-max Seat #3 is the button
Seat 3: LifeisagameX ($85 in chips)
Seat 4: habari786 ($85 in chips)
LifeisagameX: posts small blind $1
habari786: posts big blind $3
*** HOLE CARDS ***
LifeisagameX: raises $3 to $6
habari786: calls $3
*** FLOP *** [Ac 8h Kc]
habari786: checks
LifeisagameX: checks
*** TURN *** [Ac 8h Kc] [Td]
habari786: bets $6
LifeisagameX: calls $6
*** RIVER *** [Ac 8h Kc Td] [8s]
habari786: bets $6
LifeisagameX: raises $6 to $12
habari786: calls $6
*** SHOW DOWN ***
LifeisagameX: shows [Jh 8c] (three of a kind, Eights)
habari786: mucks hand
LifeisagameX collected $47.50 from pot
*** SUMMARY ***
Total pot $48 | Rake $0.50
Board [Ac 8h Kc Td 8s]
Seat 3: LifeisagameX (button) (small blind) showed [Jh 8c] and won ($47.50) with three of a kind, Eights
Seat 4: habari786 (big blind) mucked


PokerStars Hand #175616868918:  Hold'em Limit ($3/$6 USD) - 2017/09/13 23:02:53 ET
Table 'Jupiter' 6-max Seat #3 is the button
Seat 3: LifeisagameX ($99.50 in chips)
Seat 4: habari786 ($69.64 in chips)
LifeisagameX: posts small blind $1
habari786: posts big blind $3
*** HOLE CARDS ***
LifeisagameX: raises $3 to $6
habari786: calls $3
*** FLOP *** [2c Qh 4d]
habari786: checks
LifeisagameX: bets $3
habari786: calls $3
*** TURN *** [2c Qh 4d] [9s]
habari786: bets $6
LifeisagameX: calls $6
*** RIVER *** [2c Qh 4d 9s] [Qd]
habari786: bets $6
LifeisagameX: calls $6
*** SHOW DOWN ***
habari786: shows [6s 3h] (a pair of Queens)
LifeisagameX: shows [6h 4s] (two pair, Queens and Fours)
LifeisagameX collected $41.50 from pot
*** SUMMARY ***
Total pot $42 | Rake $0.50
Board [2c Qh 4d 9s Qd]
Seat 3: LifeisagameX (button) (small blind) showed [6h 4s] and won ($41.50) with two pair, Queens and Fours
Seat 4: habari786 (big blind) showed [6s 3h] and lost with a pair of Queens


PokerStars Hand #175616851778:  Hold'em Limit ($3/$6 USD) - 2017/09/13 23:01:56 ET
Table 'Jupiter' 6-max Seat #4 is the button
Seat 3: LifeisagameX ($108.50 in chips)
Seat 4: habari786 ($61 in chips)
habari786: posts small blind $1
LifeisagameX: posts big blind $3
*** HOLE CARDS ***
habari786: raises $3 to $6
LifeisagameX: calls $3
*** FLOP *** [8h As 3d]
LifeisagameX: checks
habari786: bets $3
LifeisagameX: calls $3
*** TURN *** [8h As 3d] [Kc]
LifeisagameX: checks
habari786: bets $6
LifeisagameX: folds
Uncalled bet ($6) returned to habari786
habari786 collected $17.64 from pot
habari786: doesn't show hand
*** SUMMARY ***
Total pot $18 | Rake $0.36
Board [8h As 3d Kc]
Seat 3: LifeisagameX (big blind) folded on the Turn
Seat 4: habari786 (button) (small blind) collected ($17.64)


PokerStars Hand #175616877392:  Hold'em Limit ($3/$6 USD) - 2017/09/13 23:03:21 ET
Table 'Jupiter' 6-max Seat #4 is the button
Seat 3: LifeisagameX ($120 in chips)
Seat 4: habari786 ($48.64 in chips)
habari786: posts small blind $1
LifeisagameX: posts big blind $3
*** HOLE CARDS ***
habari786: raises $3 to $6
LifeisagameX: calls $3
*** FLOP *** [Jc 3s 4d]
LifeisagameX: checks
habari786: bets $3
LifeisagameX: folds
Uncalled bet ($3) returned to habari786
habari786 collected $11.76 from pot
habari786: doesn't show hand
*** SUMMARY ***
Total pot $12 | Rake $0.24
Board [Jc 3s 4d]
Seat 3: LifeisagameX (big blind) folded on the Flop
Seat 4: habari786 (button) (small blind) collected ($11.76)


PokerStars Hand #175616902782:  Hold'em Limit ($3/$6 USD) - 2017/09/13 23:04:46 ET
Table 'Jupiter' 6-max Seat #4 is the button
Seat 3: LifeisagameX ($90 in chips)
Seat 4: habari786 ($77.90 in chips)
habari786: posts small blind $1
LifeisagameX: posts big blind $3
*** HOLE CARDS ***
habari786: raises $3 to $6
LifeisagameX: calls $3
*** FLOP *** [Kd 8s Kc]
LifeisagameX: checks
habari786: bets $3
LifeisagameX: folds
Uncalled bet ($3) returned to habari786
habari786 collected $11.76 from pot
habari786: doesn't show hand
*** SUMMARY ***
Total pot $12 | Rake $0.24
Board [Kd 8s Kc]
Seat 3: LifeisagameX (big blind) folded on the Flop
Seat 4: habari786 (button) (small blind) collected ($11.76)


PokerStars Hand #175616888225:  Hold'em Limit ($3/$6 USD) - 2017/09/13 23:03:57 ET
Table 'Jupiter' 6-max Seat #3 is the button
Seat 3: LifeisagameX ($114 in chips)
Seat 4: habari786 ($54.40 in chips)
LifeisagameX: posts small blind $1
habari786: posts big blind $3
*** HOLE CARDS ***
LifeisagameX: raises $3 to $6
habari786: raises $3 to $9
LifeisagameX: calls $3
*** FLOP *** [3s 9d As]
habari786: bets $3
LifeisagameX: calls $3
*** TURN *** [3s 9d As] [6c]
habari786: bets $6
LifeisagameX: calls $6
*** RIVER *** [3s 9d As 6c] [7h]
habari786: bets $6
LifeisagameX: calls $6
*** SHOW DOWN ***
habari786: shows [6s Ad] (two pair, Aces and Sixes)
LifeisagameX: mucks hand
habari786 collected $47.50 from pot
*** SUMMARY ***
Total pot $48 | Rake $0.50
Board [3s 9d As 6c 7h]
Seat 3: LifeisagameX (button) (small blind) mucked
Seat 4: habari786 (big blind) showed [6s Ad] and won ($47.50) with two pair, Aces and Sixes


PokerStars Hand #175616929144:  Hold'em Limit ($3/$6 USD) - 2017/09/13 23:06:14 ET
Table 'Jupiter' 6-max Seat #3 is the button
Seat 3: LifeisagameX ($85 in chips)
Seat 4: habari786 ($103.16 in chips)
LifeisagameX: posts small blind $1
habari786: posts big blind $3
*** HOLE CARDS ***
LifeisagameX: raises $3 to $6
habari786: folds
Uncalled bet ($3) returned to LifeisagameX
LifeisagameX collected $6 from pot
LifeisagameX: doesn't show hand
*** SUMMARY ***
Total pot $6 | Rake $0
Seat 3: LifeisagameX (button) (small blind) collected ($6)
Seat 4: habari786 (big blind) folded before Flop


PokerStars Hand #175616910614:  Hold'em Limit ($3/$6 USD) - 2017/09/13 23:05:12 ET
Table 'Jupiter' 6-max Seat #3 is the button
Seat 3: LifeisagameX ($84 in chips)
Seat 4: habari786 ($83.66 in chips)
LifeisagameX: posts small blind $1
habari786: posts big blind $3
*** HOLE CARDS ***
LifeisagameX: raises $3 to $6
habari786: calls $3
*** FLOP *** [4s 8h 3d]
habari786: checks
LifeisagameX: bets $3
habari786: calls $3
*** TURN *** [4s 8h 3d] [5d]
habari786: checks
LifeisagameX: bets $6
habari786: calls $6
*** RIVER *** [4s 8h 3d 5d] [4h]
habari786: checks
LifeisagameX: bets $6
habari786: calls $6
*** SHOW DOWN ***
LifeisagameX: shows [9d 2s] (a pair of Fours)
habari786: shows [7c 3c] (two pair, Fours and Threes)
habari786 collected $41.50 from pot
*** SUMMARY ***
Total pot $42 | Rake $0.50
Board [4s 8h 3d 5d 4h]
Seat 3: LifeisagameX (button) (small blind) showed [9d 2s] and lost with a pair of Fours
Seat 4: habari786 (big blind) showed [7c 3c] and won ($41.50) with two pair, Fours and Threes


PokerStars Hand #175616924755:  Hold'em Limit ($3/$6 USD) - 2017/09/13 23:05:59 ET
Table 'Jupiter' 6-max Seat #4 is the button
Seat 3: LifeisagameX ($84 in chips)
Seat 4: habari786 ($104.16 in chips)
habari786: posts small blind $1
LifeisagameX: posts big blind $3
*** HOLE CARDS ***
habari786: folds
Uncalled bet ($2) returned to LifeisagameX
LifeisagameX collected $2 from pot
*** SUMMARY ***
Total pot $2 | Rake $0
Seat 3: LifeisagameX (big blind) collected ($2)
Seat 4: habari786 (button) (small blind) folded before Flop


PokerStars Hand #175616933389:  Hold'em Limit ($3/$6 USD) - 2017/09/13 23:06:28 ET
Table 'Jupiter' 6-max Seat #4 is the button
Seat 3: LifeisagameX ($88 in chips)
Seat 4: habari786 ($100.16 in chips)
habari786: posts small blind $1
LifeisagameX: posts big blind $3
*** HOLE CARDS ***
habari786: raises $3 to $6
LifeisagameX: raises $3 to $9
habari786: calls $3
*** FLOP *** [Jh Kc Ts]
LifeisagameX: bets $3
habari786: folds
Uncalled bet ($3) returned to LifeisagameX
LifeisagameX collected $17.64 from pot
LifeisagameX: doesn't show hand
*** SUMMARY ***
Total pot $18 | Rake $0.36
Board [Jh Kc Ts]
Seat 3: LifeisagameX (big blind) collected ($17.64)
Seat 4: habari786 (button) (small blind) folded on the Flop


PokerStars Hand #175616941493:  Hold'em Limit ($3/$6 USD) - 2017/09/13 23:06:55 ET
Table 'Jupiter' 6-max Seat #3 is the button
Seat 3: LifeisagameX ($96.64 in chips)
Seat 4: habari786 ($91.16 in chips)
LifeisagameX: posts small blind $1
habari786: posts big blind $3
*** HOLE CARDS ***
LifeisagameX: raises $3 to $6
habari786: calls $3
*** FLOP *** [5d Kc 9s]
habari786: checks
LifeisagameX: bets $3
couz007 joins the table at seat #2
habari786: calls $3
*** TURN *** [5d Kc 9s] [4s]
habari786: checks
LifeisagameX: bets $6
habari786: calls $6
*** RIVER *** [5d Kc 9s 4s] [Td]
habari786: checks
LifeisagameX: bets $6
habari786: calls $6
*** SHOW DOWN ***
LifeisagameX: shows [9h 8d] (a pair of Nines)
habari786: mucks hand
LifeisagameX collected $41.50 from pot
*** SUMMARY ***
Total pot $42 | Rake $0.50
Board [5d Kc 9s 4s Td]
Seat 3: LifeisagameX (button) (small blind) showed [9h 8d] and won ($41.50) with a pair of Nines
Seat 4: habari786 (big blind) mucked


PokerStars Hand #175616998527:  Hold'em Limit ($3/$6 USD) - 2017/09/13 23:10:04 ET
Table 'Jupiter' 6-max Seat #2 is the button
Seat 2: couz007 ($91.80 in chips)
Seat 4: habari786 ($57.16 in chips)
couz007: posts small blind $1
habari786: posts big blind $3
*** HOLE CARDS ***
LifeisagameX leaves the table
couz007: raises $3 to $6
habari786: folds
Uncalled bet ($3) returned to couz007
couz007 collected $6 from pot
couz007: doesn't show hand
*** SUMMARY ***
Total pot $6 | Rake $0
Seat 2: couz007 (button) (small blind) collected ($6)
Seat 4: habari786 (big blind) folded before Flop


PokerStars Hand #175616995778:  Hold'em Limit ($3/$6 USD) - 2017/09/13 23:09:55 ET
Table 'Jupiter' 6-max Seat #4 is the button
Seat 2: couz007 ($94.80 in chips)
Seat 4: habari786 ($54.16 in chips)
habari786: posts small blind $1
couz007: posts big blind $3
*** HOLE CARDS ***
habari786: raises $3 to $6
couz007: folds
Uncalled bet ($3) returned to habari786
habari786 collected $6 from pot
habari786: doesn't show hand
*** SUMMARY ***
Total pot $6 | Rake $0
Seat 2: couz007 (big blind) folded before Flop
Seat 4: habari786 (button) (small blind) collected ($6)


PokerStars Hand #175617007572:  Hold'em Limit ($3/$6 USD) - 2017/09/13 23:10:34 ET
Table 'Jupiter' 6-max Seat #2 is the button
Seat 2: couz007 ($95.80 in chips)
Seat 4: habari786 ($53.16 in chips)
couz007: posts small blind $1
habari786: posts big blind $3
*** HOLE CARDS ***
couz007: calls $2
habari786: checks
*** FLOP *** [9h Td Qh]
habari786: checks
couz007: bets $3
habari786: calls $3
*** TURN *** [9h Td Qh] [Th]
habari786: checks
couz007: bets $6
habari786: folds
Uncalled bet ($6) returned to couz007
couz007 collected $11.76 from pot
couz007: doesn't show hand
*** SUMMARY ***
Total pot $12 | Rake $0.24
Board [9h Td Qh Th]
Seat 2: couz007 (button) (small blind) collected ($11.76)
Seat 4: habari786 (big blind) folded on the Turn


PokerStars Hand #175617006112:  Hold'em Limit ($3/$6 USD) - 2017/09/13 23:10:29 ET
Table 'Jupiter' 6-max Seat #4 is the button
Seat 2: couz007 ($94.80 in chips)
Seat 4: habari786 ($54.16 in chips)
habari786: posts small blind $1
couz007: posts big blind $3
*** HOLE CARDS ***
habari786: folds
Uncalled bet ($2) returned to couz007
couz007 collected $2 from pot
*** SUMMARY ***
Total pot $2 | Rake $0
Seat 2: couz007 (big blind) collected ($2)
Seat 4: habari786 (button) (small blind) folded before Flop


PokerStars Hand #175617004320:  Hold'em Limit ($3/$6 USD) - 2017/09/13 23:10:23 ET
Table 'Jupiter' 6-max Seat #2 is the button
Seat 2: couz007 ($95.80 in chips)
Seat 4: habari786 ($53.16 in chips)
couz007: posts small blind $1
habari786: posts big blind $3
*** HOLE CARDS ***
couz007: folds
Uncalled bet ($2) returned to habari786
habari786 collected $2 from pot
habari786: doesn't show hand
*** SUMMARY ***
Total pot $2 | Rake $0
Seat 2: couz007 (button) (small blind) folded before Flop
Seat 4: habari786 (big blind) collected ($2)


PokerStars Hand #175617001082:  Hold'em Limit ($3/$6 USD) - 2017/09/13 23:10:12 ET
Table 'Jupiter' 6-max Seat #4 is the button
Seat 2: couz007 ($94.80 in chips)
Seat 4: habari786 ($54.16 in chips)
habari786: posts small blind $1
couz007: posts big blind $3
*** HOLE CARDS ***
habari786: folds
Uncalled bet ($2) returned to couz007
couz007 collected $2 from pot
couz007: doesn't show hand
*** SUMMARY ***
Total pot $2 | Rake $0
Seat 2: couz007 (big blind) collected ($2)
Seat 4: habari786 (button) (small blind) folded before Flop


