PokerStars Hand #166429567496:  Hold'em Limit ($3/$6 USD) - 2017/02/18 22:21:56 ET
Table 'Jupiter' 6-max Seat #1 is the button
Seat 1: LifeisagameX ($84 in chips)
Seat 2: palmen1985 ($42.23 in chips)
LifeisagameX: posts small blind $1
palmen1985: posts big blind $3
*** HOLE CARDS ***
LifeisagameX: raises $3 to $6
palmen1985: calls $3
*** FLOP *** [2s 4s Qd]
palmen1985: checks
LifeisagameX: bets $3
palmen1985: raises $3 to $6
LifeisagameX: calls $3
*** TURN *** [2s 4s Qd] [9s]
palmen1985: bets $6
LifeisagameX: raises $6 to $12
palmen1985: calls $6
*** RIVER *** [2s 4s Qd 9s] [Kd]
palmen1985: checks
LifeisagameX: bets $6
palmen1985: calls $6
*** SHOW DOWN ***
LifeisagameX: shows [Qs Ac] (a pair of Queens)
palmen1985: shows [4d 2d] (two pair, Fours and Deuces)
palmen1985 collected $59.50 from pot
*** SUMMARY ***
Total pot $60 | Rake $0.50
Board [2s 4s Qd 9s Kd]
Seat 1: LifeisagameX (button) (small blind) showed [Qs Ac] and lost with a pair of Queens
Seat 2: palmen1985 (big blind) showed [4d 2d] and won ($59.50) with two pair, Fours and Deuces


PokerStars Hand #166429598630:  Hold'em Limit ($3/$6 USD) - 2017/02/18 22:23:18 ET
Table 'Jupiter' 6-max Seat #2 is the button
Seat 1: LifeisagameX ($84 in chips)
Seat 2: palmen1985 ($71.73 in chips)
palmen1985: posts small blind $1
LifeisagameX: posts big blind $3
*** HOLE CARDS ***
palmen1985: raises $3 to $6
LifeisagameX: calls $3
*** FLOP *** [8h 3c 6s]
LifeisagameX: checks
palmen1985: bets $3
LifeisagameX: raises $3 to $6
palmen1985: calls $3
*** TURN *** [8h 3c 6s] [As]
LifeisagameX: bets $6
palmen1985: folds
Uncalled bet ($6) returned to LifeisagameX
LifeisagameX collected $23.52 from pot
LifeisagameX: doesn't show hand
*** SUMMARY ***
Total pot $24 | Rake $0.48
Board [8h 3c 6s As]
Seat 1: LifeisagameX (big blind) collected ($23.52)
Seat 2: palmen1985 (button) (small blind) folded on the Turn


PokerStars Hand #166429622944:  Hold'em Limit ($3/$6 USD) - 2017/02/18 22:24:23 ET
Table 'Jupiter' 6-max Seat #1 is the button
Seat 1: LifeisagameX ($95.52 in chips)
Seat 2: palmen1985 ($59.73 in chips)
LifeisagameX: posts small blind $1
palmen1985: posts big blind $3
*** HOLE CARDS ***
LifeisagameX: raises $3 to $6
palmen1985: calls $3
*** FLOP *** [9s 5c 6h]
palmen1985: checks
LifeisagameX: checks
*** TURN *** [9s 5c 6h] [8c]
palmen1985: checks
LifeisagameX: checks
*** RIVER *** [9s 5c 6h 8c] [Kd]
palmen1985: checks
LifeisagameX: checks
*** SHOW DOWN ***
palmen1985: shows [4c Jd] (high card King)
LifeisagameX: shows [Ad 4h] (high card Ace)
LifeisagameX collected $11.76 from pot
*** SUMMARY ***
Total pot $12 | Rake $0.24
Board [9s 5c 6h 8c Kd]
Seat 1: LifeisagameX (button) (small blind) showed [Ad 4h] and won ($11.76) with high card Ace
Seat 2: palmen1985 (big blind) showed [4c Jd] and lost with high card King


PokerStars Hand #166429669415:  Hold'em Limit ($3/$6 USD) - 2017/02/18 22:26:27 ET
Table 'Jupiter' 6-max Seat #1 is the button
Seat 1: LifeisagameX ($124.78 in chips)
Seat 2: palmen1985 ($29.73 in chips)
LifeisagameX: posts small blind $1
palmen1985: posts big blind $3
*** HOLE CARDS ***
LifeisagameX: folds
Uncalled bet ($2) returned to palmen1985
palmen1985 collected $2 from pot
palmen1985: doesn't show hand
*** SUMMARY ***
Total pot $2 | Rake $0
Seat 1: LifeisagameX (button) (small blind) folded before Flop
Seat 2: palmen1985 (big blind) collected ($2)


PokerStars Hand #166429642631:  Hold'em Limit ($3/$6 USD) - 2017/02/18 22:25:15 ET
Table 'Jupiter' 6-max Seat #2 is the button
Seat 1: LifeisagameX ($101.28 in chips)
Seat 2: palmen1985 ($53.73 in chips)
palmen1985: posts small blind $1
LifeisagameX: posts big blind $3
*** HOLE CARDS ***
palmen1985: raises $3 to $6
LifeisagameX: raises $3 to $9
palmen1985: calls $3
*** FLOP *** [6s Jd Ah]
LifeisagameX: bets $3
palmen1985: calls $3
*** TURN *** [6s Jd Ah] [Kc]
LifeisagameX: checks
palmen1985: bets $6
LifeisagameX: raises $6 to $12
palmen1985: calls $6
*** RIVER *** [6s Jd Ah Kc] [3h]
LifeisagameX: bets $6
palmen1985: folds
Uncalled bet ($6) returned to LifeisagameX
LifeisagameX collected $47.50 from pot
LifeisagameX: doesn't show hand
*** SUMMARY ***
Total pot $48 | Rake $0.50
Board [6s Jd Ah Kc 3h]
Seat 1: LifeisagameX (big blind) collected ($47.50)
Seat 2: palmen1985 (button) (small blind) folded on the River


PokerStars Hand #166429673760:  Hold'em Limit ($3/$6 USD) - 2017/02/18 22:26:38 ET
Table 'Jupiter' 6-max Seat #2 is the button
Seat 1: LifeisagameX ($123.78 in chips)
Seat 2: palmen1985 ($30.73 in chips)
palmen1985: posts small blind $1
LifeisagameX: posts big blind $3
*** HOLE CARDS ***
palmen1985: raises $3 to $6
LifeisagameX: calls $3
*** FLOP *** [9s Ad As]
LifeisagameX: checks
palmen1985: bets $3
LifeisagameX: folds
Uncalled bet ($3) returned to palmen1985
palmen1985 collected $11.76 from pot
palmen1985: doesn't show hand
*** SUMMARY ***
Total pot $12 | Rake $0.24
Board [9s Ad As]
Seat 1: LifeisagameX (big blind) folded on the Flop
Seat 2: palmen1985 (button) (small blind) collected ($11.76)


PokerStars Hand #166429709158:  Hold'em Limit ($3/$6 USD) - 2017/02/18 22:28:13 ET
Table 'Jupiter' 6-max Seat #2 is the button
Seat 1: LifeisagameX ($102.78 in chips)
Seat 2: palmen1985 ($50.99 in chips)
palmen1985: posts small blind $1
LifeisagameX: posts big blind $3
*** HOLE CARDS ***
palmen1985: folds
Uncalled bet ($2) returned to LifeisagameX
LifeisagameX collected $2 from pot
LifeisagameX: doesn't show hand
*** SUMMARY ***
Total pot $2 | Rake $0
Seat 1: LifeisagameX (big blind) collected ($2)
Seat 2: palmen1985 (button) (small blind) folded before Flop


PokerStars Hand #166429711270:  Hold'em Limit ($3/$6 USD) - 2017/02/18 22:28:19 ET
Table 'Jupiter' 6-max Seat #1 is the button
Seat 1: LifeisagameX ($103.78 in chips)
Seat 2: palmen1985 ($49.99 in chips)
LifeisagameX: posts small blind $1
palmen1985: posts big blind $3
*** HOLE CARDS ***
LifeisagameX: raises $3 to $6
palmen1985: calls $3
*** FLOP *** [Qc Jc 7s]
palmen1985: checks
LifeisagameX: bets $3
palmen1985: calls $3
*** TURN *** [Qc Jc 7s] [9s]
palmen1985: checks
ribban4747 joins the table at seat #5
LifeisagameX: bets $6
palmen1985: folds
Uncalled bet ($6) returned to LifeisagameX
LifeisagameX collected $17.64 from pot
LifeisagameX: doesn't show hand
*** SUMMARY ***
Total pot $18 | Rake $0.36
Board [Qc Jc 7s 9s]
Seat 1: LifeisagameX (button) (small blind) collected ($17.64)
Seat 2: palmen1985 (big blind) folded on the Turn


PokerStars Hand #166429765277:  Hold'em Limit ($3/$6 USD) - 2017/02/18 22:30:43 ET
Table 'Jupiter' 6-max Seat #5 is the button
Seat 2: palmen1985 ($32.40 in chips)
Seat 5: ribban4747 ($84.51 in chips)
ribban4747: posts small blind $1
palmen1985: posts big blind $3
*** HOLE CARDS ***
ribban4747: raises $3 to $6
Fabulous108 joins the table at seat #6
palmen1985: raises $3 to $9
ribban4747: raises $3 to $12
Betting is capped
palmen1985: calls $3
*** FLOP *** [9d Qc 3s]
grabaz joins the table at seat #1
palmen1985: checks
ribban4747: bets $3
palmen1985: calls $3
*** TURN *** [9d Qc 3s] [4h]
palmen1985: checks
ribban4747: bets $6
palmen1985: calls $6
*** RIVER *** [9d Qc 3s 4h] [3c]
palmen1985: checks
ribban4747: bets $6
palmen1985: calls $6
*** SHOW DOWN ***
ribban4747: shows [8s Qs] (two pair, Queens and Threes)
palmen1985: mucks hand
ribban4747 collected $53.50 from pot
*** SUMMARY ***
Total pot $54 | Rake $0.50
Board [9d Qc 3s 4h 3c]
Seat 2: palmen1985 (big blind) mucked
Seat 5: ribban4747 (button) (small blind) showed [8s Qs] and won ($53.50) with two pair, Queens and Threes


PokerStars Hand #166429759049:  Hold'em Limit ($3/$6 USD) - 2017/02/18 22:30:26 ET
Table 'Jupiter' 6-max Seat #2 is the button
Seat 2: palmen1985 ($16.45 in chips)
Seat 5: ribban4747 ($100.96 in chips)
palmen1985: posts small blind $1
ribban4747: posts big blind $3
*** HOLE CARDS ***
palmen1985: raises $3 to $6
ribban4747: calls $3
*** FLOP *** [2c 9d 6c]
ribban4747: bets $3
palmen1985: calls $3
*** TURN *** [2c 9d 6c] [5h]
ribban4747: bets $6
palmen1985: calls $6
*** RIVER *** [2c 9d 6c 5h] [2h]
ribban4747: bets $6
palmen1985: calls $1.45 and is all-in
Uncalled bet ($4.55) returned to ribban4747
*** SHOW DOWN ***
ribban4747: shows [6d 8c] (two pair, Sixes and Deuces)
palmen1985: shows [4s 2s] (three of a kind, Deuces)
palmen1985 collected $32.40 from pot
*** SUMMARY ***
Total pot $32.90 | Rake $0.50
Board [2c 9d 6c 5h 2h]
Seat 2: palmen1985 (button) (small blind) showed [4s 2s] and won ($32.40) with three of a kind, Deuces
Seat 5: ribban4747 (big blind) showed [6d 8c] and lost with two pair, Sixes and Deuces


PokerStars Hand #166429773648:  Hold'em Limit ($3/$6 USD) - 2017/02/18 22:31:05 ET
Table 'Jupiter' 6-max Seat #2 is the button
Seat 2: palmen1985 ($5.40 in chips)
Seat 5: ribban4747 ($111.01 in chips)
palmen1985: posts small blind $1
ribban4747: posts big blind $3
*** HOLE CARDS ***
palmen1985: raises $2.40 to $5.40 and is all-in
ribban4747: calls $2.40
*** FLOP *** [8d Qs 7h]
*** TURN *** [8d Qs 7h] [Qh]
*** RIVER *** [8d Qs 7h Qh] [Td]
*** SHOW DOWN ***
ribban4747: shows [Th 4c] (two pair, Queens and Tens)
palmen1985: shows [Qd 5d] (three of a kind, Queens)
palmen1985 collected $10.58 from pot
*** SUMMARY ***
Total pot $10.80 | Rake $0.22
Board [8d Qs 7h Qh Td]
Seat 2: palmen1985 (button) (small blind) showed [Qd 5d] and won ($10.58) with three of a kind, Queens
Seat 5: ribban4747 (big blind) showed [Th 4c] and lost with two pair, Queens and Tens


PokerStars Hand #166429815361:  Hold'em Limit ($3/$6 USD) - 2017/02/18 22:32:56 ET
Table 'Jupiter' 6-max Seat #5 is the button
Seat 1: grabaz ($238.56 in chips)
Seat 5: ribban4747 ($116.11 in chips)
ribban4747: posts small blind $1
grabaz: posts big blind $3
*** HOLE CARDS ***
ribban4747: raises $3 to $6
grabaz: calls $3
*** FLOP *** [9h Jc 2c]
grabaz: checks
ribban4747: bets $3
grabaz: raises $3 to $6
ribban4747: calls $3
*** TURN *** [9h Jc 2c] [4s]
grabaz: bets $6
ribban4747: folds
Uncalled bet ($6) returned to grabaz
grabaz collected $23.52 from pot
grabaz: doesn't show hand
*** SUMMARY ***
Total pot $24 | Rake $0.48
Board [9h Jc 2c 4s]
Seat 1: grabaz (big blind) collected ($23.52)
Seat 5: ribban4747 (button) (small blind) folded on the Turn


PokerStars Hand #166429803880:  Hold'em Limit ($3/$6 USD) - 2017/02/18 22:32:26 ET
Table 'Jupiter' 6-max Seat #5 is the button
Seat 1: grabaz ($229.92 in chips)
Seat 5: ribban4747 ($125.11 in chips)
ribban4747: posts small blind $1
grabaz: posts big blind $3
*** HOLE CARDS ***
ribban4747: calls $2
grabaz: checks
*** FLOP *** [9s 2h Th]
grabaz: checks
ribban4747: checks
*** TURN *** [9s 2h Th] [5h]
grabaz: bets $6
ribban4747: folds
Uncalled bet ($6) returned to grabaz
grabaz collected $5.88 from pot
grabaz: doesn't show hand
*** SUMMARY ***
Total pot $6 | Rake $0.12
Board [9s 2h Th 5h]
Seat 1: grabaz (big blind) collected ($5.88)
Seat 5: ribban4747 (button) (small blind) folded on the Turn


PokerStars Hand #166429785494:  Hold'em Limit ($3/$6 USD) - 2017/02/18 22:31:37 ET
Table 'Jupiter' 6-max Seat #1 is the button
Seat 1: grabaz ($250.92 in chips)
Seat 5: ribban4747 ($104.61 in chips)
grabaz: posts small blind $1
ribban4747: posts big blind $3
*** HOLE CARDS ***
palmen1985 leaves the table
grabaz: raises $3 to $6
ribban4747: calls $3
*** FLOP *** [2h 6c 8h]
ribban4747: bets $3
grabaz: calls $3
*** TURN *** [2h 6c 8h] [9d]
ribban4747: bets $6
grabaz: calls $6
*** RIVER *** [2h 6c 8h 9d] [Kc]
ribban4747: bets $6
grabaz: calls $6
*** SHOW DOWN ***
ribban4747: shows [8c Ts] (a pair of Eights)
grabaz: mucks hand
ribban4747 collected $41.50 from pot
*** SUMMARY ***
Total pot $42 | Rake $0.50
Board [2h 6c 8h 9d Kc]
Seat 1: grabaz (button) (small blind) mucked
Seat 5: ribban4747 (big blind) showed [8c Ts] and won ($41.50) with a pair of Eights


PokerStars Hand #166429810846:  Hold'em Limit ($3/$6 USD) - 2017/02/18 22:32:44 ET
Table 'Jupiter' 6-max Seat #1 is the button
Seat 1: grabaz ($232.80 in chips)
Seat 5: ribban4747 ($122.11 in chips)
grabaz: posts small blind $1
ribban4747: posts big blind $3
*** HOLE CARDS ***
grabaz: raises $3 to $6
ribban4747: calls $3
*** FLOP *** [Qs Td 8d]
ribban4747: checks
grabaz: bets $3
ribban4747: folds
Uncalled bet ($3) returned to grabaz
grabaz collected $11.76 from pot
grabaz: doesn't show hand
*** SUMMARY ***
Total pot $12 | Rake $0.24
Board [Qs Td 8d]
Seat 1: grabaz (button) (small blind) collected ($11.76)
Seat 5: ribban4747 (big blind) folded on the Flop


PokerStars Hand #166429828004:  Hold'em Limit ($3/$6 USD) - 2017/02/18 22:33:30 ET
Table 'Jupiter' 6-max Seat #1 is the button
Seat 1: grabaz ($242.08 in chips)
Seat 5: ribban4747 ($111.75 in chips)
grabaz: posts small blind $1
ribban4747: posts big blind $3
*** HOLE CARDS ***
grabaz: raises $3 to $6
ribban4747: raises $3 to $9
grabaz: calls $3
*** FLOP *** [Qd 7h 7s]
ribban4747: bets $3
grabaz: calls $3
*** TURN *** [Qd 7h 7s] [6c]
ribban4747: bets $6
grabaz: calls $6
*** RIVER *** [Qd 7h 7s 6c] [5h]
ribban4747: bets $6
grabaz: calls $6
*** SHOW DOWN ***
ribban4747: shows [3s 3d] (two pair, Sevens and Threes)
grabaz: shows [Kh 5d] (two pair, Sevens and Fives)
grabaz collected $47.50 from pot
*** SUMMARY ***
Total pot $48 | Rake $0.50
Board [Qd 7h 7s 6c 5h]
Seat 1: grabaz (button) (small blind) showed [Kh 5d] and won ($47.50) with two pair, Sevens and Fives
Seat 5: ribban4747 (big blind) showed [3s 3d] and lost with two pair, Sevens and Threes


PokerStars Hand #166429826008:  Hold'em Limit ($3/$6 USD) - 2017/02/18 22:33:25 ET
Table 'Jupiter' 6-max Seat #5 is the button
Seat 1: grabaz ($241.08 in chips)
Seat 5: ribban4747 ($112.75 in chips)
ribban4747: posts small blind $1
grabaz: posts big blind $3
*** HOLE CARDS ***
ribban4747: folds
Uncalled bet ($2) returned to grabaz
grabaz collected $2 from pot
grabaz: doesn't show hand
*** SUMMARY ***
Total pot $2 | Rake $0
Seat 1: grabaz (big blind) collected ($2)
Seat 5: ribban4747 (button) (small blind) folded before Flop


PokerStars Hand #166429821350:  Hold'em Limit ($3/$6 USD) - 2017/02/18 22:33:12 ET
Table 'Jupiter' 6-max Seat #1 is the button
Seat 1: grabaz ($250.08 in chips)
Seat 5: ribban4747 ($104.11 in chips)
grabaz: posts small blind $1
ribban4747: posts big blind $3
*** HOLE CARDS ***
grabaz: raises $3 to $6
ribban4747: raises $3 to $9
grabaz: calls $3
*** FLOP *** [2d As 8h]
ribban4747: bets $3
grabaz: folds
Uncalled bet ($3) returned to ribban4747
ribban4747 collected $17.64 from pot
*** SUMMARY ***
Total pot $18 | Rake $0.36
Board [2d As 8h]
Seat 1: grabaz (button) (small blind) folded on the Flop
Seat 5: ribban4747 (big blind) collected ($17.64)


PokerStars Hand #166429841057:  Hold'em Limit ($3/$6 USD) - 2017/02/18 22:34:05 ET
Table 'Jupiter' 6-max Seat #5 is the button
Seat 1: grabaz ($265.58 in chips)
Seat 5: ribban4747 ($87.75 in chips)
ribban4747: posts small blind $1
grabaz: posts big blind $3
*** HOLE CARDS ***
ribban4747: raises $3 to $6
grabaz: raises $3 to $9
ribban4747: calls $3
*** FLOP *** [3h 7s 4h]
grabaz: bets $3
ribban4747: raises $3 to $6
grabaz: calls $3
*** TURN *** [3h 7s 4h] [4d]
grabaz: checks
ribban4747: bets $6
grabaz: calls $6
*** RIVER *** [3h 7s 4h 4d] [Ks]
grabaz: checks
ribban4747: bets $6
grabaz: calls $6
*** SHOW DOWN ***
ribban4747: shows [6d 4c] (three of a kind, Fours)
grabaz: mucks hand
ribban4747 collected $53.50 from pot
*** SUMMARY ***
Total pot $54 | Rake $0.50
Board [3h 7s 4h 4d Ks]
Seat 1: grabaz (big blind) mucked
Seat 5: ribban4747 (button) (small blind) showed [6d 4c] and won ($53.50) with three of a kind, Fours


PokerStars Hand #166429880278:  Hold'em Limit ($3/$6 USD) - 2017/02/18 22:35:51 ET
Table 'Jupiter' 6-max Seat #1 is the button
Seat 1: grabaz ($270.34 in chips)
Seat 5: ribban4747 ($81.25 in chips)
grabaz: posts small blind $1
ribban4747: posts big blind $3
*** HOLE CARDS ***
grabaz: folds
Uncalled bet ($2) returned to ribban4747
ribban4747 collected $2 from pot
*** SUMMARY ***
Total pot $2 | Rake $0
Seat 1: grabaz (button) (small blind) folded before Flop
Seat 5: ribban4747 (big blind) collected ($2)


PokerStars Hand #166429878261:  Hold'em Limit ($3/$6 USD) - 2017/02/18 22:35:46 ET
Table 'Jupiter' 6-max Seat #5 is the button
Seat 1: grabaz ($273.34 in chips)
Seat 5: ribban4747 ($78.25 in chips)
ribban4747: posts small blind $1
grabaz: posts big blind $3
*** HOLE CARDS ***
ribban4747: raises $3 to $6
grabaz: folds
Uncalled bet ($3) returned to ribban4747
ribban4747 collected $6 from pot
*** SUMMARY ***
Total pot $6 | Rake $0
Seat 1: grabaz (big blind) folded before Flop
Seat 5: ribban4747 (button) (small blind) collected ($6)


PokerStars Hand #166429873994:  Hold'em Limit ($3/$6 USD) - 2017/02/18 22:35:34 ET
Table 'Jupiter' 6-max Seat #1 is the button
Seat 1: grabaz ($267.58 in chips)
Seat 5: ribban4747 ($84.25 in chips)
grabaz: posts small blind $1
ribban4747: posts big blind $3
*** HOLE CARDS ***
grabaz: raises $3 to $6
ribban4747: calls $3
*** FLOP *** [Ad Qh 3s]
ribban4747: checks
grabaz: bets $3
ribban4747: folds
Uncalled bet ($3) returned to grabaz
grabaz collected $11.76 from pot
grabaz: doesn't show hand
*** SUMMARY ***
Total pot $12 | Rake $0.24
Board [Ad Qh 3s]
Seat 1: grabaz (button) (small blind) collected ($11.76)
Seat 5: ribban4747 (big blind) folded on the Flop


PokerStars Hand #166429860508:  Hold'em Limit ($3/$6 USD) - 2017/02/18 22:34:57 ET
Table 'Jupiter' 6-max Seat #5 is the button
Seat 1: grabaz ($253.08 in chips)
Seat 5: ribban4747 ($99.25 in chips)
ribban4747: posts small blind $1
grabaz: posts big blind $3
*** HOLE CARDS ***
ribban4747: raises $3 to $6
grabaz: calls $3
*** FLOP *** [As 3d 8h]
grabaz: checks
ribban4747: bets $3
grabaz: calls $3
*** TURN *** [As 3d 8h] [Ah]
grabaz: checks
ribban4747: bets $6
grabaz: calls $6
*** RIVER *** [As 3d 8h Ah] [8c]
grabaz: checks
ribban4747: checks
*** SHOW DOWN ***
grabaz: shows [Jh 3h] (two pair, Aces and Eights)
ribban4747: mucks hand
grabaz collected $29.50 from pot
*** SUMMARY ***
Total pot $30 | Rake $0.50
Board [As 3d 8h Ah 8c]
Seat 1: grabaz (big blind) showed [Jh 3h] and won ($29.50) with two pair, Aces and Eights
Seat 5: ribban4747 (button) (small blind) mucked


PokerStars Hand #166429882144:  Hold'em Limit ($3/$6 USD) - 2017/02/18 22:35:56 ET
Table 'Jupiter' 6-max Seat #5 is the button
Seat 1: grabaz ($269.34 in chips)
Seat 5: ribban4747 ($82.25 in chips)
ribban4747: posts small blind $1
grabaz: posts big blind $3
*** HOLE CARDS ***
ribban4747: raises $3 to $6
grabaz: calls $3
*** FLOP *** [9c Jd 3d]
laapin joins the table at seat #4
grabaz: checks
ribban4747: bets $3
grabaz: raises $3 to $6
ribban4747: calls $3
*** TURN *** [9c Jd 3d] [8d]
grabaz: bets $6
ribban4747: calls $6
*** RIVER *** [9c Jd 3d 8d] [4s]
grabaz: bets $6
ribban4747: folds
Uncalled bet ($6) returned to grabaz
grabaz collected $35.50 from pot
grabaz: doesn't show hand
*** SUMMARY ***
Total pot $36 | Rake $0.50
Board [9c Jd 3d 8d 4s]
Seat 1: grabaz (big blind) collected ($35.50)
Seat 5: ribban4747 (button) (small blind) folded on the River


PokerStars Hand #166430015719:  Hold'em Limit ($3/$6 USD) - 2017/02/18 22:41:47 ET
Table 'Jupiter' 6-max Seat #6 is the button
Seat 5: ribban4747 ($53.99 in chips)
Seat 6: Fabulous108 ($96.24 in chips)
Fabulous108: posts small blind $1
ribban4747: posts big blind $3
*** HOLE CARDS ***
Fabulous108: folds
Uncalled bet ($2) returned to ribban4747
ribban4747 collected $2 from pot
*** SUMMARY ***
Total pot $2 | Rake $0
Seat 5: ribban4747 (big blind) collected ($2)
Seat 6: Fabulous108 (button) (small blind) folded before Flop


PokerStars Hand #166430009455:  Hold'em Limit ($3/$6 USD) - 2017/02/18 22:41:30 ET
Table 'Jupiter' 6-max Seat #5 is the button
Seat 5: ribban4747 ($45.35 in chips)
Seat 6: Fabulous108 ($105.24 in chips)
ribban4747: posts small blind $1
Fabulous108: posts big blind $3
*** HOLE CARDS ***
ribban4747: raises $3 to $6
Fabulous108: calls $3
*** FLOP *** [3s Tc 3h]
Fabulous108: checks
ribban4747: bets $3
Fabulous108: calls $3
*** TURN *** [3s Tc 3h] [2d]
Fabulous108: checks
ribban4747: bets $6
Fabulous108: folds
Uncalled bet ($6) returned to ribban4747
ribban4747 collected $17.64 from pot
*** SUMMARY ***
Total pot $18 | Rake $0.36
Board [3s Tc 3h 2d]
Seat 5: ribban4747 (button) (small blind) collected ($17.64)
Seat 6: Fabulous108 (big blind) folded on the Turn


PokerStars Hand #166430017696:  Hold'em Limit ($3/$6 USD) - 2017/02/18 22:41:53 ET
Table 'Jupiter' 6-max Seat #5 is the button
Seat 5: ribban4747 ($54.99 in chips)
Seat 6: Fabulous108 ($95.24 in chips)
ribban4747: posts small blind $1
Fabulous108: posts big blind $3
*** HOLE CARDS ***
ribban4747: raises $3 to $6
Fabulous108: folds
Uncalled bet ($3) returned to ribban4747
ribban4747 collected $6 from pot
*** SUMMARY ***
Total pot $6 | Rake $0
Seat 5: ribban4747 (button) (small blind) collected ($6)
Seat 6: Fabulous108 (big blind) folded before Flop


PokerStars Hand #166430020286:  Hold'em Limit ($3/$6 USD) - 2017/02/18 22:42:00 ET
Table 'Jupiter' 6-max Seat #6 is the button
Seat 5: ribban4747 ($57.99 in chips)
Seat 6: Fabulous108 ($92.24 in chips)
Fabulous108: posts small blind $1
ribban4747: posts big blind $3
*** HOLE CARDS ***
Fabulous108: folds
Uncalled bet ($2) returned to ribban4747
ribban4747 collected $2 from pot
*** SUMMARY ***
Total pot $2 | Rake $0
Seat 5: ribban4747 (big blind) collected ($2)
Seat 6: Fabulous108 (button) (small blind) folded before Flop


PokerStars Hand #166430007566:  Hold'em Limit ($3/$6 USD) - 2017/02/18 22:41:25 ET
Table 'Jupiter' 6-max Seat #6 is the button
Seat 5: ribban4747 ($44.35 in chips)
Seat 6: Fabulous108 ($106.24 in chips)
Fabulous108: posts small blind $1
laapin: is sitting out
ribban4747: posts big blind $3
*** HOLE CARDS ***
Fabulous108: folds
Uncalled bet ($2) returned to ribban4747
ribban4747 collected $2 from pot
*** SUMMARY ***
Total pot $2 | Rake $0
Seat 5: ribban4747 (big blind) collected ($2)
Seat 6: Fabulous108 (button) (small blind) folded before Flop


PokerStars Hand #166430030721:  Hold'em Limit ($3/$6 USD) - 2017/02/18 22:42:29 ET
Table 'Jupiter' 6-max Seat #5 is the button
Seat 5: ribban4747 ($55.87 in chips)
Seat 6: Fabulous108 ($94 in chips)
ribban4747: posts small blind $1
Fabulous108: posts big blind $3
*** HOLE CARDS ***
cbarnes joins the table at seat #2
ribban4747: raises $3 to $6
Fabulous108: calls $3
*** FLOP *** [9s 4s 8s]
Fabulous108: checks
ribban4747: bets $3
Fabulous108: raises $3 to $6
ribban4747: calls $3
*** TURN *** [9s 4s 8s] [5h]
Fabulous108: bets $6
ribban4747: calls $6
*** RIVER *** [9s 4s 8s 5h] [Js]
Fabulous108: checks
ribban4747: bets $6
Fabulous108: calls $6
*** SHOW DOWN ***
ribban4747: shows [Jc 7s] (a flush, Jack high)
Fabulous108: mucks hand
ribban4747 collected $47.50 from pot
*** SUMMARY ***
Total pot $48 | Rake $0.50
Board [9s 4s 8s 5h Js]
Seat 5: ribban4747 (button) (small blind) showed [Jc 7s] and won ($47.50) with a flush, Jack high
Seat 6: Fabulous108 (big blind) mucked


PokerStars Hand #166430022245:  Hold'em Limit ($3/$6 USD) - 2017/02/18 22:42:05 ET
Table 'Jupiter' 6-max Seat #5 is the button
Seat 5: ribban4747 ($58.99 in chips)
Seat 6: Fabulous108 ($91.24 in chips)
ribban4747: posts small blind $1
Fabulous108: posts big blind $3
*** HOLE CARDS ***
ribban4747: calls $2
Fabulous108: checks
*** FLOP *** [8c Qc Ks]
Fabulous108: checks
ribban4747: bets $3
Fabulous108: folds
Uncalled bet ($3) returned to ribban4747
ribban4747 collected $5.88 from pot
*** SUMMARY ***
Total pot $6 | Rake $0.12
Board [8c Qc Ks]
Seat 5: ribban4747 (button) (small blind) collected ($5.88)
Seat 6: Fabulous108 (big blind) folded on the Flop


PokerStars Hand #166430026929:  Hold'em Limit ($3/$6 USD) - 2017/02/18 22:42:18 ET
Table 'Jupiter' 6-max Seat #6 is the button
Seat 5: ribban4747 ($61.87 in chips)
Seat 6: Fabulous108 ($88.24 in chips)
Fabulous108: posts small blind $1
ribban4747: posts big blind $3
*** HOLE CARDS ***
Fabulous108: raises $3 to $6
ribban4747: calls $3
*** FLOP *** [Ks 8d Qd]
ribban4747: checks
Fabulous108: bets $3
ribban4747: folds
Uncalled bet ($3) returned to Fabulous108
Fabulous108 collected $11.76 from pot
Fabulous108: doesn't show hand
*** SUMMARY ***
Total pot $12 | Rake $0.24
Board [Ks 8d Qd]
Seat 5: ribban4747 (big blind) folded on the Flop
Seat 6: Fabulous108 (button) (small blind) collected ($11.76)


PokerStars Hand #166430132817:  Hold'em Limit ($3/$6 USD) - 2017/02/18 22:47:14 ET
Table 'Jupiter' 6-max Seat #2 is the button
Seat 2: cbarnes ($406.16 in chips)
Seat 6: Fabulous108 ($262.79 in chips)
beng_51 will be allowed to play after the button
cbarnes: posts small blind $1
Fabulous108: posts big blind $3
*** HOLE CARDS ***
cbarnes: raises $3 to $6
Fabulous108: folds
Uncalled bet ($3) returned to cbarnes
cbarnes collected $6 from pot
*** SUMMARY ***
Total pot $6 | Rake $0
Seat 2: cbarnes (button) (small blind) collected ($6)
Seat 6: Fabulous108 (big blind) folded before Flop


