PokerStars Hand #161132722597:  Hold'em Limit ($3/$6 USD) - 2016/11/09 6:19:34 ET
Table 'Jutta' 6-max Seat #5 is the button
Seat 3: beng_51 ($154.34 in chips)
Seat 5: 40 ft cliff ($121.42 in chips)
40 ft cliff: posts small blind $1
kolaz03: is sitting out
beng_51: posts big blind $3
*** HOLE CARDS ***
40 ft cliff: folds
Uncalled bet ($2) returned to beng_51
kolaz03 leaves the table
beng_51 collected $2 from pot
*** SUMMARY ***
Total pot $2 | Rake $0
Seat 3: beng_51 (big blind) collected ($2)
Seat 5: 40 ft cliff (button) (small blind) folded before Flop


PokerStars Hand #161132727938:  Hold'em Limit ($3/$6 USD) - 2016/11/09 6:19:46 ET
Table 'Jutta' 6-max Seat #5 is the button
Seat 3: beng_51 ($158.34 in chips)
Seat 5: 40 ft cliff ($117.42 in chips)
40 ft cliff: posts small blind $1
beng_51: posts big blind $3
*** HOLE CARDS ***
40 ft cliff: raises $3 to $6
beng_51: calls $3
*** FLOP *** [Js Kc Tc]
beng_51: checks
40 ft cliff: checks
*** TURN *** [Js Kc Tc] [5h]
beng_51: checks
40 ft cliff: checks
*** RIVER *** [Js Kc Tc 5h] [4d]
beng_51: bets $6
40 ft cliff: calls $6
*** SHOW DOWN ***
beng_51: shows [9h Jc] (a pair of Jacks)
40 ft cliff: mucks hand
beng_51 collected $23.52 from pot
*** SUMMARY ***
Total pot $24 | Rake $0.48
Board [Js Kc Tc 5h 4d]
Seat 3: beng_51 (big blind) showed [9h Jc] and won ($23.52) with a pair of Jacks
Seat 5: 40 ft cliff (button) (small blind) mucked


PokerStars Hand #161132725289:  Hold'em Limit ($3/$6 USD) - 2016/11/09 6:19:40 ET
Table 'Jutta' 6-max Seat #3 is the button
Seat 3: beng_51 ($155.34 in chips)
Seat 5: 40 ft cliff ($120.42 in chips)
beng_51: posts small blind $1
40 ft cliff: posts big blind $3
*** HOLE CARDS ***
beng_51: raises $3 to $6
40 ft cliff: folds
Uncalled bet ($3) returned to beng_51
beng_51 collected $6 from pot
*** SUMMARY ***
Total pot $6 | Rake $0
Seat 3: beng_51 (button) (small blind) collected ($6)
Seat 5: 40 ft cliff (big blind) folded before Flop


PokerStars Hand #161132738899:  Hold'em Limit ($3/$6 USD) - 2016/11/09 6:20:10 ET
Table 'Jutta' 6-max Seat #3 is the button
Seat 3: beng_51 ($169.86 in chips)
Seat 5: 40 ft cliff ($105.42 in chips)
beng_51: posts small blind $1
40 ft cliff: posts big blind $3
*** HOLE CARDS ***
beng_51: raises $3 to $6
40 ft cliff: folds
Uncalled bet ($3) returned to beng_51
beng_51 collected $6 from pot
*** SUMMARY ***
Total pot $6 | Rake $0
Seat 3: beng_51 (button) (small blind) collected ($6)
Seat 5: 40 ft cliff (big blind) folded before Flop


PokerStars Hand #161132769511:  Hold'em Limit ($3/$6 USD) - 2016/11/09 6:21:18 ET
Table 'Jutta' 6-max Seat #5 is the button
Seat 3: beng_51 ($166.36 in chips)
Seat 5: 40 ft cliff ($107.92 in chips)
40 ft cliff: posts small blind $1
pixifloss was removed from the table for failing to post
beng_51: posts big blind $3
*** HOLE CARDS ***
40 ft cliff: raises $3 to $6
beng_51: calls $3
*** FLOP *** [Th Qc Td]
beng_51: checks
40 ft cliff: checks
*** TURN *** [Th Qc Td] [Jc]
beng_51: bets $6
40 ft cliff: folds
Uncalled bet ($6) returned to beng_51
beng_51 collected $11.76 from pot
*** SUMMARY ***
Total pot $12 | Rake $0.24
Board [Th Qc Td Jc]
Seat 3: beng_51 (big blind) collected ($11.76)
Seat 5: 40 ft cliff (button) (small blind) folded on the Turn


PokerStars Hand #161132741502:  Hold'em Limit ($3/$6 USD) - 2016/11/09 6:20:16 ET
Table 'Jutta' 6-max Seat #5 is the button
Seat 3: beng_51 ($172.86 in chips)
Seat 5: 40 ft cliff ($102.42 in chips)
40 ft cliff: posts small blind $1
beng_51: posts big blind $3
*** HOLE CARDS ***
40 ft cliff: raises $3 to $6
beng_51: raises $3 to $9
40 ft cliff: calls $3
*** FLOP *** [9d Qh Jc]
beng_51: bets $3
40 ft cliff: raises $3 to $6
beng_51: calls $3
*** TURN *** [9d Qh Jc] [6h]
beng_51: checks
40 ft cliff: bets $6
beng_51: calls $6
*** RIVER *** [9d Qh Jc 6h] [5d]
beng_51: checks
40 ft cliff: bets $6
beng_51: calls $6
*** SHOW DOWN ***
40 ft cliff: shows [Qd 6s] (two pair, Queens and Sixes)
beng_51: mucks hand
40 ft cliff collected $53.50 from pot
*** SUMMARY ***
Total pot $54 | Rake $0.50
Board [9d Qh Jc 6h 5d]
Seat 3: beng_51 (big blind) mucked
Seat 5: 40 ft cliff (button) (small blind) showed [Qd 6s] and won ($53.50) with two pair, Queens and Sixes


PokerStars Hand #161132755083:  Hold'em Limit ($3/$6 USD) - 2016/11/09 6:20:46 ET
Table 'Jutta' 6-max Seat #3 is the button
Seat 3: beng_51 ($145.86 in chips)
Seat 5: 40 ft cliff ($128.92 in chips)
beng_51: posts small blind $1
40 ft cliff: posts big blind $3
*** HOLE CARDS ***
beng_51: raises $3 to $6
40 ft cliff: calls $3
*** FLOP *** [8c 9d 2d]
40 ft cliff: bets $3
beng_51: calls $3
*** TURN *** [8c 9d 2d] [7d]
40 ft cliff: bets $6
beng_51: calls $6
*** RIVER *** [8c 9d 2d 7d] [6h]
40 ft cliff: bets $6
beng_51: raises $6 to $12
40 ft cliff: folds
Uncalled bet ($6) returned to beng_51
beng_51 collected $41.50 from pot
*** SUMMARY ***
Total pot $42 | Rake $0.50
Board [8c 9d 2d 7d 6h]
Seat 3: beng_51 (button) (small blind) collected ($41.50)
Seat 5: 40 ft cliff (big blind) folded on the River


PokerStars Hand #161132793090:  Hold'em Limit ($3/$6 USD) - 2016/11/09 6:22:11 ET
Table 'Jutta' 6-max Seat #3 is the button
Seat 3: beng_51 ($186.64 in chips)
Seat 5: 40 ft cliff ($86.92 in chips)
beng_51: posts small blind $1
40 ft cliff: posts big blind $3
*** HOLE CARDS ***
beng_51: raises $3 to $6
40 ft cliff: calls $3
*** FLOP *** [Td Kc Ks]
40 ft cliff: bets $3
beng_51: raises $3 to $6
40 ft cliff: raises $3 to $9
beng_51: calls $3
*** TURN *** [Td Kc Ks] [Js]
40 ft cliff: bets $6
beng_51: calls $6
*** RIVER *** [Td Kc Ks Js] [3s]
40 ft cliff: bets $6
beng_51: raises $6 to $12
40 ft cliff: folds
Uncalled bet ($6) returned to beng_51
beng_51 collected $53.50 from pot
*** SUMMARY ***
Total pot $54 | Rake $0.50
Board [Td Kc Ks Js 3s]
Seat 3: beng_51 (button) (small blind) collected ($53.50)
Seat 5: 40 ft cliff (big blind) folded on the River


PokerStars Hand #161132781006:  Hold'em Limit ($3/$6 USD) - 2016/11/09 6:21:44 ET
Table 'Jutta' 6-max Seat #5 is the button
Seat 3: beng_51 ($175.12 in chips)
Seat 5: 40 ft cliff ($98.92 in chips)
40 ft cliff: posts small blind $1
beng_51: posts big blind $3
*** HOLE CARDS ***
40 ft cliff: raises $3 to $6
beng_51: calls $3
*** FLOP *** [Td Ts Ks]
beng_51: checks
40 ft cliff: checks
*** TURN *** [Td Ts Ks] [9s]
beng_51: bets $6
40 ft cliff: calls $6
*** RIVER *** [Td Ts Ks 9s] [6h]
beng_51: bets $6
40 ft cliff: folds
Uncalled bet ($6) returned to beng_51
beng_51 collected $23.52 from pot
*** SUMMARY ***
Total pot $24 | Rake $0.48
Board [Td Ts Ks 9s 6h]
Seat 3: beng_51 (big blind) collected ($23.52)
Seat 5: 40 ft cliff (button) (small blind) folded on the River


PokerStars Hand #161132778078:  Hold'em Limit ($3/$6 USD) - 2016/11/09 6:21:38 ET
Table 'Jutta' 6-max Seat #3 is the button
Seat 3: beng_51 ($172.12 in chips)
Seat 5: 40 ft cliff ($101.92 in chips)
beng_51: posts small blind $1
40 ft cliff: posts big blind $3
*** HOLE CARDS ***
beng_51: raises $3 to $6
40 ft cliff: folds
Uncalled bet ($3) returned to beng_51
beng_51 collected $6 from pot
*** SUMMARY ***
Total pot $6 | Rake $0
Seat 3: beng_51 (button) (small blind) collected ($6)
Seat 5: 40 ft cliff (big blind) folded before Flop


PokerStars Hand #161132831315:  Hold'em Limit ($3/$6 USD) - 2016/11/09 6:23:36 ET
Table 'Jutta' 6-max Seat #3 is the button
Seat 3: beng_51 ($219.64 in chips)
Seat 5: 40 ft cliff ($52.42 in chips)
beng_51: posts small blind $1
40 ft cliff: posts big blind $3
*** HOLE CARDS ***
beng_51: raises $3 to $6
40 ft cliff: folds
Uncalled bet ($3) returned to beng_51
beng_51 collected $6 from pot
*** SUMMARY ***
Total pot $6 | Rake $0
Seat 3: beng_51 (button) (small blind) collected ($6)
Seat 5: 40 ft cliff (big blind) folded before Flop


PokerStars Hand #161132820282:  Hold'em Limit ($3/$6 USD) - 2016/11/09 6:23:11 ET
Table 'Jutta' 6-max Seat #5 is the button
Seat 3: beng_51 ($237.64 in chips)
Seat 5: 40 ft cliff ($34.92 in chips)
40 ft cliff: posts small blind $1
beng_51: posts big blind $3
*** HOLE CARDS ***
40 ft cliff: raises $3 to $6
beng_51: calls $3
*** FLOP *** [2c 9c Ah]
beng_51: checks
40 ft cliff: bets $3
beng_51: raises $3 to $6
40 ft cliff: calls $3
*** TURN *** [2c 9c Ah] [Js]
beng_51: bets $6
40 ft cliff: calls $6
*** RIVER *** [2c 9c Ah Js] [Qd]
beng_51: checks
40 ft cliff: checks
*** SHOW DOWN ***
beng_51: shows [6h 9d] (a pair of Nines)
40 ft cliff: shows [9s Kc] (a pair of Nines - Ace+King kicker)
40 ft cliff collected $35.50 from pot
*** SUMMARY ***
Total pot $36 | Rake $0.50
Board [2c 9c Ah Js Qd]
Seat 3: beng_51 (big blind) showed [6h 9d] and lost with a pair of Nines
Seat 5: 40 ft cliff (button) (small blind) showed [9s Kc] and won ($35.50) with a pair of Nines


PokerStars Hand #161132805541:  Hold'em Limit ($3/$6 USD) - 2016/11/09 6:22:39 ET
Table 'Jutta' 6-max Seat #5 is the button
Seat 3: beng_51 ($213.14 in chips)
Seat 5: 40 ft cliff ($59.92 in chips)
40 ft cliff: posts small blind $1
beng_51: posts big blind $3
*** HOLE CARDS ***
40 ft cliff: folds
Uncalled bet ($2) returned to beng_51
beng_51 collected $2 from pot
*** SUMMARY ***
Total pot $2 | Rake $0
Seat 3: beng_51 (big blind) collected ($2)
Seat 5: 40 ft cliff (button) (small blind) folded before Flop


PokerStars Hand #161132808028:  Hold'em Limit ($3/$6 USD) - 2016/11/09 6:22:44 ET
Table 'Jutta' 6-max Seat #3 is the button
Seat 3: beng_51 ($214.14 in chips)
Seat 5: 40 ft cliff ($58.92 in chips)
beng_51: posts small blind $1
40 ft cliff: posts big blind $3
*** HOLE CARDS ***
beng_51: raises $3 to $6
40 ft cliff: raises $3 to $9
beng_51: calls $3
*** FLOP *** [3d 6d Jd]
40 ft cliff: bets $3
beng_51: calls $3
*** TURN *** [3d 6d Jd] [2c]
40 ft cliff: bets $6
beng_51: calls $6
*** RIVER *** [3d 6d Jd 2c] [7c]
40 ft cliff: bets $6
beng_51: raises $6 to $12
40 ft cliff: folds
Uncalled bet ($6) returned to beng_51
beng_51 collected $47.50 from pot
*** SUMMARY ***
Total pot $48 | Rake $0.50
Board [3d 6d Jd 2c 7c]
Seat 3: beng_51 (button) (small blind) collected ($47.50)
Seat 5: 40 ft cliff (big blind) folded on the River


PokerStars Hand #161132834525:  Hold'em Limit ($3/$6 USD) - 2016/11/09 6:23:43 ET
Table 'Jutta' 6-max Seat #5 is the button
Seat 3: beng_51 ($222.64 in chips)
Seat 5: 40 ft cliff ($49.42 in chips)
40 ft cliff: posts small blind $1
beng_51: posts big blind $3
*** HOLE CARDS ***
40 ft cliff: raises $3 to $6
beng_51: calls $3
*** FLOP *** [Kd 7c 3d]
beng_51: checks
40 ft cliff: bets $3
beng_51: calls $3
*** TURN *** [Kd 7c 3d] [6c]
beng_51: checks
40 ft cliff: checks
*** RIVER *** [Kd 7c 3d 6c] [Kc]
beng_51: bets $6
40 ft cliff: folds
Uncalled bet ($6) returned to beng_51
beng_51 collected $17.64 from pot
*** SUMMARY ***
Total pot $18 | Rake $0.36
Board [Kd 7c 3d 6c Kc]
Seat 3: beng_51 (big blind) collected ($17.64)
Seat 5: 40 ft cliff (button) (small blind) folded on the River


PokerStars Hand #161132844351:  Hold'em Limit ($3/$6 USD) - 2016/11/09 6:24:04 ET
Table 'Jutta' 6-max Seat #3 is the button
Seat 3: beng_51 ($231.28 in chips)
Seat 5: 40 ft cliff ($40.42 in chips)
beng_51: posts small blind $1
40 ft cliff: posts big blind $3
*** HOLE CARDS ***
beng_51: raises $3 to $6
40 ft cliff: calls $3
*** FLOP *** [4h Jc 3h]
40 ft cliff: checks
beng_51: bets $3
40 ft cliff: calls $3
*** TURN *** [4h Jc 3h] [7h]
40 ft cliff: checks
beng_51: bets $6
40 ft cliff: folds
Uncalled bet ($6) returned to beng_51
beng_51 collected $17.64 from pot
*** SUMMARY ***
Total pot $18 | Rake $0.36
Board [4h Jc 3h 7h]
Seat 3: beng_51 (button) (small blind) collected ($17.64)
Seat 5: 40 ft cliff (big blind) folded on the Turn


PokerStars Hand #161132859937:  Hold'em Limit ($3/$6 USD) - 2016/11/09 6:24:39 ET
Table 'Jutta' 6-max Seat #3 is the button
Seat 3: beng_51 ($245.68 in chips)
Seat 5: 40 ft cliff ($25.42 in chips)
beng_51: posts small blind $1
40 ft cliff: posts big blind $3
*** HOLE CARDS ***
beng_51: raises $3 to $6
40 ft cliff: calls $3
*** FLOP *** [5c 8s 9c]
40 ft cliff: bets $3
beng_51: calls $3
*** TURN *** [5c 8s 9c] [Jc]
40 ft cliff: bets $6
beng_51: calls $6
*** RIVER *** [5c 8s 9c Jc] [8d]
40 ft cliff: bets $6
beng_51: calls $6
*** SHOW DOWN ***
40 ft cliff: shows [9h Ah] (two pair, Nines and Eights)
beng_51: mucks hand
40 ft cliff collected $41.50 from pot
*** SUMMARY ***
Total pot $42 | Rake $0.50
Board [5c 8s 9c Jc 8d]
Seat 3: beng_51 (button) (small blind) mucked
Seat 5: 40 ft cliff (big blind) showed [9h Ah] and won ($41.50) with two pair, Nines and Eights


PokerStars Hand #161132874487:  Hold'em Limit ($3/$6 USD) - 2016/11/09 6:25:11 ET
Table 'Jutta' 6-max Seat #5 is the button
Seat 3: beng_51 ($228.68 in chips)
Seat 5: 40 ft cliff ($41.92 in chips)
40 ft cliff: posts small blind $1
beng_51: posts big blind $3
*** HOLE CARDS ***
40 ft cliff: raises $3 to $6
beng_51: raises $3 to $9
40 ft cliff: calls $3
*** FLOP *** [Ah Qc Qs]
beng_51: bets $3
40 ft cliff: folds
Uncalled bet ($3) returned to beng_51
beng_51 collected $17.64 from pot
*** SUMMARY ***
Total pot $18 | Rake $0.36
Board [Ah Qc Qs]
Seat 3: beng_51 (big blind) collected ($17.64)
Seat 5: 40 ft cliff (button) (small blind) folded on the Flop


PokerStars Hand #161132871616:  Hold'em Limit ($3/$6 USD) - 2016/11/09 6:25:05 ET
Table 'Jutta' 6-max Seat #3 is the button
Seat 3: beng_51 ($225.68 in chips)
Seat 5: 40 ft cliff ($44.92 in chips)
beng_51: posts small blind $1
40 ft cliff: posts big blind $3
*** HOLE CARDS ***
beng_51: raises $3 to $6
40 ft cliff: folds
Uncalled bet ($3) returned to beng_51
beng_51 collected $6 from pot
*** SUMMARY ***
Total pot $6 | Rake $0
Seat 3: beng_51 (button) (small blind) collected ($6)
Seat 5: 40 ft cliff (big blind) folded before Flop


PokerStars Hand #161132869119:  Hold'em Limit ($3/$6 USD) - 2016/11/09 6:24:59 ET
Table 'Jutta' 6-max Seat #5 is the button
Seat 3: beng_51 ($224.68 in chips)
Seat 5: 40 ft cliff ($45.92 in chips)
40 ft cliff: posts small blind $1
beng_51: posts big blind $3
*** HOLE CARDS ***
40 ft cliff: folds
Uncalled bet ($2) returned to beng_51
beng_51 collected $2 from pot
*** SUMMARY ***
Total pot $2 | Rake $0
Seat 3: beng_51 (big blind) collected ($2)
Seat 5: 40 ft cliff (button) (small blind) folded before Flop


PokerStars Hand #161132879758:  Hold'em Limit ($3/$6 USD) - 2016/11/09 6:25:23 ET
Table 'Jutta' 6-max Seat #3 is the button
Seat 3: beng_51 ($237.32 in chips)
Seat 5: 40 ft cliff ($32.92 in chips)
beng_51: posts small blind $1
40 ft cliff: posts big blind $3
*** HOLE CARDS ***
beng_51: raises $3 to $6
SLK500 joins the table at seat #1
40 ft cliff: raises $3 to $9
beng_51: calls $3
*** FLOP *** [8h 7c Js]
40 ft cliff: bets $3
beng_51: calls $3
*** TURN *** [8h 7c Js] [2s]
40 ft cliff: bets $6
beng_51: raises $6 to $12
40 ft cliff: raises $6 to $18
beng_51: raises $6 to $24
Betting is capped
40 ft cliff: calls $2.92 and is all-in
Uncalled bet ($3.08) returned to beng_51
*** RIVER *** [8h 7c Js 2s] [9d]
*** SHOW DOWN ***
40 ft cliff: shows [Kc Ks] (a pair of Kings)
beng_51: shows [5h Jd] (a pair of Jacks)
40 ft cliff collected $65.34 from pot
*** SUMMARY ***
Total pot $65.84 | Rake $0.50
Board [8h 7c Js 2s 9d]
Seat 3: beng_51 (button) (small blind) showed [5h Jd] and lost with a pair of Jacks
Seat 5: 40 ft cliff (big blind) showed [Kc Ks] and won ($65.34) with a pair of Kings


PokerStars Hand #161132923202:  Hold'em Limit ($3/$6 USD) - 2016/11/09 6:26:59 ET
Table 'Jutta' 6-max Seat #5 is the button
Seat 3: beng_51 ($181.01 in chips)
Seat 5: 40 ft cliff ($75.62 in chips)
40 ft cliff: posts small blind $1
SLK500: is sitting out
beng_51: posts big blind $3
*** HOLE CARDS ***
SLK500 leaves the table
40 ft cliff: folds
Uncalled bet ($2) returned to beng_51
beng_51 collected $2 from pot
*** SUMMARY ***
Total pot $2 | Rake $0
Seat 3: beng_51 (big blind) collected ($2)
Seat 5: 40 ft cliff (button) (small blind) folded before Flop


PokerStars Hand #161132933910:  Hold'em Limit ($3/$6 USD) - 2016/11/09 6:27:23 ET
Table 'Jutta' 6-max Seat #3 is the button
Seat 3: beng_51 ($188.77 in chips)
Seat 5: 40 ft cliff ($67.62 in chips)
beng_51: posts small blind $1
40 ft cliff: posts big blind $3
*** HOLE CARDS ***
beng_51: raises $3 to $6
40 ft cliff: calls $3
*** FLOP *** [Td 8d Th]
40 ft cliff: bets $3
beng_51: calls $3
*** TURN *** [Td 8d Th] [Qc]
40 ft cliff: bets $6
beng_51: calls $6
*** RIVER *** [Td 8d Th Qc] [7s]
SLK500 joins the table at seat #2
40 ft cliff: bets $6
beng_51: folds
Uncalled bet ($6) returned to 40 ft cliff
SLK500 leaves the table
40 ft cliff collected $29.50 from pot
40 ft cliff: doesn't show hand
*** SUMMARY ***
Total pot $30 | Rake $0.50
Board [Td 8d Th Qc 7s]
Seat 3: beng_51 (button) (small blind) folded on the River
Seat 5: 40 ft cliff (big blind) collected ($29.50)


PokerStars Hand #161132931466:  Hold'em Limit ($3/$6 USD) - 2016/11/09 6:27:18 ET
Table 'Jutta' 6-max Seat #5 is the button
Seat 3: beng_51 ($187.77 in chips)
Seat 5: 40 ft cliff ($68.62 in chips)
40 ft cliff: posts small blind $1
beng_51: posts big blind $3
*** HOLE CARDS ***
40 ft cliff: folds
Uncalled bet ($2) returned to beng_51
beng_51 collected $2 from pot
*** SUMMARY ***
Total pot $2 | Rake $0
Seat 3: beng_51 (big blind) collected ($2)
Seat 5: 40 ft cliff (button) (small blind) folded before Flop


PokerStars Hand #161132925810:  Hold'em Limit ($3/$6 USD) - 2016/11/09 6:27:05 ET
Table 'Jutta' 6-max Seat #3 is the button
Seat 3: beng_51 ($182.01 in chips)
Seat 5: 40 ft cliff ($74.62 in chips)
beng_51: posts small blind $1
40 ft cliff: posts big blind $3
*** HOLE CARDS ***
beng_51: raises $3 to $6
40 ft cliff: calls $3
*** FLOP *** [8s Qd 5h]
40 ft cliff: checks
beng_51: bets $3
40 ft cliff: folds
Uncalled bet ($3) returned to beng_51
beng_51 collected $11.76 from pot
*** SUMMARY ***
Total pot $12 | Rake $0.24
Board [8s Qd 5h]
Seat 3: beng_51 (button) (small blind) collected ($11.76)
Seat 5: 40 ft cliff (big blind) folded on the Flop


PokerStars Hand #161132952673:  Hold'em Limit ($3/$6 USD) - 2016/11/09 6:28:05 ET
Table 'Jutta' 6-max Seat #3 is the button
Seat 3: beng_51 ($161.77 in chips)
Seat 5: 40 ft cliff ($93.64 in chips)
beng_51: posts small blind $1
40 ft cliff: posts big blind $3
*** HOLE CARDS ***
beng_51: raises $3 to $6
40 ft cliff: folds
Uncalled bet ($3) returned to beng_51
beng_51 collected $6 from pot
*** SUMMARY ***
Total pot $6 | Rake $0
Seat 3: beng_51 (button) (small blind) collected ($6)
Seat 5: 40 ft cliff (big blind) folded before Flop


PokerStars Hand #161132943137:  Hold'em Limit ($3/$6 USD) - 2016/11/09 6:27:44 ET
Table 'Jutta' 6-max Seat #5 is the button
Seat 3: beng_51 ($173.77 in chips)
Seat 5: 40 ft cliff ($82.12 in chips)
40 ft cliff: posts small blind $1
beng_51: posts big blind $3
*** HOLE CARDS ***
40 ft cliff: raises $3 to $6
beng_51: calls $3
*** FLOP *** [5c 8h 9c]
beng_51: checks
40 ft cliff: checks
*** TURN *** [5c 8h 9c] [6h]
beng_51: bets $6
40 ft cliff: calls $6
*** RIVER *** [5c 8h 9c 6h] [Kh]
SLK500 joins the table at seat #1
beng_51: checks
40 ft cliff: checks
*** SHOW DOWN ***
beng_51: shows [6d 2d] (a pair of Sixes)
40 ft cliff: shows [6s Qc] (a pair of Sixes - King+Queen kicker)
40 ft cliff collected $23.52 from pot
*** SUMMARY ***
Total pot $24 | Rake $0.48
Board [5c 8h 9c 6h Kh]
Seat 3: beng_51 (big blind) showed [6d 2d] and lost with a pair of Sixes
Seat 5: 40 ft cliff (button) (small blind) showed [6s Qc] and won ($23.52) with a pair of Sixes


PokerStars Hand #161133338699:  Hold'em Limit ($3/$6 USD) - 2016/11/09 6:42:01 ET
Table 'Jutta' 6-max Seat #5 is the button
Seat 3: beng_51 ($242.08 in chips)
Seat 5: 40 ft cliff ($92.16 in chips)
40 ft cliff: posts small blind $1
RH8888: is sitting out
beng_51: posts big blind $3
*** HOLE CARDS ***
40 ft cliff: raises $3 to $6
RH8888 leaves the table
beng_51: raises $3 to $9
40 ft cliff: calls $3
*** FLOP *** [3c Td 2c]
beng_51: bets $3
40 ft cliff: raises $3 to $6
beng_51: calls $3
*** TURN *** [3c Td 2c] [4c]
beng_51: checks
40 ft cliff: bets $6
beng_51: calls $6
*** RIVER *** [3c Td 2c 4c] [Qc]
beng_51: checks
40 ft cliff: bets $6
beng_51: calls $6
*** SHOW DOWN ***
40 ft cliff: shows [3s Ac] (a flush, Ace high)
beng_51: mucks hand
40 ft cliff collected $53.50 from pot
*** SUMMARY ***
Total pot $54 | Rake $0.50
Board [3c Td 2c 4c Qc]
Seat 3: beng_51 (big blind) mucked
Seat 5: 40 ft cliff (button) (small blind) showed [3s Ac] and won ($53.50) with a flush, Ace high


PokerStars Hand #161133372217:  Hold'em Limit ($3/$6 USD) - 2016/11/09 6:43:13 ET
Table 'Jutta' 6-max Seat #5 is the button
Seat 3: beng_51 ($218.83 in chips)
Seat 5: 40 ft cliff ($114.41 in chips)
40 ft cliff: posts small blind $1
beng_51: posts big blind $3
*** HOLE CARDS ***
40 ft cliff: raises $3 to $6
beng_51: calls $3
*** FLOP *** [6s Kd 3h]
beng_51: checks
40 ft cliff: bets $3
beng_51: calls $3
*** TURN *** [6s Kd 3h] [Ac]
beng_51: checks
40 ft cliff: checks
*** RIVER *** [6s Kd 3h Ac] [7c]
beng_51: checks
40 ft cliff: checks
*** SHOW DOWN ***
beng_51: shows [Qc 9d] (high card Ace)
40 ft cliff: shows [3c 2c] (a pair of Threes)
40 ft cliff collected $17.64 from pot
*** SUMMARY ***
Total pot $18 | Rake $0.36
Board [6s Kd 3h Ac 7c]
Seat 3: beng_51 (big blind) showed [Qc 9d] and lost with high card Ace
Seat 5: 40 ft cliff (button) (small blind) showed [3c 2c] and won ($17.64) with a pair of Threes


PokerStars Hand #161133365053:  Hold'em Limit ($3/$6 USD) - 2016/11/09 6:42:57 ET
Table 'Jutta' 6-max Seat #5 is the button
Seat 3: beng_51 ($214.83 in chips)
Seat 5: 40 ft cliff ($118.41 in chips)
40 ft cliff: posts small blind $1
beng_51: posts big blind $3
*** HOLE CARDS ***
40 ft cliff: folds
Uncalled bet ($2) returned to beng_51
beng_51 collected $2 from pot
*** SUMMARY ***
Total pot $2 | Rake $0
Seat 3: beng_51 (big blind) collected ($2)
Seat 5: 40 ft cliff (button) (small blind) folded before Flop


PokerStars Hand #161133352988:  Hold'em Limit ($3/$6 USD) - 2016/11/09 6:42:31 ET
Table 'Jutta' 6-max Seat #3 is the button
Seat 3: beng_51 ($215.08 in chips)
Seat 5: 40 ft cliff ($118.66 in chips)
beng_51: posts small blind $1
40 ft cliff: posts big blind $3
*** HOLE CARDS ***
beng_51: raises $3 to $6
40 ft cliff: calls $3
*** FLOP *** [Kd 8h 8d]
40 ft cliff: checks
beng_51: bets $3
40 ft cliff: calls $3
*** TURN *** [Kd 8h 8d] [8c]
40 ft cliff: checks
beng_51: bets $6
40 ft cliff: calls $6
*** RIVER *** [Kd 8h 8d 8c] [2h]
40 ft cliff: checks
beng_51: checks
*** SHOW DOWN ***
40 ft cliff: shows [Qh Th] (three of a kind, Eights)
beng_51: shows [Qc 5d] (three of a kind, Eights)
40 ft cliff collected $14.75 from pot
beng_51 collected $14.75 from pot
*** SUMMARY ***
Total pot $30 | Rake $0.50
Board [Kd 8h 8d 8c 2h]
Seat 3: beng_51 (button) (small blind) showed [Qc 5d] and won ($14.75) with three of a kind, Eights
Seat 5: 40 ft cliff (big blind) showed [Qh Th] and won ($14.75) with three of a kind, Eights


PokerStars Hand #161133367983:  Hold'em Limit ($3/$6 USD) - 2016/11/09 6:43:04 ET
Table 'Jutta' 6-max Seat #3 is the button
Seat 3: beng_51 ($215.83 in chips)
Seat 5: 40 ft cliff ($117.41 in chips)
beng_51: posts small blind $1
40 ft cliff: posts big blind $3
*** HOLE CARDS ***
beng_51: raises $3 to $6
40 ft cliff: folds
Uncalled bet ($3) returned to beng_51
beng_51 collected $6 from pot
*** SUMMARY ***
Total pot $6 | Rake $0
Seat 3: beng_51 (button) (small blind) collected ($6)
Seat 5: 40 ft cliff (big blind) folded before Flop


PokerStars Hand #161133383672:  Hold'em Limit ($3/$6 USD) - 2016/11/09 6:43:37 ET
Table 'Jutta' 6-max Seat #3 is the button
Seat 3: beng_51 ($209.83 in chips)
Seat 5: 40 ft cliff ($123.05 in chips)
beng_51: posts small blind $1
40 ft cliff: posts big blind $3
*** HOLE CARDS ***
SLK500 joins the table at seat #2
beng_51: raises $3 to $6
40 ft cliff: calls $3
*** FLOP *** [As 8h 7s]
40 ft cliff: bets $3
beng_51: calls $3
*** TURN *** [As 8h 7s] [Jh]
40 ft cliff: bets $6
beng_51: folds
Uncalled bet ($6) returned to 40 ft cliff
40 ft cliff collected $17.64 from pot
*** SUMMARY ***
Total pot $18 | Rake $0.36
Board [As 8h 7s Jh]
Seat 3: beng_51 (button) (small blind) folded on the Turn
Seat 5: 40 ft cliff (big blind) collected ($17.64)


PokerStars Hand #161133431089:  Hold'em Limit ($3/$6 USD) - 2016/11/09 6:45:19 ET
Table 'Jutta' 6-max Seat #5 is the button
Seat 3: beng_51 ($193.83 in chips)
Seat 5: 40 ft cliff ($131.15 in chips)
40 ft cliff: posts small blind $1
SLK500: is sitting out
beng_51: posts big blind $3
*** HOLE CARDS ***
40 ft cliff: folds
Uncalled bet ($2) returned to beng_51
beng_51 collected $2 from pot
*** SUMMARY ***
Total pot $2 | Rake $0
Seat 3: beng_51 (big blind) collected ($2)
Seat 5: 40 ft cliff (button) (small blind) folded before Flop


PokerStars Hand #161133434052:  Hold'em Limit ($3/$6 USD) - 2016/11/09 6:45:25 ET
Table 'Jutta' 6-max Seat #3 is the button
Seat 3: beng_51 ($194.83 in chips)
Seat 5: 40 ft cliff ($130.15 in chips)
beng_51: posts small blind $1
40 ft cliff: posts big blind $3
*** HOLE CARDS ***
beng_51: raises $3 to $6
SLK500 leaves the table
40 ft cliff: calls $3
*** FLOP *** [8s 8d 7c]
40 ft cliff: checks
beng_51: bets $3
40 ft cliff: calls $3
*** TURN *** [8s 8d 7c] [Kd]
40 ft cliff: checks
beng_51: checks
*** RIVER *** [8s 8d 7c Kd] [6d]
40 ft cliff: checks
beng_51: checks
*** SHOW DOWN ***
40 ft cliff: shows [5d Ac] (a pair of Eights)
beng_51: shows [Ah 4s] (a pair of Eights)
40 ft cliff collected $8.82 from pot
beng_51 collected $8.82 from pot
*** SUMMARY ***
Total pot $18 | Rake $0.36
Board [8s 8d 7c Kd 6d]
Seat 3: beng_51 (button) (small blind) showed [Ah 4s] and won ($8.82) with a pair of Eights
Seat 5: 40 ft cliff (big blind) showed [5d Ac] and won ($8.82) with a pair of Eights


PokerStars Hand #161133444202:  Hold'em Limit ($3/$6 USD) - 2016/11/09 6:45:47 ET
Table 'Jutta' 6-max Seat #5 is the button
Seat 3: beng_51 ($194.65 in chips)
Seat 5: 40 ft cliff ($129.97 in chips)
40 ft cliff: posts small blind $1
beng_51: posts big blind $3
*** HOLE CARDS ***
40 ft cliff: raises $3 to $6
beng_51: calls $3
*** FLOP *** [8s 3s 5s]
beng_51: checks
40 ft cliff: bets $3
beng_51: raises $3 to $6
40 ft cliff: raises $3 to $9
beng_51: calls $3
*** TURN *** [8s 3s 5s] [6c]
beng_51: bets $6
40 ft cliff: calls $6
*** RIVER *** [8s 3s 5s 6c] [2d]
beng_51: bets $6
40 ft cliff: calls $6
*** SHOW DOWN ***
beng_51: shows [5h 6d] (two pair, Sixes and Fives)
40 ft cliff: mucks hand
beng_51 collected $53.50 from pot
*** SUMMARY ***
Total pot $54 | Rake $0.50
Board [8s 3s 5s 6c 2d]
Seat 3: beng_51 (big blind) showed [5h 6d] and won ($53.50) with two pair, Sixes and Fives
Seat 5: 40 ft cliff (button) (small blind) mucked


PokerStars Hand #161133458234:  Hold'em Limit ($3/$6 USD) - 2016/11/09 6:46:18 ET
Table 'Jutta' 6-max Seat #3 is the button
Seat 3: beng_51 ($221.15 in chips)
Seat 5: 40 ft cliff ($102.97 in chips)
beng_51: posts small blind $1
40 ft cliff: posts big blind $3
*** HOLE CARDS ***
beng_51: raises $3 to $6
40 ft cliff: raises $3 to $9
beng_51: calls $3
*** FLOP *** [4d Ks Ts]
40 ft cliff: bets $3
beng_51: calls $3
*** TURN *** [4d Ks Ts] [2d]
40 ft cliff: bets $6
beng_51: calls $6
*** RIVER *** [4d Ks Ts 2d] [7s]
40 ft cliff: bets $6
beng_51: calls $6
*** SHOW DOWN ***
40 ft cliff: shows [9d 9h] (a pair of Nines)
beng_51: shows [Th Js] (a pair of Tens)
beng_51 collected $47.50 from pot
*** SUMMARY ***
Total pot $48 | Rake $0.50
Board [4d Ks Ts 2d 7s]
Seat 3: beng_51 (button) (small blind) showed [Th Js] and won ($47.50) with a pair of Tens
Seat 5: 40 ft cliff (big blind) showed [9d 9h] and lost with a pair of Nines


PokerStars Hand #161133476455:  Hold'em Limit ($3/$6 USD) - 2016/11/09 6:46:57 ET
Table 'Jutta' 6-max Seat #3 is the button
Seat 3: beng_51 ($253.29 in chips)
Seat 5: 40 ft cliff ($69.97 in chips)
beng_51: posts small blind $1
40 ft cliff: posts big blind $3
*** HOLE CARDS ***
beng_51: raises $3 to $6
40 ft cliff: raises $3 to $9
beng_51: calls $3
*** FLOP *** [3h Ks Ah]
40 ft cliff: bets $3
fire852181 joins the table at seat #2
beng_51: raises $3 to $6
40 ft cliff: calls $3
*** TURN *** [3h Ks Ah] [9c]
40 ft cliff: checks
beng_51: bets $6
40 ft cliff: folds
Uncalled bet ($6) returned to beng_51
beng_51 collected $29.50 from pot
*** SUMMARY ***
Total pot $30 | Rake $0.50
Board [3h Ks Ah 9c]
Seat 3: beng_51 (button) (small blind) collected ($29.50)
Seat 5: 40 ft cliff (big blind) folded on the Turn


PokerStars Hand #161133470053:  Hold'em Limit ($3/$6 USD) - 2016/11/09 6:46:43 ET
Table 'Jutta' 6-max Seat #5 is the button
Seat 3: beng_51 ($244.65 in chips)
Seat 5: 40 ft cliff ($78.97 in chips)
40 ft cliff: posts small blind $1
beng_51: posts big blind $3
*** HOLE CARDS ***
40 ft cliff: raises $3 to $6
beng_51: raises $3 to $9
40 ft cliff: calls $3
*** FLOP *** [6h 2s Ad]
SLK500 joins the table at seat #6
beng_51: bets $3
40 ft cliff: folds
Uncalled bet ($3) returned to beng_51
beng_51 collected $17.64 from pot
*** SUMMARY ***
Total pot $18 | Rake $0.36
Board [6h 2s Ad]
Seat 3: beng_51 (big blind) collected ($17.64)
Seat 5: 40 ft cliff (button) (small blind) folded on the Flop


PokerStars Hand #161134555323:  Hold'em Limit ($3/$6 USD) - 2016/11/09 7:25:11 ET
Table 'Jutta' 6-max Seat #1 is the button
Seat 1: DePokeraap ($94.82 in chips)
Seat 4: Zubrik AnD ($119.03 in chips)
DePokeraap: posts small blind $1
Zubrik AnD: posts big blind $3
*** HOLE CARDS ***
DePokeraap: raises $3 to $6
Zubrik AnD: calls $3
*** FLOP *** [Ks Qd Td]
Zubrik AnD: checks
DePokeraap: bets $3
Zubrik AnD: calls $3
*** TURN *** [Ks Qd Td] [6c]
Zubrik AnD: checks
DePokeraap: bets $6
Zubrik AnD: calls $6
*** RIVER *** [Ks Qd Td 6c] [5h]
Zubrik AnD: checks
DePokeraap: bets $6
Zubrik AnD: calls $6
*** SHOW DOWN ***
DePokeraap: shows [Kc 7d] (a pair of Kings)
Zubrik AnD: shows [Kd 5s] (two pair, Kings and Fives)
Zubrik AnD collected $41.50 from pot
*** SUMMARY ***
Total pot $42 | Rake $0.50
Board [Ks Qd Td 6c 5h]
Seat 1: DePokeraap (button) (small blind) showed [Kc 7d] and lost with a pair of Kings
Seat 4: Zubrik AnD (big blind) showed [Kd 5s] and won ($41.50) with two pair, Kings and Fives


PokerStars Hand #161134547962:  Hold'em Limit ($3/$6 USD) - 2016/11/09 7:24:56 ET
Table 'Jutta' 6-max Seat #4 is the button
Seat 1: DePokeraap ($97.82 in chips)
Seat 4: Zubrik AnD ($116.03 in chips)
Zubrik AnD: posts small blind $1
DePokeraap: posts big blind $3
*** HOLE CARDS ***
Zubrik AnD: raises $3 to $6
DePokeraap: folds
Uncalled bet ($3) returned to Zubrik AnD
Zubrik AnD collected $6 from pot
Zubrik AnD: doesn't show hand
*** SUMMARY ***
Total pot $6 | Rake $0
Seat 1: DePokeraap (big blind) folded before Flop
Seat 4: Zubrik AnD (button) (small blind) collected ($6)


