PokerStars Hand #156898062508:  Hold'em Limit ($3/$6 USD) - 2016/08/05 12:19:59 ET
Table 'Jutta' 6-max Seat #5 is the button
Seat 4: Airbag999 ($149.50 in chips)
Seat 5: Scheubi88 ($90 in chips)
Scheubi88: posts small blind $1
Airbag999: posts big blind $3
*** HOLE CARDS ***
Scheubi88: raises $3 to $6
Airbag999: calls $3
*** FLOP *** [3s 9s 3d]
Airbag999: checks
Scheubi88: bets $3
Airbag999: calls $3
*** TURN *** [3s 9s 3d] [2d]
Airbag999: checks
Scheubi88: bets $6
Airbag999: calls $6
*** RIVER *** [3s 9s 3d 2d] [Jc]
Airbag999: checks
Scheubi88: bets $6
Airbag999: calls $6
*** SHOW DOWN ***
Scheubi88: shows [5c 7s] (a pair of Threes)
Airbag999: shows [5d Ks] (a pair of Threes - King kicker)
Airbag999 collected $41.50 from pot
*** SUMMARY ***
Total pot $42 | Rake $0.50
Board [3s 9s 3d 2d Jc]
Seat 4: Airbag999 (big blind) showed [5d Ks] and won ($41.50) with a pair of Threes
Seat 5: Scheubi88 (button) (small blind) showed [5c 7s] and lost with a pair of Threes


PokerStars Hand #156898040986:  Hold'em Limit ($3/$6 USD) - 2016/08/05 12:19:23 ET
Table 'Jutta' 6-max Seat #4 is the button
Seat 4: Airbag999 ($120 in chips)
Seat 5: Scheubi88 ($120 in chips)
Airbag999: posts small blind $1
Scheubi88: posts big blind $3
*** HOLE CARDS ***
Airbag999: raises $3 to $6
Scheubi88: raises $3 to $9
Airbag999: calls $3
*** FLOP *** [Ts Qs Ac]
Scheubi88: bets $3
Airbag999: calls $3
*** TURN *** [Ts Qs Ac] [5h]
Scheubi88: bets $6
Airbag999: raises $6 to $12
Scheubi88: calls $6
*** RIVER *** [Ts Qs Ac 5h] [Ks]
Scheubi88: checks
Airbag999: bets $6
Scheubi88: calls $6
*** SHOW DOWN ***
Airbag999: shows [8s 3s] (a flush, King high)
Scheubi88: mucks hand
Airbag999 collected $59.50 from pot
*** SUMMARY ***
Total pot $60 | Rake $0.50
Board [Ts Qs Ac 5h Ks]
Seat 4: Airbag999 (button) (small blind) showed [8s 3s] and won ($59.50) with a flush, King high
Seat 5: Scheubi88 (big blind) mucked


PokerStars Hand #156898095218:  Hold'em Limit ($3/$6 USD) - 2016/08/05 12:20:54 ET
Table 'Jutta' 6-max Seat #4 is the button
Seat 4: Airbag999 ($158 in chips)
Seat 5: Scheubi88 ($80.64 in chips)
Airbag999: posts small blind $1
Scheubi88: posts big blind $3
*** HOLE CARDS ***
Airbag999: raises $3 to $6
Scheubi88: raises $3 to $9
Airbag999: calls $3
*** FLOP *** [Td 2s Jh]
Scheubi88: bets $3
Airbag999: folds
Uncalled bet ($3) returned to Scheubi88
Scheubi88 collected $17.64 from pot
Scheubi88: doesn't show hand
*** SUMMARY ***
Total pot $18 | Rake $0.36
Board [Td 2s Jh]
Seat 4: Airbag999 (button) (small blind) folded on the Flop
Seat 5: Scheubi88 (big blind) collected ($17.64)


PokerStars Hand #156898091030:  Hold'em Limit ($3/$6 USD) - 2016/08/05 12:20:47 ET
Table 'Jutta' 6-max Seat #5 is the button
Seat 4: Airbag999 ($161 in chips)
Seat 5: Scheubi88 ($77.64 in chips)
Scheubi88: posts small blind $1
Airbag999: posts big blind $3
*** HOLE CARDS ***
Scheubi88: raises $3 to $6
Airbag999: folds
Uncalled bet ($3) returned to Scheubi88
Scheubi88 collected $6 from pot
Scheubi88: doesn't show hand
*** SUMMARY ***
Total pot $6 | Rake $0
Seat 4: Airbag999 (big blind) folded before Flop
Seat 5: Scheubi88 (button) (small blind) collected ($6)


PokerStars Hand #156898081640:  Hold'em Limit ($3/$6 USD) - 2016/08/05 12:20:31 ET
Table 'Jutta' 6-max Seat #4 is the button
Seat 4: Airbag999 ($170 in chips)
Seat 5: Scheubi88 ($69 in chips)
Airbag999: posts small blind $1
Scheubi88: posts big blind $3
*** HOLE CARDS ***
Airbag999: raises $3 to $6
Scheubi88: raises $3 to $9
Airbag999: calls $3
*** FLOP *** [Qs 3s Tc]
Scheubi88 said, "asian idiot"
Scheubi88: bets $3
Airbag999: folds
Uncalled bet ($3) returned to Scheubi88
Scheubi88 collected $17.64 from pot
Scheubi88: doesn't show hand
*** SUMMARY ***
Total pot $18 | Rake $0.36
Board [Qs 3s Tc]
Seat 4: Airbag999 (button) (small blind) folded on the Flop
Seat 5: Scheubi88 (big blind) collected ($17.64)


PokerStars Hand #156898126979:  Hold'em Limit ($3/$6 USD) - 2016/08/05 12:21:46 ET
Table 'Jutta' 6-max Seat #4 is the button
Seat 4: Airbag999 ($166.50 in chips)
Seat 5: Scheubi88 ($71.28 in chips)
Airbag999: posts small blind $1
Scheubi88: posts big blind $3
*** HOLE CARDS ***
Airbag999: raises $3 to $6
Scheubi88: calls $3
*** FLOP *** [Qc Kh Jd]
Scheubi88: checks
Airbag999: bets $3
Scheubi88: raises $3 to $6
Airbag999: calls $3
*** TURN *** [Qc Kh Jd] [5c]
Scheubi88: bets $6
Airbag999: calls $6
*** RIVER *** [Qc Kh Jd 5c] [5s]
Scheubi88: bets $6
Hannibal2211 joins the table at seat #6
Airbag999: calls $6
*** SHOW DOWN ***
Scheubi88: shows [7c Ts] (a pair of Fives)
Airbag999: shows [4h Qd] (two pair, Queens and Fives)
Airbag999 collected $47.50 from pot
*** SUMMARY ***
Total pot $48 | Rake $0.50
Board [Qc Kh Jd 5c 5s]
Seat 4: Airbag999 (button) (small blind) showed [4h Qd] and won ($47.50) with two pair, Queens and Fives
Seat 5: Scheubi88 (big blind) showed [7c Ts] and lost with a pair of Fives


PokerStars Hand #156898106653:  Hold'em Limit ($3/$6 USD) - 2016/08/05 12:21:13 ET
Table 'Jutta' 6-max Seat #5 is the button
Seat 4: Airbag999 ($149 in chips)
Seat 5: Scheubi88 ($89.28 in chips)
Scheubi88: posts small blind $1
Airbag999: posts big blind $3
*** HOLE CARDS ***
Scheubi88: raises $3 to $6
Airbag999: calls $3
*** FLOP *** [2h Js 7c]
Airbag999: checks
Scheubi88: bets $3
Airbag999: raises $3 to $6
Scheubi88: calls $3
*** TURN *** [2h Js 7c] [Ah]
Airbag999: checks
Scheubi88: checks
*** RIVER *** [2h Js 7c Ah] [Ad]
Airbag999: bets $6
Scheubi88: calls $6
*** SHOW DOWN ***
Airbag999: shows [9s 9h] (two pair, Aces and Nines)
Scheubi88: mucks hand
Airbag999 collected $35.50 from pot
*** SUMMARY ***
Total pot $36 | Rake $0.50
Board [2h Js 7c Ah Ad]
Seat 4: Airbag999 (big blind) showed [9s 9h] and won ($35.50) with two pair, Aces and Nines
Seat 5: Scheubi88 (button) (small blind) mucked


