PokerStars Hand #163130338028:  Hold'em Limit ($3/$6 USD) - 2016/12/18 7:43:47 ET
Table 'Kacivelia II' 6-max Seat #6 is the button
Seat 2: AzureCaper ($72 in chips)
Seat 6: Yordan34b20 ($119.02 in chips)
RJF1943 will be allowed to play after the button
Yordan34b20: posts small blind $1
ogdealer joins the table at seat #4
luxsheriff is disconnected
O>_Fu_<O joins the table at seat #5
luxsheriff has timed out while disconnected
luxsheriff: is sitting out
AzureCaper: posts big blind $3
*** HOLE CARDS ***
Yordan34b20: raises $3 to $6
AzureCaper: calls $3
*** FLOP *** [4h 5d Ac]
AzureCaper: checks
Yordan34b20: checks
*** TURN *** [4h 5d Ac] [3h]
AzureCaper: checks
Yordan34b20: checks
*** RIVER *** [4h 5d Ac 3h] [8c]
AzureCaper: checks
Yordan34b20: checks
*** SHOW DOWN ***
AzureCaper: shows [Td 9s] (high card Ace)
Yordan34b20: shows [Kh Tc] (high card Ace - King kicker)
Yordan34b20 collected $11.76 from pot
*** SUMMARY ***
Total pot $12 | Rake $0.24
Board [4h 5d Ac 3h 8c]
Seat 2: AzureCaper (big blind) showed [Td 9s] and lost with high card Ace
Seat 6: Yordan34b20 (button) (small blind) showed [Kh Tc] and won ($11.76) with high card Ace


PokerStars Hand #163138930738:  Hold'em Limit ($3/$6 USD) - 2016/12/18 10:58:44 ET
Table 'Kacivelia II' 6-max Seat #4 is the button
Seat 4: Drik89 ($92.06 in chips)
Seat 5: jacobkimm ($206.65 in chips)
Drik89: posts small blind $1
jacobkimm: posts big blind $3
*** HOLE CARDS ***
Drik89: folds
Uncalled bet ($2) returned to jacobkimm
jacobkimm collected $2 from pot
*** SUMMARY ***
Total pot $2 | Rake $0
Seat 4: Drik89 (button) (small blind) folded before Flop
Seat 5: jacobkimm (big blind) collected ($2)


PokerStars Hand #163138924021:  Hold'em Limit ($3/$6 USD) - 2016/12/18 10:58:34 ET
Table 'Kacivelia II' 6-max Seat #5 is the button
Seat 4: Drik89 ($91.06 in chips)
Seat 5: jacobkimm ($207.65 in chips)
jacobkimm: posts small blind $1
Drik89: posts big blind $3
*** HOLE CARDS ***
jacobkimm: folds
Uncalled bet ($2) returned to Drik89
Drik89 collected $2 from pot
Drik89: doesn't show hand
*** SUMMARY ***
Total pot $2 | Rake $0
Seat 4: Drik89 (big blind) collected ($2)
Seat 5: jacobkimm (button) (small blind) folded before Flop


