PokerStars Hand #172341800672:  Hold'em Limit ($3/$6 USD) - 2017/06/28 9:02:20 ET
Table 'Kajam' 6-max Seat #5 is the button
Seat 3: Kimberlyaa ($111.88 in chips)
Seat 5: AzureCaper ($72 in chips)
AzureCaper: posts small blind $1
Kimberlyaa: posts big blind $3
*** HOLE CARDS ***
AzureCaper: raises $3 to $6
Kimberlyaa: folds
Uncalled bet ($3) returned to AzureCaper
AzureCaper collected $6 from pot
AzureCaper: doesn't show hand
*** SUMMARY ***
Total pot $6 | Rake $0
Seat 3: Kimberlyaa (big blind) folded before Flop
Seat 5: AzureCaper (button) (small blind) collected ($6)


PokerStars Hand #172341789168:  Hold'em Limit ($3/$6 USD) - 2017/06/28 9:01:56 ET
Table 'Kajam' 6-max Seat #3 is the button
Seat 3: Kimberlyaa ($103.24 in chips)
Seat 5: AzureCaper ($72 in chips)
Anchig: is sitting out
Kimberlyaa: posts small blind $1
AzureCaper: posts big blind $3
*** HOLE CARDS ***
Kimberlyaa: raises $3 to $6
AzureCaper: calls $3
*** FLOP *** [7s 6h 5h]
AzureCaper: checks
Kimberlyaa: bets $3
AzureCaper: calls $3
*** TURN *** [7s 6h 5h] [Ts]
AzureCaper: checks
Kimberlyaa: checks
*** RIVER *** [7s 6h 5h Ts] [Kh]
AzureCaper: checks
Kimberlyaa: checks
*** SHOW DOWN ***
AzureCaper: shows [As 5d] (a pair of Fives)
Kimberlyaa: shows [6d Ad] (a pair of Sixes)
Kimberlyaa collected $17.64 from pot
*** SUMMARY ***
Total pot $18 | Rake $0.36
Board [7s 6h 5h Ts Kh]
Seat 3: Kimberlyaa (button) (small blind) showed [6d Ad] and won ($17.64) with a pair of Sixes
Seat 5: AzureCaper (big blind) showed [As 5d] and lost with a pair of Fives


PokerStars Hand #172341805746:  Hold'em Limit ($3/$6 USD) - 2017/06/28 9:02:31 ET
Table 'Kajam' 6-max Seat #5 is the button
Seat 3: Kimberlyaa ($111.88 in chips)
Seat 5: AzureCaper ($72 in chips)
AzureCaper: posts small blind $1
Kimberlyaa: posts big blind $3
*** HOLE CARDS ***
AzureCaper: folds
Uncalled bet ($2) returned to Kimberlyaa
Kimberlyaa collected $2 from pot
Kimberlyaa: doesn't show hand
*** SUMMARY ***
Total pot $2 | Rake $0
Seat 3: Kimberlyaa (big blind) collected ($2)
Seat 5: AzureCaper (button) (small blind) folded before Flop


PokerStars Hand #172341803638:  Hold'em Limit ($3/$6 USD) - 2017/06/28 9:02:26 ET
Table 'Kajam' 6-max Seat #3 is the button
Seat 3: Kimberlyaa ($108.88 in chips)
Seat 5: AzureCaper ($75 in chips)
Kimberlyaa: posts small blind $1
AzureCaper: posts big blind $3
*** HOLE CARDS ***
Kimberlyaa: raises $3 to $6
AzureCaper: folds
Uncalled bet ($3) returned to Kimberlyaa
Kimberlyaa collected $6 from pot
Kimberlyaa: doesn't show hand
*** SUMMARY ***
Total pot $6 | Rake $0
Seat 3: Kimberlyaa (button) (small blind) collected ($6)
Seat 5: AzureCaper (big blind) folded before Flop


PokerStars Hand #172341808065:  Hold'em Limit ($3/$6 USD) - 2017/06/28 9:02:36 ET
Table 'Kajam' 6-max Seat #3 is the button
Seat 3: Kimberlyaa ($112.88 in chips)
Seat 5: AzureCaper ($72 in chips)
Kimberlyaa: posts small blind $1
AzureCaper: posts big blind $3
*** HOLE CARDS ***
Kimberlyaa: raises $3 to $6
AzureCaper: calls $3
*** FLOP *** [Ts 5s 2c]
AzureCaper: checks
Kimberlyaa: checks
*** TURN *** [Ts 5s 2c] [8h]
AzureCaper: bets $6
Kimberlyaa: calls $6
*** RIVER *** [Ts 5s 2c 8h] [5d]
AzureCaper: bets $6
Kimberlyaa: folds
Uncalled bet ($6) returned to AzureCaper
AzureCaper collected $23.52 from pot
AzureCaper: doesn't show hand
*** SUMMARY ***
Total pot $24 | Rake $0.48
Board [Ts 5s 2c 8h 5d]
Seat 3: Kimberlyaa (button) (small blind) folded on the River
Seat 5: AzureCaper (big blind) collected ($23.52)


PokerStars Hand #172341816065:  Hold'em Limit ($3/$6 USD) - 2017/06/28 9:02:53 ET
Table 'Kajam' 6-max Seat #5 is the button
Seat 3: Kimberlyaa ($100.88 in chips)
Seat 5: AzureCaper ($83.52 in chips)
AzureCaper: posts small blind $1
Kimberlyaa: posts big blind $3
*** HOLE CARDS ***
AzureCaper: raises $3 to $6
Kimberlyaa: raises $3 to $9
AzureCaper: calls $3
*** FLOP *** [5d 3s Ks]
Kimberlyaa: checks
AzureCaper: bets $3
Kimberlyaa: raises $3 to $6
AzureCaper: folds
Uncalled bet ($3) returned to Kimberlyaa
Kimberlyaa collected $23.52 from pot
Kimberlyaa: doesn't show hand
*** SUMMARY ***
Total pot $24 | Rake $0.48
Board [5d 3s Ks]
Seat 3: Kimberlyaa (big blind) collected ($23.52)
Seat 5: AzureCaper (button) (small blind) folded on the Flop


PokerStars Hand #172341822090:  Hold'em Limit ($3/$6 USD) - 2017/06/28 9:03:05 ET
Table 'Kajam' 6-max Seat #3 is the button
Seat 3: Kimberlyaa ($112.40 in chips)
Seat 5: AzureCaper ($72 in chips)
Kimberlyaa: posts small blind $1
AzureCaper: posts big blind $3
*** HOLE CARDS ***
Kimberlyaa: raises $3 to $6
AzureCaper: folds
Uncalled bet ($3) returned to Kimberlyaa
Kimberlyaa collected $6 from pot
Kimberlyaa: doesn't show hand
*** SUMMARY ***
Total pot $6 | Rake $0
Seat 3: Kimberlyaa (button) (small blind) collected ($6)
Seat 5: AzureCaper (big blind) folded before Flop


PokerStars Hand #172341833362:  Hold'em Limit ($3/$6 USD) - 2017/06/28 9:03:29 ET
Table 'Kajam' 6-max Seat #3 is the button
Seat 3: Kimberlyaa ($129.90 in chips)
Seat 5: AzureCaper ($72 in chips)
Kimberlyaa: posts small blind $1
AzureCaper: posts big blind $3
*** HOLE CARDS ***
Kimberlyaa: folds
Uncalled bet ($2) returned to AzureCaper
AzureCaper collected $2 from pot
AzureCaper: doesn't show hand
*** SUMMARY ***
Total pot $2 | Rake $0
Seat 3: Kimberlyaa (button) (small blind) folded before Flop
Seat 5: AzureCaper (big blind) collected ($2)


PokerStars Hand #172341825124:  Hold'em Limit ($3/$6 USD) - 2017/06/28 9:03:12 ET
Table 'Kajam' 6-max Seat #5 is the button
Seat 3: Kimberlyaa ($115.40 in chips)
Seat 5: AzureCaper ($72 in chips)
AzureCaper: posts small blind $1
Kimberlyaa: posts big blind $3
*** HOLE CARDS ***
AzureCaper: raises $3 to $6
Kimberlyaa: calls $3
*** FLOP *** [9d 5d Qs]
Kimberlyaa: checks
AzureCaper: bets $3
Kimberlyaa: calls $3
*** TURN *** [9d 5d Qs] [2h]
Kimberlyaa: bets $6
AzureCaper: calls $6
*** RIVER *** [9d 5d Qs 2h] [6h]
Kimberlyaa: bets $6
AzureCaper: folds
Uncalled bet ($6) returned to Kimberlyaa
Kimberlyaa collected $29.50 from pot
Kimberlyaa: doesn't show hand
*** SUMMARY ***
Total pot $30 | Rake $0.50
Board [9d 5d Qs 2h 6h]
Seat 3: Kimberlyaa (big blind) collected ($29.50)
Seat 5: AzureCaper (button) (small blind) folded on the River


PokerStars Hand #172341852840:  Hold'em Limit ($3/$6 USD) - 2017/06/28 9:04:10 ET
Table 'Kajam' 6-max Seat #3 is the button
Seat 3: Kimberlyaa ($154.90 in chips)
Seat 5: AzureCaper ($75 in chips)
Kimberlyaa: posts small blind $1
AzureCaper: posts big blind $3
*** HOLE CARDS ***
Kimberlyaa: raises $3 to $6
AzureCaper: calls $3
*** FLOP *** [5c 4h 5h]
AzureCaper: checks
Kimberlyaa: checks
*** TURN *** [5c 4h 5h] [Kh]
AzureCaper: checks
Kimberlyaa: bets $6
AzureCaper: folds
Uncalled bet ($6) returned to Kimberlyaa
Kimberlyaa collected $11.76 from pot
Kimberlyaa: doesn't show hand
*** SUMMARY ***
Total pot $12 | Rake $0.24
Board [5c 4h 5h Kh]
Seat 3: Kimberlyaa (button) (small blind) collected ($11.76)
Seat 5: AzureCaper (big blind) folded on the Turn


PokerStars Hand #172341850389:  Hold'em Limit ($3/$6 USD) - 2017/06/28 9:04:05 ET
Table 'Kajam' 6-max Seat #5 is the button
Seat 3: Kimberlyaa ($157.90 in chips)
Seat 5: AzureCaper ($72 in chips)
AzureCaper: posts small blind $1
Kimberlyaa: posts big blind $3
*** HOLE CARDS ***
AzureCaper: raises $3 to $6
Kimberlyaa: folds
Uncalled bet ($3) returned to AzureCaper
AzureCaper collected $6 from pot
AzureCaper: doesn't show hand
*** SUMMARY ***
Total pot $6 | Rake $0
Seat 3: Kimberlyaa (big blind) folded before Flop
Seat 5: AzureCaper (button) (small blind) collected ($6)


PokerStars Hand #172341843267:  Hold'em Limit ($3/$6 USD) - 2017/06/28 9:03:50 ET
Table 'Kajam' 6-max Seat #3 is the button
Seat 3: Kimberlyaa ($143.40 in chips)
Seat 5: AzureCaper ($72 in chips)
Kimberlyaa: posts small blind $1
AzureCaper: posts big blind $3
*** HOLE CARDS ***
Kimberlyaa: calls $2
AzureCaper: raises $3 to $6
Kimberlyaa: calls $3
*** FLOP *** [2d 6s 5s]
AzureCaper: bets $3
Kimberlyaa: calls $3
*** TURN *** [2d 6s 5s] [4c]
AzureCaper: bets $6
Kimberlyaa: calls $6
*** RIVER *** [2d 6s 5s 4c] [9s]
AzureCaper: checks
Kimberlyaa: checks
*** SHOW DOWN ***
AzureCaper: shows [Kh Ah] (high card Ace)
Kimberlyaa: shows [7h 4h] (a pair of Fours)
Kimberlyaa collected $29.50 from pot
*** SUMMARY ***
Total pot $30 | Rake $0.50
Board [2d 6s 5s 4c 9s]
Seat 3: Kimberlyaa (button) (small blind) showed [7h 4h] and won ($29.50) with a pair of Fours
Seat 5: AzureCaper (big blind) showed [Kh Ah] and lost with high card Ace


PokerStars Hand #172341835864:  Hold'em Limit ($3/$6 USD) - 2017/06/28 9:03:35 ET
Table 'Kajam' 6-max Seat #5 is the button
Seat 3: Kimberlyaa ($128.90 in chips)
Seat 5: AzureCaper ($73 in chips)
AzureCaper: posts small blind $1
Kimberlyaa: posts big blind $3
*** HOLE CARDS ***
AzureCaper: raises $3 to $6
Kimberlyaa: calls $3
*** FLOP *** [Ts Jd Qh]
Kimberlyaa: checks
AzureCaper: bets $3
Kimberlyaa: calls $3
*** TURN *** [Ts Jd Qh] [6s]
Kimberlyaa: checks
AzureCaper: checks
*** RIVER *** [Ts Jd Qh 6s] [4c]
Kimberlyaa: checks
AzureCaper: bets $6
Kimberlyaa: calls $6
*** SHOW DOWN ***
AzureCaper: shows [7c 8h] (high card Queen)
Kimberlyaa: shows [9c Ad] (high card Ace)
Kimberlyaa collected $29.50 from pot
*** SUMMARY ***
Total pot $30 | Rake $0.50
Board [Ts Jd Qh 6s 4c]
Seat 3: Kimberlyaa (big blind) showed [9c Ad] and won ($29.50) with high card Ace
Seat 5: AzureCaper (button) (small blind) showed [7c 8h] and lost with high card Queen


PokerStars Hand #172341862388:  Hold'em Limit ($3/$6 USD) - 2017/06/28 9:04:31 ET
Table 'Kajam' 6-max Seat #3 is the button
Seat 3: Kimberlyaa ($161.66 in chips)
Seat 5: AzureCaper ($72 in chips)
Kimberlyaa: posts small blind $1
AzureCaper: posts big blind $3
*** HOLE CARDS ***
Kimberlyaa: folds
Uncalled bet ($2) returned to AzureCaper
HAL9QQQ joins the table at seat #6
AzureCaper collected $2 from pot
AzureCaper: doesn't show hand
*** SUMMARY ***
Total pot $2 | Rake $0
Seat 3: Kimberlyaa (button) (small blind) folded before Flop
Seat 5: AzureCaper (big blind) collected ($2)


PokerStars Hand #172341860154:  Hold'em Limit ($3/$6 USD) - 2017/06/28 9:04:26 ET
Table 'Kajam' 6-max Seat #5 is the button
Seat 3: Kimberlyaa ($160.66 in chips)
Seat 5: AzureCaper ($72 in chips)
AzureCaper: posts small blind $1
Kimberlyaa: posts big blind $3
*** HOLE CARDS ***
AzureCaper: folds
Uncalled bet ($2) returned to Kimberlyaa
Kimberlyaa collected $2 from pot
Kimberlyaa: doesn't show hand
*** SUMMARY ***
Total pot $2 | Rake $0
Seat 3: Kimberlyaa (big blind) collected ($2)
Seat 5: AzureCaper (button) (small blind) folded before Flop


