PokerStars Hand #145914153076:  Hold'em Limit ($3/$6 USD) - 2015/12/25 16:55:40 ET
Table 'Kajaani' 2-max Seat #1 is the button
Seat 1: SmellyToes4u ($128 in chips)
Seat 2: MobutuSeSe ($115 in chips)
SmellyToes4u: posts small blind $1
MobutuSeSe: posts big blind $3
*** HOLE CARDS ***
SmellyToes4u: raises $3 to $6
MobutuSeSe: calls $3
*** FLOP *** [7s 8c 4c]
MobutuSeSe: bets $3
SmellyToes4u: raises $3 to $6
MobutuSeSe: calls $3
*** TURN *** [7s 8c 4c] [Jh]
MobutuSeSe: checks
SmellyToes4u: checks
*** RIVER *** [7s 8c 4c Jh] [6d]
MobutuSeSe: checks
SmellyToes4u: bets $6
MobutuSeSe: folds
Uncalled bet ($6) returned to SmellyToes4u
SmellyToes4u collected $23.52 from pot
SmellyToes4u: doesn't show hand
*** SUMMARY ***
Total pot $24 | Rake $0.48
Board [7s 8c 4c Jh 6d]
Seat 1: SmellyToes4u (button) (small blind) collected ($23.52)
Seat 2: MobutuSeSe (big blind) folded on the River


PokerStars Hand #145914179336:  Hold'em Limit ($3/$6 USD) - 2015/12/25 16:56:16 ET
Table 'Kajaani' 2-max Seat #2 is the button
Seat 1: SmellyToes4u ($139.52 in chips)
Seat 2: MobutuSeSe ($103 in chips)
MobutuSeSe: posts small blind $1
SmellyToes4u: posts big blind $3
*** HOLE CARDS ***
MobutuSeSe: raises $3 to $6
SmellyToes4u: calls $3
*** FLOP *** [Tc Qs Qd]
SmellyToes4u: checks
MobutuSeSe: bets $3
SmellyToes4u: calls $3
*** TURN *** [Tc Qs Qd] [Js]
SmellyToes4u: checks
MobutuSeSe: bets $6
SmellyToes4u: calls $6
*** RIVER *** [Tc Qs Qd Js] [4c]
SmellyToes4u: checks
MobutuSeSe: bets $6
SmellyToes4u: calls $6
*** SHOW DOWN ***
MobutuSeSe: shows [9h Qh] (three of a kind, Queens)
SmellyToes4u: mucks hand
MobutuSeSe collected $41.50 from pot
*** SUMMARY ***
Total pot $42 | Rake $0.50
Board [Tc Qs Qd Js 4c]
Seat 1: SmellyToes4u (big blind) mucked
Seat 2: MobutuSeSe (button) (small blind) showed [9h Qh] and won ($41.50) with three of a kind, Queens


PokerStars Hand #145914197791:  Hold'em Limit ($3/$6 USD) - 2015/12/25 16:56:42 ET
Table 'Kajaani' 2-max Seat #1 is the button
Seat 1: SmellyToes4u ($118.52 in chips)
Seat 2: MobutuSeSe ($123.50 in chips)
SmellyToes4u: posts small blind $1
MobutuSeSe: posts big blind $3
*** HOLE CARDS ***
SmellyToes4u: raises $3 to $6
MobutuSeSe: calls $3
*** FLOP *** [Kc 3s 4c]
MobutuSeSe: checks
SmellyToes4u: bets $3
MobutuSeSe: folds
Uncalled bet ($3) returned to SmellyToes4u
SmellyToes4u collected $11.76 from pot
SmellyToes4u: doesn't show hand
*** SUMMARY ***
Total pot $12 | Rake $0.24
Board [Kc 3s 4c]
Seat 1: SmellyToes4u (button) (small blind) collected ($11.76)
Seat 2: MobutuSeSe (big blind) folded on the Flop


PokerStars Hand #145914257687:  Hold'em Limit ($3/$6 USD) - 2015/12/25 16:58:04 ET
Table 'Kajaani' 2-max Seat #2 is the button
Seat 1: SmellyToes4u ($103.92 in chips)
Seat 2: MobutuSeSe ($136.64 in chips)
MobutuSeSe: posts small blind $1
SmellyToes4u: posts big blind $3
*** HOLE CARDS ***
MobutuSeSe: folds
Uncalled bet ($2) returned to SmellyToes4u
SmellyToes4u collected $2 from pot
*** SUMMARY ***
Total pot $2 | Rake $0
Seat 1: SmellyToes4u (big blind) collected ($2)
Seat 2: MobutuSeSe (button) (small blind) folded before Flop


PokerStars Hand #145914246431:  Hold'em Limit ($3/$6 USD) - 2015/12/25 16:57:49 ET
Table 'Kajaani' 2-max Seat #1 is the button
Seat 1: SmellyToes4u ($95.28 in chips)
Seat 2: MobutuSeSe ($145.64 in chips)
SmellyToes4u: posts small blind $1
MobutuSeSe: posts big blind $3
*** HOLE CARDS ***
SmellyToes4u: raises $3 to $6
MobutuSeSe: calls $3
*** FLOP *** [4d 6h 9c]
MobutuSeSe: checks
SmellyToes4u: bets $3
MobutuSeSe: calls $3
*** TURN *** [4d 6h 9c] [7s]
MobutuSeSe: checks
SmellyToes4u: bets $6
MobutuSeSe: folds
Uncalled bet ($6) returned to SmellyToes4u
SmellyToes4u collected $17.64 from pot
SmellyToes4u: doesn't show hand
*** SUMMARY ***
Total pot $18 | Rake $0.36
Board [4d 6h 9c 7s]
Seat 1: SmellyToes4u (button) (small blind) collected ($17.64)
Seat 2: MobutuSeSe (big blind) folded on the Turn


PokerStars Hand #145914242974:  Hold'em Limit ($3/$6 USD) - 2015/12/25 16:57:44 ET
Table 'Kajaani' 2-max Seat #2 is the button
Seat 1: SmellyToes4u ($94.28 in chips)
Seat 2: MobutuSeSe ($146.64 in chips)
MobutuSeSe: posts small blind $1
SmellyToes4u: posts big blind $3
*** HOLE CARDS ***
MobutuSeSe: folds
Uncalled bet ($2) returned to SmellyToes4u
SmellyToes4u collected $2 from pot
SmellyToes4u: doesn't show hand
*** SUMMARY ***
Total pot $2 | Rake $0
Seat 1: SmellyToes4u (big blind) collected ($2)
Seat 2: MobutuSeSe (button) (small blind) folded before Flop


PokerStars Hand #145914225085:  Hold'em Limit ($3/$6 USD) - 2015/12/25 16:57:19 ET
Table 'Kajaani' 2-max Seat #1 is the button
Seat 1: SmellyToes4u ($115.28 in chips)
Seat 2: MobutuSeSe ($126.14 in chips)
SmellyToes4u: posts small blind $1
MobutuSeSe: posts big blind $3
*** HOLE CARDS ***
SmellyToes4u: raises $3 to $6
MobutuSeSe: calls $3
*** FLOP *** [4c 4s Jc]
MobutuSeSe: checks
SmellyToes4u: bets $3
MobutuSeSe: calls $3
*** TURN *** [4c 4s Jc] [6d]
MobutuSeSe: checks
SmellyToes4u: bets $6
MobutuSeSe: calls $6
*** RIVER *** [4c 4s Jc 6d] [Th]
MobutuSeSe: checks
SmellyToes4u: bets $6
MobutuSeSe: calls $6
*** SHOW DOWN ***
SmellyToes4u: shows [7d 6c] (two pair, Sixes and Fours)
MobutuSeSe: shows [Tc Kh] (two pair, Tens and Fours)
MobutuSeSe collected $41.50 from pot
*** SUMMARY ***
Total pot $42 | Rake $0.50
Board [4c 4s Jc 6d Th]
Seat 1: SmellyToes4u (button) (small blind) showed [7d 6c] and lost with two pair, Sixes and Fours
Seat 2: MobutuSeSe (big blind) showed [Tc Kh] and won ($41.50) with two pair, Tens and Fours


PokerStars Hand #145914211133:  Hold'em Limit ($3/$6 USD) - 2015/12/25 16:57:00 ET
Table 'Kajaani' 2-max Seat #2 is the button
Seat 1: SmellyToes4u ($124.28 in chips)
Seat 2: MobutuSeSe ($117.50 in chips)
MobutuSeSe: posts small blind $1
SmellyToes4u: posts big blind $3
*** HOLE CARDS ***
MobutuSeSe: raises $3 to $6
SmellyToes4u: calls $3
*** FLOP *** [9h Td 6h]
SmellyToes4u: checks
MobutuSeSe: bets $3
SmellyToes4u: calls $3
*** TURN *** [9h Td 6h] [7s]
SmellyToes4u: checks
MobutuSeSe: bets $6
SmellyToes4u: folds
Uncalled bet ($6) returned to MobutuSeSe
MobutuSeSe collected $17.64 from pot
MobutuSeSe: doesn't show hand
*** SUMMARY ***
Total pot $18 | Rake $0.36
Board [9h Td 6h 7s]
Seat 1: SmellyToes4u (big blind) folded on the Turn
Seat 2: MobutuSeSe (button) (small blind) collected ($17.64)


PokerStars Hand #145914294458:  Hold'em Limit ($3/$6 USD) - 2015/12/25 16:58:55 ET
Table 'Kajaani' 2-max Seat #2 is the button
Seat 1: SmellyToes4u ($65.92 in chips)
Seat 2: MobutuSeSe ($173.66 in chips)
MobutuSeSe: posts small blind $1
SmellyToes4u: posts big blind $3
*** HOLE CARDS ***
MobutuSeSe: raises $3 to $6
SmellyToes4u: calls $3
*** FLOP *** [Kd Qd 2s]
SmellyToes4u: checks
MobutuSeSe: bets $3
SmellyToes4u: folds
Uncalled bet ($3) returned to MobutuSeSe
MobutuSeSe collected $11.76 from pot
MobutuSeSe: doesn't show hand
*** SUMMARY ***
Total pot $12 | Rake $0.24
Board [Kd Qd 2s]
Seat 1: SmellyToes4u (big blind) folded on the Flop
Seat 2: MobutuSeSe (button) (small blind) collected ($11.76)


PokerStars Hand #145914277871:  Hold'em Limit ($3/$6 USD) - 2015/12/25 16:58:32 ET
Table 'Kajaani' 2-max Seat #1 is the button
Seat 1: SmellyToes4u ($95.92 in chips)
Seat 2: MobutuSeSe ($144.16 in chips)
SmellyToes4u: posts small blind $1
MobutuSeSe: posts big blind $3
*** HOLE CARDS ***
SmellyToes4u: raises $3 to $6
MobutuSeSe: raises $3 to $9
SmellyToes4u: calls $3
*** FLOP *** [Ac Ad 9h]
MobutuSeSe: bets $3
SmellyToes4u: calls $3
*** TURN *** [Ac Ad 9h] [5d]
MobutuSeSe: bets $6
SmellyToes4u: calls $6
*** RIVER *** [Ac Ad 9h 5d] [3c]
MobutuSeSe: checks
SmellyToes4u: bets $6
MobutuSeSe: raises $6 to $12
SmellyToes4u: calls $6
*** SHOW DOWN ***
MobutuSeSe: shows [Ts Th] (two pair, Aces and Tens)
SmellyToes4u: mucks hand
MobutuSeSe collected $59.50 from pot
*** SUMMARY ***
Total pot $60 | Rake $0.50
Board [Ac Ad 9h 5d 3c]
Seat 1: SmellyToes4u (button) (small blind) mucked
Seat 2: MobutuSeSe (big blind) showed [Ts Th] and won ($59.50) with two pair, Aces and Tens


PokerStars Hand #145914264526:  Hold'em Limit ($3/$6 USD) - 2015/12/25 16:58:14 ET
Table 'Kajaani' 2-max Seat #2 is the button
Seat 1: SmellyToes4u ($107.92 in chips)
Seat 2: MobutuSeSe ($132.64 in chips)
MobutuSeSe: posts small blind $1
SmellyToes4u: posts big blind $3
*** HOLE CARDS ***
MobutuSeSe: raises $3 to $6
SmellyToes4u: calls $3
*** FLOP *** [6c 9d Qc]
SmellyToes4u: checks
MobutuSeSe: checks
*** TURN *** [6c 9d Qc] [Ks]
SmellyToes4u: checks
MobutuSeSe: bets $6
SmellyToes4u: calls $6
*** RIVER *** [6c 9d Qc Ks] [2h]
SmellyToes4u: checks
MobutuSeSe: bets $6
SmellyToes4u: folds
Uncalled bet ($6) returned to MobutuSeSe
MobutuSeSe collected $23.52 from pot
MobutuSeSe: doesn't show hand
*** SUMMARY ***
Total pot $24 | Rake $0.48
Board [6c 9d Qc Ks 2h]
Seat 1: SmellyToes4u (big blind) folded on the River
Seat 2: MobutuSeSe (button) (small blind) collected ($23.52)


PokerStars Hand #145914260825:  Hold'em Limit ($3/$6 USD) - 2015/12/25 16:58:09 ET
Table 'Kajaani' 2-max Seat #1 is the button
Seat 1: SmellyToes4u ($104.92 in chips)
Seat 2: MobutuSeSe ($135.64 in chips)
SmellyToes4u: posts small blind $1
MobutuSeSe: posts big blind $3
*** HOLE CARDS ***
SmellyToes4u: raises $3 to $6
MobutuSeSe: folds
Uncalled bet ($3) returned to SmellyToes4u
SmellyToes4u collected $6 from pot
SmellyToes4u: doesn't show hand
*** SUMMARY ***
Total pot $6 | Rake $0
Seat 1: SmellyToes4u (button) (small blind) collected ($6)
Seat 2: MobutuSeSe (big blind) folded before Flop


PokerStars Hand #145914302244:  Hold'em Limit ($3/$6 USD) - 2015/12/25 16:59:05 ET
Table 'Kajaani' 2-max Seat #1 is the button
Seat 1: SmellyToes4u ($59.92 in chips)
Seat 2: MobutuSeSe ($179.42 in chips)
SmellyToes4u: posts small blind $1
MobutuSeSe: posts big blind $3
*** HOLE CARDS ***
SmellyToes4u: raises $3 to $6
MobutuSeSe: calls $3
*** FLOP *** [Kd 5s 6d]
MobutuSeSe: checks
SmellyToes4u: bets $3
MobutuSeSe: calls $3
*** TURN *** [Kd 5s 6d] [Qc]
MobutuSeSe: checks
SmellyToes4u: bets $6
MobutuSeSe: calls $6
*** RIVER *** [Kd 5s 6d Qc] [Qd]
MobutuSeSe: checks
SmellyToes4u: bets $6
MobutuSeSe: calls $6
*** SHOW DOWN ***
SmellyToes4u: shows [Th Kc] (two pair, Kings and Queens)
MobutuSeSe: mucks hand
SmellyToes4u collected $41.50 from pot
*** SUMMARY ***
Total pot $42 | Rake $0.50
Board [Kd 5s 6d Qc Qd]
Seat 1: SmellyToes4u (button) (small blind) showed [Th Kc] and won ($41.50) with two pair, Kings and Queens
Seat 2: MobutuSeSe (big blind) mucked


PokerStars Hand #145914320122:  Hold'em Limit ($3/$6 USD) - 2015/12/25 16:59:30 ET
Table 'Kajaani' 2-max Seat #2 is the button
Seat 1: SmellyToes4u ($80.42 in chips)
Seat 2: MobutuSeSe ($158.42 in chips)
MobutuSeSe: posts small blind $1
SmellyToes4u: posts big blind $3
*** HOLE CARDS ***
MobutuSeSe: raises $3 to $6
SmellyToes4u: calls $3
*** FLOP *** [4c 3d Jc]
SmellyToes4u: checks
MobutuSeSe: bets $3
SmellyToes4u: calls $3
*** TURN *** [4c 3d Jc] [8c]
SmellyToes4u: checks
MobutuSeSe: bets $6
SmellyToes4u: folds
Uncalled bet ($6) returned to MobutuSeSe
MobutuSeSe collected $17.64 from pot
MobutuSeSe: doesn't show hand
*** SUMMARY ***
Total pot $18 | Rake $0.36
Board [4c 3d Jc 8c]
Seat 1: SmellyToes4u (big blind) folded on the Turn
Seat 2: MobutuSeSe (button) (small blind) collected ($17.64)


PokerStars Hand #145914353816:  Hold'em Limit ($3/$6 USD) - 2015/12/25 17:00:15 ET
Table 'Kajaani' 2-max Seat #1 is the button
Seat 1: SmellyToes4u ($63.42 in chips)
Seat 2: MobutuSeSe ($174.70 in chips)
SmellyToes4u: posts small blind $1
MobutuSeSe: posts big blind $3
*** HOLE CARDS ***
SmellyToes4u: raises $3 to $6
MobutuSeSe: calls $3
*** FLOP *** [2s Ac 9s]
MobutuSeSe: checks
SmellyToes4u: bets $3
MobutuSeSe: calls $3
*** TURN *** [2s Ac 9s] [5s]
MobutuSeSe: checks
SmellyToes4u: bets $6
MobutuSeSe: raises $6 to $12
SmellyToes4u: folds
Uncalled bet ($6) returned to MobutuSeSe
MobutuSeSe collected $29.50 from pot
MobutuSeSe: doesn't show hand
*** SUMMARY ***
Total pot $30 | Rake $0.50
Board [2s Ac 9s 5s]
Seat 1: SmellyToes4u (button) (small blind) folded on the Turn
Seat 2: MobutuSeSe (big blind) collected ($29.50)


PokerStars Hand #145914372342:  Hold'em Limit ($3/$6 USD) - 2015/12/25 17:00:39 ET
Table 'Kajaani' 2-max Seat #2 is the button
Seat 1: SmellyToes4u ($48.42 in chips)
Seat 2: MobutuSeSe ($189.20 in chips)
MobutuSeSe: posts small blind $1
SmellyToes4u: posts big blind $3
*** HOLE CARDS ***
MobutuSeSe: raises $3 to $6
SmellyToes4u: calls $3
*** FLOP *** [Kh 3s 7h]
SmellyToes4u: checks
MobutuSeSe: checks
*** TURN *** [Kh 3s 7h] [5s]
SmellyToes4u: bets $6
MobutuSeSe: folds
Uncalled bet ($6) returned to SmellyToes4u
SmellyToes4u collected $11.76 from pot
SmellyToes4u: doesn't show hand
*** SUMMARY ***
Total pot $12 | Rake $0.24
Board [Kh 3s 7h 5s]
Seat 1: SmellyToes4u (big blind) collected ($11.76)
Seat 2: MobutuSeSe (button) (small blind) folded on the Turn


PokerStars Hand #145914350358:  Hold'em Limit ($3/$6 USD) - 2015/12/25 17:00:10 ET
Table 'Kajaani' 2-max Seat #2 is the button
Seat 1: SmellyToes4u ($62.42 in chips)
Seat 2: MobutuSeSe ($175.70 in chips)
MobutuSeSe: posts small blind $1
SmellyToes4u: posts big blind $3
*** HOLE CARDS ***
MobutuSeSe: folds
Uncalled bet ($2) returned to SmellyToes4u
SmellyToes4u collected $2 from pot
SmellyToes4u: doesn't show hand
*** SUMMARY ***
Total pot $2 | Rake $0
Seat 1: SmellyToes4u (big blind) collected ($2)
Seat 2: MobutuSeSe (button) (small blind) folded before Flop


PokerStars Hand #145914334869:  Hold'em Limit ($3/$6 USD) - 2015/12/25 16:59:50 ET
Table 'Kajaani' 2-max Seat #1 is the button
Seat 1: SmellyToes4u ($71.42 in chips)
Seat 2: MobutuSeSe ($167.06 in chips)
SmellyToes4u: posts small blind $1
MobutuSeSe: posts big blind $3
*** HOLE CARDS ***
SmellyToes4u: raises $3 to $6
MobutuSeSe: calls $3
*** FLOP *** [4d Qs Js]
MobutuSeSe: checks
SmellyToes4u: bets $3
MobutuSeSe: calls $3
*** TURN *** [4d Qs Js] [Kc]
MobutuSeSe: checks
SmellyToes4u: checks
*** RIVER *** [4d Qs Js Kc] [7d]
MobutuSeSe: bets $6
SmellyToes4u: folds
Uncalled bet ($6) returned to MobutuSeSe
MobutuSeSe collected $17.64 from pot
MobutuSeSe: doesn't show hand
*** SUMMARY ***
Total pot $18 | Rake $0.36
Board [4d Qs Js Kc 7d]
Seat 1: SmellyToes4u (button) (small blind) folded on the River
Seat 2: MobutuSeSe (big blind) collected ($17.64)


PokerStars Hand #145914404936:  Hold'em Limit ($3/$6 USD) - 2015/12/25 17:01:19 ET
Table 'Kajaani' 2-max Seat #2 is the button
Seat 1: SmellyToes4u ($45.18 in chips)
Seat 2: MobutuSeSe ($191.84 in chips)
MobutuSeSe: posts small blind $1
SmellyToes4u: posts big blind $3
*** HOLE CARDS ***
MobutuSeSe: raises $3 to $6
SmellyToes4u: calls $3
*** FLOP *** [2d 9d Qh]
SmellyToes4u: checks
MobutuSeSe: bets $3
SmellyToes4u: raises $3 to $6
MobutuSeSe: calls $3
*** TURN *** [2d 9d Qh] [5c]
SmellyToes4u: bets $6
MobutuSeSe: calls $6
*** RIVER *** [2d 9d Qh 5c] [Js]
SmellyToes4u: bets $6
MobutuSeSe: calls $6
*** SHOW DOWN ***
SmellyToes4u: shows [5d Qc] (two pair, Queens and Fives)
MobutuSeSe: mucks hand
SmellyToes4u collected $47.50 from pot
*** SUMMARY ***
Total pot $48 | Rake $0.50
Board [2d 9d Qh 5c Js]
Seat 1: SmellyToes4u (big blind) showed [5d Qc] and won ($47.50) with two pair, Queens and Fives
Seat 2: MobutuSeSe (button) (small blind) mucked


PokerStars Hand #145914422769:  Hold'em Limit ($3/$6 USD) - 2015/12/25 17:01:40 ET
Table 'Kajaani' 2-max Seat #1 is the button
Seat 1: SmellyToes4u ($68.68 in chips)
Seat 2: MobutuSeSe ($167.84 in chips)
SmellyToes4u: posts small blind $1
MobutuSeSe: posts big blind $3
*** HOLE CARDS ***
SmellyToes4u: raises $3 to $6
MobutuSeSe: calls $3
*** FLOP *** [3c 9d Kd]
MobutuSeSe: checks
SmellyToes4u: bets $3
MobutuSeSe: folds
Uncalled bet ($3) returned to SmellyToes4u
SmellyToes4u collected $11.76 from pot
SmellyToes4u: doesn't show hand
*** SUMMARY ***
Total pot $12 | Rake $0.24
Board [3c 9d Kd]
Seat 1: SmellyToes4u (button) (small blind) collected ($11.76)
Seat 2: MobutuSeSe (big blind) folded on the Flop


PokerStars Hand #145914434506:  Hold'em Limit ($3/$6 USD) - 2015/12/25 17:01:54 ET
Table 'Kajaani' 2-max Seat #1 is the button
Seat 1: SmellyToes4u ($75.44 in chips)
Seat 2: MobutuSeSe ($160.84 in chips)
SmellyToes4u: posts small blind $1
MobutuSeSe: posts big blind $3
*** HOLE CARDS ***
SmellyToes4u: folds
Uncalled bet ($2) returned to MobutuSeSe
MobutuSeSe collected $2 from pot
MobutuSeSe: doesn't show hand
*** SUMMARY ***
Total pot $2 | Rake $0
Seat 1: SmellyToes4u (button) (small blind) folded before Flop
Seat 2: MobutuSeSe (big blind) collected ($2)


PokerStars Hand #145914430882:  Hold'em Limit ($3/$6 USD) - 2015/12/25 17:01:49 ET
Table 'Kajaani' 2-max Seat #2 is the button
Seat 1: SmellyToes4u ($74.44 in chips)
Seat 2: MobutuSeSe ($161.84 in chips)
MobutuSeSe: posts small blind $1
SmellyToes4u: posts big blind $3
*** HOLE CARDS ***
MobutuSeSe: folds
Uncalled bet ($2) returned to SmellyToes4u
SmellyToes4u collected $2 from pot
SmellyToes4u: doesn't show hand
*** SUMMARY ***
Total pot $2 | Rake $0
Seat 1: SmellyToes4u (big blind) collected ($2)
Seat 2: MobutuSeSe (button) (small blind) folded before Flop


PokerStars Hand #145914386778:  Hold'em Limit ($3/$6 USD) - 2015/12/25 17:00:57 ET
Table 'Kajaani' 2-max Seat #1 is the button
Seat 1: SmellyToes4u ($54.18 in chips)
Seat 2: MobutuSeSe ($183.20 in chips)
SmellyToes4u: posts small blind $1
MobutuSeSe: posts big blind $3
*** HOLE CARDS ***
SmellyToes4u: raises $3 to $6
MobutuSeSe: calls $3
*** FLOP *** [As Ts 5c]
MobutuSeSe: checks
SmellyToes4u: bets $3
MobutuSeSe: calls $3
*** TURN *** [As Ts 5c] [Qh]
MobutuSeSe: checks
SmellyToes4u: checks
*** RIVER *** [As Ts 5c Qh] [Th]
MobutuSeSe: bets $6
SmellyToes4u: folds
Uncalled bet ($6) returned to MobutuSeSe
MobutuSeSe collected $17.64 from pot
MobutuSeSe: doesn't show hand
*** SUMMARY ***
Total pot $18 | Rake $0.36
Board [As Ts 5c Qh Th]
Seat 1: SmellyToes4u (button) (small blind) folded on the River
Seat 2: MobutuSeSe (big blind) collected ($17.64)


PokerStars Hand #145914461824:  Hold'em Limit ($3/$6 USD) - 2015/12/25 17:02:23 ET
Table 'Kajaani' 2-max Seat #1 is the button
Seat 1: SmellyToes4u ($68.44 in chips)
Seat 2: MobutuSeSe ($167.60 in chips)
SmellyToes4u: posts small blind $1
MobutuSeSe: posts big blind $3
*** HOLE CARDS ***
SmellyToes4u: raises $3 to $6
MobutuSeSe: folds
Uncalled bet ($3) returned to SmellyToes4u
SmellyToes4u collected $6 from pot
SmellyToes4u: doesn't show hand
*** SUMMARY ***
Total pot $6 | Rake $0
Seat 1: SmellyToes4u (button) (small blind) collected ($6)
Seat 2: MobutuSeSe (big blind) folded before Flop


PokerStars Hand #145914455720:  Hold'em Limit ($3/$6 USD) - 2015/12/25 17:02:16 ET
Table 'Kajaani' 2-max Seat #2 is the button
Seat 1: SmellyToes4u ($71.44 in chips)
Seat 2: MobutuSeSe ($164.60 in chips)
MobutuSeSe: posts small blind $1
SmellyToes4u: posts big blind $3
*** HOLE CARDS ***
MobutuSeSe: raises $3 to $6
SmellyToes4u: folds
Uncalled bet ($3) returned to MobutuSeSe
MobutuSeSe collected $6 from pot
MobutuSeSe: doesn't show hand
*** SUMMARY ***
Total pot $6 | Rake $0
Seat 1: SmellyToes4u (big blind) folded before Flop
Seat 2: MobutuSeSe (button) (small blind) collected ($6)


PokerStars Hand #145914466725:  Hold'em Limit ($3/$6 USD) - 2015/12/25 17:02:29 ET
Table 'Kajaani' 2-max Seat #2 is the button
Seat 1: SmellyToes4u ($71.44 in chips)
Seat 2: MobutuSeSe ($164.60 in chips)
MobutuSeSe: posts small blind $1
SmellyToes4u: posts big blind $3
*** HOLE CARDS ***
MobutuSeSe: raises $3 to $6
SmellyToes4u: raises $3 to $9
MobutuSeSe: calls $3
*** FLOP *** [5c Kd As]
SmellyToes4u: bets $3
MobutuSeSe: calls $3
*** TURN *** [5c Kd As] [Ad]
SmellyToes4u: bets $6
MobutuSeSe: calls $6
*** RIVER *** [5c Kd As Ad] [9c]
SmellyToes4u: checks
MobutuSeSe: checks
*** SHOW DOWN ***
SmellyToes4u: shows [Tc 8s] (a pair of Aces)
MobutuSeSe: shows [5d 7d] (two pair, Aces and Fives)
MobutuSeSe collected $35.50 from pot
*** SUMMARY ***
Total pot $36 | Rake $0.50
Board [5c Kd As Ad 9c]
Seat 1: SmellyToes4u (big blind) showed [Tc 8s] and lost with a pair of Aces
Seat 2: MobutuSeSe (button) (small blind) showed [5d 7d] and won ($35.50) with two pair, Aces and Fives


PokerStars Hand #145914449952:  Hold'em Limit ($3/$6 USD) - 2015/12/25 17:02:10 ET
Table 'Kajaani' 2-max Seat #1 is the button
Seat 1: SmellyToes4u ($68.44 in chips)
Seat 2: MobutuSeSe ($167.60 in chips)
SmellyToes4u: posts small blind $1
MobutuSeSe: posts big blind $3
*** HOLE CARDS ***
SmellyToes4u: raises $3 to $6
MobutuSeSe: folds
Uncalled bet ($3) returned to SmellyToes4u
SmellyToes4u collected $6 from pot
SmellyToes4u: doesn't show hand
*** SUMMARY ***
Total pot $6 | Rake $0
Seat 1: SmellyToes4u (button) (small blind) collected ($6)
Seat 2: MobutuSeSe (big blind) folded before Flop


PokerStars Hand #145914439078:  Hold'em Limit ($3/$6 USD) - 2015/12/25 17:01:59 ET
Table 'Kajaani' 2-max Seat #2 is the button
Seat 1: SmellyToes4u ($74.44 in chips)
Seat 2: MobutuSeSe ($161.84 in chips)
MobutuSeSe: posts small blind $1
SmellyToes4u: posts big blind $3
*** HOLE CARDS ***
MobutuSeSe: raises $3 to $6
SmellyToes4u: calls $3
*** FLOP *** [7c As Ks]
SmellyToes4u: checks
MobutuSeSe: bets $3
SmellyToes4u: folds
Uncalled bet ($3) returned to MobutuSeSe
MobutuSeSe collected $11.76 from pot
MobutuSeSe: doesn't show hand
*** SUMMARY ***
Total pot $12 | Rake $0.24
Board [7c As Ks]
Seat 1: SmellyToes4u (big blind) folded on the Flop
Seat 2: MobutuSeSe (button) (small blind) collected ($11.76)


PokerStars Hand #145914512198:  Hold'em Limit ($3/$6 USD) - 2015/12/25 17:03:20 ET
Table 'Kajaani' 2-max Seat #1 is the button
Seat 1: SmellyToes4u ($74.94 in chips)
Seat 2: MobutuSeSe ($160.10 in chips)
SmellyToes4u: posts small blind $1
MobutuSeSe: posts big blind $3
*** HOLE CARDS ***
SmellyToes4u: raises $3 to $6
MobutuSeSe: calls $3
*** FLOP *** [6h Ah Qd]
MobutuSeSe: checks
SmellyToes4u: bets $3
MobutuSeSe: calls $3
*** TURN *** [6h Ah Qd] [3s]
MobutuSeSe: checks
SmellyToes4u: checks
*** RIVER *** [6h Ah Qd 3s] [Js]
MobutuSeSe: bets $6
SmellyToes4u: folds
Uncalled bet ($6) returned to MobutuSeSe
MobutuSeSe collected $17.64 from pot
MobutuSeSe: doesn't show hand
*** SUMMARY ***
Total pot $18 | Rake $0.36
Board [6h Ah Qd 3s Js]
Seat 1: SmellyToes4u (button) (small blind) folded on the River
Seat 2: MobutuSeSe (big blind) collected ($17.64)


PokerStars Hand #145914528608:  Hold'em Limit ($3/$6 USD) - 2015/12/25 17:03:38 ET
Table 'Kajaani' 2-max Seat #2 is the button
Seat 1: SmellyToes4u ($65.94 in chips)
Seat 2: MobutuSeSe ($168.74 in chips)
MobutuSeSe: posts small blind $1
SmellyToes4u: posts big blind $3
*** HOLE CARDS ***
MobutuSeSe: raises $3 to $6
SmellyToes4u: folds
Uncalled bet ($3) returned to MobutuSeSe
MobutuSeSe collected $6 from pot
MobutuSeSe: doesn't show hand
*** SUMMARY ***
Total pot $6 | Rake $0
Seat 1: SmellyToes4u (big blind) folded before Flop
Seat 2: MobutuSeSe (button) (small blind) collected ($6)


PokerStars Hand #145914534260:  Hold'em Limit ($3/$6 USD) - 2015/12/25 17:03:45 ET
Table 'Kajaani' 2-max Seat #1 is the button
Seat 1: SmellyToes4u ($62.94 in chips)
Seat 2: MobutuSeSe ($171.74 in chips)
SmellyToes4u: posts small blind $1
MobutuSeSe: posts big blind $3
*** HOLE CARDS ***
SmellyToes4u: folds
Uncalled bet ($2) returned to MobutuSeSe
MobutuSeSe collected $2 from pot
MobutuSeSe: doesn't show hand
*** SUMMARY ***
Total pot $2 | Rake $0
Seat 1: SmellyToes4u (button) (small blind) folded before Flop
Seat 2: MobutuSeSe (big blind) collected ($2)


PokerStars Hand #145914508335:  Hold'em Limit ($3/$6 USD) - 2015/12/25 17:03:15 ET
Table 'Kajaani' 2-max Seat #2 is the button
Seat 1: SmellyToes4u ($73.94 in chips)
Seat 2: MobutuSeSe ($161.10 in chips)
MobutuSeSe: posts small blind $1
SmellyToes4u: posts big blind $3
*** HOLE CARDS ***
MobutuSeSe: folds
Uncalled bet ($2) returned to SmellyToes4u
SmellyToes4u collected $2 from pot
SmellyToes4u: doesn't show hand
*** SUMMARY ***
Total pot $2 | Rake $0
Seat 1: SmellyToes4u (big blind) collected ($2)
Seat 2: MobutuSeSe (button) (small blind) folded before Flop


PokerStars Hand #145914482741:  Hold'em Limit ($3/$6 USD) - 2015/12/25 17:02:47 ET
Table 'Kajaani' 2-max Seat #1 is the button
Seat 1: SmellyToes4u ($53.44 in chips)
Seat 2: MobutuSeSe ($182.10 in chips)
SmellyToes4u: posts small blind $1
MobutuSeSe: posts big blind $3
*** HOLE CARDS ***
SmellyToes4u: raises $3 to $6
MobutuSeSe: calls $3
*** FLOP *** [9h Ac 2s]
MobutuSeSe: checks
SmellyToes4u: bets $3
MobutuSeSe: calls $3
*** TURN *** [9h Ac 2s] [9d]
MobutuSeSe: checks
SmellyToes4u: checks
*** RIVER *** [9h Ac 2s 9d] [Td]
MobutuSeSe: bets $6
SmellyToes4u: raises $6 to $12
MobutuSeSe: calls $6
*** SHOW DOWN ***
SmellyToes4u: shows [Tc Th] (a full house, Tens full of Nines)
MobutuSeSe: mucks hand
SmellyToes4u collected $41.50 from pot
*** SUMMARY ***
Total pot $42 | Rake $0.50
Board [9h Ac 2s 9d Td]
Seat 1: SmellyToes4u (button) (small blind) showed [Tc Th] and won ($41.50) with a full house, Tens full of Nines
Seat 2: MobutuSeSe (big blind) mucked


PokerStars Hand #145914546842:  Hold'em Limit ($3/$6 USD) - 2015/12/25 17:03:58 ET
Table 'Kajaani' 2-max Seat #2 is the button
Seat 1: SmellyToes4u ($61.94 in chips)
Seat 2: MobutuSeSe ($172.74 in chips)
MobutuSeSe: posts small blind $1
SmellyToes4u: posts big blind $3
*** HOLE CARDS ***
MobutuSeSe: raises $3 to $6
SmellyToes4u: raises $3 to $9
MobutuSeSe: calls $3
*** FLOP *** [5d 3s 7s]
SmellyToes4u: bets $3
MobutuSeSe: calls $3
*** TURN *** [5d 3s 7s] [Ts]
SmellyToes4u: bets $6
MobutuSeSe: raises $6 to $12
SmellyToes4u: calls $6
*** RIVER *** [5d 3s 7s Ts] [4s]
SmellyToes4u: checks
MobutuSeSe: bets $6
SmellyToes4u: folds
Uncalled bet ($6) returned to MobutuSeSe
MobutuSeSe collected $47.50 from pot
MobutuSeSe: doesn't show hand
*** SUMMARY ***
Total pot $48 | Rake $0.50
Board [5d 3s 7s Ts 4s]
Seat 1: SmellyToes4u (big blind) folded on the River
Seat 2: MobutuSeSe (button) (small blind) collected ($47.50)


PokerStars Hand #145914569806:  Hold'em Limit ($3/$6 USD) - 2015/12/25 17:04:24 ET
Table 'Kajaani' 2-max Seat #1 is the button
Seat 1: SmellyToes4u ($37.94 in chips)
Seat 2: MobutuSeSe ($196.24 in chips)
SmellyToes4u: posts small blind $1
MobutuSeSe: posts big blind $3
*** HOLE CARDS ***
SmellyToes4u: raises $3 to $6
MobutuSeSe: calls $3
*** FLOP *** [4c 4s 9h]
MobutuSeSe: checks
SmellyToes4u: bets $3
MobutuSeSe: calls $3
*** TURN *** [4c 4s 9h] [4h]
MobutuSeSe: checks
SmellyToes4u: checks
*** RIVER *** [4c 4s 9h 4h] [Th]
MobutuSeSe: bets $6
SmellyToes4u: raises $6 to $12
MobutuSeSe: calls $6
*** SHOW DOWN ***
SmellyToes4u: shows [Td 5c] (a full house, Fours full of Tens)
MobutuSeSe: mucks hand
SmellyToes4u collected $41.50 from pot
*** SUMMARY ***
Total pot $42 | Rake $0.50
Board [4c 4s 9h 4h Th]
Seat 1: SmellyToes4u (button) (small blind) showed [Td 5c] and won ($41.50) with a full house, Fours full of Tens
Seat 2: MobutuSeSe (big blind) mucked


PokerStars Hand #145914588637:  Hold'em Limit ($3/$6 USD) - 2015/12/25 17:04:44 ET
Table 'Kajaani' 2-max Seat #2 is the button
Seat 1: SmellyToes4u ($58.44 in chips)
Seat 2: MobutuSeSe ($175.24 in chips)
MobutuSeSe: posts small blind $1
SmellyToes4u: posts big blind $3
*** HOLE CARDS ***
MobutuSeSe: raises $3 to $6
SmellyToes4u: calls $3
*** FLOP *** [9s Kc 7s]
SmellyToes4u: checks
MobutuSeSe: bets $3
SmellyToes4u: folds
Uncalled bet ($3) returned to MobutuSeSe
MobutuSeSe collected $11.76 from pot
MobutuSeSe: doesn't show hand
*** SUMMARY ***
Total pot $12 | Rake $0.24
Board [9s Kc 7s]
Seat 1: SmellyToes4u (big blind) folded on the Flop
Seat 2: MobutuSeSe (button) (small blind) collected ($11.76)


PokerStars Hand #145914598786:  Hold'em Limit ($3/$6 USD) - 2015/12/25 17:04:56 ET
Table 'Kajaani' 2-max Seat #1 is the button
Seat 1: SmellyToes4u ($52.44 in chips)
Seat 2: MobutuSeSe ($181 in chips)
SmellyToes4u: posts small blind $1
MobutuSeSe: posts big blind $3
*** HOLE CARDS ***
SmellyToes4u: raises $3 to $6
MobutuSeSe: calls $3
*** FLOP *** [7s 2c 6s]
MobutuSeSe: checks
SmellyToes4u: bets $3
MobutuSeSe: calls $3
*** TURN *** [7s 2c 6s] [Ad]
MobutuSeSe: checks
SmellyToes4u: checks
*** RIVER *** [7s 2c 6s Ad] [8s]
MobutuSeSe: bets $6
SmellyToes4u: calls $6
*** SHOW DOWN ***
MobutuSeSe: shows [Ks Jh] (high card Ace)
SmellyToes4u: shows [8c Kc] (a pair of Eights)
SmellyToes4u collected $29.50 from pot
*** SUMMARY ***
Total pot $30 | Rake $0.50
Board [7s 2c 6s Ad 8s]
Seat 1: SmellyToes4u (button) (small blind) showed [8c Kc] and won ($29.50) with a pair of Eights
Seat 2: MobutuSeSe (big blind) showed [Ks Jh] and lost with high card Ace


PokerStars Hand #145914622792:  Hold'em Limit ($3/$6 USD) - 2015/12/25 17:05:23 ET
Table 'Kajaani' 2-max Seat #2 is the button
Seat 1: SmellyToes4u ($66.94 in chips)
Seat 2: MobutuSeSe ($166 in chips)
MobutuSeSe: posts small blind $1
SmellyToes4u: posts big blind $3
*** HOLE CARDS ***
MobutuSeSe: raises $3 to $6
SmellyToes4u: calls $3
*** FLOP *** [Qc 7c 5c]
SmellyToes4u: checks
MobutuSeSe: bets $3
SmellyToes4u: folds
Uncalled bet ($3) returned to MobutuSeSe
MobutuSeSe collected $11.76 from pot
MobutuSeSe: doesn't show hand
*** SUMMARY ***
Total pot $12 | Rake $0.24
Board [Qc 7c 5c]
Seat 1: SmellyToes4u (big blind) folded on the Flop
Seat 2: MobutuSeSe (button) (small blind) collected ($11.76)


PokerStars Hand #145914644472:  Hold'em Limit ($3/$6 USD) - 2015/12/25 17:05:47 ET
Table 'Kajaani' 2-max Seat #2 is the button
Seat 1: SmellyToes4u ($66.70 in chips)
Seat 2: MobutuSeSe ($165.76 in chips)
MobutuSeSe: posts small blind $1
SmellyToes4u: posts big blind $3
*** HOLE CARDS ***
MobutuSeSe: folds
Uncalled bet ($2) returned to SmellyToes4u
SmellyToes4u collected $2 from pot
SmellyToes4u: doesn't show hand
*** SUMMARY ***
Total pot $2 | Rake $0
Seat 1: SmellyToes4u (big blind) collected ($2)
Seat 2: MobutuSeSe (button) (small blind) folded before Flop


PokerStars Hand #145914635753:  Hold'em Limit ($3/$6 USD) - 2015/12/25 17:05:37 ET
Table 'Kajaani' 2-max Seat #1 is the button
Seat 1: SmellyToes4u ($60.94 in chips)
Seat 2: MobutuSeSe ($171.76 in chips)
SmellyToes4u: posts small blind $1
MobutuSeSe: posts big blind $3
*** HOLE CARDS ***
SmellyToes4u: raises $3 to $6
MobutuSeSe: calls $3
*** FLOP *** [7s 7d 6s]
MobutuSeSe: checks
SmellyToes4u: bets $3
MobutuSeSe: folds
Uncalled bet ($3) returned to SmellyToes4u
SmellyToes4u collected $11.76 from pot
SmellyToes4u: doesn't show hand
*** SUMMARY ***
Total pot $12 | Rake $0.24
Board [7s 7d 6s]
Seat 1: SmellyToes4u (button) (small blind) collected ($11.76)
Seat 2: MobutuSeSe (big blind) folded on the Flop


PokerStars Hand #145914648445:  Hold'em Limit ($3/$6 USD) - 2015/12/25 17:05:51 ET
Table 'Kajaani' 2-max Seat #1 is the button
Seat 1: SmellyToes4u ($67.70 in chips)
Seat 2: MobutuSeSe ($164.76 in chips)
SmellyToes4u: posts small blind $1
MobutuSeSe: posts big blind $3
*** HOLE CARDS ***
SmellyToes4u: raises $3 to $6
MobutuSeSe: calls $3
*** FLOP *** [2d 4s 9d]
MobutuSeSe: checks
SmellyToes4u: bets $3
MobutuSeSe: calls $3
*** TURN *** [2d 4s 9d] [7c]
MobutuSeSe: checks
SmellyToes4u: bets $6
MobutuSeSe: raises $6 to $12
SmellyToes4u: calls $6
*** RIVER *** [2d 4s 9d 7c] [Ks]
MobutuSeSe: bets $6
SmellyToes4u: calls $6
*** SHOW DOWN ***
MobutuSeSe: shows [7h Ad] (a pair of Sevens)
SmellyToes4u: mucks hand
MobutuSeSe collected $53.50 from pot
*** SUMMARY ***
Total pot $54 | Rake $0.50
Board [2d 4s 9d 7c Ks]
Seat 1: SmellyToes4u (button) (small blind) mucked
Seat 2: MobutuSeSe (big blind) showed [7h Ad] and won ($53.50) with a pair of Sevens


PokerStars Hand #145914689304:  Hold'em Limit ($3/$6 USD) - 2015/12/25 17:06:37 ET
Table 'Kajaani' 2-max Seat #1 is the button
Seat 1: SmellyToes4u ($55.20 in chips)
Seat 2: MobutuSeSe ($176.26 in chips)
SmellyToes4u: posts small blind $1
MobutuSeSe: posts big blind $3
*** HOLE CARDS ***
SmellyToes4u: folds
Uncalled bet ($2) returned to MobutuSeSe
MobutuSeSe collected $2 from pot
MobutuSeSe: doesn't show hand
*** SUMMARY ***
Total pot $2 | Rake $0
Seat 1: SmellyToes4u (button) (small blind) folded before Flop
Seat 2: MobutuSeSe (big blind) collected ($2)


PokerStars Hand #145914668731:  Hold'em Limit ($3/$6 USD) - 2015/12/25 17:06:14 ET
Table 'Kajaani' 2-max Seat #2 is the button
Seat 1: SmellyToes4u ($40.70 in chips)
Seat 2: MobutuSeSe ($191.26 in chips)
MobutuSeSe: posts small blind $1
SmellyToes4u: posts big blind $3
*** HOLE CARDS ***
MobutuSeSe: raises $3 to $6
SmellyToes4u: calls $3
*** FLOP *** [Ah Qh Ks]
SmellyToes4u: checks
MobutuSeSe: bets $3
SmellyToes4u: calls $3
*** TURN *** [Ah Qh Ks] [Ad]
SmellyToes4u: checks
MobutuSeSe: bets $6
SmellyToes4u: calls $6
*** RIVER *** [Ah Qh Ks Ad] [Jc]
SmellyToes4u: checks
MobutuSeSe: checks
*** SHOW DOWN ***
SmellyToes4u: shows [Qd 6h] (two pair, Aces and Queens)
MobutuSeSe: mucks hand
SmellyToes4u collected $29.50 from pot
*** SUMMARY ***
Total pot $30 | Rake $0.50
Board [Ah Qh Ks Ad Jc]
Seat 1: SmellyToes4u (big blind) showed [Qd 6h] and won ($29.50) with two pair, Aces and Queens
Seat 2: MobutuSeSe (button) (small blind) mucked


PokerStars Hand #145914711972:  Hold'em Limit ($3/$6 USD) - 2015/12/25 17:07:03 ET
Table 'Kajaani' 2-max Seat #1 is the button
Seat 1: SmellyToes4u ($68.70 in chips)
Seat 2: MobutuSeSe ($162.26 in chips)
SmellyToes4u: posts small blind $1
MobutuSeSe: posts big blind $3
*** HOLE CARDS ***
SmellyToes4u: raises $3 to $6
MobutuSeSe: folds
Uncalled bet ($3) returned to SmellyToes4u
SmellyToes4u collected $6 from pot
SmellyToes4u: doesn't show hand
*** SUMMARY ***
Total pot $6 | Rake $0
Seat 1: SmellyToes4u (button) (small blind) collected ($6)
Seat 2: MobutuSeSe (big blind) folded before Flop


PokerStars Hand #145914693337:  Hold'em Limit ($3/$6 USD) - 2015/12/25 17:06:42 ET
Table 'Kajaani' 2-max Seat #2 is the button
Seat 1: SmellyToes4u ($54.20 in chips)
Seat 2: MobutuSeSe ($177.26 in chips)
MobutuSeSe: posts small blind $1
SmellyToes4u: posts big blind $3
*** HOLE CARDS ***
MobutuSeSe: raises $3 to $6
SmellyToes4u: calls $3
*** FLOP *** [Jd 2h 4c]
SmellyToes4u: checks
MobutuSeSe: bets $3
SmellyToes4u: calls $3
*** TURN *** [Jd 2h 4c] [4s]
SmellyToes4u: checks
MobutuSeSe: bets $6
SmellyToes4u: calls $6
*** RIVER *** [Jd 2h 4c 4s] [8d]
SmellyToes4u: checks
MobutuSeSe: checks
*** SHOW DOWN ***
SmellyToes4u: shows [3c 2c] (two pair, Fours and Deuces)
MobutuSeSe: mucks hand
SmellyToes4u collected $29.50 from pot
*** SUMMARY ***
Total pot $30 | Rake $0.50
Board [Jd 2h 4c 4s 8d]
Seat 1: SmellyToes4u (big blind) showed [3c 2c] and won ($29.50) with two pair, Fours and Deuces
Seat 2: MobutuSeSe (button) (small blind) mucked


