PokerStars Hand #147029276788:  Hold'em Limit ($3/$6 USD) - 2016/01/14 12:47:27 ET
Table 'Kajaani' 2-max Seat #2 is the button
Seat 1: MAGER911 ($72.26 in chips)
Seat 2: Maluf007 ($56.63 in chips)
Maluf007: posts small blind $1
MAGER911: posts big blind $3
*** HOLE CARDS ***
Maluf007: calls $2
MAGER911: raises $3 to $6
Maluf007: calls $3
*** FLOP *** [Kh Qs 3c]
MAGER911: bets $3
Maluf007: folds
Uncalled bet ($3) returned to MAGER911
MAGER911 collected $11.76 from pot
MAGER911: doesn't show hand
*** SUMMARY ***
Total pot $12 | Rake $0.24
Board [Kh Qs 3c]
Seat 1: MAGER911 (big blind) collected ($11.76)
Seat 2: Maluf007 (button) (small blind) folded on the Flop


PokerStars Hand #147029294236:  Hold'em Limit ($3/$6 USD) - 2016/01/14 12:47:44 ET
Table 'Kajaani' 2-max Seat #1 is the button
Seat 1: MAGER911 ($78.02 in chips)
Seat 2: Maluf007 ($50.63 in chips)
MAGER911: posts small blind $1
Maluf007: posts big blind $3
*** HOLE CARDS ***
MAGER911: raises $3 to $6
Maluf007: raises $3 to $9
MAGER911: calls $3
*** FLOP *** [9s 8h As]
Maluf007: checks
MAGER911: bets $3
Maluf007: calls $3
*** TURN *** [9s 8h As] [5d]
Maluf007: checks
MAGER911: bets $6
Maluf007: calls $6
*** RIVER *** [9s 8h As 5d] [2d]
Maluf007: checks
MAGER911: bets $6
Maluf007: folds
Uncalled bet ($6) returned to MAGER911
MAGER911 collected $35.50 from pot
MAGER911: doesn't show hand
*** SUMMARY ***
Total pot $36 | Rake $0.50
Board [9s 8h As 5d 2d]
Seat 1: MAGER911 (button) (small blind) collected ($35.50)
Seat 2: Maluf007 (big blind) folded on the River


PokerStars Hand #147029342474:  Hold'em Limit ($3/$6 USD) - 2016/01/14 12:48:31 ET
Table 'Kajaani' 2-max Seat #2 is the button
Seat 1: MAGER911 ($95.52 in chips)
Seat 2: Maluf007 ($32.63 in chips)
Maluf007: posts small blind $1
MAGER911: posts big blind $3
*** HOLE CARDS ***
Maluf007: raises $3 to $6
MAGER911: folds
Uncalled bet ($3) returned to Maluf007
Maluf007 collected $6 from pot
Maluf007: doesn't show hand
*** SUMMARY ***
Total pot $6 | Rake $0
Seat 1: MAGER911 (big blind) folded before Flop
Seat 2: Maluf007 (button) (small blind) collected ($6)


PokerStars Hand #147029353230:  Hold'em Limit ($3/$6 USD) - 2016/01/14 12:48:41 ET
Table 'Kajaani' 2-max Seat #1 is the button
Seat 1: MAGER911 ($92.52 in chips)
Seat 2: Maluf007 ($35.63 in chips)
MAGER911: posts small blind $1
Maluf007: posts big blind $3
*** HOLE CARDS ***
MAGER911: raises $3 to $6
Maluf007: raises $3 to $9
MAGER911: calls $3
*** FLOP *** [Ad Qh 4c]
Maluf007: checks
MAGER911: checks
*** TURN *** [Ad Qh 4c] [6c]
Maluf007: bets $6
MAGER911: folds
Uncalled bet ($6) returned to Maluf007
Maluf007 collected $17.64 from pot
Maluf007: doesn't show hand
*** SUMMARY ***
Total pot $18 | Rake $0.36
Board [Ad Qh 4c 6c]
Seat 1: MAGER911 (button) (small blind) folded on the Turn
Seat 2: Maluf007 (big blind) collected ($17.64)


PokerStars Hand #147029377839:  Hold'em Limit ($3/$6 USD) - 2016/01/14 12:49:04 ET
Table 'Kajaani' 2-max Seat #2 is the button
Seat 1: MAGER911 ($83.52 in chips)
Seat 2: Maluf007 ($44.27 in chips)
Maluf007: posts small blind $1
MAGER911: posts big blind $3
*** HOLE CARDS ***
Maluf007: calls $2
MAGER911: checks
*** FLOP *** [3s Th 4d]
MAGER911: checks
Maluf007: bets $3
MAGER911: folds
Uncalled bet ($3) returned to Maluf007
Maluf007 collected $5.88 from pot
Maluf007: doesn't show hand
*** SUMMARY ***
Total pot $6 | Rake $0.12
Board [3s Th 4d]
Seat 1: MAGER911 (big blind) folded on the Flop
Seat 2: Maluf007 (button) (small blind) collected ($5.88)


PokerStars Hand #147029410724:  Hold'em Limit ($3/$6 USD) - 2016/01/14 12:49:36 ET
Table 'Kajaani' 2-max Seat #1 is the button
Seat 1: MAGER911 ($80.52 in chips)
Seat 2: Maluf007 ($47.15 in chips)
MAGER911: posts small blind $1
Maluf007: posts big blind $3
*** HOLE CARDS ***
MAGER911: raises $3 to $6
Maluf007: calls $3
*** FLOP *** [3h 5c Ac]
Maluf007: checks
MAGER911: bets $3
Maluf007: folds
Uncalled bet ($3) returned to MAGER911
MAGER911 collected $11.76 from pot
MAGER911: doesn't show hand
*** SUMMARY ***
Total pot $12 | Rake $0.24
Board [3h 5c Ac]
Seat 1: MAGER911 (button) (small blind) collected ($11.76)
Seat 2: Maluf007 (big blind) folded on the Flop


PokerStars Hand #147029435703:  Hold'em Limit ($3/$6 USD) - 2016/01/14 12:50:00 ET
Table 'Kajaani' 2-max Seat #2 is the button
Seat 1: MAGER911 ($86.28 in chips)
Seat 2: Maluf007 ($41.15 in chips)
Maluf007: posts small blind $1
MAGER911: posts big blind $3
*** HOLE CARDS ***
Maluf007: folds
Uncalled bet ($2) returned to MAGER911
MAGER911 collected $2 from pot
MAGER911: doesn't show hand
*** SUMMARY ***
Total pot $2 | Rake $0
Seat 1: MAGER911 (big blind) collected ($2)
Seat 2: Maluf007 (button) (small blind) folded before Flop


PokerStars Hand #147029616199:  Hold'em Limit ($3/$6 USD) - 2016/01/14 12:52:55 ET
Table 'Kajaani' 2-max Seat #2 is the button
Seat 1: MAGER911 ($80.64 in chips)
Seat 2: Maluf007 ($50.41 in chips)
Maluf007: posts small blind $1
MAGER911: posts big blind $3
*** HOLE CARDS ***
Maluf007: folds
Uncalled bet ($2) returned to MAGER911
MAGER911 collected $2 from pot
MAGER911: doesn't show hand
*** SUMMARY ***
Total pot $2 | Rake $0
Seat 1: MAGER911 (big blind) collected ($2)
Seat 2: Maluf007 (button) (small blind) folded before Flop


PokerStars Hand #147029589793:  Hold'em Limit ($3/$6 USD) - 2016/01/14 12:52:30 ET
Table 'Kajaani' 2-max Seat #1 is the button
Seat 1: MAGER911 ($72 in chips)
Seat 2: Maluf007 ($59.41 in chips)
MAGER911: posts small blind $1
Maluf007: posts big blind $3
*** HOLE CARDS ***
MAGER911: raises $3 to $6
Maluf007: calls $3
*** FLOP *** [2s Ad 2d]
Maluf007: checks
MAGER911: bets $3
Maluf007: calls $3
*** TURN *** [2s Ad 2d] [2c]
Maluf007: checks
MAGER911: bets $6
Maluf007: folds
Uncalled bet ($6) returned to MAGER911
MAGER911 collected $17.64 from pot
MAGER911: doesn't show hand
*** SUMMARY ***
Total pot $18 | Rake $0.36
Board [2s Ad 2d 2c]
Seat 1: MAGER911 (button) (small blind) collected ($17.64)
Seat 2: Maluf007 (big blind) folded on the Turn


PokerStars Hand #147029670825:  Hold'em Limit ($3/$6 USD) - 2016/01/14 12:53:48 ET
Table 'Kajaani' 2-max Seat #2 is the button
Seat 1: MAGER911 ($92.14 in chips)
Seat 2: Maluf007 ($38.41 in chips)
Maluf007: posts small blind $1
MAGER911: posts big blind $3
*** HOLE CARDS ***
Maluf007: raises $3 to $6
MAGER911: calls $3
*** FLOP *** [5h 8s 5d]
MAGER911: checks
Maluf007: bets $3
MAGER911: folds
Uncalled bet ($3) returned to Maluf007
Maluf007 collected $11.76 from pot
*** SUMMARY ***
Total pot $12 | Rake $0.24
Board [5h 8s 5d]
Seat 1: MAGER911 (big blind) folded on the Flop
Seat 2: Maluf007 (button) (small blind) collected ($11.76)


PokerStars Hand #147029664545:  Hold'em Limit ($3/$6 USD) - 2016/01/14 12:53:42 ET
Table 'Kajaani' 2-max Seat #1 is the button
Seat 1: MAGER911 ($93.14 in chips)
Seat 2: Maluf007 ($37.41 in chips)
MAGER911: posts small blind $1
Maluf007: posts big blind $3
*** HOLE CARDS ***
MAGER911: folds
Uncalled bet ($2) returned to Maluf007
Maluf007 collected $2 from pot
*** SUMMARY ***
Total pot $2 | Rake $0
Seat 1: MAGER911 (button) (small blind) folded before Flop
Seat 2: Maluf007 (big blind) collected ($2)


PokerStars Hand #147029652242:  Hold'em Limit ($3/$6 USD) - 2016/01/14 12:53:30 ET
Table 'Kajaani' 2-max Seat #2 is the button
Seat 1: MAGER911 ($96.14 in chips)
Seat 2: Maluf007 ($34.41 in chips)
Maluf007: posts small blind $1
MAGER911: posts big blind $3
*** HOLE CARDS ***
Maluf007: raises $3 to $6
MAGER911: folds
Uncalled bet ($3) returned to Maluf007
Maluf007 collected $6 from pot
*** SUMMARY ***
Total pot $6 | Rake $0
Seat 1: MAGER911 (big blind) folded before Flop
Seat 2: Maluf007 (button) (small blind) collected ($6)


PokerStars Hand #147029622267:  Hold'em Limit ($3/$6 USD) - 2016/01/14 12:53:01 ET
Table 'Kajaani' 2-max Seat #1 is the button
Seat 1: MAGER911 ($81.64 in chips)
Seat 2: Maluf007 ($49.41 in chips)
MAGER911: posts small blind $1
Maluf007: posts big blind $3
*** HOLE CARDS ***
MAGER911: raises $3 to $6
Maluf007: calls $3
*** FLOP *** [5d 2s 8c]
Maluf007: checks
MAGER911: bets $3
Maluf007: calls $3
*** TURN *** [5d 2s 8c] [Jc]
Maluf007: checks
MAGER911: checks
*** RIVER *** [5d 2s 8c Jc] [Kh]
Maluf007: bets $6
MAGER911: calls $6
*** SHOW DOWN ***
Maluf007: shows [6c 7d] (high card King)
MAGER911: shows [Ad 3s] (high card Ace)
MAGER911 collected $29.50 from pot
*** SUMMARY ***
Total pot $30 | Rake $0.50
Board [5d 2s 8c Jc Kh]
Seat 1: MAGER911 (button) (small blind) showed [Ad 3s] and won ($29.50) with high card Ace
Seat 2: Maluf007 (big blind) showed [6c 7d] and lost with high card King


PokerStars Hand #147029712425:  Hold'em Limit ($3/$6 USD) - 2016/01/14 12:54:29 ET
Table 'Kajaani' 2-max Seat #2 is the button
Seat 1: MAGER911 ($94.78 in chips)
Seat 2: Maluf007 ($35.17 in chips)
Maluf007: posts small blind $1
MAGER911: posts big blind $3
*** HOLE CARDS ***
Maluf007: raises $3 to $6
MAGER911: raises $3 to $9
Maluf007: calls $3
*** FLOP *** [9c 9s 5d]
MAGER911: bets $3
Maluf007: calls $3
*** TURN *** [9c 9s 5d] [Ks]
MAGER911: checks
Maluf007: bets $6
MAGER911: calls $6
*** RIVER *** [9c 9s 5d Ks] [Ac]
MAGER911: bets $6
Maluf007: calls $6
*** SHOW DOWN ***
MAGER911: shows [Tc Ad] (two pair, Aces and Nines)
Maluf007: mucks hand
MAGER911 collected $47.50 from pot
*** SUMMARY ***
Total pot $48 | Rake $0.50
Board [9c 9s 5d Ks Ac]
Seat 1: MAGER911 (big blind) showed [Tc Ad] and won ($47.50) with two pair, Aces and Nines
Seat 2: Maluf007 (button) (small blind) mucked


PokerStars Hand #147029688337:  Hold'em Limit ($3/$6 USD) - 2016/01/14 12:54:05 ET
Table 'Kajaani' 2-max Seat #1 is the button
Seat 1: MAGER911 ($86.14 in chips)
Seat 2: Maluf007 ($44.17 in chips)
MAGER911: posts small blind $1
Maluf007: posts big blind $3
*** HOLE CARDS ***
MAGER911: raises $3 to $6
Maluf007: calls $3
*** FLOP *** [8d 8c 8s]
Maluf007: checks
MAGER911: bets $3
Maluf007: calls $3
*** TURN *** [8d 8c 8s] [Ah]
Maluf007: checks
MAGER911: bets $6
Maluf007: folds
Uncalled bet ($6) returned to MAGER911
MAGER911 collected $17.64 from pot
MAGER911: doesn't show hand
*** SUMMARY ***
Total pot $18 | Rake $0.36
Board [8d 8c 8s Ah]
Seat 1: MAGER911 (button) (small blind) collected ($17.64)
Seat 2: Maluf007 (big blind) folded on the Turn


PokerStars Hand #147029746452:  Hold'em Limit ($3/$6 USD) - 2016/01/14 12:55:02 ET
Table 'Kajaani' 2-max Seat #1 is the button
Seat 1: MAGER911 ($118.28 in chips)
Seat 2: Maluf007 ($11.17 in chips)
MAGER911: posts small blind $1
Maluf007: posts big blind $3
*** HOLE CARDS ***
MAGER911: raises $3 to $6
Maluf007: raises $3 to $9
MAGER911: raises $3 to $12
Betting is capped
Maluf007: calls $2.17 and is all-in
Uncalled bet ($0.83) returned to MAGER911
*** FLOP *** [8c Ac 9d]
*** TURN *** [8c Ac 9d] [2h]
*** RIVER *** [8c Ac 9d 2h] [9s]
*** SHOW DOWN ***
Maluf007: shows [3h 3c] (two pair, Nines and Threes)
MAGER911: shows [8h Kc] (two pair, Nines and Eights)
MAGER911 collected $21.89 from pot
*** SUMMARY ***
Total pot $22.34 | Rake $0.45
Board [8c Ac 9d 2h 9s]
Seat 1: MAGER911 (button) (small blind) showed [8h Kc] and won ($21.89) with two pair, Nines and Eights
Seat 2: Maluf007 (big blind) showed [3h 3c] and lost with two pair, Nines and Threes


PokerStars Hand #147029451845:  Hold'em Limit ($3/$6 USD) - 2016/01/14 12:50:16 ET
Table 'Kajaani' 2-max Seat #1 is the button
Seat 1: MAGER911 ($87.28 in chips)
Seat 2: Maluf007 ($40.15 in chips)
MAGER911: posts small blind $1
Maluf007: posts big blind $3
*** HOLE CARDS ***
MAGER911: raises $3 to $6
Maluf007: calls $3
*** FLOP *** [4h Jd Kc]
Maluf007: checks
MAGER911: bets $3
Maluf007: calls $3
*** TURN *** [4h Jd Kc] [6s]
Maluf007: checks
MAGER911: bets $6
Maluf007: calls $6
*** RIVER *** [4h Jd Kc 6s] [Th]
Maluf007: checks
MAGER911: bets $6
Maluf007: folds
Uncalled bet ($6) returned to MAGER911
MAGER911 collected $29.50 from pot
MAGER911: doesn't show hand
*** SUMMARY ***
Total pot $30 | Rake $0.50
Board [4h Jd Kc 6s Th]
Seat 1: MAGER911 (button) (small blind) collected ($29.50)
Seat 2: Maluf007 (big blind) folded on the River


PokerStars Hand #147029500152:  Hold'em Limit ($3/$6 USD) - 2016/01/14 12:51:02 ET
Table 'Kajaani' 2-max Seat #2 is the button
Seat 1: MAGER911 ($101.78 in chips)
Seat 2: Maluf007 ($25.15 in chips)
Maluf007: posts small blind $1
MAGER911: posts big blind $3
*** HOLE CARDS ***
Maluf007: raises $3 to $6
MAGER911: folds
Uncalled bet ($3) returned to Maluf007
Maluf007 collected $6 from pot
Maluf007: doesn't show hand
*** SUMMARY ***
Total pot $6 | Rake $0
Seat 1: MAGER911 (big blind) folded before Flop
Seat 2: Maluf007 (button) (small blind) collected ($6)


PokerStars Hand #147029514161:  Hold'em Limit ($3/$6 USD) - 2016/01/14 12:51:16 ET
Table 'Kajaani' 2-max Seat #1 is the button
Seat 1: MAGER911 ($98.78 in chips)
Seat 2: Maluf007 ($28.15 in chips)
MAGER911: posts small blind $1
Maluf007: posts big blind $3
*** HOLE CARDS ***
MAGER911: folds
Uncalled bet ($2) returned to Maluf007
Maluf007 collected $2 from pot
*** SUMMARY ***
Total pot $2 | Rake $0
Seat 1: MAGER911 (button) (small blind) folded before Flop
Seat 2: Maluf007 (big blind) collected ($2)


PokerStars Hand #147029563159:  Hold'em Limit ($3/$6 USD) - 2016/01/14 12:52:04 ET
Table 'Kajaani' 2-max Seat #1 is the button
Seat 1: MAGER911 ($73.78 in chips)
Seat 2: Maluf007 ($52.65 in chips)
MAGER911: posts small blind $1
Maluf007: posts big blind $3
*** HOLE CARDS ***
MAGER911: folds
Uncalled bet ($2) returned to Maluf007
Maluf007 collected $2 from pot
*** SUMMARY ***
Total pot $2 | Rake $0
Seat 1: MAGER911 (button) (small blind) folded before Flop
Seat 2: Maluf007 (big blind) collected ($2)


PokerStars Hand #147029523498:  Hold'em Limit ($3/$6 USD) - 2016/01/14 12:51:25 ET
Table 'Kajaani' 2-max Seat #2 is the button
Seat 1: MAGER911 ($97.78 in chips)
Seat 2: Maluf007 ($29.15 in chips)
Maluf007: posts small blind $1
MAGER911: posts big blind $3
*** HOLE CARDS ***
Maluf007: calls $2
MAGER911: checks
*** FLOP *** [7h Td 4d]
MAGER911: bets $3
Maluf007: calls $3
*** TURN *** [7h Td 4d] [Qs]
MAGER911: bets $6
Maluf007: raises $6 to $12
MAGER911: calls $6
*** RIVER *** [7h Td 4d Qs] [3h]
MAGER911: checks
Maluf007: bets $6
MAGER911: calls $6
*** SHOW DOWN ***
Maluf007: shows [4c Qd] (two pair, Queens and Fours)
MAGER911: mucks hand
Maluf007 collected $47.50 from pot
*** SUMMARY ***
Total pot $48 | Rake $0.50
Board [7h Td 4d Qs 3h]
Seat 1: MAGER911 (big blind) mucked
Seat 2: Maluf007 (button) (small blind) showed [4c Qd] and won ($47.50) with two pair, Queens and Fours


