PokerStars Hand #148052402351:  Hold'em Limit ($3/$6 USD) - 2016/02/01 10:21:16 ET
Table 'Kajam IV' 2-max Seat #2 is the button
Seat 1: RockKillerTY ($120 in chips)
Seat 2: nedo1414 ($120 in chips)
nedo1414: posts small blind $1
RockKillerTY: posts big blind $3
*** HOLE CARDS ***
nedo1414: raises $3 to $6
RockKillerTY: calls $3
*** FLOP *** [6c Qh 3s]
RockKillerTY: checks
nedo1414: bets $3
RockKillerTY: calls $3
*** TURN *** [6c Qh 3s] [4d]
RockKillerTY: checks
nedo1414: bets $6
RockKillerTY: calls $6
*** RIVER *** [6c Qh 3s 4d] [3d]
RockKillerTY: checks
nedo1414: bets $6
RockKillerTY: raises $6 to $12
nedo1414: calls $6
*** SHOW DOWN ***
RockKillerTY: shows [7c 3c] (three of a kind, Threes)
nedo1414: mucks hand
RockKillerTY collected $53.50 from pot
*** SUMMARY ***
Total pot $54 | Rake $0.50
Board [6c Qh 3s 4d 3d]
Seat 1: RockKillerTY (big blind) showed [7c 3c] and won ($53.50) with three of a kind, Threes
Seat 2: nedo1414 (button) (small blind) mucked


PokerStars Hand #148052450180:  Hold'em Limit ($3/$6 USD) - 2016/02/01 10:22:19 ET
Table 'Kajam IV' 2-max Seat #1 is the button
Seat 1: RockKillerTY ($143.14 in chips)
Seat 2: nedo1414 ($95.52 in chips)
RockKillerTY: posts small blind $1
nedo1414: posts big blind $3
*** HOLE CARDS ***
RockKillerTY: raises $3 to $6
nedo1414: folds
Uncalled bet ($3) returned to RockKillerTY
RockKillerTY collected $6 from pot
RockKillerTY: doesn't show hand
*** SUMMARY ***
Total pot $6 | Rake $0
Seat 1: RockKillerTY (button) (small blind) collected ($6)
Seat 2: nedo1414 (big blind) folded before Flop


PokerStars Hand #148052439159:  Hold'em Limit ($3/$6 USD) - 2016/02/01 10:22:05 ET
Table 'Kajam IV' 2-max Seat #2 is the button
Seat 1: RockKillerTY ($134.50 in chips)
Seat 2: nedo1414 ($104.52 in chips)
nedo1414: posts small blind $1
RockKillerTY: posts big blind $3
*** HOLE CARDS ***
nedo1414: raises $3 to $6
RockKillerTY: calls $3
*** FLOP *** [3c 2s Jc]
RockKillerTY: checks
nedo1414: bets $3
RockKillerTY: raises $3 to $6
nedo1414: folds
Uncalled bet ($3) returned to RockKillerTY
RockKillerTY collected $17.64 from pot
RockKillerTY: doesn't show hand
*** SUMMARY ***
Total pot $18 | Rake $0.36
Board [3c 2s Jc]
Seat 1: RockKillerTY (big blind) collected ($17.64)
Seat 2: nedo1414 (button) (small blind) folded on the Flop


PokerStars Hand #148052426933:  Hold'em Limit ($3/$6 USD) - 2016/02/01 10:21:49 ET
Table 'Kajam IV' 2-max Seat #1 is the button
Seat 1: RockKillerTY ($146.50 in chips)
Seat 2: nedo1414 ($93 in chips)
RockKillerTY: posts small blind $1
nedo1414: posts big blind $3
*** HOLE CARDS ***
RockKillerTY: raises $3 to $6
nedo1414: raises $3 to $9
RockKillerTY: calls $3
*** FLOP *** [6c 3s 6d]
nedo1414: bets $3
RockKillerTY: calls $3
*** TURN *** [6c 3s 6d] [9d]
nedo1414: bets $6
RockKillerTY: folds
Uncalled bet ($6) returned to nedo1414
nedo1414 collected $23.52 from pot
nedo1414: doesn't show hand
*** SUMMARY ***
Total pot $24 | Rake $0.48
Board [6c 3s 6d 9d]
Seat 1: RockKillerTY (button) (small blind) folded on the Turn
Seat 2: nedo1414 (big blind) collected ($23.52)


PokerStars Hand #148052479117:  Hold'em Limit ($3/$6 USD) - 2016/02/01 10:22:57 ET
Table 'Kajam IV' 2-max Seat #1 is the button
Seat 1: RockKillerTY ($160.64 in chips)
Seat 2: nedo1414 ($77.52 in chips)
RockKillerTY: posts small blind $1
nedo1414: posts big blind $3
*** HOLE CARDS ***
RockKillerTY: raises $3 to $6
nedo1414: raises $3 to $9
RockKillerTY: calls $3
*** FLOP *** [Kd Kc 5h]
nedo1414: bets $3
RockKillerTY: calls $3
*** TURN *** [Kd Kc 5h] [8h]
nedo1414: bets $6
RockKillerTY: folds
Uncalled bet ($6) returned to nedo1414
nedo1414 collected $23.52 from pot
nedo1414: doesn't show hand
*** SUMMARY ***
Total pot $24 | Rake $0.48
Board [Kd Kc 5h 8h]
Seat 1: RockKillerTY (button) (small blind) folded on the Turn
Seat 2: nedo1414 (big blind) collected ($23.52)


PokerStars Hand #148052453340:  Hold'em Limit ($3/$6 USD) - 2016/02/01 10:22:23 ET
Table 'Kajam IV' 2-max Seat #2 is the button
Seat 1: RockKillerTY ($146.14 in chips)
Seat 2: nedo1414 ($92.52 in chips)
nedo1414: posts small blind $1
RockKillerTY: posts big blind $3
*** HOLE CARDS ***
nedo1414: raises $3 to $6
RockKillerTY: calls $3
*** FLOP *** [5s 2d 9s]
RockKillerTY: checks
nedo1414: bets $3
RockKillerTY: calls $3
*** TURN *** [5s 2d 9s] [3h]
RockKillerTY: checks
nedo1414: checks
*** RIVER *** [5s 2d 9s 3h] [5h]
RockKillerTY: bets $6
nedo1414: calls $6
*** SHOW DOWN ***
RockKillerTY: shows [4d 6d] (a straight, Deuce to Six)
nedo1414: mucks hand
RockKillerTY collected $29.50 from pot
*** SUMMARY ***
Total pot $30 | Rake $0.50
Board [5s 2d 9s 3h 5h]
Seat 1: RockKillerTY (big blind) showed [4d 6d] and won ($29.50) with a straight, Deuce to Six
Seat 2: nedo1414 (button) (small blind) mucked


PokerStars Hand #148052557894:  Hold'em Limit ($3/$6 USD) - 2016/02/01 10:24:40 ET
Table 'Kajam IV' 2-max Seat #1 is the button
Seat 1: RockKillerTY ($190.64 in chips)
Seat 2: nedo1414 ($46.04 in chips)
RockKillerTY: posts small blind $1
nedo1414: posts big blind $3
*** HOLE CARDS ***
RockKillerTY: raises $3 to $6
nedo1414: folds
Uncalled bet ($3) returned to RockKillerTY
RockKillerTY collected $6 from pot
RockKillerTY: doesn't show hand
*** SUMMARY ***
Total pot $6 | Rake $0
Seat 1: RockKillerTY (button) (small blind) collected ($6)
Seat 2: nedo1414 (big blind) folded before Flop


PokerStars Hand #148052535131:  Hold'em Limit ($3/$6 USD) - 2016/02/01 10:24:10 ET
Table 'Kajam IV' 2-max Seat #1 is the button
Seat 1: RockKillerTY ($166.14 in chips)
Seat 2: nedo1414 ($71.04 in chips)
RockKillerTY: posts small blind $1
nedo1414: posts big blind $3
*** HOLE CARDS ***
RockKillerTY: raises $3 to $6
nedo1414: raises $3 to $9
RockKillerTY: calls $3
*** FLOP *** [Jd As 6c]
nedo1414: bets $3
RockKillerTY: calls $3
*** TURN *** [Jd As 6c] [7s]
nedo1414: bets $6
RockKillerTY: calls $6
*** RIVER *** [Jd As 6c 7s] [Kd]
nedo1414: checks
RockKillerTY: bets $6
nedo1414: calls $6
*** SHOW DOWN ***
RockKillerTY: shows [Ah Tc] (a pair of Aces)
nedo1414: mucks hand
RockKillerTY collected $47.50 from pot
*** SUMMARY ***
Total pot $48 | Rake $0.50
Board [Jd As 6c 7s Kd]
Seat 1: RockKillerTY (button) (small blind) showed [Ah Tc] and won ($47.50) with a pair of Aces
Seat 2: nedo1414 (big blind) mucked


PokerStars Hand #148052498109:  Hold'em Limit ($3/$6 USD) - 2016/02/01 10:23:22 ET
Table 'Kajam IV' 2-max Seat #2 is the button
Seat 1: RockKillerTY ($148.64 in chips)
Seat 2: nedo1414 ($89.04 in chips)
nedo1414: posts small blind $1
RockKillerTY: posts big blind $3
*** HOLE CARDS ***
nedo1414: raises $3 to $6
RockKillerTY: raises $3 to $9
nedo1414: calls $3
*** FLOP *** [Kc 5c Jc]
RockKillerTY: bets $3
nedo1414: calls $3
*** TURN *** [Kc 5c Jc] [4h]
RockKillerTY: bets $6
nedo1414: calls $6
*** RIVER *** [Kc 5c Jc 4h] [2c]
RockKillerTY: checks
nedo1414: checks
*** SHOW DOWN ***
RockKillerTY: shows [7s Ks] (a pair of Kings)
nedo1414: mucks hand
RockKillerTY collected $35.50 from pot
*** SUMMARY ***
Total pot $36 | Rake $0.50
Board [Kc 5c Jc 4h 2c]
Seat 1: RockKillerTY (big blind) showed [7s Ks] and won ($35.50) with a pair of Kings
Seat 2: nedo1414 (button) (small blind) mucked


PokerStars Hand #148052577643:  Hold'em Limit ($3/$6 USD) - 2016/02/01 10:25:06 ET
Table 'Kajam IV' 2-max Seat #1 is the button
Seat 1: RockKillerTY ($194.64 in chips)
Seat 2: nedo1414 ($267.30 in chips)
RockKillerTY: posts small blind $1
nedo1414: posts big blind $3
*** HOLE CARDS ***
RockKillerTY: raises $3 to $6
nedo1414: calls $3
*** FLOP *** [6d 5d Js]
nedo1414: checks
RockKillerTY: bets $3
nedo1414: calls $3
*** TURN *** [6d 5d Js] [8h]
nedo1414: checks
RockKillerTY: bets $6
nedo1414: calls $6
*** RIVER *** [6d 5d Js 8h] [5s]
nedo1414: checks
RockKillerTY: bets $6
nedo1414: calls $6
*** SHOW DOWN ***
RockKillerTY: shows [5h 5c] (four of a kind, Fives)
nedo1414: mucks hand
RockKillerTY collected $41.50 from pot
*** SUMMARY ***
Total pot $42 | Rake $0.50
Board [6d 5d Js 8h 5s]
Seat 1: RockKillerTY (button) (small blind) showed [5h 5c] and won ($41.50) with four of a kind, Fives
Seat 2: nedo1414 (big blind) mucked


PokerStars Hand #148052574524:  Hold'em Limit ($3/$6 USD) - 2016/02/01 10:25:02 ET
Table 'Kajam IV' 2-max Seat #2 is the button
Seat 1: RockKillerTY ($193.64 in chips)
Seat 2: nedo1414 ($268.30 in chips)
nedo1414: posts small blind $1
RockKillerTY: posts big blind $3
*** HOLE CARDS ***
nedo1414: folds
Uncalled bet ($2) returned to RockKillerTY
RockKillerTY collected $2 from pot
RockKillerTY: doesn't show hand
*** SUMMARY ***
Total pot $2 | Rake $0
Seat 1: RockKillerTY (big blind) collected ($2)
Seat 2: nedo1414 (button) (small blind) folded before Flop


PokerStars Hand #148052566654:  Hold'em Limit ($3/$6 USD) - 2016/02/01 10:24:52 ET
Table 'Kajam IV' 2-max Seat #1 is the button
Seat 1: RockKillerTY ($194.64 in chips)
Seat 2: nedo1414 ($42.04 in chips)
RockKillerTY: posts small blind $1
nedo1414: posts big blind $3
*** HOLE CARDS ***
RockKillerTY: folds
Uncalled bet ($2) returned to nedo1414
nedo1414 collected $2 from pot
nedo1414: doesn't show hand
*** SUMMARY ***
Total pot $2 | Rake $0
Seat 1: RockKillerTY (button) (small blind) folded before Flop
Seat 2: nedo1414 (big blind) collected ($2)


PokerStars Hand #148052561432:  Hold'em Limit ($3/$6 USD) - 2016/02/01 10:24:45 ET
Table 'Kajam IV' 2-max Seat #2 is the button
Seat 1: RockKillerTY ($193.64 in chips)
Seat 2: nedo1414 ($43.04 in chips)
nedo1414: posts small blind $1
RockKillerTY: posts big blind $3
*** HOLE CARDS ***
nedo1414: folds
Uncalled bet ($2) returned to RockKillerTY
RockKillerTY collected $2 from pot
RockKillerTY: doesn't show hand
*** SUMMARY ***
Total pot $2 | Rake $0
Seat 1: RockKillerTY (big blind) collected ($2)
Seat 2: nedo1414 (button) (small blind) folded before Flop


PokerStars Hand #148052598950:  Hold'em Limit ($3/$6 USD) - 2016/02/01 10:25:34 ET
Table 'Kajam IV' 2-max Seat #2 is the button
Seat 1: RockKillerTY ($215.14 in chips)
Seat 2: nedo1414 ($246.30 in chips)
nedo1414: posts small blind $1
RockKillerTY: posts big blind $3
*** HOLE CARDS ***
nedo1414: raises $3 to $6
RockKillerTY: raises $3 to $9
nedo1414: calls $3
*** FLOP *** [9c 3h 4h]
RockKillerTY: bets $3
nedo1414: calls $3
*** TURN *** [9c 3h 4h] [Ac]
RockKillerTY: bets $6
nedo1414: raises $6 to $12
RockKillerTY: calls $6
*** RIVER *** [9c 3h 4h Ac] [2c]
RockKillerTY: checks
nedo1414: bets $6
RockKillerTY: calls $6
*** SHOW DOWN ***
nedo1414: shows [4s 3d] (two pair, Fours and Threes)
RockKillerTY: mucks hand
nedo1414 collected $59.50 from pot
*** SUMMARY ***
Total pot $60 | Rake $0.50
Board [9c 3h 4h Ac 2c]
Seat 1: RockKillerTY (big blind) mucked
Seat 2: nedo1414 (button) (small blind) showed [4s 3d] and won ($59.50) with two pair, Fours and Threes


PokerStars Hand #148052671286:  Hold'em Limit ($3/$6 USD) - 2016/02/01 10:27:07 ET
Table 'Kajam IV' 2-max Seat #2 is the button
Seat 1: RockKillerTY ($208.64 in chips)
Seat 2: nedo1414 ($251.80 in chips)
nedo1414: posts small blind $1
RockKillerTY: posts big blind $3
*** HOLE CARDS ***
nedo1414: raises $3 to $6
RockKillerTY: calls $3
*** FLOP *** [9h 6d 8h]
RockKillerTY: checks
nedo1414: bets $3
RockKillerTY: raises $3 to $6
nedo1414: calls $3
*** TURN *** [9h 6d 8h] [5h]
RockKillerTY: bets $6
nedo1414: folds
Uncalled bet ($6) returned to RockKillerTY
RockKillerTY collected $23.52 from pot
RockKillerTY: doesn't show hand
*** SUMMARY ***
Total pot $24 | Rake $0.48
Board [9h 6d 8h 5h]
Seat 1: RockKillerTY (big blind) collected ($23.52)
Seat 2: nedo1414 (button) (small blind) folded on the Turn


PokerStars Hand #148052637311:  Hold'em Limit ($3/$6 USD) - 2016/02/01 10:26:24 ET
Table 'Kajam IV' 2-max Seat #1 is the button
Seat 1: RockKillerTY ($185.14 in chips)
Seat 2: nedo1414 ($275.80 in chips)
RockKillerTY: posts small blind $1
nedo1414: posts big blind $3
*** HOLE CARDS ***
RockKillerTY: raises $3 to $6
nedo1414: raises $3 to $9
RockKillerTY: calls $3
*** FLOP *** [9c 4d 3h]
nedo1414: bets $3
RockKillerTY: calls $3
*** TURN *** [9c 4d 3h] [Ks]
nedo1414: bets $6
RockKillerTY: calls $6
*** RIVER *** [9c 4d 3h Ks] [7d]
nedo1414: bets $6
RockKillerTY: calls $6
*** SHOW DOWN ***
nedo1414: shows [Js Td] (high card King)
RockKillerTY: shows [Jh 3c] (a pair of Threes)
RockKillerTY collected $47.50 from pot
*** SUMMARY ***
Total pot $48 | Rake $0.50
Board [9c 4d 3h Ks 7d]
Seat 1: RockKillerTY (button) (small blind) showed [Jh 3c] and won ($47.50) with a pair of Threes
Seat 2: nedo1414 (big blind) showed [Js Td] and lost with high card King


PokerStars Hand #148052733977:  Hold'em Limit ($3/$6 USD) - 2016/02/01 10:28:28 ET
Table 'Kajam IV' 2-max Seat #1 is the button
Seat 1: RockKillerTY ($204.66 in chips)
Seat 2: nedo1414 ($253.82 in chips)
RockKillerTY: posts small blind $1
nedo1414: posts big blind $3
*** HOLE CARDS ***
RockKillerTY: raises $3 to $6
nedo1414: calls $3
*** FLOP *** [Jc Js Qh]
nedo1414: checks
RockKillerTY: bets $3
nedo1414: folds
Uncalled bet ($3) returned to RockKillerTY
RockKillerTY collected $11.76 from pot
RockKillerTY: doesn't show hand
*** SUMMARY ***
Total pot $12 | Rake $0.24
Board [Jc Js Qh]
Seat 1: RockKillerTY (button) (small blind) collected ($11.76)
Seat 2: nedo1414 (big blind) folded on the Flop


PokerStars Hand #148052714281:  Hold'em Limit ($3/$6 USD) - 2016/02/01 10:28:03 ET
Table 'Kajam IV' 2-max Seat #2 is the button
Seat 1: RockKillerTY ($234.66 in chips)
Seat 2: nedo1414 ($224.32 in chips)
nedo1414: posts small blind $1
RockKillerTY: posts big blind $3
*** HOLE CARDS ***
nedo1414: raises $3 to $6
RockKillerTY: calls $3
*** FLOP *** [6d 5c Jc]
RockKillerTY: checks
nedo1414: bets $3
RockKillerTY: raises $3 to $6
nedo1414: calls $3
*** TURN *** [6d 5c Jc] [3h]
RockKillerTY: bets $6
nedo1414: calls $6
*** RIVER *** [6d 5c Jc 3h] [Ks]
RockKillerTY: bets $6
nedo1414: raises $6 to $12
RockKillerTY: calls $6
*** SHOW DOWN ***
nedo1414: shows [Kc 5s] (two pair, Kings and Fives)
RockKillerTY: mucks hand
nedo1414 collected $59.50 from pot
*** SUMMARY ***
Total pot $60 | Rake $0.50
Board [6d 5c Jc 3h Ks]
Seat 1: RockKillerTY (big blind) mucked
Seat 2: nedo1414 (button) (small blind) showed [Kc 5s] and won ($59.50) with two pair, Kings and Fives


PokerStars Hand #148052703938:  Hold'em Limit ($3/$6 USD) - 2016/02/01 10:27:50 ET
Table 'Kajam IV' 2-max Seat #1 is the button
Seat 1: RockKillerTY ($246.66 in chips)
Seat 2: nedo1414 ($212.80 in chips)
RockKillerTY: posts small blind $1
nedo1414: posts big blind $3
*** HOLE CARDS ***
RockKillerTY: raises $3 to $6
nedo1414: raises $3 to $9
RockKillerTY: calls $3
*** FLOP *** [Td 7s Jh]
nedo1414: bets $3
RockKillerTY: calls $3
*** TURN *** [Td 7s Jh] [2d]
nedo1414: bets $6
RockKillerTY: folds
Uncalled bet ($6) returned to nedo1414
nedo1414 collected $23.52 from pot
nedo1414: doesn't show hand
*** SUMMARY ***
Total pot $24 | Rake $0.48
Board [Td 7s Jh 2d]
Seat 1: RockKillerTY (button) (small blind) folded on the Turn
Seat 2: nedo1414 (big blind) collected ($23.52)


PokerStars Hand #148052697734:  Hold'em Limit ($3/$6 USD) - 2016/02/01 10:27:42 ET
Table 'Kajam IV' 2-max Seat #2 is the button
Seat 1: RockKillerTY ($249.66 in chips)
Seat 2: nedo1414 ($209.80 in chips)
nedo1414: posts small blind $1
RockKillerTY: posts big blind $3
*** HOLE CARDS ***
nedo1414: raises $3 to $6
RockKillerTY: folds
Uncalled bet ($3) returned to nedo1414
nedo1414 collected $6 from pot
nedo1414: doesn't show hand
*** SUMMARY ***
Total pot $6 | Rake $0
Seat 1: RockKillerTY (big blind) folded before Flop
Seat 2: nedo1414 (button) (small blind) collected ($6)


PokerStars Hand #148052790152:  Hold'em Limit ($3/$6 USD) - 2016/02/01 10:29:41 ET
Table 'Kajam IV' 2-max Seat #1 is the button
Seat 1: RockKillerTY ($186.42 in chips)
Seat 2: nedo1414 ($271.32 in chips)
RockKillerTY: posts small blind $1
nedo1414: posts big blind $3
*** HOLE CARDS ***
RockKillerTY: folds
Uncalled bet ($2) returned to nedo1414
nedo1414 collected $2 from pot
nedo1414: doesn't show hand
*** SUMMARY ***
Total pot $2 | Rake $0
Seat 1: RockKillerTY (button) (small blind) folded before Flop
Seat 2: nedo1414 (big blind) collected ($2)


PokerStars Hand #148052786385:  Hold'em Limit ($3/$6 USD) - 2016/02/01 10:29:36 ET
Table 'Kajam IV' 2-max Seat #2 is the button
Seat 1: RockKillerTY ($185.42 in chips)
Seat 2: nedo1414 ($272.32 in chips)
nedo1414: posts small blind $1
RockKillerTY: posts big blind $3
*** HOLE CARDS ***
nedo1414: folds
Uncalled bet ($2) returned to RockKillerTY
RockKillerTY collected $2 from pot
RockKillerTY: doesn't show hand
*** SUMMARY ***
Total pot $2 | Rake $0
Seat 1: RockKillerTY (big blind) collected ($2)
Seat 2: nedo1414 (button) (small blind) folded before Flop


PokerStars Hand #148052773812:  Hold'em Limit ($3/$6 USD) - 2016/02/01 10:29:20 ET
Table 'Kajam IV' 2-max Seat #1 is the button
Seat 1: RockKillerTY ($186.42 in chips)
Seat 2: nedo1414 ($271.32 in chips)
RockKillerTY: posts small blind $1
nedo1414: posts big blind $3
*** HOLE CARDS ***
RockKillerTY: folds
Uncalled bet ($2) returned to nedo1414
nedo1414 collected $2 from pot
nedo1414: doesn't show hand
*** SUMMARY ***
Total pot $2 | Rake $0
Seat 1: RockKillerTY (button) (small blind) folded before Flop
Seat 2: nedo1414 (big blind) collected ($2)


PokerStars Hand #148052745412:  Hold'em Limit ($3/$6 USD) - 2016/02/01 10:28:43 ET
Table 'Kajam IV' 2-max Seat #2 is the button
Seat 1: RockKillerTY ($210.42 in chips)
Seat 2: nedo1414 ($247.82 in chips)
nedo1414: posts small blind $1
RockKillerTY: posts big blind $3
*** HOLE CARDS ***
nedo1414: raises $3 to $6
RockKillerTY: raises $3 to $9
nedo1414: calls $3
*** FLOP *** [Kd Qs Ah]
RockKillerTY: bets $3
nedo1414: calls $3
*** TURN *** [Kd Qs Ah] [8c]
RockKillerTY: bets $6
nedo1414: calls $6
*** RIVER *** [Kd Qs Ah 8c] [Qc]
RockKillerTY: checks
nedo1414: bets $6
RockKillerTY: calls $6
*** SHOW DOWN ***
nedo1414: shows [Qd 9h] (three of a kind, Queens)
RockKillerTY: mucks hand
nedo1414 collected $47.50 from pot
*** SUMMARY ***
Total pot $48 | Rake $0.50
Board [Kd Qs Ah 8c Qc]
Seat 1: RockKillerTY (big blind) mucked
Seat 2: nedo1414 (button) (small blind) showed [Qd 9h] and won ($47.50) with three of a kind, Queens


PokerStars Hand #148052818505:  Hold'em Limit ($3/$6 USD) - 2016/02/01 10:30:17 ET
Table 'Kajam IV' 2-max Seat #1 is the button
Seat 1: RockKillerTY ($194.06 in chips)
Seat 2: nedo1414 ($263.32 in chips)
RockKillerTY: posts small blind $1
nedo1414: posts big blind $3
*** HOLE CARDS ***
RockKillerTY: raises $3 to $6
nedo1414: folds
Uncalled bet ($3) returned to RockKillerTY
RockKillerTY collected $6 from pot
RockKillerTY: doesn't show hand
*** SUMMARY ***
Total pot $6 | Rake $0
Seat 1: RockKillerTY (button) (small blind) collected ($6)
Seat 2: nedo1414 (big blind) folded before Flop


PokerStars Hand #148052793702:  Hold'em Limit ($3/$6 USD) - 2016/02/01 10:29:45 ET
Table 'Kajam IV' 2-max Seat #2 is the button
Seat 1: RockKillerTY ($185.42 in chips)
Seat 2: nedo1414 ($272.32 in chips)
nedo1414: posts small blind $1
RockKillerTY: posts big blind $3
*** HOLE CARDS ***
nedo1414: raises $3 to $6
RockKillerTY: raises $3 to $9
nedo1414: calls $3
*** FLOP *** [5h 7c 9c]
RockKillerTY: bets $3
nedo1414: folds
Uncalled bet ($3) returned to RockKillerTY
RockKillerTY collected $17.64 from pot
RockKillerTY: doesn't show hand
*** SUMMARY ***
Total pot $18 | Rake $0.36
Board [5h 7c 9c]
Seat 1: RockKillerTY (big blind) collected ($17.64)
Seat 2: nedo1414 (button) (small blind) folded on the Flop


PokerStars Hand #148052855269:  Hold'em Limit ($3/$6 USD) - 2016/02/01 10:31:04 ET
Table 'Kajam IV' 2-max Seat #2 is the button
Seat 1: RockKillerTY ($211.58 in chips)
Seat 2: nedo1414 ($245.32 in chips)
nedo1414: posts small blind $1
RockKillerTY: posts big blind $3
*** HOLE CARDS ***
nedo1414: raises $3 to $6
RockKillerTY: folds
Uncalled bet ($3) returned to nedo1414
nedo1414 collected $6 from pot
nedo1414: doesn't show hand
*** SUMMARY ***
Total pot $6 | Rake $0
Seat 1: RockKillerTY (big blind) folded before Flop
Seat 2: nedo1414 (button) (small blind) collected ($6)


PokerStars Hand #148052850980:  Hold'em Limit ($3/$6 USD) - 2016/02/01 10:30:59 ET
Table 'Kajam IV' 2-max Seat #1 is the button
Seat 1: RockKillerTY ($208.58 in chips)
Seat 2: nedo1414 ($248.32 in chips)
RockKillerTY: posts small blind $1
nedo1414: posts big blind $3
*** HOLE CARDS ***
RockKillerTY: raises $3 to $6
nedo1414: folds
Uncalled bet ($3) returned to RockKillerTY
RockKillerTY collected $6 from pot
RockKillerTY: doesn't show hand
*** SUMMARY ***
Total pot $6 | Rake $0
Seat 1: RockKillerTY (button) (small blind) collected ($6)
Seat 2: nedo1414 (big blind) folded before Flop


PokerStars Hand #148052821741:  Hold'em Limit ($3/$6 USD) - 2016/02/01 10:30:21 ET
Table 'Kajam IV' 2-max Seat #2 is the button
Seat 1: RockKillerTY ($197.06 in chips)
Seat 2: nedo1414 ($260.32 in chips)
nedo1414: posts small blind $1
RockKillerTY: posts big blind $3
*** HOLE CARDS ***
nedo1414: raises $3 to $6
RockKillerTY: calls $3
*** FLOP *** [5h 4c 7d]
RockKillerTY: checks
nedo1414: bets $3
RockKillerTY: raises $3 to $6
nedo1414: calls $3
*** TURN *** [5h 4c 7d] [Ac]
RockKillerTY: bets $6
nedo1414: folds
Uncalled bet ($6) returned to RockKillerTY
RockKillerTY collected $23.52 from pot
RockKillerTY: doesn't show hand
*** SUMMARY ***
Total pot $24 | Rake $0.48
Board [5h 4c 7d Ac]
Seat 1: RockKillerTY (big blind) collected ($23.52)
Seat 2: nedo1414 (button) (small blind) folded on the Turn


PokerStars Hand #148053017562:  Hold'em Limit ($3/$6 USD) - 2016/02/01 10:34:30 ET
Table 'Kajam IV' 2-max Seat #2 is the button
Seat 1: RockKillerTY ($206.22 in chips)
Seat 2: nedo1414 ($249.84 in chips)
nedo1414: posts small blind $1
RockKillerTY: posts big blind $3
*** HOLE CARDS ***
nedo1414: raises $3 to $6
RockKillerTY: raises $3 to $9
nedo1414: raises $3 to $12
Betting is capped
RockKillerTY: calls $3
*** FLOP *** [Kc 5s As]
RockKillerTY: checks
nedo1414: bets $3
RockKillerTY: calls $3
*** TURN *** [Kc 5s As] [Ts]
RockKillerTY: checks
nedo1414: checks
*** RIVER *** [Kc 5s As Ts] [7c]
RockKillerTY: bets $6
nedo1414: calls $6
*** SHOW DOWN ***
RockKillerTY: shows [Js Kh] (a pair of Kings)
nedo1414: mucks hand
RockKillerTY collected $41.50 from pot
*** SUMMARY ***
Total pot $42 | Rake $0.50
Board [Kc 5s As Ts 7c]
Seat 1: RockKillerTY (big blind) showed [Js Kh] and won ($41.50) with a pair of Kings
Seat 2: nedo1414 (button) (small blind) mucked


PokerStars Hand #148053000653:  Hold'em Limit ($3/$6 USD) - 2016/02/01 10:34:09 ET
Table 'Kajam IV' 2-max Seat #1 is the button
Seat 1: RockKillerTY ($218.22 in chips)
Seat 2: nedo1414 ($238.32 in chips)
RockKillerTY: posts small blind $1
nedo1414: posts big blind $3
*** HOLE CARDS ***
RockKillerTY: raises $3 to $6
nedo1414: calls $3
*** FLOP *** [6d Ah 9h]
nedo1414: checks
RockKillerTY: checks
*** TURN *** [6d Ah 9h] [7c]
nedo1414: bets $6
RockKillerTY: calls $6
*** RIVER *** [6d Ah 9h 7c] [7d]
nedo1414: bets $6
RockKillerTY: folds
Uncalled bet ($6) returned to nedo1414
nedo1414 collected $23.52 from pot
nedo1414: doesn't show hand
*** SUMMARY ***
Total pot $24 | Rake $0.48
Board [6d Ah 9h 7c 7d]
Seat 1: RockKillerTY (button) (small blind) folded on the River
Seat 2: nedo1414 (big blind) collected ($23.52)


PokerStars Hand #148052971625:  Hold'em Limit ($3/$6 USD) - 2016/02/01 10:33:32 ET
Table 'Kajam IV' 2-max Seat #1 is the button
Seat 1: RockKillerTY ($208.58 in chips)
Seat 2: nedo1414 ($248.32 in chips)
RockKillerTY: posts small blind $1
nedo1414: posts big blind $3
*** HOLE CARDS ***
RockKillerTY: raises $3 to $6
nedo1414: calls $3
*** FLOP *** [6c Ac 3d]
nedo1414: checks
RockKillerTY: bets $3
nedo1414: calls $3
*** TURN *** [6c Ac 3d] [4s]
nedo1414: checks
RockKillerTY: bets $6
nedo1414: folds
Uncalled bet ($6) returned to RockKillerTY
RockKillerTY collected $17.64 from pot
RockKillerTY: doesn't show hand
*** SUMMARY ***
Total pot $18 | Rake $0.36
Board [6c Ac 3d 4s]
Seat 1: RockKillerTY (button) (small blind) collected ($17.64)
Seat 2: nedo1414 (big blind) folded on the Turn


PokerStars Hand #148052994016:  Hold'em Limit ($3/$6 USD) - 2016/02/01 10:34:00 ET
Table 'Kajam IV' 2-max Seat #1 is the button
Seat 1: RockKillerTY ($218.22 in chips)
Seat 2: nedo1414 ($238.32 in chips)
RockKillerTY: posts small blind $1
nedo1414: posts big blind $3
*** HOLE CARDS ***
RockKillerTY: folds
Uncalled bet ($2) returned to nedo1414
nedo1414 collected $2 from pot
nedo1414: doesn't show hand
*** SUMMARY ***
Total pot $2 | Rake $0
Seat 1: RockKillerTY (button) (small blind) folded before Flop
Seat 2: nedo1414 (big blind) collected ($2)


PokerStars Hand #148052990086:  Hold'em Limit ($3/$6 USD) - 2016/02/01 10:33:55 ET
Table 'Kajam IV' 2-max Seat #2 is the button
Seat 1: RockKillerTY ($217.22 in chips)
Seat 2: nedo1414 ($239.32 in chips)
nedo1414: posts small blind $1
RockKillerTY: posts big blind $3
*** HOLE CARDS ***
nedo1414: folds
Uncalled bet ($2) returned to RockKillerTY
RockKillerTY collected $2 from pot
RockKillerTY: doesn't show hand
*** SUMMARY ***
Total pot $2 | Rake $0
Seat 1: RockKillerTY (big blind) collected ($2)
Seat 2: nedo1414 (button) (small blind) folded before Flop


PokerStars Hand #148053057028:  Hold'em Limit ($3/$6 USD) - 2016/02/01 10:35:20 ET
Table 'Kajam IV' 2-max Seat #1 is the button
Seat 1: RockKillerTY ($196.72 in chips)
Seat 2: nedo1414 ($258.10 in chips)
RockKillerTY: posts small blind $1
nedo1414: posts big blind $3
*** HOLE CARDS ***
RockKillerTY: raises $3 to $6
nedo1414: calls $3
*** FLOP *** [8d 7d Jc]
nedo1414: checks
RockKillerTY: bets $3
nedo1414: raises $3 to $6
RockKillerTY: calls $3
*** TURN *** [8d 7d Jc] [Ah]
nedo1414: checks
RockKillerTY: checks
*** RIVER *** [8d 7d Jc Ah] [Ts]
nedo1414: bets $6
RockKillerTY: raises $6 to $12
nedo1414: calls $6
*** SHOW DOWN ***
RockKillerTY: shows [5s 9c] (a straight, Seven to Jack)
nedo1414: mucks hand
RockKillerTY collected $47.50 from pot
*** SUMMARY ***
Total pot $48 | Rake $0.50
Board [8d 7d Jc Ah Ts]
Seat 1: RockKillerTY (button) (small blind) showed [5s 9c] and won ($47.50) with a straight, Seven to Jack
Seat 2: nedo1414 (big blind) mucked


PokerStars Hand #148053032791:  Hold'em Limit ($3/$6 USD) - 2016/02/01 10:34:49 ET
Table 'Kajam IV' 2-max Seat #2 is the button
Seat 1: RockKillerTY ($229.72 in chips)
Seat 2: nedo1414 ($225.84 in chips)
nedo1414: posts small blind $1
RockKillerTY: posts big blind $3
*** HOLE CARDS ***
nedo1414: raises $3 to $6
RockKillerTY: folds
Uncalled bet ($3) returned to nedo1414
nedo1414 collected $6 from pot
nedo1414: doesn't show hand
*** SUMMARY ***
Total pot $6 | Rake $0
Seat 1: RockKillerTY (big blind) folded before Flop
Seat 2: nedo1414 (button) (small blind) collected ($6)


PokerStars Hand #148053029224:  Hold'em Limit ($3/$6 USD) - 2016/02/01 10:34:45 ET
Table 'Kajam IV' 2-max Seat #1 is the button
Seat 1: RockKillerTY ($226.72 in chips)
Seat 2: nedo1414 ($228.84 in chips)
RockKillerTY: posts small blind $1
nedo1414: posts big blind $3
*** HOLE CARDS ***
RockKillerTY: raises $3 to $6
nedo1414: folds
Uncalled bet ($3) returned to RockKillerTY
RockKillerTY collected $6 from pot
RockKillerTY: doesn't show hand
*** SUMMARY ***
Total pot $6 | Rake $0
Seat 1: RockKillerTY (button) (small blind) collected ($6)
Seat 2: nedo1414 (big blind) folded before Flop


PokerStars Hand #148053036806:  Hold'em Limit ($3/$6 USD) - 2016/02/01 10:34:54 ET
Table 'Kajam IV' 2-max Seat #1 is the button
Seat 1: RockKillerTY ($226.72 in chips)
Seat 2: nedo1414 ($228.84 in chips)
RockKillerTY: posts small blind $1
nedo1414: posts big blind $3
*** HOLE CARDS ***
RockKillerTY: raises $3 to $6
nedo1414: calls $3
*** FLOP *** [9d 8h Jd]
nedo1414: checks
RockKillerTY: bets $3
nedo1414: raises $3 to $6
RockKillerTY: calls $3
*** TURN *** [9d 8h Jd] [4d]
nedo1414: bets $6
RockKillerTY: calls $6
*** RIVER *** [9d 8h Jd 4d] [2s]
nedo1414: bets $6
RockKillerTY: calls $6
*** SHOW DOWN ***
nedo1414: shows [6c Js] (a pair of Jacks)
RockKillerTY: mucks hand
nedo1414 collected $47.50 from pot
*** SUMMARY ***
Total pot $48 | Rake $0.50
Board [9d 8h Jd 4d 2s]
Seat 1: RockKillerTY (button) (small blind) mucked
Seat 2: nedo1414 (big blind) showed [6c Js] and won ($47.50) with a pair of Jacks


PokerStars Hand #148053047943:  Hold'em Limit ($3/$6 USD) - 2016/02/01 10:35:08 ET
Table 'Kajam IV' 2-max Seat #2 is the button
Seat 1: RockKillerTY ($202.72 in chips)
Seat 2: nedo1414 ($252.34 in chips)
nedo1414: posts small blind $1
RockKillerTY: posts big blind $3
*** HOLE CARDS ***
nedo1414: raises $3 to $6
RockKillerTY: calls $3
*** FLOP *** [Th 8c Ts]
RockKillerTY: checks
nedo1414: bets $3
RockKillerTY: folds
Uncalled bet ($3) returned to nedo1414
nedo1414 collected $11.76 from pot
nedo1414: doesn't show hand
*** SUMMARY ***
Total pot $12 | Rake $0.24
Board [Th 8c Ts]
Seat 1: RockKillerTY (big blind) folded on the Flop
Seat 2: nedo1414 (button) (small blind) collected ($11.76)


PokerStars Hand #148053104312:  Hold'em Limit ($3/$6 USD) - 2016/02/01 10:36:20 ET
Table 'Kajam IV' 2-max Seat #1 is the button
Seat 1: RockKillerTY ($183.22 in chips)
Seat 2: nedo1414 ($270.10 in chips)
RockKillerTY: posts small blind $1
nedo1414: posts big blind $3
*** HOLE CARDS ***
RockKillerTY: folds
Uncalled bet ($2) returned to nedo1414
nedo1414 collected $2 from pot
nedo1414: doesn't show hand
*** SUMMARY ***
Total pot $2 | Rake $0
Seat 1: RockKillerTY (button) (small blind) folded before Flop
Seat 2: nedo1414 (big blind) collected ($2)


PokerStars Hand #148053087120:  Hold'em Limit ($3/$6 USD) - 2016/02/01 10:35:58 ET
Table 'Kajam IV' 2-max Seat #2 is the button
Seat 1: RockKillerTY ($204.22 in chips)
Seat 2: nedo1414 ($249.60 in chips)
nedo1414: posts small blind $1
RockKillerTY: posts big blind $3
*** HOLE CARDS ***
nedo1414: raises $3 to $6
RockKillerTY: calls $3
*** FLOP *** [8h 6c 5s]
RockKillerTY: checks
nedo1414: bets $3
RockKillerTY: raises $3 to $6
nedo1414: raises $3 to $9
RockKillerTY: calls $3
*** TURN *** [8h 6c 5s] [8d]
RockKillerTY: checks
nedo1414: bets $6
RockKillerTY: calls $6
*** RIVER *** [8h 6c 5s 8d] [8c]
RockKillerTY: checks
nedo1414: bets $6
RockKillerTY: folds
Uncalled bet ($6) returned to nedo1414
nedo1414 collected $41.50 from pot
nedo1414: doesn't show hand
*** SUMMARY ***
Total pot $42 | Rake $0.50
Board [8h 6c 5s 8d 8c]
Seat 1: RockKillerTY (big blind) folded on the River
Seat 2: nedo1414 (button) (small blind) collected ($41.50)


PokerStars Hand #148053084142:  Hold'em Limit ($3/$6 USD) - 2016/02/01 10:35:54 ET
Table 'Kajam IV' 2-max Seat #1 is the button
Seat 1: RockKillerTY ($205.22 in chips)
Seat 2: nedo1414 ($248.60 in chips)
RockKillerTY: posts small blind $1
nedo1414: posts big blind $3
*** HOLE CARDS ***
RockKillerTY: folds
Uncalled bet ($2) returned to nedo1414
nedo1414 collected $2 from pot
nedo1414: doesn't show hand
*** SUMMARY ***
Total pot $2 | Rake $0
Seat 1: RockKillerTY (button) (small blind) folded before Flop
Seat 2: nedo1414 (big blind) collected ($2)


PokerStars Hand #148053070282:  Hold'em Limit ($3/$6 USD) - 2016/02/01 10:35:37 ET
Table 'Kajam IV' 2-max Seat #2 is the button
Seat 1: RockKillerTY ($220.22 in chips)
Seat 2: nedo1414 ($234.10 in chips)
nedo1414: posts small blind $1
RockKillerTY: posts big blind $3
*** HOLE CARDS ***
nedo1414: raises $3 to $6
RockKillerTY: calls $3
*** FLOP *** [Jd 9d 8s]
RockKillerTY: checks
nedo1414: bets $3
RockKillerTY: calls $3
*** TURN *** [Jd 9d 8s] [Ks]
RockKillerTY: checks
nedo1414: checks
*** RIVER *** [Jd 9d 8s Ks] [9c]
RockKillerTY: bets $6
nedo1414: calls $6
*** SHOW DOWN ***
RockKillerTY: shows [7c 5c] (a pair of Nines)
nedo1414: shows [6d 6c] (two pair, Nines and Sixes)
nedo1414 collected $29.50 from pot
*** SUMMARY ***
Total pot $30 | Rake $0.50
Board [Jd 9d 8s Ks 9c]
Seat 1: RockKillerTY (big blind) showed [7c 5c] and lost with a pair of Nines
Seat 2: nedo1414 (button) (small blind) showed [6d 6c] and won ($29.50) with two pair, Nines and Sixes


PokerStars Hand #148053158895:  Hold'em Limit ($3/$6 USD) - 2016/02/01 10:37:28 ET
Table 'Kajam IV' 2-max Seat #2 is the button
Seat 1: RockKillerTY ($252.72 in chips)
Seat 2: nedo1414 ($199.10 in chips)
nedo1414: posts small blind $1
RockKillerTY: posts big blind $3
*** HOLE CARDS ***
nedo1414: raises $3 to $6
RockKillerTY: calls $3
*** FLOP *** [Ts 5d Kc]
RockKillerTY: checks
nedo1414: bets $3
RockKillerTY: raises $3 to $6
nedo1414: folds
Uncalled bet ($3) returned to RockKillerTY
RockKillerTY collected $17.64 from pot
RockKillerTY: doesn't show hand
*** SUMMARY ***
Total pot $18 | Rake $0.36
Board [Ts 5d Kc]
Seat 1: RockKillerTY (big blind) collected ($17.64)
Seat 2: nedo1414 (button) (small blind) folded on the Flop


PokerStars Hand #148053112485:  Hold'em Limit ($3/$6 USD) - 2016/02/01 10:36:30 ET
Table 'Kajam IV' 2-max Seat #1 is the button
Seat 1: RockKillerTY ($179.22 in chips)
Seat 2: nedo1414 ($274.10 in chips)
RockKillerTY: posts small blind $1
nedo1414: posts big blind $3
*** HOLE CARDS ***
RockKillerTY: raises $3 to $6
nedo1414: calls $3
*** FLOP *** [Kd 3d Qs]
nedo1414: checks
RockKillerTY: bets $3
nedo1414: calls $3
*** TURN *** [Kd 3d Qs] [Ad]
nedo1414: checks
RockKillerTY: bets $6
nedo1414: calls $6
*** RIVER *** [Kd 3d Qs Ad] [7s]
nedo1414: checks
RockKillerTY: bets $6
nedo1414: calls $6
*** SHOW DOWN ***
RockKillerTY: shows [4c Ah] (a pair of Aces)
nedo1414: mucks hand
RockKillerTY collected $41.50 from pot
*** SUMMARY ***
Total pot $42 | Rake $0.50
Board [Kd 3d Qs Ad 7s]
Seat 1: RockKillerTY (button) (small blind) showed [4c Ah] and won ($41.50) with a pair of Aces
Seat 2: nedo1414 (big blind) mucked


PokerStars Hand #148053127432:  Hold'em Limit ($3/$6 USD) - 2016/02/01 10:36:49 ET
Table 'Kajam IV' 2-max Seat #2 is the button
Seat 1: RockKillerTY ($199.72 in chips)
Seat 2: nedo1414 ($253.10 in chips)
nedo1414: posts small blind $1
RockKillerTY: posts big blind $3
*** HOLE CARDS ***
nedo1414: raises $3 to $6
RockKillerTY: calls $3
*** FLOP *** [Tc Jh 8s]
RockKillerTY: checks
nedo1414: bets $3
RockKillerTY: raises $3 to $6
nedo1414: calls $3
*** TURN *** [Tc Jh 8s] [3d]
RockKillerTY: bets $6
nedo1414: calls $6
*** RIVER *** [Tc Jh 8s 3d] [Js]
RockKillerTY: bets $6
nedo1414: calls $6
*** SHOW DOWN ***
RockKillerTY: shows [7d Td] (two pair, Jacks and Tens)
nedo1414: mucks hand
RockKillerTY collected $47.50 from pot
*** SUMMARY ***
Total pot $48 | Rake $0.50
Board [Tc Jh 8s 3d Js]
Seat 1: RockKillerTY (big blind) showed [7d Td] and won ($47.50) with two pair, Jacks and Tens
Seat 2: nedo1414 (button) (small blind) mucked


PokerStars Hand #148053138377:  Hold'em Limit ($3/$6 USD) - 2016/02/01 10:37:03 ET
Table 'Kajam IV' 2-max Seat #1 is the button
Seat 1: RockKillerTY ($223.22 in chips)
Seat 2: nedo1414 ($229.10 in chips)
RockKillerTY: posts small blind $1
nedo1414: posts big blind $3
*** HOLE CARDS ***
RockKillerTY: raises $3 to $6
nedo1414: raises $3 to $9
RockKillerTY: calls $3
*** FLOP *** [Jh Jd 8c]
nedo1414: bets $3
RockKillerTY: calls $3
*** TURN *** [Jh Jd 8c] [Ad]
nedo1414: bets $6
RockKillerTY: raises $6 to $12
nedo1414: calls $6
*** RIVER *** [Jh Jd 8c Ad] [9c]
nedo1414: checks
RockKillerTY: bets $6
nedo1414: calls $6
*** SHOW DOWN ***
RockKillerTY: shows [Td Qd] (a straight, Eight to Queen)
nedo1414: mucks hand
RockKillerTY collected $59.50 from pot
*** SUMMARY ***
Total pot $60 | Rake $0.50
Board [Jh Jd 8c Ad 9c]
Seat 1: RockKillerTY (button) (small blind) showed [Td Qd] and won ($59.50) with a straight, Eight to Queen
Seat 2: nedo1414 (big blind) mucked


PokerStars Hand #148053172848:  Hold'em Limit ($3/$6 USD) - 2016/02/01 10:37:46 ET
Table 'Kajam IV' 2-max Seat #1 is the button
Seat 1: RockKillerTY ($261.36 in chips)
Seat 2: nedo1414 ($190.10 in chips)
RockKillerTY: posts small blind $1
nedo1414: posts big blind $3
*** HOLE CARDS ***
RockKillerTY: raises $3 to $6
nedo1414: folds
Uncalled bet ($3) returned to RockKillerTY
RockKillerTY collected $6 from pot
RockKillerTY: doesn't show hand
*** SUMMARY ***
Total pot $6 | Rake $0
Seat 1: RockKillerTY (button) (small blind) collected ($6)
Seat 2: nedo1414 (big blind) folded before Flop


PokerStars Hand #148053184934:  Hold'em Limit ($3/$6 USD) - 2016/02/01 10:38:01 ET
Table 'Kajam IV' 2-max Seat #2 is the button
Seat 1: RockKillerTY ($264.36 in chips)
Seat 2: nedo1414 ($187.10 in chips)
nedo1414: posts small blind $1
RockKillerTY: posts big blind $3
*** HOLE CARDS ***
nedo1414: raises $3 to $6
RockKillerTY: calls $3
*** FLOP *** [9c 9d Jd]
RockKillerTY: checks
nedo1414: bets $3
RockKillerTY: raises $3 to $6
nedo1414: calls $3
*** TURN *** [9c 9d Jd] [Kh]
RockKillerTY: bets $6
nedo1414: raises $6 to $12
RockKillerTY: calls $6
*** RIVER *** [9c 9d Jd Kh] [5c]
RockKillerTY: checks
nedo1414: bets $6
RockKillerTY: calls $6
*** SHOW DOWN ***
nedo1414: shows [8d Ts] (a pair of Nines)
RockKillerTY: shows [Js 6c] (two pair, Jacks and Nines)
RockKillerTY collected $59.50 from pot
*** SUMMARY ***
Total pot $60 | Rake $0.50
Board [9c 9d Jd Kh 5c]
Seat 1: RockKillerTY (big blind) showed [Js 6c] and won ($59.50) with two pair, Jacks and Nines
Seat 2: nedo1414 (button) (small blind) showed [8d Ts] and lost with a pair of Nines


PokerStars Hand #148053202078:  Hold'em Limit ($3/$6 USD) - 2016/02/01 10:38:23 ET
Table 'Kajam IV' 2-max Seat #1 is the button
Seat 1: RockKillerTY ($293.86 in chips)
Seat 2: nedo1414 ($157.10 in chips)
RockKillerTY: posts small blind $1
nedo1414: posts big blind $3
*** HOLE CARDS ***
RockKillerTY: raises $3 to $6
nedo1414: calls $3
*** FLOP *** [Qc 7c Js]
nedo1414: checks
RockKillerTY: bets $3
nedo1414: calls $3
*** TURN *** [Qc 7c Js] [Qd]
nedo1414: checks
RockKillerTY: bets $6
nedo1414: calls $6
*** RIVER *** [Qc 7c Js Qd] [5c]
nedo1414: checks
RockKillerTY: bets $6
nedo1414: calls $6
*** SHOW DOWN ***
RockKillerTY: shows [8c 9h] (a pair of Queens)
nedo1414: shows [3h Kc] (a pair of Queens - King kicker)
nedo1414 collected $41.50 from pot
*** SUMMARY ***
Total pot $42 | Rake $0.50
Board [Qc 7c Js Qd 5c]
Seat 1: RockKillerTY (button) (small blind) showed [8c 9h] and lost with a pair of Queens
Seat 2: nedo1414 (big blind) showed [3h Kc] and won ($41.50) with a pair of Queens


PokerStars Hand #148053238964:  Hold'em Limit ($3/$6 USD) - 2016/02/01 10:39:10 ET
Table 'Kajam IV' 2-max Seat #1 is the button
Seat 1: RockKillerTY ($296.36 in chips)
Seat 2: nedo1414 ($153.60 in chips)
RockKillerTY: posts small blind $1
nedo1414: posts big blind $3
*** HOLE CARDS ***
RockKillerTY: raises $3 to $6
nedo1414: folds
Uncalled bet ($3) returned to RockKillerTY
RockKillerTY collected $6 from pot
RockKillerTY: doesn't show hand
*** SUMMARY ***
Total pot $6 | Rake $0
Seat 1: RockKillerTY (button) (small blind) collected ($6)
Seat 2: nedo1414 (big blind) folded before Flop


PokerStars Hand #148053213316:  Hold'em Limit ($3/$6 USD) - 2016/02/01 10:38:37 ET
Table 'Kajam IV' 2-max Seat #2 is the button
Seat 1: RockKillerTY ($272.86 in chips)
Seat 2: nedo1414 ($177.60 in chips)
nedo1414: posts small blind $1
RockKillerTY: posts big blind $3
*** HOLE CARDS ***
nedo1414: raises $3 to $6
RockKillerTY: raises $3 to $9
nedo1414: calls $3
*** FLOP *** [5s 8c 5c]
RockKillerTY: bets $3
nedo1414: calls $3
*** TURN *** [5s 8c 5c] [Js]
RockKillerTY: bets $6
nedo1414: calls $6
*** RIVER *** [5s 8c 5c Js] [8s]
RockKillerTY: bets $6
nedo1414: calls $6
*** SHOW DOWN ***
RockKillerTY: shows [Kh Ks] (two pair, Kings and Eights)
nedo1414: mucks hand
RockKillerTY collected $47.50 from pot
*** SUMMARY ***
Total pot $48 | Rake $0.50
Board [5s 8c 5c Js 8s]
Seat 1: RockKillerTY (big blind) showed [Kh Ks] and won ($47.50) with two pair, Kings and Eights
Seat 2: nedo1414 (button) (small blind) mucked


PokerStars Hand #148053273509:  Hold'em Limit ($3/$6 USD) - 2016/02/01 10:39:53 ET
Table 'Kajam IV' 2-max Seat #2 is the button
Seat 1: RockKillerTY ($307.86 in chips)
Seat 2: nedo1414 ($141.36 in chips)
nedo1414: posts small blind $1
RockKillerTY: posts big blind $3
*** HOLE CARDS ***
nedo1414: raises $3 to $6
RockKillerTY: folds
Uncalled bet ($3) returned to nedo1414
nedo1414 collected $6 from pot
nedo1414: doesn't show hand
*** SUMMARY ***
Total pot $6 | Rake $0
Seat 1: RockKillerTY (big blind) folded before Flop
Seat 2: nedo1414 (button) (small blind) collected ($6)


PokerStars Hand #148053252069:  Hold'em Limit ($3/$6 USD) - 2016/02/01 10:39:26 ET
Table 'Kajam IV' 2-max Seat #1 is the button
Seat 1: RockKillerTY ($293.36 in chips)
Seat 2: nedo1414 ($156.36 in chips)
RockKillerTY: posts small blind $1
nedo1414: posts big blind $3
*** HOLE CARDS ***
RockKillerTY: raises $3 to $6
nedo1414: calls $3
*** FLOP *** [3c Kh 7d]
nedo1414: checks
RockKillerTY: bets $3
nedo1414: calls $3
*** TURN *** [3c Kh 7d] [7h]
nedo1414: checks
RockKillerTY: checks
*** RIVER *** [3c Kh 7d 7h] [8c]
nedo1414: checks
RockKillerTY: bets $6
nedo1414: calls $6
*** SHOW DOWN ***
RockKillerTY: shows [Qh 8h] (two pair, Eights and Sevens)
nedo1414: mucks hand
RockKillerTY collected $29.50 from pot
*** SUMMARY ***
Total pot $30 | Rake $0.50
Board [3c Kh 7d 7h 8c]
Seat 1: RockKillerTY (button) (small blind) showed [Qh 8h] and won ($29.50) with two pair, Eights and Sevens
Seat 2: nedo1414 (big blind) mucked


PokerStars Hand #148053280406:  Hold'em Limit ($3/$6 USD) - 2016/02/01 10:40:02 ET
Table 'Kajam IV' 2-max Seat #2 is the button
Seat 1: RockKillerTY ($303.86 in chips)
Seat 2: nedo1414 ($145.36 in chips)
nedo1414: posts small blind $1
RockKillerTY: posts big blind $3
*** HOLE CARDS ***
nedo1414: folds
Uncalled bet ($2) returned to RockKillerTY
RockKillerTY collected $2 from pot
RockKillerTY: doesn't show hand
*** SUMMARY ***
Total pot $2 | Rake $0
Seat 1: RockKillerTY (big blind) collected ($2)
Seat 2: nedo1414 (button) (small blind) folded before Flop


PokerStars Hand #148053277299:  Hold'em Limit ($3/$6 USD) - 2016/02/01 10:39:58 ET
Table 'Kajam IV' 2-max Seat #1 is the button
Seat 1: RockKillerTY ($304.86 in chips)
Seat 2: nedo1414 ($144.36 in chips)
RockKillerTY: posts small blind $1
nedo1414: posts big blind $3
*** HOLE CARDS ***
RockKillerTY: folds
Uncalled bet ($2) returned to nedo1414
nedo1414 collected $2 from pot
nedo1414: doesn't show hand
*** SUMMARY ***
Total pot $2 | Rake $0
Seat 1: RockKillerTY (button) (small blind) folded before Flop
Seat 2: nedo1414 (big blind) collected ($2)


PokerStars Hand #148053317759:  Hold'em Limit ($3/$6 USD) - 2016/02/01 10:40:49 ET
Table 'Kajam IV' 2-max Seat #2 is the button
Seat 1: RockKillerTY ($286.86 in chips)
Seat 2: nedo1414 ($161.86 in chips)
nedo1414: posts small blind $1
RockKillerTY: posts big blind $3
*** HOLE CARDS ***
nedo1414: folds
Uncalled bet ($2) returned to RockKillerTY
RockKillerTY collected $2 from pot
RockKillerTY: doesn't show hand
*** SUMMARY ***
Total pot $2 | Rake $0
Seat 1: RockKillerTY (big blind) collected ($2)
Seat 2: nedo1414 (button) (small blind) folded before Flop


PokerStars Hand #148053283715:  Hold'em Limit ($3/$6 USD) - 2016/02/01 10:40:06 ET
Table 'Kajam IV' 2-max Seat #1 is the button
Seat 1: RockKillerTY ($304.86 in chips)
Seat 2: nedo1414 ($144.36 in chips)
RockKillerTY: posts small blind $1
nedo1414: posts big blind $3
*** HOLE CARDS ***
RockKillerTY: raises $3 to $6
nedo1414: raises $3 to $9
RockKillerTY: calls $3
*** FLOP *** [9d 8s 4d]
nedo1414: bets $3
RockKillerTY: calls $3
*** TURN *** [9d 8s 4d] [2d]
nedo1414: bets $6
RockKillerTY: calls $6
*** RIVER *** [9d 8s 4d 2d] [Jd]
nedo1414: bets $6
RockKillerTY: folds
Uncalled bet ($6) returned to nedo1414
nedo1414 collected $35.50 from pot
nedo1414: doesn't show hand
*** SUMMARY ***
Total pot $36 | Rake $0.50
Board [9d 8s 4d 2d Jd]
Seat 1: RockKillerTY (button) (small blind) folded on the River
Seat 2: nedo1414 (big blind) collected ($35.50)


PokerStars Hand #148053322679:  Hold'em Limit ($3/$6 USD) - 2016/02/01 10:40:55 ET
Table 'Kajam IV' 2-max Seat #1 is the button
Seat 1: RockKillerTY ($287.86 in chips)
Seat 2: nedo1414 ($160.86 in chips)
RockKillerTY: posts small blind $1
nedo1414: posts big blind $3
*** HOLE CARDS ***
RockKillerTY: raises $3 to $6
nedo1414: raises $3 to $9
RockKillerTY: raises $3 to $12
Betting is capped
nedo1414: calls $3
*** FLOP *** [Jd 8d Ts]
nedo1414: bets $3
RockKillerTY: raises $3 to $6
nedo1414: calls $3
*** TURN *** [Jd 8d Ts] [6h]
nedo1414: checks
RockKillerTY: bets $6
nedo1414: calls $6
*** RIVER *** [Jd 8d Ts 6h] [Qs]
nedo1414: checks
RockKillerTY: bets $6
nedo1414: folds
Uncalled bet ($6) returned to RockKillerTY
RockKillerTY collected $47.50 from pot
RockKillerTY: doesn't show hand
*** SUMMARY ***
Total pot $48 | Rake $0.50
Board [Jd 8d Ts 6h Qs]
Seat 1: RockKillerTY (button) (small blind) collected ($47.50)
Seat 2: nedo1414 (big blind) folded on the River


PokerStars Hand #148053367016:  Hold'em Limit ($3/$6 USD) - 2016/02/01 10:41:52 ET
Table 'Kajam IV' 2-max Seat #1 is the button
Seat 1: RockKillerTY ($302.36 in chips)
Seat 2: nedo1414 ($145.50 in chips)
RockKillerTY: posts small blind $1
nedo1414: posts big blind $3
*** HOLE CARDS ***
RockKillerTY: folds
Uncalled bet ($2) returned to nedo1414
nedo1414 collected $2 from pot
nedo1414: doesn't show hand
*** SUMMARY ***
Total pot $2 | Rake $0
Seat 1: RockKillerTY (button) (small blind) folded before Flop
Seat 2: nedo1414 (big blind) collected ($2)


PokerStars Hand #148053336585:  Hold'em Limit ($3/$6 USD) - 2016/02/01 10:41:13 ET
Table 'Kajam IV' 2-max Seat #2 is the button
Seat 1: RockKillerTY ($311.36 in chips)
Seat 2: nedo1414 ($136.86 in chips)
nedo1414: posts small blind $1
RockKillerTY: posts big blind $3
*** HOLE CARDS ***
nedo1414: raises $3 to $6
RockKillerTY: calls $3
*** FLOP *** [5h Kc Qd]
RockKillerTY: checks
nedo1414: bets $3
RockKillerTY: calls $3
*** TURN *** [5h Kc Qd] [Tc]
RockKillerTY: checks
nedo1414: checks
*** RIVER *** [5h Kc Qd Tc] [Jh]
RockKillerTY: checks
nedo1414: bets $6
RockKillerTY: folds
Uncalled bet ($6) returned to nedo1414
nedo1414 collected $17.64 from pot
nedo1414: doesn't show hand
*** SUMMARY ***
Total pot $18 | Rake $0.36
Board [5h Kc Qd Tc Jh]
Seat 1: RockKillerTY (big blind) folded on the River
Seat 2: nedo1414 (button) (small blind) collected ($17.64)


PokerStars Hand #148053374445:  Hold'em Limit ($3/$6 USD) - 2016/02/01 10:42:01 ET
Table 'Kajam IV' 2-max Seat #1 is the button
Seat 1: RockKillerTY ($302.36 in chips)
Seat 2: nedo1414 ($145.50 in chips)
RockKillerTY: posts small blind $1
nedo1414: posts big blind $3
*** HOLE CARDS ***
RockKillerTY: folds
Uncalled bet ($2) returned to nedo1414
nedo1414 collected $2 from pot
nedo1414: doesn't show hand
*** SUMMARY ***
Total pot $2 | Rake $0
Seat 1: RockKillerTY (button) (small blind) folded before Flop
Seat 2: nedo1414 (big blind) collected ($2)


PokerStars Hand #148053370167:  Hold'em Limit ($3/$6 USD) - 2016/02/01 10:41:55 ET
Table 'Kajam IV' 2-max Seat #2 is the button
Seat 1: RockKillerTY ($301.36 in chips)
Seat 2: nedo1414 ($146.50 in chips)
nedo1414: posts small blind $1
RockKillerTY: posts big blind $3
*** HOLE CARDS ***
nedo1414: folds
Uncalled bet ($2) returned to RockKillerTY
RockKillerTY collected $2 from pot
RockKillerTY: doesn't show hand
*** SUMMARY ***
Total pot $2 | Rake $0
Seat 1: RockKillerTY (big blind) collected ($2)
Seat 2: nedo1414 (button) (small blind) folded before Flop


PokerStars Hand #148053378802:  Hold'em Limit ($3/$6 USD) - 2016/02/01 10:42:05 ET
Table 'Kajam IV' 2-max Seat #2 is the button
Seat 1: RockKillerTY ($301.36 in chips)
Seat 2: nedo1414 ($146.50 in chips)
nedo1414: posts small blind $1
RockKillerTY: posts big blind $3
*** HOLE CARDS ***
nedo1414: raises $3 to $6
RockKillerTY: folds
Uncalled bet ($3) returned to nedo1414
nedo1414 collected $6 from pot
nedo1414: doesn't show hand
*** SUMMARY ***
Total pot $6 | Rake $0
Seat 1: RockKillerTY (big blind) folded before Flop
Seat 2: nedo1414 (button) (small blind) collected ($6)


PokerStars Hand #148053385643:  Hold'em Limit ($3/$6 USD) - 2016/02/01 10:42:14 ET
Table 'Kajam IV' 2-max Seat #1 is the button
Seat 1: RockKillerTY ($298.36 in chips)
Seat 2: nedo1414 ($149.50 in chips)
RockKillerTY: posts small blind $1
nedo1414: posts big blind $3
*** HOLE CARDS ***
RockKillerTY: raises $3 to $6
nedo1414: calls $3
*** FLOP *** [5c 4s Qs]
nedo1414: checks
RockKillerTY: bets $3
nedo1414: calls $3
*** TURN *** [5c 4s Qs] [Kh]
nedo1414: checks
RockKillerTY: checks
*** RIVER *** [5c 4s Qs Kh] [Jh]
nedo1414: bets $6
RockKillerTY: calls $6
*** SHOW DOWN ***
nedo1414: shows [2c 6c] (high card King)
RockKillerTY: shows [As Js] (a pair of Jacks)
RockKillerTY collected $29.50 from pot
*** SUMMARY ***
Total pot $30 | Rake $0.50
Board [5c 4s Qs Kh Jh]
Seat 1: RockKillerTY (button) (small blind) showed [As Js] and won ($29.50) with a pair of Jacks
Seat 2: nedo1414 (big blind) showed [2c 6c] and lost with high card King


PokerStars Hand #148053395033:  Hold'em Limit ($3/$6 USD) - 2016/02/01 10:42:26 ET
Table 'Kajam IV' 2-max Seat #2 is the button
Seat 1: RockKillerTY ($312.86 in chips)
Seat 2: nedo1414 ($134.50 in chips)
nedo1414: posts small blind $1
RockKillerTY: posts big blind $3
*** HOLE CARDS ***
nedo1414: raises $3 to $6
RockKillerTY: calls $3
*** FLOP *** [5s Js Qc]
RockKillerTY: checks
nedo1414: bets $3
RockKillerTY: raises $3 to $6
nedo1414: calls $3
*** TURN *** [5s Js Qc] [3d]
RockKillerTY: bets $6
nedo1414: calls $6
*** RIVER *** [5s Js Qc 3d] [3c]
RockKillerTY: bets $6
nedo1414: raises $6 to $12
RockKillerTY: calls $6
*** SHOW DOWN ***
nedo1414: shows [Qd 8h] (two pair, Queens and Threes)
RockKillerTY: mucks hand
nedo1414 collected $59.50 from pot
*** SUMMARY ***
Total pot $60 | Rake $0.50
Board [5s Js Qc 3d 3c]
Seat 1: RockKillerTY (big blind) mucked
Seat 2: nedo1414 (button) (small blind) showed [Qd 8h] and won ($59.50) with two pair, Queens and Threes


PokerStars Hand #148053411989:  Hold'em Limit ($3/$6 USD) - 2016/02/01 10:42:47 ET
Table 'Kajam IV' 2-max Seat #1 is the button
Seat 1: RockKillerTY ($282.86 in chips)
Seat 2: nedo1414 ($164 in chips)
RockKillerTY: posts small blind $1
nedo1414: posts big blind $3
*** HOLE CARDS ***
RockKillerTY: folds
Uncalled bet ($2) returned to nedo1414
nedo1414 collected $2 from pot
nedo1414: doesn't show hand
*** SUMMARY ***
Total pot $2 | Rake $0
Seat 1: RockKillerTY (button) (small blind) folded before Flop
Seat 2: nedo1414 (big blind) collected ($2)


PokerStars Hand #148053415123:  Hold'em Limit ($3/$6 USD) - 2016/02/01 10:42:51 ET
Table 'Kajam IV' 2-max Seat #2 is the button
Seat 1: RockKillerTY ($281.86 in chips)
Seat 2: nedo1414 ($165 in chips)
nedo1414: posts small blind $1
RockKillerTY: posts big blind $3
*** HOLE CARDS ***
nedo1414: raises $3 to $6
RockKillerTY: calls $3
*** FLOP *** [3c 8c 6d]
RockKillerTY: checks
nedo1414: bets $3
RockKillerTY: calls $3
*** TURN *** [3c 8c 6d] [9h]
RockKillerTY: checks
nedo1414: checks
*** RIVER *** [3c 8c 6d 9h] [Jh]
RockKillerTY: bets $6
nedo1414: calls $6
*** SHOW DOWN ***
RockKillerTY: shows [5s 9s] (a pair of Nines)
nedo1414: mucks hand
RockKillerTY collected $29.50 from pot
*** SUMMARY ***
Total pot $30 | Rake $0.50
Board [3c 8c 6d 9h Jh]
Seat 1: RockKillerTY (big blind) showed [5s 9s] and won ($29.50) with a pair of Nines
Seat 2: nedo1414 (button) (small blind) mucked


PokerStars Hand #148053440731:  Hold'em Limit ($3/$6 USD) - 2016/02/01 10:43:23 ET
Table 'Kajam IV' 2-max Seat #2 is the button
Seat 1: RockKillerTY ($272.36 in chips)
Seat 2: nedo1414 ($173.50 in chips)
nedo1414: posts small blind $1
RockKillerTY: posts big blind $3
*** HOLE CARDS ***
nedo1414: raises $3 to $6
RockKillerTY: folds
Uncalled bet ($3) returned to nedo1414
nedo1414 collected $6 from pot
nedo1414: doesn't show hand
*** SUMMARY ***
Total pot $6 | Rake $0
Seat 1: RockKillerTY (big blind) folded before Flop
Seat 2: nedo1414 (button) (small blind) collected ($6)


PokerStars Hand #148053423717:  Hold'em Limit ($3/$6 USD) - 2016/02/01 10:43:02 ET
Table 'Kajam IV' 2-max Seat #1 is the button
Seat 1: RockKillerTY ($296.36 in chips)
Seat 2: nedo1414 ($150 in chips)
RockKillerTY: posts small blind $1
nedo1414: posts big blind $3
*** HOLE CARDS ***
RockKillerTY: raises $3 to $6
nedo1414: calls $3
*** FLOP *** [7d 5h Jd]
nedo1414: checks
RockKillerTY: bets $3
nedo1414: raises $3 to $6
RockKillerTY: calls $3
*** TURN *** [7d 5h Jd] [2h]
nedo1414: bets $6
RockKillerTY: calls $6
*** RIVER *** [7d 5h Jd 2h] [Qh]
nedo1414: bets $6
RockKillerTY: calls $6
*** SHOW DOWN ***
nedo1414: shows [Qd 2d] (two pair, Queens and Deuces)
RockKillerTY: mucks hand
nedo1414 collected $47.50 from pot
*** SUMMARY ***
Total pot $48 | Rake $0.50
Board [7d 5h Jd 2h Qh]
Seat 1: RockKillerTY (button) (small blind) mucked
Seat 2: nedo1414 (big blind) showed [Qd 2d] and won ($47.50) with two pair, Queens and Deuces


PokerStars Hand #148053447976:  Hold'em Limit ($3/$6 USD) - 2016/02/01 10:43:32 ET
Table 'Kajam IV' 2-max Seat #2 is the button
Seat 1: RockKillerTY ($268.36 in chips)
Seat 2: nedo1414 ($177.50 in chips)
nedo1414: posts small blind $1
RockKillerTY: posts big blind $3
*** HOLE CARDS ***
nedo1414: folds
Uncalled bet ($2) returned to RockKillerTY
RockKillerTY collected $2 from pot
RockKillerTY: doesn't show hand
*** SUMMARY ***
Total pot $2 | Rake $0
Seat 1: RockKillerTY (big blind) collected ($2)
Seat 2: nedo1414 (button) (small blind) folded before Flop


PokerStars Hand #148053444702:  Hold'em Limit ($3/$6 USD) - 2016/02/01 10:43:28 ET
Table 'Kajam IV' 2-max Seat #1 is the button
Seat 1: RockKillerTY ($269.36 in chips)
Seat 2: nedo1414 ($176.50 in chips)
RockKillerTY: posts small blind $1
nedo1414: posts big blind $3
*** HOLE CARDS ***
RockKillerTY: folds
Uncalled bet ($2) returned to nedo1414
nedo1414 collected $2 from pot
nedo1414: doesn't show hand
*** SUMMARY ***
Total pot $2 | Rake $0
Seat 1: RockKillerTY (button) (small blind) folded before Flop
Seat 2: nedo1414 (big blind) collected ($2)


PokerStars Hand #148053451364:  Hold'em Limit ($3/$6 USD) - 2016/02/01 10:43:37 ET
Table 'Kajam IV' 2-max Seat #1 is the button
Seat 1: RockKillerTY ($269.36 in chips)
Seat 2: nedo1414 ($176.50 in chips)
RockKillerTY: posts small blind $1
nedo1414: posts big blind $3
*** HOLE CARDS ***
RockKillerTY: raises $3 to $6
nedo1414: calls $3
*** FLOP *** [Kc 9d Jc]
nedo1414: checks
RockKillerTY: bets $3
nedo1414: calls $3
*** TURN *** [Kc 9d Jc] [7d]
nedo1414: checks
RockKillerTY: checks
*** RIVER *** [Kc 9d Jc 7d] [Ac]
nedo1414: bets $6
RockKillerTY: folds
Uncalled bet ($6) returned to nedo1414
nedo1414 collected $17.64 from pot
nedo1414: doesn't show hand
*** SUMMARY ***
Total pot $18 | Rake $0.36
Board [Kc 9d Jc 7d Ac]
Seat 1: RockKillerTY (button) (small blind) folded on the River
Seat 2: nedo1414 (big blind) collected ($17.64)


PokerStars Hand #148053472983:  Hold'em Limit ($3/$6 USD) - 2016/02/01 10:44:04 ET
Table 'Kajam IV' 2-max Seat #1 is the button
Seat 1: RockKillerTY ($236.36 in chips)
Seat 2: nedo1414 ($208.64 in chips)
RockKillerTY: posts small blind $1
nedo1414: posts big blind $3
*** HOLE CARDS ***
RockKillerTY: folds
Uncalled bet ($2) returned to nedo1414
nedo1414 collected $2 from pot
nedo1414: doesn't show hand
*** SUMMARY ***
Total pot $2 | Rake $0
Seat 1: RockKillerTY (button) (small blind) folded before Flop
Seat 2: nedo1414 (big blind) collected ($2)


PokerStars Hand #148053460570:  Hold'em Limit ($3/$6 USD) - 2016/02/01 10:43:48 ET
Table 'Kajam IV' 2-max Seat #2 is the button
Seat 1: RockKillerTY ($260.36 in chips)
Seat 2: nedo1414 ($185.14 in chips)
nedo1414: posts small blind $1
RockKillerTY: posts big blind $3
*** HOLE CARDS ***
nedo1414: raises $3 to $6
RockKillerTY: calls $3
*** FLOP *** [As 3d 5d]
RockKillerTY: checks
nedo1414: bets $3
RockKillerTY: raises $3 to $6
nedo1414: calls $3
*** TURN *** [As 3d 5d] [8d]
RockKillerTY: bets $6
nedo1414: raises $6 to $12
RockKillerTY: calls $6
*** RIVER *** [As 3d 5d 8d] [Jh]
RockKillerTY: checks
nedo1414: bets $6
RockKillerTY: folds
Uncalled bet ($6) returned to nedo1414
nedo1414 collected $47.50 from pot
nedo1414: doesn't show hand
*** SUMMARY ***
Total pot $48 | Rake $0.50
Board [As 3d 5d 8d Jh]
Seat 1: RockKillerTY (big blind) folded on the River
Seat 2: nedo1414 (button) (small blind) collected ($47.50)


PokerStars Hand #148053479802:  Hold'em Limit ($3/$6 USD) - 2016/02/01 10:44:12 ET
Table 'Kajam IV' 2-max Seat #1 is the button
Seat 1: RockKillerTY ($236.36 in chips)
Seat 2: nedo1414 ($208.64 in chips)
RockKillerTY: posts small blind $1
nedo1414: posts big blind $3
*** HOLE CARDS ***
RockKillerTY: folds
Uncalled bet ($2) returned to nedo1414
nedo1414 collected $2 from pot
nedo1414: doesn't show hand
*** SUMMARY ***
Total pot $2 | Rake $0
Seat 1: RockKillerTY (button) (small blind) folded before Flop
Seat 2: nedo1414 (big blind) collected ($2)


PokerStars Hand #148053476184:  Hold'em Limit ($3/$6 USD) - 2016/02/01 10:44:08 ET
Table 'Kajam IV' 2-max Seat #2 is the button
Seat 1: RockKillerTY ($235.36 in chips)
Seat 2: nedo1414 ($209.64 in chips)
nedo1414: posts small blind $1
RockKillerTY: posts big blind $3
*** HOLE CARDS ***
nedo1414: folds
Uncalled bet ($2) returned to RockKillerTY
RockKillerTY collected $2 from pot
RockKillerTY: doesn't show hand
*** SUMMARY ***
Total pot $2 | Rake $0
Seat 1: RockKillerTY (big blind) collected ($2)
Seat 2: nedo1414 (button) (small blind) folded before Flop


PokerStars Hand #148053486574:  Hold'em Limit ($3/$6 USD) - 2016/02/01 10:44:20 ET
Table 'Kajam IV' 2-max Seat #1 is the button
Seat 1: RockKillerTY ($236.36 in chips)
Seat 2: nedo1414 ($208.64 in chips)
RockKillerTY: posts small blind $1
nedo1414: posts big blind $3
*** HOLE CARDS ***
RockKillerTY: folds
Uncalled bet ($2) returned to nedo1414
nedo1414 collected $2 from pot
nedo1414: doesn't show hand
*** SUMMARY ***
Total pot $2 | Rake $0
Seat 1: RockKillerTY (button) (small blind) folded before Flop
Seat 2: nedo1414 (big blind) collected ($2)


PokerStars Hand #148053483181:  Hold'em Limit ($3/$6 USD) - 2016/02/01 10:44:16 ET
Table 'Kajam IV' 2-max Seat #2 is the button
Seat 1: RockKillerTY ($235.36 in chips)
Seat 2: nedo1414 ($209.64 in chips)
nedo1414: posts small blind $1
RockKillerTY: posts big blind $3
*** HOLE CARDS ***
nedo1414: folds
Uncalled bet ($2) returned to RockKillerTY
RockKillerTY collected $2 from pot
RockKillerTY: doesn't show hand
*** SUMMARY ***
Total pot $2 | Rake $0
Seat 1: RockKillerTY (big blind) collected ($2)
Seat 2: nedo1414 (button) (small blind) folded before Flop


PokerStars Hand #148053503656:  Hold'em Limit ($3/$6 USD) - 2016/02/01 10:44:42 ET
Table 'Kajam IV' 2-max Seat #1 is the button
Seat 1: RockKillerTY ($235.12 in chips)
Seat 2: nedo1414 ($209.40 in chips)
RockKillerTY: posts small blind $1
nedo1414: posts big blind $3
*** HOLE CARDS ***
RockKillerTY: raises $3 to $6
nedo1414: folds
Uncalled bet ($3) returned to RockKillerTY
RockKillerTY collected $6 from pot
RockKillerTY: doesn't show hand
*** SUMMARY ***
Total pot $6 | Rake $0
Seat 1: RockKillerTY (button) (small blind) collected ($6)
Seat 2: nedo1414 (big blind) folded before Flop


PokerStars Hand #148053506919:  Hold'em Limit ($3/$6 USD) - 2016/02/01 10:44:46 ET
Table 'Kajam IV' 2-max Seat #2 is the button
Seat 1: RockKillerTY ($238.12 in chips)
Seat 2: nedo1414 ($206.40 in chips)
nedo1414: posts small blind $1
RockKillerTY: posts big blind $3
*** HOLE CARDS ***
nedo1414: raises $3 to $6
RockKillerTY: raises $3 to $9
nedo1414: calls $3
*** FLOP *** [7s 4d Js]
RockKillerTY: bets $3
nedo1414: calls $3
*** TURN *** [7s 4d Js] [7h]
RockKillerTY: bets $6
nedo1414: calls $6
*** RIVER *** [7s 4d Js 7h] [7c]
RockKillerTY: bets $6
nedo1414: folds
Uncalled bet ($6) returned to RockKillerTY
RockKillerTY collected $35.50 from pot
RockKillerTY: doesn't show hand
*** SUMMARY ***
Total pot $36 | Rake $0.50
Board [7s 4d Js 7h 7c]
Seat 1: RockKillerTY (big blind) collected ($35.50)
Seat 2: nedo1414 (button) (small blind) folded on the River


PokerStars Hand #148053516807:  Hold'em Limit ($3/$6 USD) - 2016/02/01 10:44:58 ET
Table 'Kajam IV' 2-max Seat #1 is the button
Seat 1: RockKillerTY ($255.62 in chips)
Seat 2: nedo1414 ($188.40 in chips)
RockKillerTY: posts small blind $1
nedo1414: posts big blind $3
*** HOLE CARDS ***
RockKillerTY: raises $3 to $6
nedo1414: calls $3
*** FLOP *** [7d 6c Jc]
nedo1414: checks
RockKillerTY: checks
*** TURN *** [7d 6c Jc] [4s]
nedo1414: checks
RockKillerTY: bets $6
nedo1414: folds
Uncalled bet ($6) returned to RockKillerTY
RockKillerTY collected $11.76 from pot
RockKillerTY: doesn't show hand
*** SUMMARY ***
Total pot $12 | Rake $0.24
Board [7d 6c Jc 4s]
Seat 1: RockKillerTY (button) (small blind) collected ($11.76)
Seat 2: nedo1414 (big blind) folded on the Turn


PokerStars Hand #148053529377:  Hold'em Limit ($3/$6 USD) - 2016/02/01 10:45:14 ET
Table 'Kajam IV' 2-max Seat #1 is the button
Seat 1: RockKillerTY ($258.38 in chips)
Seat 2: nedo1414 ($185.40 in chips)
RockKillerTY: posts small blind $1
nedo1414: posts big blind $3
*** HOLE CARDS ***
RockKillerTY: folds
Uncalled bet ($2) returned to nedo1414
nedo1414 collected $2 from pot
nedo1414: doesn't show hand
*** SUMMARY ***
Total pot $2 | Rake $0
Seat 1: RockKillerTY (button) (small blind) folded before Flop
Seat 2: nedo1414 (big blind) collected ($2)


PokerStars Hand #148053524682:  Hold'em Limit ($3/$6 USD) - 2016/02/01 10:45:08 ET
Table 'Kajam IV' 2-max Seat #2 is the button
Seat 1: RockKillerTY ($261.38 in chips)
Seat 2: nedo1414 ($182.40 in chips)
nedo1414: posts small blind $1
RockKillerTY: posts big blind $3
*** HOLE CARDS ***
nedo1414: raises $3 to $6
RockKillerTY: folds
Uncalled bet ($3) returned to nedo1414
nedo1414 collected $6 from pot
nedo1414: doesn't show hand
*** SUMMARY ***
Total pot $6 | Rake $0
Seat 1: RockKillerTY (big blind) folded before Flop
Seat 2: nedo1414 (button) (small blind) collected ($6)


PokerStars Hand #148053545276:  Hold'em Limit ($3/$6 USD) - 2016/02/01 10:45:33 ET
Table 'Kajam IV' 2-max Seat #1 is the button
Seat 1: RockKillerTY ($242.38 in chips)
Seat 2: nedo1414 ($200.90 in chips)
RockKillerTY: posts small blind $1
nedo1414: posts big blind $3
*** HOLE CARDS ***
RockKillerTY: folds
Uncalled bet ($2) returned to nedo1414
nedo1414 collected $2 from pot
nedo1414: doesn't show hand
*** SUMMARY ***
Total pot $2 | Rake $0
Seat 1: RockKillerTY (button) (small blind) folded before Flop
Seat 2: nedo1414 (big blind) collected ($2)


PokerStars Hand #148053533290:  Hold'em Limit ($3/$6 USD) - 2016/02/01 10:45:18 ET
Table 'Kajam IV' 2-max Seat #2 is the button
Seat 1: RockKillerTY ($257.38 in chips)
Seat 2: nedo1414 ($186.40 in chips)
nedo1414: posts small blind $1
RockKillerTY: posts big blind $3
*** HOLE CARDS ***
nedo1414: raises $3 to $6
RockKillerTY: calls $3
*** FLOP *** [Kd Td Qc]
RockKillerTY: checks
nedo1414: bets $3
RockKillerTY: calls $3
*** TURN *** [Kd Td Qc] [3h]
RockKillerTY: checks
nedo1414: bets $6
RockKillerTY: calls $6
*** RIVER *** [Kd Td Qc 3h] [9h]
RockKillerTY: checks
nedo1414: checks
*** SHOW DOWN ***
RockKillerTY: shows [8c Th] (a pair of Tens)
nedo1414: shows [Qs 5s] (a pair of Queens)
nedo1414 collected $29.50 from pot
*** SUMMARY ***
Total pot $30 | Rake $0.50
Board [Kd Td Qc 3h 9h]
Seat 1: RockKillerTY (big blind) showed [8c Th] and lost with a pair of Tens
Seat 2: nedo1414 (button) (small blind) showed [Qs 5s] and won ($29.50) with a pair of Queens


PokerStars Hand #148053550280:  Hold'em Limit ($3/$6 USD) - 2016/02/01 10:45:39 ET
Table 'Kajam IV' 2-max Seat #2 is the button
Seat 1: RockKillerTY ($241.38 in chips)
Seat 2: nedo1414 ($201.90 in chips)
nedo1414: posts small blind $1
RockKillerTY: posts big blind $3
*** HOLE CARDS ***
nedo1414: raises $3 to $6
RockKillerTY: folds
Uncalled bet ($3) returned to nedo1414
nedo1414 collected $6 from pot
nedo1414: doesn't show hand
*** SUMMARY ***
Total pot $6 | Rake $0
Seat 1: RockKillerTY (big blind) folded before Flop
Seat 2: nedo1414 (button) (small blind) collected ($6)


PokerStars Hand #148053555220:  Hold'em Limit ($3/$6 USD) - 2016/02/01 10:45:45 ET
Table 'Kajam IV' 2-max Seat #1 is the button
Seat 1: RockKillerTY ($238.38 in chips)
Seat 2: nedo1414 ($204.90 in chips)
RockKillerTY: posts small blind $1
nedo1414: posts big blind $3
*** HOLE CARDS ***
RockKillerTY: raises $3 to $6
nedo1414: calls $3
*** FLOP *** [8h Qs Jh]
nedo1414: checks
RockKillerTY: bets $3
nedo1414: calls $3
*** TURN *** [8h Qs Jh] [9s]
nedo1414: checks
RockKillerTY: checks
*** RIVER *** [8h Qs Jh 9s] [5d]
nedo1414: checks
RockKillerTY: checks
*** SHOW DOWN ***
nedo1414: shows [4h 8d] (a pair of Eights)
RockKillerTY: mucks hand
nedo1414 collected $17.64 from pot
*** SUMMARY ***
Total pot $18 | Rake $0.36
Board [8h Qs Jh 9s 5d]
Seat 1: RockKillerTY (button) (small blind) mucked
Seat 2: nedo1414 (big blind) showed [4h 8d] and won ($17.64) with a pair of Eights


PokerStars Hand #148053566230:  Hold'em Limit ($3/$6 USD) - 2016/02/01 10:45:59 ET
Table 'Kajam IV' 2-max Seat #2 is the button
Seat 1: RockKillerTY ($229.38 in chips)
Seat 2: nedo1414 ($213.54 in chips)
nedo1414: posts small blind $1
RockKillerTY: posts big blind $3
*** HOLE CARDS ***
nedo1414: raises $3 to $6
RockKillerTY: calls $3
*** FLOP *** [9s Td 4d]
RockKillerTY: checks
nedo1414: bets $3
RockKillerTY: raises $3 to $6
nedo1414: calls $3
*** TURN *** [9s Td 4d] [3s]
RockKillerTY: bets $6
nedo1414: calls $6
*** RIVER *** [9s Td 4d 3s] [Qc]
RockKillerTY: bets $6
nedo1414: calls $6
*** SHOW DOWN ***
RockKillerTY: shows [7s 9c] (a pair of Nines)
nedo1414: mucks hand
RockKillerTY collected $47.50 from pot
*** SUMMARY ***
Total pot $48 | Rake $0.50
Board [9s Td 4d 3s Qc]
Seat 1: RockKillerTY (big blind) showed [7s 9c] and won ($47.50) with a pair of Nines
Seat 2: nedo1414 (button) (small blind) mucked


PokerStars Hand #148053575251:  Hold'em Limit ($3/$6 USD) - 2016/02/01 10:46:10 ET
Table 'Kajam IV' 2-max Seat #1 is the button
Seat 1: RockKillerTY ($252.88 in chips)
Seat 2: nedo1414 ($189.54 in chips)
RockKillerTY: posts small blind $1
nedo1414: posts big blind $3
*** HOLE CARDS ***
RockKillerTY: folds
Uncalled bet ($2) returned to nedo1414
nedo1414 collected $2 from pot
nedo1414: doesn't show hand
*** SUMMARY ***
Total pot $2 | Rake $0
Seat 1: RockKillerTY (button) (small blind) folded before Flop
Seat 2: nedo1414 (big blind) collected ($2)


PokerStars Hand #148053579504:  Hold'em Limit ($3/$6 USD) - 2016/02/01 10:46:15 ET
Table 'Kajam IV' 2-max Seat #2 is the button
Seat 1: RockKillerTY ($251.88 in chips)
Seat 2: nedo1414 ($190.54 in chips)
nedo1414: posts small blind $1
RockKillerTY: posts big blind $3
*** HOLE CARDS ***
nedo1414: raises $3 to $6
RockKillerTY: calls $3
*** FLOP *** [Ad Ts 6s]
RockKillerTY: checks
nedo1414: bets $3
RockKillerTY: raises $3 to $6
nedo1414: calls $3
*** TURN *** [Ad Ts 6s] [6c]
RockKillerTY: bets $6
nedo1414: calls $6
*** RIVER *** [Ad Ts 6s 6c] [3d]
RockKillerTY: bets $6
nedo1414: calls $6
*** SHOW DOWN ***
RockKillerTY: shows [Th 2h] (two pair, Tens and Sixes)
nedo1414: shows [5h As] (two pair, Aces and Sixes)
nedo1414 collected $47.50 from pot
*** SUMMARY ***
Total pot $48 | Rake $0.50
Board [Ad Ts 6s 6c 3d]
Seat 1: RockKillerTY (big blind) showed [Th 2h] and lost with two pair, Tens and Sixes
Seat 2: nedo1414 (button) (small blind) showed [5h As] and won ($47.50) with two pair, Aces and Sixes


PokerStars Hand #148053588895:  Hold'em Limit ($3/$6 USD) - 2016/02/01 10:46:27 ET
Table 'Kajam IV' 2-max Seat #1 is the button
Seat 1: RockKillerTY ($227.88 in chips)
Seat 2: nedo1414 ($214.04 in chips)
RockKillerTY: posts small blind $1
nedo1414: posts big blind $3
*** HOLE CARDS ***
RockKillerTY: folds
Uncalled bet ($2) returned to nedo1414
nedo1414 collected $2 from pot
nedo1414: doesn't show hand
*** SUMMARY ***
Total pot $2 | Rake $0
Seat 1: RockKillerTY (button) (small blind) folded before Flop
Seat 2: nedo1414 (big blind) collected ($2)


PokerStars Hand #148053594558:  Hold'em Limit ($3/$6 USD) - 2016/02/01 10:46:34 ET
Table 'Kajam IV' 2-max Seat #2 is the button
Seat 1: RockKillerTY ($226.88 in chips)
Seat 2: nedo1414 ($215.04 in chips)
nedo1414: posts small blind $1
RockKillerTY: posts big blind $3
*** HOLE CARDS ***
nedo1414: raises $3 to $6
RockKillerTY: calls $3
*** FLOP *** [Jh 9s 5h]
RockKillerTY: checks
nedo1414: bets $3
RockKillerTY: calls $3
*** TURN *** [Jh 9s 5h] [7h]
RockKillerTY: checks
nedo1414: bets $6
RockKillerTY: calls $6
*** RIVER *** [Jh 9s 5h 7h] [8h]
RockKillerTY: checks
nedo1414: bets $6
RockKillerTY: folds
Uncalled bet ($6) returned to nedo1414
nedo1414 collected $29.50 from pot
nedo1414: doesn't show hand
*** SUMMARY ***
Total pot $30 | Rake $0.50
Board [Jh 9s 5h 7h 8h]
Seat 1: RockKillerTY (big blind) folded on the River
Seat 2: nedo1414 (button) (small blind) collected ($29.50)


PokerStars Hand #148053611452:  Hold'em Limit ($3/$6 USD) - 2016/02/01 10:46:55 ET
Table 'Kajam IV' 2-max Seat #2 is the button
Seat 1: RockKillerTY ($217.64 in chips)
Seat 2: nedo1414 ($223.54 in chips)
nedo1414: posts small blind $1
RockKillerTY: posts big blind $3
*** HOLE CARDS ***
nedo1414: folds
Uncalled bet ($2) returned to RockKillerTY
RockKillerTY collected $2 from pot
RockKillerTY: doesn't show hand
*** SUMMARY ***
Total pot $2 | Rake $0
Seat 1: RockKillerTY (big blind) collected ($2)
Seat 2: nedo1414 (button) (small blind) folded before Flop


PokerStars Hand #148053605736:  Hold'em Limit ($3/$6 USD) - 2016/02/01 10:46:47 ET
Table 'Kajam IV' 2-max Seat #1 is the button
Seat 1: RockKillerTY ($211.88 in chips)
Seat 2: nedo1414 ($229.54 in chips)
RockKillerTY: posts small blind $1
nedo1414: posts big blind $3
*** HOLE CARDS ***
RockKillerTY: raises $3 to $6
nedo1414: calls $3
*** FLOP *** [8s Qc 6c]
nedo1414: checks
RockKillerTY: bets $3
nedo1414: folds
Uncalled bet ($3) returned to RockKillerTY
RockKillerTY collected $11.76 from pot
RockKillerTY: doesn't show hand
*** SUMMARY ***
Total pot $12 | Rake $0.24
Board [8s Qc 6c]
Seat 1: RockKillerTY (button) (small blind) collected ($11.76)
Seat 2: nedo1414 (big blind) folded on the Flop


PokerStars Hand #148053614760:  Hold'em Limit ($3/$6 USD) - 2016/02/01 10:46:59 ET
Table 'Kajam IV' 2-max Seat #1 is the button
Seat 1: RockKillerTY ($218.64 in chips)
Seat 2: nedo1414 ($222.54 in chips)
RockKillerTY: posts small blind $1
nedo1414: posts big blind $3
*** HOLE CARDS ***
RockKillerTY: raises $3 to $6
nedo1414: calls $3
*** FLOP *** [6h 2d 4h]
nedo1414: checks
RockKillerTY: bets $3
nedo1414: raises $3 to $6
RockKillerTY: calls $3
*** TURN *** [6h 2d 4h] [3h]
nedo1414: bets $6
RockKillerTY: calls $6
*** RIVER *** [6h 2d 4h 3h] [8c]
nedo1414: checks
RockKillerTY: checks
*** SHOW DOWN ***
nedo1414: shows [Ac 4d] (a pair of Fours)
RockKillerTY: mucks hand
nedo1414 collected $35.50 from pot
*** SUMMARY ***
Total pot $36 | Rake $0.50
Board [6h 2d 4h 3h 8c]
Seat 1: RockKillerTY (button) (small blind) mucked
Seat 2: nedo1414 (big blind) showed [Ac 4d] and won ($35.50) with a pair of Fours


PokerStars Hand #148053627258:  Hold'em Limit ($3/$6 USD) - 2016/02/01 10:47:14 ET
Table 'Kajam IV' 2-max Seat #2 is the button
Seat 1: RockKillerTY ($200.64 in chips)
Seat 2: nedo1414 ($240.04 in chips)
nedo1414: posts small blind $1
RockKillerTY: posts big blind $3
*** HOLE CARDS ***
nedo1414: raises $3 to $6
RockKillerTY: calls $3
*** FLOP *** [4c 4d 6h]
RockKillerTY: checks
nedo1414: bets $3
RockKillerTY: raises $3 to $6
nedo1414: calls $3
*** TURN *** [4c 4d 6h] [4s]
RockKillerTY: bets $6
nedo1414: calls $6
*** RIVER *** [4c 4d 6h 4s] [Th]
RockKillerTY: bets $6
nedo1414: calls $6
*** SHOW DOWN ***
RockKillerTY: shows [3c 3h] (a full house, Fours full of Threes)
nedo1414: mucks hand
RockKillerTY collected $47.50 from pot
*** SUMMARY ***
Total pot $48 | Rake $0.50
Board [4c 4d 6h 4s Th]
Seat 1: RockKillerTY (big blind) showed [3c 3h] and won ($47.50) with a full house, Fours full of Threes
Seat 2: nedo1414 (button) (small blind) mucked


PokerStars Hand #148053639742:  Hold'em Limit ($3/$6 USD) - 2016/02/01 10:47:30 ET
Table 'Kajam IV' 2-max Seat #2 is the button
Seat 1: RockKillerTY ($223.14 in chips)
Seat 2: nedo1414 ($217.04 in chips)
nedo1414: posts small blind $1
RockKillerTY: posts big blind $3
*** HOLE CARDS ***
nedo1414: raises $3 to $6
RockKillerTY: calls $3
*** FLOP *** [Qd 2c 5s]
RockKillerTY: checks
nedo1414: bets $3
RockKillerTY: calls $3
*** TURN *** [Qd 2c 5s] [4c]
RockKillerTY: checks
nedo1414: checks
*** RIVER *** [Qd 2c 5s 4c] [2h]
RockKillerTY: bets $6
nedo1414: folds
Uncalled bet ($6) returned to RockKillerTY
RockKillerTY collected $17.64 from pot
RockKillerTY: doesn't show hand
*** SUMMARY ***
Total pot $18 | Rake $0.36
Board [Qd 2c 5s 4c 2h]
Seat 1: RockKillerTY (big blind) collected ($17.64)
Seat 2: nedo1414 (button) (small blind) folded on the River


PokerStars Hand #148053657440:  Hold'em Limit ($3/$6 USD) - 2016/02/01 10:47:51 ET
Table 'Kajam IV' 2-max Seat #1 is the button
Seat 1: RockKillerTY ($231.78 in chips)
Seat 2: nedo1414 ($208.04 in chips)
RockKillerTY: posts small blind $1
nedo1414: posts big blind $3
*** HOLE CARDS ***
RockKillerTY: raises $3 to $6
nedo1414: calls $3
*** FLOP *** [3d Kd 3s]
nedo1414: checks
RockKillerTY: bets $3
nedo1414: calls $3
*** TURN *** [3d Kd 3s] [2d]
nedo1414: checks
RockKillerTY: checks
*** RIVER *** [3d Kd 3s 2d] [Ks]
nedo1414: checks
RockKillerTY: checks
*** SHOW DOWN ***
nedo1414: shows [Qh 8s] (two pair, Kings and Threes)
RockKillerTY: mucks hand
nedo1414 collected $17.64 from pot
*** SUMMARY ***
Total pot $18 | Rake $0.36
Board [3d Kd 3s 2d Ks]
Seat 1: RockKillerTY (button) (small blind) mucked
Seat 2: nedo1414 (big blind) showed [Qh 8s] and won ($17.64) with two pair, Kings and Threes


PokerStars Hand #148053667265:  Hold'em Limit ($3/$6 USD) - 2016/02/01 10:48:03 ET
Table 'Kajam IV' 2-max Seat #2 is the button
Seat 1: RockKillerTY ($222.78 in chips)
Seat 2: nedo1414 ($216.68 in chips)
nedo1414: posts small blind $1
RockKillerTY: posts big blind $3
*** HOLE CARDS ***
nedo1414: raises $3 to $6
RockKillerTY: calls $3
*** FLOP *** [9c 4c Tc]
RockKillerTY: checks
nedo1414: bets $3
RockKillerTY: calls $3
*** TURN *** [9c 4c Tc] [Kc]
RockKillerTY: checks
nedo1414: checks
*** RIVER *** [9c 4c Tc Kc] [6c]
RockKillerTY: bets $6
nedo1414: calls $6
*** SHOW DOWN ***
RockKillerTY: shows [Qc 3h] (a flush, King high)
nedo1414: mucks hand
RockKillerTY collected $29.50 from pot
*** SUMMARY ***
Total pot $30 | Rake $0.50
Board [9c 4c Tc Kc 6c]
Seat 1: RockKillerTY (big blind) showed [Qc 3h] and won ($29.50) with a flush, King high
Seat 2: nedo1414 (button) (small blind) mucked


PokerStars Hand #148053683517:  Hold'em Limit ($3/$6 USD) - 2016/02/01 10:48:24 ET
Table 'Kajam IV' 2-max Seat #1 is the button
Seat 1: RockKillerTY ($237.28 in chips)
Seat 2: nedo1414 ($201.68 in chips)
RockKillerTY: posts small blind $1
nedo1414: posts big blind $3
*** HOLE CARDS ***
RockKillerTY: raises $3 to $6
nedo1414: calls $3
*** FLOP *** [7c 8h 3c]
nedo1414: checks
RockKillerTY: bets $3
nedo1414: folds
Uncalled bet ($3) returned to RockKillerTY
RockKillerTY collected $11.76 from pot
RockKillerTY: doesn't show hand
*** SUMMARY ***
Total pot $12 | Rake $0.24
Board [7c 8h 3c]
Seat 1: RockKillerTY (button) (small blind) collected ($11.76)
Seat 2: nedo1414 (big blind) folded on the Flop


PokerStars Hand #148053710897:  Hold'em Limit ($3/$6 USD) - 2016/02/01 10:48:58 ET
Table 'Kajam IV' 2-max Seat #1 is the button
Seat 1: RockKillerTY ($219.04 in chips)
Seat 2: nedo1414 ($219.18 in chips)
RockKillerTY: posts small blind $1
nedo1414: posts big blind $3
*** HOLE CARDS ***
RockKillerTY: folds
Uncalled bet ($2) returned to nedo1414
nedo1414 collected $2 from pot
nedo1414: doesn't show hand
*** SUMMARY ***
Total pot $2 | Rake $0
Seat 1: RockKillerTY (button) (small blind) folded before Flop
Seat 2: nedo1414 (big blind) collected ($2)


PokerStars Hand #148053714055:  Hold'em Limit ($3/$6 USD) - 2016/02/01 10:49:02 ET
Table 'Kajam IV' 2-max Seat #2 is the button
Seat 1: RockKillerTY ($218.04 in chips)
Seat 2: nedo1414 ($220.18 in chips)
nedo1414: posts small blind $1
RockKillerTY: posts big blind $3
*** HOLE CARDS ***
nedo1414: raises $3 to $6
RockKillerTY: calls $3
*** FLOP *** [9h 2h 6d]
RockKillerTY: checks
nedo1414: bets $3
RockKillerTY: raises $3 to $6
nedo1414: calls $3
*** TURN *** [9h 2h 6d] [5d]
RockKillerTY: bets $6
nedo1414: calls $6
*** RIVER *** [9h 2h 6d 5d] [8h]
RockKillerTY: bets $6
nedo1414: calls $6
*** SHOW DOWN ***
RockKillerTY: shows [Td 6h] (a pair of Sixes)
nedo1414: shows [9c Ts] (a pair of Nines)
nedo1414 collected $47.50 from pot
*** SUMMARY ***
Total pot $48 | Rake $0.50
Board [9h 2h 6d 5d 8h]
Seat 1: RockKillerTY (big blind) showed [Td 6h] and lost with a pair of Sixes
Seat 2: nedo1414 (button) (small blind) showed [9c Ts] and won ($47.50) with a pair of Nines


PokerStars Hand #148053741345:  Hold'em Limit ($3/$6 USD) - 2016/02/01 10:49:36 ET
Table 'Kajam IV' 2-max Seat #2 is the button
Seat 1: RockKillerTY ($176.04 in chips)
Seat 2: nedo1414 ($261.18 in chips)
nedo1414: posts small blind $1
RockKillerTY: posts big blind $3
*** HOLE CARDS ***
nedo1414: raises $3 to $6
RockKillerTY: calls $3
*** FLOP *** [8s 2h 3s]
RockKillerTY: checks
nedo1414: bets $3
RockKillerTY: folds
Uncalled bet ($3) returned to nedo1414
nedo1414 collected $11.76 from pot
nedo1414: doesn't show hand
*** SUMMARY ***
Total pot $12 | Rake $0.24
Board [8s 2h 3s]
Seat 1: RockKillerTY (big blind) folded on the Flop
Seat 2: nedo1414 (button) (small blind) collected ($11.76)


PokerStars Hand #148053726925:  Hold'em Limit ($3/$6 USD) - 2016/02/01 10:49:18 ET
Table 'Kajam IV' 2-max Seat #1 is the button
Seat 1: RockKillerTY ($194.04 in chips)
Seat 2: nedo1414 ($243.68 in chips)
RockKillerTY: posts small blind $1
nedo1414: posts big blind $3
*** HOLE CARDS ***
RockKillerTY: raises $3 to $6
nedo1414: raises $3 to $9
RockKillerTY: raises $3 to $12
Betting is capped
nedo1414: calls $3
*** FLOP *** [5d 6c Ad]
nedo1414: checks
RockKillerTY: checks
*** TURN *** [5d 6c Ad] [3h]
nedo1414: bets $6
RockKillerTY: calls $6
*** RIVER *** [5d 6c Ad 3h] [4d]
nedo1414: checks
RockKillerTY: checks
*** SHOW DOWN ***
nedo1414: shows [Ac 9h] (a pair of Aces)
RockKillerTY: mucks hand
nedo1414 collected $35.50 from pot
*** SUMMARY ***
Total pot $36 | Rake $0.50
Board [5d 6c Ad 3h 4d]
Seat 1: RockKillerTY (button) (small blind) mucked
Seat 2: nedo1414 (big blind) showed [Ac 9h] and won ($35.50) with a pair of Aces


PokerStars Hand #148053751225:  Hold'em Limit ($3/$6 USD) - 2016/02/01 10:49:48 ET
Table 'Kajam IV' 2-max Seat #1 is the button
Seat 1: RockKillerTY ($170.04 in chips)
Seat 2: nedo1414 ($266.94 in chips)
RockKillerTY: posts small blind $1
nedo1414: posts big blind $3
*** HOLE CARDS ***
RockKillerTY: raises $3 to $6
nedo1414: folds
Uncalled bet ($3) returned to RockKillerTY
RockKillerTY collected $6 from pot
RockKillerTY: doesn't show hand
*** SUMMARY ***
Total pot $6 | Rake $0
Seat 1: RockKillerTY (button) (small blind) collected ($6)
Seat 2: nedo1414 (big blind) folded before Flop


PokerStars Hand #148053783073:  Hold'em Limit ($3/$6 USD) - 2016/02/01 10:50:27 ET
Table 'Kajam IV' 2-max Seat #2 is the button
Seat 1: RockKillerTY ($162.04 in chips)
Seat 2: nedo1414 ($274.46 in chips)
nedo1414: posts small blind $1
RockKillerTY: posts big blind $3
*** HOLE CARDS ***
nedo1414: raises $3 to $6
RockKillerTY: raises $3 to $9
nedo1414: calls $3
*** FLOP *** [4d 6h Jd]
RockKillerTY: bets $3
nedo1414: raises $3 to $6
RockKillerTY: calls $3
*** TURN *** [4d 6h Jd] [8d]
RockKillerTY: checks
nedo1414: bets $6
RockKillerTY: folds
Uncalled bet ($6) returned to nedo1414
nedo1414 collected $29.50 from pot
nedo1414: doesn't show hand
*** SUMMARY ***
Total pot $30 | Rake $0.50
Board [4d 6h Jd 8d]
Seat 1: RockKillerTY (big blind) folded on the Turn
Seat 2: nedo1414 (button) (small blind) collected ($29.50)


PokerStars Hand #148053758197:  Hold'em Limit ($3/$6 USD) - 2016/02/01 10:49:56 ET
Table 'Kajam IV' 2-max Seat #1 is the button
Seat 1: RockKillerTY ($174.04 in chips)
Seat 2: nedo1414 ($262.94 in chips)
RockKillerTY: posts small blind $1
nedo1414: posts big blind $3
*** HOLE CARDS ***
RockKillerTY: raises $3 to $6
nedo1414: calls $3
*** FLOP *** [3s 3c 8c]
nedo1414: checks
RockKillerTY: bets $3
nedo1414: raises $3 to $6
RockKillerTY: calls $3
*** TURN *** [3s 3c 8c] [5d]
nedo1414: checks
RockKillerTY: checks
*** RIVER *** [3s 3c 8c 5d] [Jc]
nedo1414: checks
RockKillerTY: checks
*** SHOW DOWN ***
nedo1414: shows [2h 2c] (two pair, Threes and Deuces)
RockKillerTY: mucks hand
nedo1414 collected $23.52 from pot
*** SUMMARY ***
Total pot $24 | Rake $0.48
Board [3s 3c 8c 5d Jc]
Seat 1: RockKillerTY (button) (small blind) mucked
Seat 2: nedo1414 (big blind) showed [2h 2c] and won ($23.52) with two pair, Threes and Deuces


PokerStars Hand #148053796513:  Hold'em Limit ($3/$6 USD) - 2016/02/01 10:50:44 ET
Table 'Kajam IV' 2-max Seat #2 is the button
Seat 1: RockKillerTY ($146.04 in chips)
Seat 2: nedo1414 ($289.96 in chips)
nedo1414: posts small blind $1
RockKillerTY: posts big blind $3
*** HOLE CARDS ***
nedo1414: raises $3 to $6
RockKillerTY: calls $3
*** FLOP *** [3s 9h 4c]
RockKillerTY: checks
nedo1414: bets $3
RockKillerTY: calls $3
*** TURN *** [3s 9h 4c] [6s]
RockKillerTY: checks
nedo1414: bets $6
RockKillerTY: raises $6 to $12
nedo1414: calls $6
*** RIVER *** [3s 9h 4c 6s] [5h]
RockKillerTY: bets $6
nedo1414: calls $6
*** SHOW DOWN ***
RockKillerTY: shows [Kc 6c] (a pair of Sixes)
nedo1414: shows [5c 6h] (two pair, Sixes and Fives)
nedo1414 collected $53.50 from pot
*** SUMMARY ***
Total pot $54 | Rake $0.50
Board [3s 9h 4c 6s 5h]
Seat 1: RockKillerTY (big blind) showed [Kc 6c] and lost with a pair of Sixes
Seat 2: nedo1414 (button) (small blind) showed [5c 6h] and won ($53.50) with two pair, Sixes and Fives


PokerStars Hand #148053809148:  Hold'em Limit ($3/$6 USD) - 2016/02/01 10:50:59 ET
Table 'Kajam IV' 2-max Seat #1 is the button
Seat 1: RockKillerTY ($119.04 in chips)
Seat 2: nedo1414 ($316.46 in chips)
RockKillerTY: posts small blind $1
nedo1414: posts big blind $3
*** HOLE CARDS ***
RockKillerTY: raises $3 to $6
nedo1414: raises $3 to $9
RockKillerTY: calls $3
*** FLOP *** [9d Ts 6d]
nedo1414: bets $3
RockKillerTY: calls $3
*** TURN *** [9d Ts 6d] [Th]
nedo1414: bets $6
RockKillerTY: calls $6
*** RIVER *** [9d Ts 6d Th] [Qs]
nedo1414: bets $6
RockKillerTY: folds
Uncalled bet ($6) returned to nedo1414
nedo1414 collected $35.50 from pot
nedo1414: doesn't show hand
*** SUMMARY ***
Total pot $36 | Rake $0.50
Board [9d Ts 6d Th Qs]
Seat 1: RockKillerTY (button) (small blind) folded on the River
Seat 2: nedo1414 (big blind) collected ($35.50)


PokerStars Hand #148053841877:  Hold'em Limit ($3/$6 USD) - 2016/02/01 10:51:39 ET
Table 'Kajam IV' 2-max Seat #2 is the button
Seat 1: RockKillerTY ($101.04 in chips)
Seat 2: nedo1414 ($333.96 in chips)
nedo1414: posts small blind $1
RockKillerTY: posts big blind $3
*** HOLE CARDS ***
nedo1414: raises $3 to $6
RockKillerTY: calls $3
*** FLOP *** [Jd 3h 3s]
RockKillerTY: checks
nedo1414: bets $3
RockKillerTY: calls $3
*** TURN *** [Jd 3h 3s] [2d]
RockKillerTY: checks
nedo1414: checks
*** RIVER *** [Jd 3h 3s 2d] [Ac]
RockKillerTY: checks
nedo1414: checks
*** SHOW DOWN ***
RockKillerTY: shows [Qd 4d] (a pair of Threes)
nedo1414: shows [7d Qs] (a pair of Threes)
RockKillerTY collected $8.82 from pot
nedo1414 collected $8.82 from pot
*** SUMMARY ***
Total pot $18 | Rake $0.36
Board [Jd 3h 3s 2d Ac]
Seat 1: RockKillerTY (big blind) showed [Qd 4d] and won ($8.82) with a pair of Threes
Seat 2: nedo1414 (button) (small blind) showed [7d Qs] and won ($8.82) with a pair of Threes


PokerStars Hand #148053890090:  Hold'em Limit ($3/$6 USD) - 2016/02/01 10:52:39 ET
Table 'Kajam IV' 2-max Seat #1 is the button
Seat 1: RockKillerTY ($86.36 in chips)
Seat 2: nedo1414 ($347.04 in chips)
RockKillerTY: posts small blind $1
nedo1414: posts big blind $3
*** HOLE CARDS ***
RockKillerTY: raises $3 to $6
nedo1414: calls $3
*** FLOP *** [Jc 3h 2c]
nedo1414: checks
RockKillerTY: bets $3
nedo1414: calls $3
*** TURN *** [Jc 3h 2c] [Qd]
nedo1414: checks
RockKillerTY: bets $6
nedo1414: folds
Uncalled bet ($6) returned to RockKillerTY
RockKillerTY collected $17.64 from pot
RockKillerTY: doesn't show hand
*** SUMMARY ***
Total pot $18 | Rake $0.36
Board [Jc 3h 2c Qd]
Seat 1: RockKillerTY (button) (small blind) collected ($17.64)
Seat 2: nedo1414 (big blind) folded on the Turn


PokerStars Hand #148053883035:  Hold'em Limit ($3/$6 USD) - 2016/02/01 10:52:30 ET
Table 'Kajam IV' 2-max Seat #2 is the button
Seat 1: RockKillerTY ($92.36 in chips)
Seat 2: nedo1414 ($341.28 in chips)
nedo1414: posts small blind $1
RockKillerTY: posts big blind $3
*** HOLE CARDS ***
nedo1414: raises $3 to $6
RockKillerTY: calls $3
*** FLOP *** [Ts 7s 2c]
RockKillerTY: checks
nedo1414: bets $3
RockKillerTY: folds
Uncalled bet ($3) returned to nedo1414
nedo1414 collected $11.76 from pot
nedo1414: doesn't show hand
*** SUMMARY ***
Total pot $12 | Rake $0.24
Board [Ts 7s 2c]
Seat 1: RockKillerTY (big blind) folded on the Flop
Seat 2: nedo1414 (button) (small blind) collected ($11.76)


PokerStars Hand #148053869941:  Hold'em Limit ($3/$6 USD) - 2016/02/01 10:52:14 ET
Table 'Kajam IV' 2-max Seat #1 is the button
Seat 1: RockKillerTY ($122.36 in chips)
Seat 2: nedo1414 ($311.78 in chips)
RockKillerTY: posts small blind $1
nedo1414: posts big blind $3
*** HOLE CARDS ***
RockKillerTY: raises $3 to $6
nedo1414: raises $3 to $9
RockKillerTY: calls $3
*** FLOP *** [9s Kc 5s]
nedo1414: bets $3
RockKillerTY: calls $3
*** TURN *** [9s Kc 5s] [6c]
nedo1414: bets $6
RockKillerTY: raises $6 to $12
nedo1414: calls $6
*** RIVER *** [9s Kc 5s 6c] [6d]
nedo1414: checks
RockKillerTY: bets $6
nedo1414: calls $6
*** SHOW DOWN ***
RockKillerTY: shows [Tc 9d] (two pair, Nines and Sixes)
nedo1414: shows [Qc Qh] (two pair, Queens and Sixes)
nedo1414 collected $59.50 from pot
*** SUMMARY ***
Total pot $60 | Rake $0.50
Board [9s Kc 5s 6c 6d]
Seat 1: RockKillerTY (button) (small blind) showed [Tc 9d] and lost with two pair, Nines and Sixes
Seat 2: nedo1414 (big blind) showed [Qc Qh] and won ($59.50) with two pair, Queens and Sixes


PokerStars Hand #148053866478:  Hold'em Limit ($3/$6 USD) - 2016/02/01 10:52:10 ET
Table 'Kajam IV' 2-max Seat #2 is the button
Seat 1: RockKillerTY ($121.36 in chips)
Seat 2: nedo1414 ($312.78 in chips)
nedo1414: posts small blind $1
RockKillerTY: posts big blind $3
*** HOLE CARDS ***
nedo1414: folds
Uncalled bet ($2) returned to RockKillerTY
RockKillerTY collected $2 from pot
RockKillerTY: doesn't show hand
*** SUMMARY ***
Total pot $2 | Rake $0
Seat 1: RockKillerTY (big blind) collected ($2)
Seat 2: nedo1414 (button) (small blind) folded before Flop


PokerStars Hand #148053854675:  Hold'em Limit ($3/$6 USD) - 2016/02/01 10:51:55 ET
Table 'Kajam IV' 2-max Seat #1 is the button
Seat 1: RockKillerTY ($100.86 in chips)
Seat 2: nedo1414 ($333.78 in chips)
RockKillerTY: posts small blind $1
nedo1414: posts big blind $3
*** HOLE CARDS ***
RockKillerTY: raises $3 to $6
nedo1414: calls $3
*** FLOP *** [8d 8s 4d]
nedo1414: checks
RockKillerTY: bets $3
nedo1414: calls $3
*** TURN *** [8d 8s 4d] [6s]
nedo1414: checks
RockKillerTY: bets $6
nedo1414: calls $6
*** RIVER *** [8d 8s 4d 6s] [Tc]
nedo1414: checks
RockKillerTY: bets $6
nedo1414: calls $6
*** SHOW DOWN ***
RockKillerTY: shows [8h 9s] (three of a kind, Eights)
nedo1414: mucks hand
RockKillerTY collected $41.50 from pot
*** SUMMARY ***
Total pot $42 | Rake $0.50
Board [8d 8s 4d 6s Tc]
Seat 1: RockKillerTY (button) (small blind) showed [8h 9s] and won ($41.50) with three of a kind, Eights
Seat 2: nedo1414 (big blind) mucked


PokerStars Hand #148053932240:  Hold'em Limit ($3/$6 USD) - 2016/02/01 10:53:31 ET
Table 'Kajam IV' 2-max Seat #1 is the button
Seat 1: RockKillerTY ($177.50 in chips)
Seat 2: nedo1414 ($254.04 in chips)
RockKillerTY: posts small blind $1
nedo1414: posts big blind $3
*** HOLE CARDS ***
RockKillerTY: raises $3 to $6
nedo1414: raises $3 to $9
RockKillerTY: calls $3
*** FLOP *** [Ks Tc Jc]
nedo1414: bets $3
RockKillerTY: calls $3
*** TURN *** [Ks Tc Jc] [Kh]
nedo1414: bets $6
RockKillerTY: raises $6 to $12
nedo1414: calls $6
*** RIVER *** [Ks Tc Jc Kh] [Qd]
nedo1414: bets $6
RockKillerTY: calls $6
*** SHOW DOWN ***
nedo1414: shows [4c Ac] (a straight, Ten to Ace)
RockKillerTY: mucks hand
nedo1414 collected $59.50 from pot
*** SUMMARY ***
Total pot $60 | Rake $0.50
Board [Ks Tc Jc Kh Qd]
Seat 1: RockKillerTY (button) (small blind) mucked
Seat 2: nedo1414 (big blind) showed [4c Ac] and won ($59.50) with a straight, Ten to Ace


PokerStars Hand #148053921642:  Hold'em Limit ($3/$6 USD) - 2016/02/01 10:53:18 ET
Table 'Kajam IV' 2-max Seat #2 is the button
Seat 1: RockKillerTY ($154 in chips)
Seat 2: nedo1414 ($278.04 in chips)
nedo1414: posts small blind $1
RockKillerTY: posts big blind $3
*** HOLE CARDS ***
nedo1414: raises $3 to $6
RockKillerTY: calls $3
*** FLOP *** [7d Qh 6s]
RockKillerTY: checks
nedo1414: bets $3
RockKillerTY: raises $3 to $6
nedo1414: calls $3
*** TURN *** [7d Qh 6s] [2s]
RockKillerTY: bets $6
nedo1414: calls $6
*** RIVER *** [7d Qh 6s 2s] [As]
RockKillerTY: bets $6
nedo1414: calls $6
*** SHOW DOWN ***
RockKillerTY: shows [Kd 7s] (a pair of Sevens)
nedo1414: mucks hand
RockKillerTY collected $47.50 from pot
*** SUMMARY ***
Total pot $48 | Rake $0.50
Board [7d Qh 6s 2s As]
Seat 1: RockKillerTY (big blind) showed [Kd 7s] and won ($47.50) with a pair of Sevens
Seat 2: nedo1414 (button) (small blind) mucked


PokerStars Hand #148053910953:  Hold'em Limit ($3/$6 USD) - 2016/02/01 10:53:05 ET
Table 'Kajam IV' 2-max Seat #1 is the button
Seat 1: RockKillerTY ($121.50 in chips)
Seat 2: nedo1414 ($311.04 in chips)
RockKillerTY: posts small blind $1
nedo1414: posts big blind $3
*** HOLE CARDS ***
RockKillerTY: raises $3 to $6
nedo1414: raises $3 to $9
RockKillerTY: raises $3 to $12
Betting is capped
nedo1414: calls $3
*** FLOP *** [7c 8s Qh]
nedo1414: bets $3
RockKillerTY: calls $3
*** TURN *** [7c 8s Qh] [8d]
nedo1414: bets $6
RockKillerTY: raises $6 to $12
nedo1414: calls $6
*** RIVER *** [7c 8s Qh 8d] [2d]
nedo1414: checks
RockKillerTY: bets $6
nedo1414: calls $6
*** SHOW DOWN ***
RockKillerTY: shows [Qd Ac] (two pair, Queens and Eights)
nedo1414: mucks hand
RockKillerTY collected $65.50 from pot
*** SUMMARY ***
Total pot $66 | Rake $0.50
Board [7c 8s Qh 8d 2d]
Seat 1: RockKillerTY (button) (small blind) showed [Qd Ac] and won ($65.50) with two pair, Queens and Eights
Seat 2: nedo1414 (big blind) mucked


PokerStars Hand #148053899801:  Hold'em Limit ($3/$6 USD) - 2016/02/01 10:52:51 ET
Table 'Kajam IV' 2-max Seat #2 is the button
Seat 1: RockKillerTY ($95 in chips)
Seat 2: nedo1414 ($338.04 in chips)
nedo1414: posts small blind $1
RockKillerTY: posts big blind $3
*** HOLE CARDS ***
nedo1414: raises $3 to $6
RockKillerTY: calls $3
*** FLOP *** [8s Qh 7s]
RockKillerTY: checks
nedo1414: bets $3
RockKillerTY: calls $3
*** TURN *** [8s Qh 7s] [7h]
RockKillerTY: checks
nedo1414: bets $6
RockKillerTY: raises $6 to $12
nedo1414: calls $6
*** RIVER *** [8s Qh 7s 7h] [Jc]
RockKillerTY: bets $6
nedo1414: calls $6
*** SHOW DOWN ***
RockKillerTY: shows [7d 9c] (three of a kind, Sevens)
nedo1414: mucks hand
RockKillerTY collected $53.50 from pot
*** SUMMARY ***
Total pot $54 | Rake $0.50
Board [8s Qh 7s 7h Jc]
Seat 1: RockKillerTY (big blind) showed [7d 9c] and won ($53.50) with three of a kind, Sevens
Seat 2: nedo1414 (button) (small blind) mucked


PokerStars Hand #148053986784:  Hold'em Limit ($3/$6 USD) - 2016/02/01 10:54:38 ET
Table 'Kajam IV' 2-max Seat #2 is the button
Seat 1: RockKillerTY ($144.76 in chips)
Seat 2: nedo1414 ($285.04 in chips)
nedo1414: posts small blind $1
RockKillerTY: posts big blind $3
*** HOLE CARDS ***
nedo1414: folds
Uncalled bet ($2) returned to RockKillerTY
RockKillerTY collected $2 from pot
RockKillerTY: doesn't show hand
*** SUMMARY ***
Total pot $2 | Rake $0
Seat 1: RockKillerTY (big blind) collected ($2)
Seat 2: nedo1414 (button) (small blind) folded before Flop


PokerStars Hand #148053975817:  Hold'em Limit ($3/$6 USD) - 2016/02/01 10:54:25 ET
Table 'Kajam IV' 2-max Seat #1 is the button
Seat 1: RockKillerTY ($168.76 in chips)
Seat 2: nedo1414 ($261.54 in chips)
RockKillerTY: posts small blind $1
nedo1414: posts big blind $3
*** HOLE CARDS ***
RockKillerTY: raises $3 to $6
nedo1414: raises $3 to $9
RockKillerTY: calls $3
*** FLOP *** [8s Kh Jd]
nedo1414: bets $3
RockKillerTY: calls $3
*** TURN *** [8s Kh Jd] [Tc]
nedo1414: bets $6
RockKillerTY: calls $6
*** RIVER *** [8s Kh Jd Tc] [2d]
nedo1414: bets $6
RockKillerTY: calls $6
*** SHOW DOWN ***
nedo1414: shows [9c Kd] (a pair of Kings)
RockKillerTY: mucks hand
nedo1414 collected $47.50 from pot
*** SUMMARY ***
Total pot $48 | Rake $0.50
Board [8s Kh Jd Tc 2d]
Seat 1: RockKillerTY (button) (small blind) mucked
Seat 2: nedo1414 (big blind) showed [9c Kd] and won ($47.50) with a pair of Kings


PokerStars Hand #148053972307:  Hold'em Limit ($3/$6 USD) - 2016/02/01 10:54:21 ET
Table 'Kajam IV' 2-max Seat #2 is the button
Seat 1: RockKillerTY ($167.76 in chips)
Seat 2: nedo1414 ($262.54 in chips)
nedo1414: posts small blind $1
RockKillerTY: posts big blind $3
*** HOLE CARDS ***
nedo1414: folds
Uncalled bet ($2) returned to RockKillerTY
RockKillerTY collected $2 from pot
RockKillerTY: doesn't show hand
*** SUMMARY ***
Total pot $2 | Rake $0
Seat 1: RockKillerTY (big blind) collected ($2)
Seat 2: nedo1414 (button) (small blind) folded before Flop


PokerStars Hand #148053966695:  Hold'em Limit ($3/$6 USD) - 2016/02/01 10:54:14 ET
Table 'Kajam IV' 2-max Seat #1 is the button
Seat 1: RockKillerTY ($162 in chips)
Seat 2: nedo1414 ($268.54 in chips)
RockKillerTY: posts small blind $1
nedo1414: posts big blind $3
*** HOLE CARDS ***
RockKillerTY: raises $3 to $6
nedo1414: calls $3
*** FLOP *** [As Ah Ts]
nedo1414: checks
RockKillerTY: bets $3
nedo1414: folds
Uncalled bet ($3) returned to RockKillerTY
RockKillerTY collected $11.76 from pot
RockKillerTY: doesn't show hand
*** SUMMARY ***
Total pot $12 | Rake $0.24
Board [As Ah Ts]
Seat 1: RockKillerTY (button) (small blind) collected ($11.76)
Seat 2: nedo1414 (big blind) folded on the Flop


PokerStars Hand #148053963122:  Hold'em Limit ($3/$6 USD) - 2016/02/01 10:54:09 ET
Table 'Kajam IV' 2-max Seat #2 is the button
Seat 1: RockKillerTY ($161 in chips)
Seat 2: nedo1414 ($269.54 in chips)
nedo1414: posts small blind $1
RockKillerTY: posts big blind $3
*** HOLE CARDS ***
nedo1414: folds
Uncalled bet ($2) returned to RockKillerTY
RockKillerTY collected $2 from pot
RockKillerTY: doesn't show hand
*** SUMMARY ***
Total pot $2 | Rake $0
Seat 1: RockKillerTY (big blind) collected ($2)
Seat 2: nedo1414 (button) (small blind) folded before Flop


PokerStars Hand #148053945378:  Hold'em Limit ($3/$6 USD) - 2016/02/01 10:53:47 ET
Table 'Kajam IV' 2-max Seat #2 is the button
Seat 1: RockKillerTY ($147.50 in chips)
Seat 2: nedo1414 ($283.54 in chips)
nedo1414: posts small blind $1
RockKillerTY: posts big blind $3
*** HOLE CARDS ***
nedo1414: raises $3 to $6
RockKillerTY: calls $3
*** FLOP *** [As 8d 5d]
RockKillerTY: checks
nedo1414: bets $3
RockKillerTY: calls $3
*** TURN *** [As 8d 5d] [3c]
RockKillerTY: checks
nedo1414: bets $6
RockKillerTY: calls $6
*** RIVER *** [As 8d 5d 3c] [8s]
RockKillerTY: checks
nedo1414: checks
*** SHOW DOWN ***
RockKillerTY: shows [4h 4s] (two pair, Eights and Fours)
nedo1414: mucks hand
RockKillerTY collected $29.50 from pot
*** SUMMARY ***
Total pot $30 | Rake $0.50
Board [As 8d 5d 3c 8s]
Seat 1: RockKillerTY (big blind) showed [4h 4s] and won ($29.50) with two pair, Eights and Fours
Seat 2: nedo1414 (button) (small blind) mucked


PokerStars Hand #148054030796:  Hold'em Limit ($3/$6 USD) - 2016/02/01 10:55:37 ET
Table 'Kajam IV' 2-max Seat #1 is the button
Seat 1: RockKillerTY ($111.26 in chips)
Seat 2: nedo1414 ($317.04 in chips)
RockKillerTY: posts small blind $1
nedo1414: posts big blind $3
*** HOLE CARDS ***
RockKillerTY: folds
Uncalled bet ($2) returned to nedo1414
nedo1414 collected $2 from pot
nedo1414: doesn't show hand
*** SUMMARY ***
Total pot $2 | Rake $0
Seat 1: RockKillerTY (button) (small blind) folded before Flop
Seat 2: nedo1414 (big blind) collected ($2)


PokerStars Hand #148054020311:  Hold'em Limit ($3/$6 USD) - 2016/02/01 10:55:22 ET
Table 'Kajam IV' 2-max Seat #2 is the button
Seat 1: RockKillerTY ($90.76 in chips)
Seat 2: nedo1414 ($338.04 in chips)
nedo1414: posts small blind $1
RockKillerTY: posts big blind $3
*** HOLE CARDS ***
nedo1414: raises $3 to $6
RockKillerTY: calls $3
*** FLOP *** [Kc Js 8d]
RockKillerTY: checks
nedo1414: bets $3
RockKillerTY: calls $3
*** TURN *** [Kc Js 8d] [Jc]
RockKillerTY: checks
nedo1414: bets $6
RockKillerTY: calls $6
*** RIVER *** [Kc Js 8d Jc] [2d]
RockKillerTY: checks
nedo1414: bets $6
RockKillerTY: calls $6
*** SHOW DOWN ***
nedo1414: shows [9c Ts] (a pair of Jacks)
RockKillerTY: shows [7d 8s] (two pair, Jacks and Eights)
RockKillerTY collected $41.50 from pot
*** SUMMARY ***
Total pot $42 | Rake $0.50
Board [Kc Js 8d Jc 2d]
Seat 1: RockKillerTY (big blind) showed [7d 8s] and won ($41.50) with two pair, Jacks and Eights
Seat 2: nedo1414 (button) (small blind) showed [9c Ts] and lost with a pair of Jacks


PokerStars Hand #148054017539:  Hold'em Limit ($3/$6 USD) - 2016/02/01 10:55:18 ET
Table 'Kajam IV' 2-max Seat #1 is the button
Seat 1: RockKillerTY ($91.76 in chips)
Seat 2: nedo1414 ($337.04 in chips)
RockKillerTY: posts small blind $1
nedo1414: posts big blind $3
*** HOLE CARDS ***
RockKillerTY: folds
Uncalled bet ($2) returned to nedo1414
nedo1414 collected $2 from pot
nedo1414: doesn't show hand
*** SUMMARY ***
Total pot $2 | Rake $0
Seat 1: RockKillerTY (button) (small blind) folded before Flop
Seat 2: nedo1414 (big blind) collected ($2)


PokerStars Hand #148054006464:  Hold'em Limit ($3/$6 USD) - 2016/02/01 10:55:03 ET
Table 'Kajam IV' 2-max Seat #2 is the button
Seat 1: RockKillerTY ($127.76 in chips)
Seat 2: nedo1414 ($301.54 in chips)
nedo1414: posts small blind $1
RockKillerTY: posts big blind $3
*** HOLE CARDS ***
nedo1414: raises $3 to $6
RockKillerTY: raises $3 to $9
nedo1414: raises $3 to $12
Betting is capped
RockKillerTY: calls $3
*** FLOP *** [2s 4d 4s]
RockKillerTY: checks
nedo1414: bets $3
RockKillerTY: raises $3 to $6
nedo1414: raises $3 to $9
RockKillerTY: raises $3 to $12
Betting is capped
nedo1414: calls $3
*** TURN *** [2s 4d 4s] [3d]
RockKillerTY: bets $6
nedo1414: calls $6
*** RIVER *** [2s 4d 4s 3d] [7s]
RockKillerTY: bets $6
nedo1414: calls $6
*** SHOW DOWN ***
RockKillerTY: shows [Th Tc] (two pair, Tens and Fours)
nedo1414: shows [Kc Ks] (two pair, Kings and Fours)
nedo1414 collected $71.50 from pot
*** SUMMARY ***
Total pot $72 | Rake $0.50
Board [2s 4d 4s 3d 7s]
Seat 1: RockKillerTY (big blind) showed [Th Tc] and lost with two pair, Tens and Fours
Seat 2: nedo1414 (button) (small blind) showed [Kc Ks] and won ($71.50) with two pair, Kings and Fours


PokerStars Hand #148054073607:  Hold'em Limit ($3/$6 USD) - 2016/02/01 10:56:40 ET
Table 'Kajam IV' 2-max Seat #2 is the button
Seat 1: RockKillerTY ($148.26 in chips)
Seat 2: nedo1414 ($279.04 in chips)
nedo1414: posts small blind $1
RockKillerTY: posts big blind $3
*** HOLE CARDS ***
nedo1414: raises $3 to $6
RockKillerTY: folds
Uncalled bet ($3) returned to nedo1414
nedo1414 collected $6 from pot
nedo1414: doesn't show hand
*** SUMMARY ***
Total pot $6 | Rake $0
Seat 1: RockKillerTY (big blind) folded before Flop
Seat 2: nedo1414 (button) (small blind) collected ($6)


PokerStars Hand #148054057250:  Hold'em Limit ($3/$6 USD) - 2016/02/01 10:56:16 ET
Table 'Kajam IV' 2-max Seat #1 is the button
Seat 1: RockKillerTY ($127.76 in chips)
Seat 2: nedo1414 ($300.04 in chips)
RockKillerTY: posts small blind $1
nedo1414: posts big blind $3
*** HOLE CARDS ***
RockKillerTY: raises $3 to $6
nedo1414: calls $3
*** FLOP *** [8c 5h Qd]
nedo1414: checks
RockKillerTY: bets $3
nedo1414: calls $3
*** TURN *** [8c 5h Qd] [9h]
nedo1414: checks
RockKillerTY: checks
*** RIVER *** [8c 5h Qd 9h] [Qh]
nedo1414: bets $6
RockKillerTY: raises $6 to $12
nedo1414: calls $6
*** SHOW DOWN ***
RockKillerTY: shows [Kh 8h] (a flush, King high)
nedo1414: mucks hand
RockKillerTY collected $41.50 from pot
*** SUMMARY ***
Total pot $42 | Rake $0.50
Board [8c 5h Qd 9h Qh]
Seat 1: RockKillerTY (button) (small blind) showed [Kh 8h] and won ($41.50) with a flush, King high
Seat 2: nedo1414 (big blind) mucked


PokerStars Hand #148054033812:  Hold'em Limit ($3/$6 USD) - 2016/02/01 10:55:42 ET
Table 'Kajam IV' 2-max Seat #2 is the button
Seat 1: RockKillerTY ($110.26 in chips)
Seat 2: nedo1414 ($318.04 in chips)
nedo1414: posts small blind $1
RockKillerTY: posts big blind $3
*** HOLE CARDS ***
nedo1414: raises $3 to $6
RockKillerTY: calls $3
*** FLOP *** [9h 4h 3h]
RockKillerTY: checks
nedo1414: bets $3
RockKillerTY: raises $3 to $6
nedo1414: calls $3
*** TURN *** [9h 4h 3h] [2d]
RockKillerTY: bets $6
nedo1414: calls $6
*** RIVER *** [9h 4h 3h 2d] [6s]
RockKillerTY: bets $6
nedo1414: folds
Uncalled bet ($6) returned to RockKillerTY
RockKillerTY collected $35.50 from pot
RockKillerTY: doesn't show hand
*** SUMMARY ***
Total pot $36 | Rake $0.50
Board [9h 4h 3h 2d 6s]
Seat 1: RockKillerTY (big blind) collected ($35.50)
Seat 2: nedo1414 (button) (small blind) folded on the River


PokerStars Hand #148054086430:  Hold'em Limit ($3/$6 USD) - 2016/02/01 10:56:59 ET
Table 'Kajam IV' 2-max Seat #2 is the button
Seat 1: RockKillerTY ($118.26 in chips)
Seat 2: nedo1414 ($308.54 in chips)
nedo1414: posts small blind $1
RockKillerTY: posts big blind $3
*** HOLE CARDS ***
nedo1414: raises $3 to $6
RockKillerTY: calls $3
*** FLOP *** [Th Jc Qs]
RockKillerTY: checks
nedo1414: bets $3
RockKillerTY: folds
Uncalled bet ($3) returned to nedo1414
nedo1414 collected $11.76 from pot
nedo1414: doesn't show hand
*** SUMMARY ***
Total pot $12 | Rake $0.24
Board [Th Jc Qs]
Seat 1: RockKillerTY (big blind) folded on the Flop
Seat 2: nedo1414 (button) (small blind) collected ($11.76)


PokerStars Hand #148054077205:  Hold'em Limit ($3/$6 USD) - 2016/02/01 10:56:45 ET
Table 'Kajam IV' 2-max Seat #1 is the button
Seat 1: RockKillerTY ($145.26 in chips)
Seat 2: nedo1414 ($282.04 in chips)
RockKillerTY: posts small blind $1
nedo1414: posts big blind $3
*** HOLE CARDS ***
RockKillerTY: raises $3 to $6
nedo1414: calls $3
*** FLOP *** [Qd 4s Js]
nedo1414: checks
RockKillerTY: bets $3
nedo1414: calls $3
*** TURN *** [Qd 4s Js] [2h]
nedo1414: checks
RockKillerTY: bets $6
nedo1414: raises $6 to $12
RockKillerTY: calls $6
*** RIVER *** [Qd 4s Js 2h] [2c]
nedo1414: bets $6
RockKillerTY: calls $6
*** SHOW DOWN ***
nedo1414: shows [Qc 7d] (two pair, Queens and Deuces)
RockKillerTY: mucks hand
nedo1414 collected $53.50 from pot
*** SUMMARY ***
Total pot $54 | Rake $0.50
Board [Qd 4s Js 2h 2c]
Seat 1: RockKillerTY (button) (small blind) mucked
Seat 2: nedo1414 (big blind) showed [Qc 7d] and won ($53.50) with two pair, Queens and Deuces


