PokerStars Hand #147746973194:  Hold'em Limit ($3/$6 USD) - 2016/01/26 23:50:21 ET
Table 'Kajam' 6-max Seat #4 is the button
Seat 3: ivy100 ($88.84 in chips)
Seat 4: AzureCaper ($73 in chips)
AzureCaper: posts small blind $1
ivy100: posts big blind $3
*** HOLE CARDS ***
AzureCaper: raises $3 to $6
ivy100: calls $3
*** FLOP *** [6h Kd 8d]
ivy100: checks
AzureCaper: bets $3
ivy100: calls $3
*** TURN *** [6h Kd 8d] [As]
ivy100: bets $6
AzureCaper: calls $6
*** RIVER *** [6h Kd 8d As] [8s]
ivy100: checks
AzureCaper: checks
*** SHOW DOWN ***
ivy100: shows [4h 4c] (two pair, Eights and Fours)
AzureCaper: shows [7d Kh] (two pair, Kings and Eights)
AzureCaper collected $29.50 from pot
*** SUMMARY ***
Total pot $30 | Rake $0.50
Board [6h Kd 8d As 8s]
Seat 3: ivy100 (big blind) showed [4h 4c] and lost with two pair, Eights and Fours
Seat 4: AzureCaper (button) (small blind) showed [7d Kh] and won ($29.50) with two pair, Kings and Eights


PokerStars Hand #147746982742:  Hold'em Limit ($3/$6 USD) - 2016/01/26 23:50:54 ET
Table 'Kajam' 6-max Seat #4 is the button
Seat 3: ivy100 ($72.84 in chips)
Seat 4: AzureCaper ($88.50 in chips)
AzureCaper: posts small blind $1
ivy100: posts big blind $3
*** HOLE CARDS ***
AzureCaper: folds
Uncalled bet ($2) returned to ivy100
ivy100 collected $2 from pot
ivy100: doesn't show hand
*** SUMMARY ***
Total pot $2 | Rake $0
Seat 3: ivy100 (big blind) collected ($2)
Seat 4: AzureCaper (button) (small blind) folded before Flop


PokerStars Hand #147746981218:  Hold'em Limit ($3/$6 USD) - 2016/01/26 23:50:49 ET
Table 'Kajam' 6-max Seat #3 is the button
Seat 3: ivy100 ($73.84 in chips)
Seat 4: AzureCaper ($87.50 in chips)
ivy100: posts small blind $1
AzureCaper: posts big blind $3
*** HOLE CARDS ***
ivy100: folds
Uncalled bet ($2) returned to AzureCaper
AzureCaper collected $2 from pot
AzureCaper: doesn't show hand
*** SUMMARY ***
Total pot $2 | Rake $0
Seat 3: ivy100 (button) (small blind) folded before Flop
Seat 4: AzureCaper (big blind) collected ($2)


PokerStars Hand #147746985486:  Hold'em Limit ($3/$6 USD) - 2016/01/26 23:51:04 ET
Table 'Kajam' 6-max Seat #4 is the button
Seat 3: ivy100 ($72.84 in chips)
Seat 4: AzureCaper ($88.50 in chips)
AzureCaper: posts small blind $1
ivy100: posts big blind $3
*** HOLE CARDS ***
AzureCaper: raises $3 to $6
ivy100: folds
Uncalled bet ($3) returned to AzureCaper
AzureCaper collected $6 from pot
AzureCaper: doesn't show hand
*** SUMMARY ***
Total pot $6 | Rake $0
Seat 3: ivy100 (big blind) folded before Flop
Seat 4: AzureCaper (button) (small blind) collected ($6)


PokerStars Hand #147746984083:  Hold'em Limit ($3/$6 USD) - 2016/01/26 23:50:59 ET
Table 'Kajam' 6-max Seat #3 is the button
Seat 3: ivy100 ($73.84 in chips)
Seat 4: AzureCaper ($87.50 in chips)
ivy100: posts small blind $1
AzureCaper: posts big blind $3
*** HOLE CARDS ***
ivy100: folds
Uncalled bet ($2) returned to AzureCaper
AzureCaper collected $2 from pot
AzureCaper: doesn't show hand
*** SUMMARY ***
Total pot $2 | Rake $0
Seat 3: ivy100 (button) (small blind) folded before Flop
Seat 4: AzureCaper (big blind) collected ($2)


PokerStars Hand #147746987248:  Hold'em Limit ($3/$6 USD) - 2016/01/26 23:51:10 ET
Table 'Kajam' 6-max Seat #3 is the button
Seat 3: ivy100 ($69.84 in chips)
Seat 4: AzureCaper ($91.50 in chips)
ivy100: posts small blind $1
AzureCaper: posts big blind $3
*** HOLE CARDS ***
ivy100: folds
Uncalled bet ($2) returned to AzureCaper
AzureCaper collected $2 from pot
AzureCaper: doesn't show hand
*** SUMMARY ***
Total pot $2 | Rake $0
Seat 3: ivy100 (button) (small blind) folded before Flop
Seat 4: AzureCaper (big blind) collected ($2)


PokerStars Hand #147747005038:  Hold'em Limit ($3/$6 USD) - 2016/01/26 23:52:11 ET
Table 'Kajam' 6-max Seat #4 is the button
Seat 3: ivy100 ($102.60 in chips)
Seat 4: AzureCaper ($73 in chips)
AzureCaper: posts small blind $1
ivy100: posts big blind $3
*** HOLE CARDS ***
AzureCaper: folds
Uncalled bet ($2) returned to ivy100
ivy100 collected $2 from pot
ivy100: doesn't show hand
*** SUMMARY ***
Total pot $2 | Rake $0
Seat 3: ivy100 (big blind) collected ($2)
Seat 4: AzureCaper (button) (small blind) folded before Flop


PokerStars Hand #147746988574:  Hold'em Limit ($3/$6 USD) - 2016/01/26 23:51:14 ET
Table 'Kajam' 6-max Seat #4 is the button
Seat 3: ivy100 ($68.84 in chips)
Seat 4: AzureCaper ($92.50 in chips)
AzureCaper: posts small blind $1
ivy100: posts big blind $3
*** HOLE CARDS ***
AzureCaper: raises $3 to $6
ivy100: calls $3
*** FLOP *** [4s 3c 8d]
ivy100: bets $3
AzureCaper: calls $3
*** TURN *** [4s 3c 8d] [6h]
ivy100: checks
AzureCaper: checks
*** RIVER *** [4s 3c 8d 6h] [8s]
ivy100: checks
AzureCaper: bets $6
ivy100: calls $6
*** SHOW DOWN ***
AzureCaper: shows [9s Th] (a pair of Eights)
ivy100: shows [Kc 3d] (two pair, Eights and Threes)
ivy100 collected $29.50 from pot
*** SUMMARY ***
Total pot $30 | Rake $0.50
Board [4s 3c 8d 6h 8s]
Seat 3: ivy100 (big blind) showed [Kc 3d] and won ($29.50) with two pair, Eights and Threes
Seat 4: AzureCaper (button) (small blind) showed [9s Th] and lost with a pair of Eights


PokerStars Hand #147746994258:  Hold'em Limit ($3/$6 USD) - 2016/01/26 23:51:34 ET
Table 'Kajam' 6-max Seat #3 is the button
Seat 3: ivy100 ($83.34 in chips)
Seat 4: AzureCaper ($77.50 in chips)
ivy100: posts small blind $1
AzureCaper: posts big blind $3
*** HOLE CARDS ***
ivy100: calls $2
AzureCaper: raises $3 to $6
ivy100: calls $3
*** FLOP *** [Kh 6d Jc]
AzureCaper: bets $3
ivy100: calls $3
*** TURN *** [Kh 6d Jc] [6s]
AzureCaper: bets $6
ivy100: calls $6
*** RIVER *** [Kh 6d Jc 6s] [Qc]
AzureCaper: checks
ivy100: checks
*** SHOW DOWN ***
AzureCaper: shows [9s Js] (two pair, Jacks and Sixes)
ivy100: shows [Ac Ks] (two pair, Kings and Sixes)
ivy100 collected $29.50 from pot
*** SUMMARY ***
Total pot $30 | Rake $0.50
Board [Kh 6d Jc 6s Qc]
Seat 3: ivy100 (button) (small blind) showed [Ac Ks] and won ($29.50) with two pair, Kings and Sixes
Seat 4: AzureCaper (big blind) showed [9s Js] and lost with two pair, Jacks and Sixes


PokerStars Hand #147747003670:  Hold'em Limit ($3/$6 USD) - 2016/01/26 23:52:06 ET
Table 'Kajam' 6-max Seat #3 is the button
Seat 3: ivy100 ($103.60 in chips)
Seat 4: AzureCaper ($72 in chips)
ivy100: posts small blind $1
AzureCaper: posts big blind $3
*** HOLE CARDS ***
ivy100: folds
Uncalled bet ($2) returned to AzureCaper
AzureCaper collected $2 from pot
AzureCaper: doesn't show hand
*** SUMMARY ***
Total pot $2 | Rake $0
Seat 3: ivy100 (button) (small blind) folded before Flop
Seat 4: AzureCaper (big blind) collected ($2)


PokerStars Hand #147746999178:  Hold'em Limit ($3/$6 USD) - 2016/01/26 23:51:50 ET
Table 'Kajam' 6-max Seat #4 is the button
Seat 3: ivy100 ($97.84 in chips)
Seat 4: AzureCaper ($72 in chips)
AzureCaper: posts small blind $1
ivy100: posts big blind $3
*** HOLE CARDS ***
AzureCaper: raises $3 to $6
ivy100: calls $3
*** FLOP *** [3d Tc Js]
ivy100: bets $3
AzureCaper: folds
Uncalled bet ($3) returned to ivy100
ivy100 collected $11.76 from pot
ivy100: doesn't show hand
*** SUMMARY ***
Total pot $12 | Rake $0.24
Board [3d Tc Js]
Seat 3: ivy100 (big blind) collected ($11.76)
Seat 4: AzureCaper (button) (small blind) folded on the Flop


PokerStars Hand #147747008205:  Hold'em Limit ($3/$6 USD) - 2016/01/26 23:52:21 ET
Table 'Kajam' 6-max Seat #4 is the button
Seat 3: ivy100 ($102.60 in chips)
Seat 4: AzureCaper ($73 in chips)
AzureCaper: posts small blind $1
ivy100: posts big blind $3
*** HOLE CARDS ***
AzureCaper: folds
Uncalled bet ($2) returned to ivy100
ivy100 collected $2 from pot
ivy100: doesn't show hand
*** SUMMARY ***
Total pot $2 | Rake $0
Seat 3: ivy100 (big blind) collected ($2)
Seat 4: AzureCaper (button) (small blind) folded before Flop


PokerStars Hand #147747006644:  Hold'em Limit ($3/$6 USD) - 2016/01/26 23:52:16 ET
Table 'Kajam' 6-max Seat #3 is the button
Seat 3: ivy100 ($103.60 in chips)
Seat 4: AzureCaper ($72 in chips)
ivy100: posts small blind $1
AzureCaper: posts big blind $3
*** HOLE CARDS ***
ivy100: folds
Uncalled bet ($2) returned to AzureCaper
AzureCaper collected $2 from pot
AzureCaper: doesn't show hand
*** SUMMARY ***
Total pot $2 | Rake $0
Seat 3: ivy100 (button) (small blind) folded before Flop
Seat 4: AzureCaper (big blind) collected ($2)


PokerStars Hand #147747009679:  Hold'em Limit ($3/$6 USD) - 2016/01/26 23:52:26 ET
Table 'Kajam' 6-max Seat #3 is the button
Seat 3: ivy100 ($103.60 in chips)
Seat 4: AzureCaper ($72 in chips)
ivy100: posts small blind $1
AzureCaper: posts big blind $3
*** HOLE CARDS ***
ivy100: folds
Uncalled bet ($2) returned to AzureCaper
AzureCaper collected $2 from pot
AzureCaper: doesn't show hand
*** SUMMARY ***
Total pot $2 | Rake $0
Seat 3: ivy100 (button) (small blind) folded before Flop
Seat 4: AzureCaper (big blind) collected ($2)


PokerStars Hand #147747023068:  Hold'em Limit ($3/$6 USD) - 2016/01/26 23:53:11 ET
Table 'Kajam' 6-max Seat #3 is the button
Seat 3: ivy100 ($108.36 in chips)
Seat 4: AzureCaper ($72 in chips)
ivy100: posts small blind $1
AzureCaper: posts big blind $3
*** HOLE CARDS ***
ivy100: folds
Uncalled bet ($2) returned to AzureCaper
AzureCaper collected $2 from pot
AzureCaper: doesn't show hand
*** SUMMARY ***
Total pot $2 | Rake $0
Seat 3: ivy100 (button) (small blind) folded before Flop
Seat 4: AzureCaper (big blind) collected ($2)


PokerStars Hand #147747011561:  Hold'em Limit ($3/$6 USD) - 2016/01/26 23:52:32 ET
Table 'Kajam' 6-max Seat #4 is the button
Seat 3: ivy100 ($102.60 in chips)
Seat 4: AzureCaper ($73 in chips)
AzureCaper: posts small blind $1
ivy100: posts big blind $3
*** HOLE CARDS ***
jenny@2149 joins the table at seat #2
AzureCaper: raises $3 to $6
ivy100: calls $3
*** FLOP *** [Tc Qs Ac]
ivy100: checks
AzureCaper: checks
*** TURN *** [Tc Qs Ac] [7h]
ivy100: checks
AzureCaper: checks
*** RIVER *** [Tc Qs Ac 7h] [Qd]
ivy100: bets $6
AzureCaper: folds
Uncalled bet ($6) returned to ivy100
ivy100 collected $11.76 from pot
ivy100: doesn't show hand
*** SUMMARY ***
Total pot $12 | Rake $0.24
Board [Tc Qs Ac 7h Qd]
Seat 3: ivy100 (big blind) collected ($11.76)
Seat 4: AzureCaper (button) (small blind) folded on the River


PokerStars Hand #147747082027:  Hold'em Limit ($3/$6 USD) - 2016/01/26 23:56:46 ET
Table 'Kajam' 6-max Seat #2 is the button
Seat 2: jenny@2149 ($71 in chips)
Seat 6: neastrum ($29.02 in chips)
jenny@2149: posts small blind $1
machine998: is sitting out
neastrum: posts big blind $3
*** HOLE CARDS ***
jenny@2149: raises $3 to $6
machine998 leaves the table
neastrum: calls $3
*** FLOP *** [Td 3s 5d]
neastrum: checks
jenny@2149: bets $3
neastrum: calls $3
*** TURN *** [Td 3s 5d] [2h]
neastrum: checks
jenny@2149: bets $6
neastrum: raises $6 to $12
jenny@2149: calls $6
*** RIVER *** [Td 3s 5d 2h] [Jh]
neastrum: bets $6
jenny@2149: calls $6
*** SHOW DOWN ***
neastrum: shows [6d 3d] (a pair of Threes)
jenny@2149: shows [Ts Ad] (a pair of Tens)
jenny@2149 collected $53.50 from pot
*** SUMMARY ***
Total pot $54 | Rake $0.50
Board [Td 3s 5d 2h Jh]
Seat 2: jenny@2149 (button) (small blind) showed [Ts Ad] and won ($53.50) with a pair of Tens
Seat 6: neastrum (big blind) showed [6d 3d] and lost with a pair of Threes


