PokerStars Hand #156004432558:  Hold'em Limit ($3/$6 USD) - 2016/07/15 13:07:54 ET
Table 'Kajaani' 6-max Seat #3 is the button
Seat 3: Humtum81 ($35.94 in chips)
Seat 4: VolkovDmitri ($123 in chips)
Humtum81: posts small blind $1
VolkovDmitri: posts big blind $3
*** HOLE CARDS ***
Humtum81: folds
Uncalled bet ($2) returned to VolkovDmitri
VolkovDmitri collected $2 from pot
VolkovDmitri: doesn't show hand
*** SUMMARY ***
Total pot $2 | Rake $0
Seat 3: Humtum81 (button) (small blind) folded before Flop
Seat 4: VolkovDmitri (big blind) collected ($2)


PokerStars Hand #156004426999:  Hold'em Limit ($3/$6 USD) - 2016/07/15 13:07:45 ET
Table 'Kajaani' 6-max Seat #4 is the button
Seat 3: Humtum81 ($38.94 in chips)
Seat 4: VolkovDmitri ($120 in chips)
VolkovDmitri: posts small blind $1
Humtum81: posts big blind $3
*** HOLE CARDS ***
VolkovDmitri: raises $3 to $6
Humtum81: folds
Uncalled bet ($3) returned to VolkovDmitri
VolkovDmitri collected $6 from pot
VolkovDmitri: doesn't show hand
*** SUMMARY ***
Total pot $6 | Rake $0
Seat 3: Humtum81 (big blind) folded before Flop
Seat 4: VolkovDmitri (button) (small blind) collected ($6)


PokerStars Hand #156004414674:  Hold'em Limit ($3/$6 USD) - 2016/07/15 13:07:26 ET
Table 'Kajaani' 6-max Seat #3 is the button
Seat 3: Humtum81 ($33.18 in chips)
Seat 4: VolkovDmitri ($120 in chips)
Humtum81: posts small blind $1
VolkovDmitri: posts big blind $3
*** HOLE CARDS ***
Humtum81: raises $3 to $6
VolkovDmitri: calls $3
*** FLOP *** [5s 2s 9c]
VolkovDmitri: checks
Humtum81: bets $3
VolkovDmitri: folds
Uncalled bet ($3) returned to Humtum81
Humtum81 collected $11.76 from pot
Humtum81: doesn't show hand
*** SUMMARY ***
Total pot $12 | Rake $0.24
Board [5s 2s 9c]
Seat 3: Humtum81 (button) (small blind) collected ($11.76)
Seat 4: VolkovDmitri (big blind) folded on the Flop


PokerStars Hand #156004435760:  Hold'em Limit ($3/$6 USD) - 2016/07/15 13:07:58 ET
Table 'Kajaani' 6-max Seat #4 is the button
Seat 3: Humtum81 ($34.94 in chips)
Seat 4: VolkovDmitri ($124 in chips)
VolkovDmitri: posts small blind $1
Humtum81: posts big blind $3
*** HOLE CARDS ***
VolkovDmitri: raises $3 to $6
Humtum81: raises $3 to $9
VolkovDmitri: calls $3
*** FLOP *** [9s Kd 9d]
Humtum81: bets $3
VolkovDmitri: calls $3
*** TURN *** [9s Kd 9d] [8h]
Humtum81: bets $6
VolkovDmitri: calls $6
*** RIVER *** [9s Kd 9d 8h] [5h]
Humtum81: bets $6
VolkovDmitri: raises $6 to $12
Humtum81: folds
Uncalled bet ($6) returned to VolkovDmitri
VolkovDmitri collected $47.50 from pot
VolkovDmitri: doesn't show hand
*** SUMMARY ***
Total pot $48 | Rake $0.50
Board [9s Kd 9d 8h 5h]
Seat 3: Humtum81 (big blind) folded on the River
Seat 4: VolkovDmitri (button) (small blind) collected ($47.50)


PokerStars Hand #156004455287:  Hold'em Limit ($3/$6 USD) - 2016/07/15 13:08:29 ET
Table 'Kajaani' 6-max Seat #3 is the button
Seat 3: Humtum81 ($10.94 in chips)
Seat 4: VolkovDmitri ($147.50 in chips)
Humtum81: posts small blind $1
VolkovDmitri: posts big blind $3
*** HOLE CARDS ***
Humtum81: raises $3 to $6
VolkovDmitri: raises $3 to $9
Humtum81: raises $1.94 to $10.94 and is all-in
Betting is capped
VolkovDmitri: calls $1.94
*** FLOP *** [4h 5s Ac]
*** TURN *** [4h 5s Ac] [Kh]
*** RIVER *** [4h 5s Ac Kh] [7h]
*** SHOW DOWN ***
VolkovDmitri: shows [Qh 8s] (high card Ace)
Humtum81: shows [9s Jd] (high card Ace - lower kicker)
VolkovDmitri collected $21.44 from pot
Humtum81 leaves the table
*** SUMMARY ***
Total pot $21.88 | Rake $0.44
Board [4h 5s Ac Kh 7h]
Seat 3: Humtum81 (button) (small blind) showed [9s Jd] and lost with high card Ace
Seat 4: VolkovDmitri (big blind) showed [Qh 8s] and won ($21.44) with high card Ace


