PokerStars Hand #145568699765:  Hold'em Limit ($3/$6 USD) - 2015/12/19 3:11:59 ET
Table 'Kalchas II' 2-max Seat #1 is the button
Seat 1: MAGER911 ($81.64 in chips)
Seat 2: minigus575 ($214.84 in chips)
MAGER911: posts small blind $1
minigus575: posts big blind $3
*** HOLE CARDS ***
MAGER911: raises $3 to $6
minigus575: calls $3
*** FLOP *** [Jd Kc Js]
minigus575: checks
MAGER911: bets $3
minigus575: folds
Uncalled bet ($3) returned to MAGER911
MAGER911 collected $11.76 from pot
MAGER911: doesn't show hand
*** SUMMARY ***
Total pot $12 | Rake $0.24
Board [Jd Kc Js]
Seat 1: MAGER911 (button) (small blind) collected ($11.76)
Seat 2: minigus575 (big blind) folded on the Flop


PokerStars Hand #145568684322:  Hold'em Limit ($3/$6 USD) - 2015/12/19 3:11:14 ET
Table 'Kalchas II' 2-max Seat #2 is the button
Seat 1: MAGER911 ($72 in chips)
Seat 2: minigus575 ($207.34 in chips)
minigus575: posts small blind $1
MAGER911: posts big blind $3
*** HOLE CARDS ***
minigus575: raises $3 to $6
MAGER911: raises $3 to $9
minigus575: calls $3
*** FLOP *** [8s 9c Ks]
MAGER911: bets $3
minigus575: calls $3
*** TURN *** [8s 9c Ks] [8h]
MAGER911: bets $6
minigus575: calls $6
*** RIVER *** [8s 9c Ks 8h] [Qh]
MAGER911: checks
minigus575: bets $6
MAGER911: folds
Uncalled bet ($6) returned to minigus575
minigus575 collected $35.50 from pot
minigus575: doesn't show hand
*** SUMMARY ***
Total pot $36 | Rake $0.50
Board [8s 9c Ks 8h Qh]
Seat 1: MAGER911 (big blind) folded on the River
Seat 2: minigus575 (button) (small blind) collected ($35.50)


PokerStars Hand #145568693222:  Hold'em Limit ($3/$6 USD) - 2015/12/19 3:11:40 ET
Table 'Kalchas II' 2-max Seat #1 is the button
Seat 1: MAGER911 ($72 in chips)
Seat 2: minigus575 ($224.84 in chips)
MAGER911: posts small blind $1
minigus575: posts big blind $3
*** HOLE CARDS ***
MAGER911: raises $3 to $6
minigus575: calls $3
*** FLOP *** [2s 9h Kh]
minigus575: checks
MAGER911: bets $3
minigus575: calls $3
*** TURN *** [2s 9h Kh] [Ks]
minigus575: checks
MAGER911: checks
*** RIVER *** [2s 9h Kh Ks] [5h]
minigus575: checks
MAGER911: checks
*** SHOW DOWN ***
minigus575: shows [Ad 4c] (a pair of Kings)
MAGER911: shows [Ac 7d] (a pair of Kings - Ace+Nine+Seven kicker)
MAGER911 collected $17.64 from pot
*** SUMMARY ***
Total pot $18 | Rake $0.36
Board [2s 9h Kh Ks 5h]
Seat 1: MAGER911 (button) (small blind) showed [Ac 7d] and won ($17.64) with a pair of Kings
Seat 2: minigus575 (big blind) showed [Ad 4c] and lost with a pair of Kings


PokerStars Hand #145568703814:  Hold'em Limit ($3/$6 USD) - 2015/12/19 3:12:10 ET
Table 'Kalchas II' 2-max Seat #2 is the button
Seat 1: MAGER911 ($87.40 in chips)
Seat 2: minigus575 ($208.84 in chips)
minigus575: posts small blind $1
MAGER911: posts big blind $3
*** HOLE CARDS ***
minigus575: raises $3 to $6
MAGER911: calls $3
*** FLOP *** [Qh 8h Td]
MAGER911: checks
minigus575: bets $3
MAGER911: calls $3
*** TURN *** [Qh 8h Td] [2h]
MAGER911: checks
minigus575: checks
*** RIVER *** [Qh 8h Td 2h] [2d]
MAGER911: checks
minigus575: checks
*** SHOW DOWN ***
MAGER911: shows [9s 5d] (a pair of Deuces)
minigus575: shows [7d 9h] (a pair of Deuces)
MAGER911 collected $8.82 from pot
minigus575 collected $8.82 from pot
*** SUMMARY ***
Total pot $18 | Rake $0.36
Board [Qh 8h Td 2h 2d]
Seat 1: MAGER911 (big blind) showed [9s 5d] and won ($8.82) with a pair of Deuces
Seat 2: minigus575 (button) (small blind) showed [7d 9h] and won ($8.82) with a pair of Deuces


PokerStars Hand #145568698219:  Hold'em Limit ($3/$6 USD) - 2015/12/19 3:11:54 ET
Table 'Kalchas II' 2-max Seat #2 is the button
Seat 1: MAGER911 ($80.64 in chips)
Seat 2: minigus575 ($215.84 in chips)
minigus575: posts small blind $1
MAGER911: posts big blind $3
*** HOLE CARDS ***
minigus575: folds
Uncalled bet ($2) returned to MAGER911
MAGER911 collected $2 from pot
MAGER911: doesn't show hand
*** SUMMARY ***
Total pot $2 | Rake $0
Seat 1: MAGER911 (big blind) collected ($2)
Seat 2: minigus575 (button) (small blind) folded before Flop


PokerStars Hand #145568725376:  Hold'em Limit ($3/$6 USD) - 2015/12/19 3:13:13 ET
Table 'Kalchas II' 2-max Seat #1 is the button
Seat 1: MAGER911 ($73.22 in chips)
Seat 2: minigus575 ($222.18 in chips)
MAGER911: posts small blind $1
minigus575: posts big blind $3
*** HOLE CARDS ***
MAGER911: raises $3 to $6
minigus575: calls $3
*** FLOP *** [8h Ah 5s]
minigus575: checks
MAGER911: bets $3
minigus575: calls $3
*** TURN *** [8h Ah 5s] [7d]
minigus575: checks
MAGER911: checks
*** RIVER *** [8h Ah 5s 7d] [5d]
minigus575: checks
MAGER911: checks
*** SHOW DOWN ***
minigus575: shows [Qc Jh] (a pair of Fives)
MAGER911: shows [9c 7c] (two pair, Sevens and Fives)
MAGER911 collected $17.64 from pot
*** SUMMARY ***
Total pot $18 | Rake $0.36
Board [8h Ah 5s 7d 5d]
Seat 1: MAGER911 (button) (small blind) showed [9c 7c] and won ($17.64) with two pair, Sevens and Fives
Seat 2: minigus575 (big blind) showed [Qc Jh] and lost with a pair of Fives


PokerStars Hand #145568710939:  Hold'em Limit ($3/$6 USD) - 2015/12/19 3:12:31 ET
Table 'Kalchas II' 2-max Seat #1 is the button
Seat 1: MAGER911 ($87.22 in chips)
Seat 2: minigus575 ($208.66 in chips)
MAGER911: posts small blind $1
minigus575: posts big blind $3
*** HOLE CARDS ***
MAGER911: folds
Uncalled bet ($2) returned to minigus575
minigus575 collected $2 from pot
minigus575: doesn't show hand
*** SUMMARY ***
Total pot $2 | Rake $0
Seat 1: MAGER911 (button) (small blind) folded before Flop
Seat 2: minigus575 (big blind) collected ($2)


PokerStars Hand #145568716615:  Hold'em Limit ($3/$6 USD) - 2015/12/19 3:12:48 ET
Table 'Kalchas II' 2-max Seat #1 is the button
Seat 1: MAGER911 ($80.22 in chips)
Seat 2: minigus575 ($215.42 in chips)
MAGER911: posts small blind $1
minigus575: posts big blind $3
*** HOLE CARDS ***
MAGER911: folds
Uncalled bet ($2) returned to minigus575
minigus575 collected $2 from pot
minigus575: doesn't show hand
*** SUMMARY ***
Total pot $2 | Rake $0
Seat 1: MAGER911 (button) (small blind) folded before Flop
Seat 2: minigus575 (big blind) collected ($2)


PokerStars Hand #145568712449:  Hold'em Limit ($3/$6 USD) - 2015/12/19 3:12:36 ET
Table 'Kalchas II' 2-max Seat #2 is the button
Seat 1: MAGER911 ($86.22 in chips)
Seat 2: minigus575 ($209.66 in chips)
minigus575: posts small blind $1
MAGER911: posts big blind $3
*** HOLE CARDS ***
minigus575: raises $3 to $6
MAGER911: calls $3
*** FLOP *** [5d 4h Ac]
MAGER911: checks
minigus575: bets $3
MAGER911: folds
Uncalled bet ($3) returned to minigus575
minigus575 collected $11.76 from pot
minigus575: doesn't show hand
*** SUMMARY ***
Total pot $12 | Rake $0.24
Board [5d 4h Ac]
Seat 1: MAGER911 (big blind) folded on the Flop
Seat 2: minigus575 (button) (small blind) collected ($11.76)


PokerStars Hand #145568719581:  Hold'em Limit ($3/$6 USD) - 2015/12/19 3:12:57 ET
Table 'Kalchas II' 2-max Seat #1 is the button
Seat 1: MAGER911 ($80.22 in chips)
Seat 2: minigus575 ($215.42 in chips)
MAGER911: posts small blind $1
minigus575: posts big blind $3
*** HOLE CARDS ***
MAGER911: folds
Uncalled bet ($2) returned to minigus575
minigus575 collected $2 from pot
minigus575: doesn't show hand
*** SUMMARY ***
Total pot $2 | Rake $0
Seat 1: MAGER911 (button) (small blind) folded before Flop
Seat 2: minigus575 (big blind) collected ($2)


PokerStars Hand #145568718028:  Hold'em Limit ($3/$6 USD) - 2015/12/19 3:12:52 ET
Table 'Kalchas II' 2-max Seat #2 is the button
Seat 1: MAGER911 ($79.22 in chips)
Seat 2: minigus575 ($216.42 in chips)
minigus575: posts small blind $1
MAGER911: posts big blind $3
*** HOLE CARDS ***
minigus575: folds
Uncalled bet ($2) returned to MAGER911
MAGER911 collected $2 from pot
MAGER911: doesn't show hand
*** SUMMARY ***
Total pot $2 | Rake $0
Seat 1: MAGER911 (big blind) collected ($2)
Seat 2: minigus575 (button) (small blind) folded before Flop


PokerStars Hand #145568721086:  Hold'em Limit ($3/$6 USD) - 2015/12/19 3:13:01 ET
Table 'Kalchas II' 2-max Seat #2 is the button
Seat 1: MAGER911 ($79.22 in chips)
Seat 2: minigus575 ($216.42 in chips)
minigus575: posts small blind $1
MAGER911: posts big blind $3
*** HOLE CARDS ***
minigus575: raises $3 to $6
MAGER911: calls $3
*** FLOP *** [5c Ac 3s]
MAGER911: checks
minigus575: bets $3
MAGER911: folds
Uncalled bet ($3) returned to minigus575
minigus575 collected $11.76 from pot
minigus575: doesn't show hand
*** SUMMARY ***
Total pot $12 | Rake $0.24
Board [5c Ac 3s]
Seat 1: MAGER911 (big blind) folded on the Flop
Seat 2: minigus575 (button) (small blind) collected ($11.76)


PokerStars Hand #145568744154:  Hold'em Limit ($3/$6 USD) - 2015/12/19 3:14:07 ET
Table 'Kalchas II' 2-max Seat #2 is the button
Seat 1: MAGER911 ($80.64 in chips)
Seat 2: minigus575 ($213.94 in chips)
minigus575: posts small blind $1
MAGER911: posts big blind $3
*** HOLE CARDS ***
minigus575: folds
Uncalled bet ($2) returned to MAGER911
MAGER911 collected $2 from pot
MAGER911: doesn't show hand
*** SUMMARY ***
Total pot $2 | Rake $0
Seat 1: MAGER911 (big blind) collected ($2)
Seat 2: minigus575 (button) (small blind) folded before Flop


PokerStars Hand #145568739742:  Hold'em Limit ($3/$6 USD) - 2015/12/19 3:13:55 ET
Table 'Kalchas II' 2-max Seat #1 is the button
Seat 1: MAGER911 ($72 in chips)
Seat 2: minigus575 ($222.94 in chips)
MAGER911: posts small blind $1
minigus575: posts big blind $3
*** HOLE CARDS ***
MAGER911: raises $3 to $6
minigus575: calls $3
*** FLOP *** [Qc 7c Ah]
minigus575: checks
MAGER911: bets $3
minigus575: calls $3
*** TURN *** [Qc 7c Ah] [4h]
minigus575: checks
MAGER911: bets $6
minigus575: folds
Uncalled bet ($6) returned to MAGER911
MAGER911 collected $17.64 from pot
MAGER911: doesn't show hand
*** SUMMARY ***
Total pot $18 | Rake $0.36
Board [Qc 7c Ah 4h]
Seat 1: MAGER911 (button) (small blind) collected ($17.64)
Seat 2: minigus575 (big blind) folded on the Turn


PokerStars Hand #145568745741:  Hold'em Limit ($3/$6 USD) - 2015/12/19 3:14:12 ET
Table 'Kalchas II' 2-max Seat #1 is the button
Seat 1: MAGER911 ($81.64 in chips)
Seat 2: minigus575 ($212.94 in chips)
MAGER911: posts small blind $1
minigus575: posts big blind $3
*** HOLE CARDS ***
MAGER911: raises $3 to $6
minigus575: calls $3
*** FLOP *** [Ad Ah 2d]
minigus575: checks
MAGER911: bets $3
minigus575: calls $3
*** TURN *** [Ad Ah 2d] [8s]
minigus575: checks
MAGER911: bets $6
minigus575: calls $6
*** RIVER *** [Ad Ah 2d 8s] [4c]
minigus575: checks
MAGER911: checks
*** SHOW DOWN ***
minigus575: shows [Qd 7c] (a pair of Aces)
MAGER911: mucks hand
minigus575 collected $29.50 from pot
*** SUMMARY ***
Total pot $30 | Rake $0.50
Board [Ad Ah 2d 8s 4c]
Seat 1: MAGER911 (button) (small blind) mucked
Seat 2: minigus575 (big blind) showed [Qd 7c] and won ($29.50) with a pair of Aces


PokerStars Hand #145568731408:  Hold'em Limit ($3/$6 USD) - 2015/12/19 3:13:31 ET
Table 'Kalchas II' 2-max Seat #2 is the button
Seat 1: MAGER911 ($81.86 in chips)
Seat 2: minigus575 ($213.18 in chips)
minigus575: posts small blind $1
MAGER911: posts big blind $3
*** HOLE CARDS ***
minigus575: raises $3 to $6
MAGER911: calls $3
*** FLOP *** [Ad 2d Ah]
MAGER911: checks
minigus575: checks
*** TURN *** [Ad 2d Ah] [5h]
MAGER911: checks
minigus575: bets $6
MAGER911: folds
Uncalled bet ($6) returned to minigus575
minigus575 collected $11.76 from pot
minigus575: doesn't show hand
*** SUMMARY ***
Total pot $12 | Rake $0.24
Board [Ad 2d Ah 5h]
Seat 1: MAGER911 (big blind) folded on the Turn
Seat 2: minigus575 (button) (small blind) collected ($11.76)


PokerStars Hand #145568736775:  Hold'em Limit ($3/$6 USD) - 2015/12/19 3:13:46 ET
Table 'Kalchas II' 2-max Seat #2 is the button
Seat 1: MAGER911 ($74.86 in chips)
Seat 2: minigus575 ($219.94 in chips)
minigus575: posts small blind $1
MAGER911: posts big blind $3
*** HOLE CARDS ***
minigus575: raises $3 to $6
MAGER911: folds
Uncalled bet ($3) returned to minigus575
minigus575 collected $6 from pot
minigus575: doesn't show hand
*** SUMMARY ***
Total pot $6 | Rake $0
Seat 1: MAGER911 (big blind) folded before Flop
Seat 2: minigus575 (button) (small blind) collected ($6)


PokerStars Hand #145568735272:  Hold'em Limit ($3/$6 USD) - 2015/12/19 3:13:42 ET
Table 'Kalchas II' 2-max Seat #1 is the button
Seat 1: MAGER911 ($75.86 in chips)
Seat 2: minigus575 ($218.94 in chips)
MAGER911: posts small blind $1
minigus575: posts big blind $3
*** HOLE CARDS ***
MAGER911: folds
Uncalled bet ($2) returned to minigus575
minigus575 collected $2 from pot
minigus575: doesn't show hand
*** SUMMARY ***
Total pot $2 | Rake $0
Seat 1: MAGER911 (button) (small blind) folded before Flop
Seat 2: minigus575 (big blind) collected ($2)


PokerStars Hand #145568759780:  Hold'em Limit ($3/$6 USD) - 2015/12/19 3:14:53 ET
Table 'Kalchas II' 2-max Seat #2 is the button
Seat 1: MAGER911 ($83.64 in chips)
Seat 2: minigus575 ($215.44 in chips)
minigus575: posts small blind $1
MAGER911: posts big blind $3
*** HOLE CARDS ***
minigus575: raises $3 to $6
MAGER911: folds
Uncalled bet ($3) returned to minigus575
minigus575 collected $6 from pot
minigus575: doesn't show hand
*** SUMMARY ***
Total pot $6 | Rake $0
Seat 1: MAGER911 (big blind) folded before Flop
Seat 2: minigus575 (button) (small blind) collected ($6)


PokerStars Hand #145568761867:  Hold'em Limit ($3/$6 USD) - 2015/12/19 3:14:59 ET
Table 'Kalchas II' 2-max Seat #1 is the button
Seat 1: MAGER911 ($80.64 in chips)
Seat 2: minigus575 ($218.44 in chips)
MAGER911: posts small blind $1
minigus575: posts big blind $3
*** HOLE CARDS ***
MAGER911: raises $3 to $6
minigus575: calls $3
*** FLOP *** [9d 6d Kd]
minigus575: checks
MAGER911: bets $3
minigus575: calls $3
*** TURN *** [9d 6d Kd] [4h]
minigus575: checks
MAGER911: bets $6
minigus575: raises $6 to $12
MAGER911: calls $6
*** RIVER *** [9d 6d Kd 4h] [Ts]
minigus575: bets $6
MAGER911: calls $6
*** SHOW DOWN ***
minigus575: shows [Kh Qs] (a pair of Kings)
MAGER911: mucks hand
minigus575 collected $53.50 from pot
*** SUMMARY ***
Total pot $54 | Rake $0.50
Board [9d 6d Kd 4h Ts]
Seat 1: MAGER911 (button) (small blind) mucked
Seat 2: minigus575 (big blind) showed [Kh Qs] and won ($53.50) with a pair of Kings


PokerStars Hand #145568757868:  Hold'em Limit ($3/$6 USD) - 2015/12/19 3:14:47 ET
Table 'Kalchas II' 2-max Seat #1 is the button
Seat 1: MAGER911 ($80.64 in chips)
Seat 2: minigus575 ($218.44 in chips)
MAGER911: posts small blind $1
minigus575: posts big blind $3
*** HOLE CARDS ***
MAGER911: raises $3 to $6
minigus575: folds
Uncalled bet ($3) returned to MAGER911
MAGER911 collected $6 from pot
MAGER911: doesn't show hand
*** SUMMARY ***
Total pot $6 | Rake $0
Seat 1: MAGER911 (button) (small blind) collected ($6)
Seat 2: minigus575 (big blind) folded before Flop


PokerStars Hand #145568750826:  Hold'em Limit ($3/$6 USD) - 2015/12/19 3:14:27 ET
Table 'Kalchas II' 2-max Seat #2 is the button
Seat 1: MAGER911 ($72 in chips)
Seat 2: minigus575 ($227.44 in chips)
minigus575: posts small blind $1
MAGER911: posts big blind $3
*** HOLE CARDS ***
minigus575: raises $3 to $6
MAGER911: calls $3
*** FLOP *** [5c 8c Kc]
MAGER911: checks
minigus575: bets $3
MAGER911: calls $3
*** TURN *** [5c 8c Kc] [Tc]
MAGER911: bets $6
minigus575: folds
Uncalled bet ($6) returned to MAGER911
MAGER911 collected $17.64 from pot
MAGER911: doesn't show hand
*** SUMMARY ***
Total pot $18 | Rake $0.36
Board [5c 8c Kc Tc]
Seat 1: MAGER911 (big blind) collected ($17.64)
Seat 2: minigus575 (button) (small blind) folded on the Turn


PokerStars Hand #145568789540:  Hold'em Limit ($3/$6 USD) - 2015/12/19 3:16:18 ET
Table 'Kalchas II' 2-max Seat #1 is the button
Seat 1: MAGER911 ($72 in chips)
Seat 2: minigus575 ($273.19 in chips)
MAGER911: posts small blind $1
minigus575: posts big blind $3
*** HOLE CARDS ***
MAGER911: folds
Uncalled bet ($2) returned to minigus575
minigus575 collected $2 from pot
minigus575: doesn't show hand
*** SUMMARY ***
Total pot $2 | Rake $0
Seat 1: MAGER911 (button) (small blind) folded before Flop
Seat 2: minigus575 (big blind) collected ($2)


PokerStars Hand #145568775553:  Hold'em Limit ($3/$6 USD) - 2015/12/19 3:15:38 ET
Table 'Kalchas II' 2-max Seat #1 is the button
Seat 1: MAGER911 ($72 in chips)
Seat 2: minigus575 ($244.69 in chips)
MAGER911: posts small blind $1
minigus575: posts big blind $3
*** HOLE CARDS ***
MAGER911: folds
Uncalled bet ($2) returned to minigus575
minigus575 collected $2 from pot
minigus575: doesn't show hand
*** SUMMARY ***
Total pot $2 | Rake $0
Seat 1: MAGER911 (button) (small blind) folded before Flop
Seat 2: minigus575 (big blind) collected ($2)


PokerStars Hand #145568769205:  Hold'em Limit ($3/$6 USD) - 2015/12/19 3:15:19 ET
Table 'Kalchas II' 2-max Seat #2 is the button
Seat 1: MAGER911 ($72 in chips)
Seat 2: minigus575 ($244.94 in chips)
minigus575: posts small blind $1
MAGER911: posts big blind $3
*** HOLE CARDS ***
minigus575: raises $3 to $6
MAGER911: calls $3
*** FLOP *** [8s 7d 9c]
MAGER911: checks
minigus575: bets $3
MAGER911: raises $3 to $6
minigus575: calls $3
*** TURN *** [8s 7d 9c] [2d]
MAGER911: bets $6
minigus575: calls $6
*** RIVER *** [8s 7d 9c 2d] [Js]
MAGER911: bets $6
minigus575: raises $6 to $12
MAGER911: raises $6 to $18
minigus575: raises $6 to $24
Betting is capped
MAGER911: calls $6
*** SHOW DOWN ***
minigus575: shows [Ts 8h] (a straight, Seven to Jack)
MAGER911: shows [Th 7c] (a straight, Seven to Jack)
MAGER911 collected $41.75 from pot
minigus575 collected $41.75 from pot
*** SUMMARY ***
Total pot $84 | Rake $0.50
Board [8s 7d 9c 2d Js]
Seat 1: MAGER911 (big blind) showed [Th 7c] and won ($41.75) with a straight, Seven to Jack
Seat 2: minigus575 (button) (small blind) showed [Ts 8h] and won ($41.75) with a straight, Seven to Jack


PokerStars Hand #145568779178:  Hold'em Limit ($3/$6 USD) - 2015/12/19 3:15:48 ET
Table 'Kalchas II' 2-max Seat #1 is the button
Seat 1: MAGER911 ($72 in chips)
Seat 2: minigus575 ($248.69 in chips)
MAGER911: posts small blind $1
minigus575: posts big blind $3
*** HOLE CARDS ***
MAGER911: folds
Uncalled bet ($2) returned to minigus575
minigus575 collected $2 from pot
minigus575: doesn't show hand
*** SUMMARY ***
Total pot $2 | Rake $0
Seat 1: MAGER911 (button) (small blind) folded before Flop
Seat 2: minigus575 (big blind) collected ($2)


PokerStars Hand #145568776990:  Hold'em Limit ($3/$6 USD) - 2015/12/19 3:15:42 ET
Table 'Kalchas II' 2-max Seat #2 is the button
Seat 1: MAGER911 ($72 in chips)
Seat 2: minigus575 ($245.69 in chips)
minigus575: posts small blind $1
MAGER911: posts big blind $3
*** HOLE CARDS ***
minigus575: raises $3 to $6
MAGER911: folds
Uncalled bet ($3) returned to minigus575
minigus575 collected $6 from pot
minigus575: doesn't show hand
*** SUMMARY ***
Total pot $6 | Rake $0
Seat 1: MAGER911 (big blind) folded before Flop
Seat 2: minigus575 (button) (small blind) collected ($6)


PokerStars Hand #145568804069:  Hold'em Limit ($3/$6 USD) - 2015/12/19 3:17:00 ET
Table 'Kalchas II' 2-max Seat #2 is the button
Seat 1: MAGER911 ($82.50 in chips)
Seat 2: minigus575 ($262.83 in chips)
minigus575: posts small blind $1
MAGER911: posts big blind $3
*** HOLE CARDS ***
minigus575: raises $3 to $6
MAGER911: calls $3
*** FLOP *** [5c Ks 2h]
MAGER911: checks
minigus575: checks
*** TURN *** [5c Ks 2h] [Jd]
MAGER911: checks
minigus575: bets $6
MAGER911: folds
Uncalled bet ($6) returned to minigus575
minigus575 collected $11.76 from pot
minigus575: doesn't show hand
*** SUMMARY ***
Total pot $12 | Rake $0.24
Board [5c Ks 2h Jd]
Seat 1: MAGER911 (big blind) folded on the Turn
Seat 2: minigus575 (button) (small blind) collected ($11.76)


PokerStars Hand #145568802594:  Hold'em Limit ($3/$6 USD) - 2015/12/19 3:16:56 ET
Table 'Kalchas II' 2-max Seat #1 is the button
Seat 1: MAGER911 ($83.50 in chips)
Seat 2: minigus575 ($261.83 in chips)
MAGER911: posts small blind $1
minigus575: posts big blind $3
*** HOLE CARDS ***
MAGER911: folds
Uncalled bet ($2) returned to minigus575
minigus575 collected $2 from pot
minigus575: doesn't show hand
*** SUMMARY ***
Total pot $2 | Rake $0
Seat 1: MAGER911 (button) (small blind) folded before Flop
Seat 2: minigus575 (big blind) collected ($2)


PokerStars Hand #145568800194:  Hold'em Limit ($3/$6 USD) - 2015/12/19 3:16:49 ET
Table 'Kalchas II' 2-max Seat #2 is the button
Seat 1: MAGER911 ($86.50 in chips)
Seat 2: minigus575 ($258.83 in chips)
minigus575: posts small blind $1
MAGER911: posts big blind $3
*** HOLE CARDS ***
minigus575: raises $3 to $6
MAGER911: folds
Uncalled bet ($3) returned to minigus575
minigus575 collected $6 from pot
minigus575: doesn't show hand
*** SUMMARY ***
Total pot $6 | Rake $0
Seat 1: MAGER911 (big blind) folded before Flop
Seat 2: minigus575 (button) (small blind) collected ($6)


PokerStars Hand #145568796648:  Hold'em Limit ($3/$6 USD) - 2015/12/19 3:16:38 ET
Table 'Kalchas II' 2-max Seat #1 is the button
Seat 1: MAGER911 ($95.50 in chips)
Seat 2: minigus575 ($250.19 in chips)
MAGER911: posts small blind $1
minigus575: posts big blind $3
*** HOLE CARDS ***
MAGER911: raises $3 to $6
minigus575: raises $3 to $9
MAGER911: calls $3
*** FLOP *** [Qd 7d 7h]
minigus575: bets $3
MAGER911: folds
Uncalled bet ($3) returned to minigus575
minigus575 collected $17.64 from pot
minigus575: doesn't show hand
*** SUMMARY ***
Total pot $18 | Rake $0.36
Board [Qd 7d 7h]
Seat 1: MAGER911 (button) (small blind) folded on the Flop
Seat 2: minigus575 (big blind) collected ($17.64)


PokerStars Hand #145568790992:  Hold'em Limit ($3/$6 USD) - 2015/12/19 3:16:22 ET
Table 'Kalchas II' 2-max Seat #2 is the button
Seat 1: MAGER911 ($72 in chips)
Seat 2: minigus575 ($274.19 in chips)
minigus575: posts small blind $1
MAGER911: posts big blind $3
*** HOLE CARDS ***
minigus575: raises $3 to $6
MAGER911: calls $3
*** FLOP *** [3c 6c Kc]
MAGER911: checks
minigus575: checks
*** TURN *** [3c 6c Kc] [2h]
MAGER911: checks
minigus575: bets $6
MAGER911: raises $6 to $12
minigus575: calls $6
*** RIVER *** [3c 6c Kc 2h] [5s]
MAGER911: bets $6
minigus575: calls $6
*** SHOW DOWN ***
MAGER911: shows [Kd 7c] (a pair of Kings)
minigus575: mucks hand
MAGER911 collected $47.50 from pot
*** SUMMARY ***
Total pot $48 | Rake $0.50
Board [3c 6c Kc 2h 5s]
Seat 1: MAGER911 (big blind) showed [Kd 7c] and won ($47.50) with a pair of Kings
Seat 2: minigus575 (button) (small blind) mucked


PokerStars Hand #145568823918:  Hold'em Limit ($3/$6 USD) - 2015/12/19 3:17:56 ET
Table 'Kalchas II' 2-max Seat #1 is the button
Seat 1: MAGER911 ($80.64 in chips)
Seat 2: minigus575 ($277.09 in chips)
MAGER911: posts small blind $1
minigus575: posts big blind $3
*** HOLE CARDS ***
MAGER911: raises $3 to $6
minigus575: calls $3
*** FLOP *** [8h 2s 6c]
minigus575: checks
MAGER911: bets $3
minigus575: calls $3
*** TURN *** [8h 2s 6c] [2c]
minigus575: checks
MAGER911: bets $6
minigus575: calls $6
*** RIVER *** [8h 2s 6c 2c] [5d]
minigus575: checks
MAGER911: bets $6
minigus575: calls $6
*** SHOW DOWN ***
MAGER911: shows [8d Ad] (two pair, Eights and Deuces)
minigus575: mucks hand
MAGER911 collected $41.50 from pot
*** SUMMARY ***
Total pot $42 | Rake $0.50
Board [8h 2s 6c 2c 5d]
Seat 1: MAGER911 (button) (small blind) showed [8d Ad] and won ($41.50) with two pair, Eights and Deuces
Seat 2: minigus575 (big blind) mucked


PokerStars Hand #145568822371:  Hold'em Limit ($3/$6 USD) - 2015/12/19 3:17:52 ET
Table 'Kalchas II' 2-max Seat #2 is the button
Seat 1: MAGER911 ($79.64 in chips)
Seat 2: minigus575 ($278.09 in chips)
minigus575: posts small blind $1
MAGER911: posts big blind $3
*** HOLE CARDS ***
minigus575: folds
Uncalled bet ($2) returned to MAGER911
MAGER911 collected $2 from pot
MAGER911: doesn't show hand
*** SUMMARY ***
Total pot $2 | Rake $0
Seat 1: MAGER911 (big blind) collected ($2)
Seat 2: minigus575 (button) (small blind) folded before Flop


PokerStars Hand #145568820741:  Hold'em Limit ($3/$6 USD) - 2015/12/19 3:17:47 ET
Table 'Kalchas II' 2-max Seat #1 is the button
Seat 1: MAGER911 ($80.64 in chips)
Seat 2: minigus575 ($277.09 in chips)
MAGER911: posts small blind $1
minigus575: posts big blind $3
*** HOLE CARDS ***
MAGER911: folds
Uncalled bet ($2) returned to minigus575
minigus575 collected $2 from pot
minigus575: doesn't show hand
*** SUMMARY ***
Total pot $2 | Rake $0
Seat 1: MAGER911 (button) (small blind) folded before Flop
Seat 2: minigus575 (big blind) collected ($2)


PokerStars Hand #145568815553:  Hold'em Limit ($3/$6 USD) - 2015/12/19 3:17:33 ET
Table 'Kalchas II' 2-max Seat #2 is the button
Seat 1: MAGER911 ($72 in chips)
Seat 2: minigus575 ($286.09 in chips)
minigus575: posts small blind $1
MAGER911: posts big blind $3
*** HOLE CARDS ***
minigus575: raises $3 to $6
MAGER911: calls $3
*** FLOP *** [7h Kd 8d]
MAGER911: checks
minigus575: bets $3
MAGER911: calls $3
*** TURN *** [7h Kd 8d] [4c]
MAGER911: checks
minigus575: checks
*** RIVER *** [7h Kd 8d 4c] [5d]
MAGER911: bets $6
minigus575: folds
Uncalled bet ($6) returned to MAGER911
MAGER911 collected $17.64 from pot
MAGER911: doesn't show hand
*** SUMMARY ***
Total pot $18 | Rake $0.36
Board [7h Kd 8d 4c 5d]
Seat 1: MAGER911 (big blind) collected ($17.64)
Seat 2: minigus575 (button) (small blind) folded on the River


PokerStars Hand #145568808861:  Hold'em Limit ($3/$6 USD) - 2015/12/19 3:17:13 ET
Table 'Kalchas II' 2-max Seat #1 is the button
Seat 1: MAGER911 ($76.50 in chips)
Seat 2: minigus575 ($268.59 in chips)
MAGER911: posts small blind $1
minigus575: posts big blind $3
*** HOLE CARDS ***
MAGER911: raises $3 to $6
minigus575: calls $3
*** FLOP *** [3c 9c Js]
minigus575: checks
MAGER911: bets $3
minigus575: raises $3 to $6
MAGER911: calls $3
*** TURN *** [3c 9c Js] [5c]
minigus575: bets $6
MAGER911: calls $6
*** RIVER *** [3c 9c Js 5c] [6c]
minigus575: bets $6
MAGER911: folds
Uncalled bet ($6) returned to minigus575
minigus575 collected $35.50 from pot
minigus575: doesn't show hand
*** SUMMARY ***
Total pot $36 | Rake $0.50
Board [3c 9c Js 5c 6c]
Seat 1: MAGER911 (button) (small blind) folded on the River
Seat 2: minigus575 (big blind) collected ($35.50)


PokerStars Hand #145568850822:  Hold'em Limit ($3/$6 USD) - 2015/12/19 3:19:12 ET
Table 'Kalchas II' 2-max Seat #1 is the button
Seat 1: MAGER911 ($142.14 in chips)
Seat 2: minigus575 ($213.73 in chips)
MAGER911: posts small blind $1
minigus575: posts big blind $3
*** HOLE CARDS ***
MAGER911: folds
Uncalled bet ($2) returned to minigus575
minigus575 collected $2 from pot
minigus575: doesn't show hand
*** SUMMARY ***
Total pot $2 | Rake $0
Seat 1: MAGER911 (button) (small blind) folded before Flop
Seat 2: minigus575 (big blind) collected ($2)


PokerStars Hand #145568843129:  Hold'em Limit ($3/$6 USD) - 2015/12/19 3:18:50 ET
Table 'Kalchas II' 2-max Seat #2 is the button
Seat 1: MAGER911 ($106.64 in chips)
Seat 2: minigus575 ($249.73 in chips)
minigus575: posts small blind $1
MAGER911: posts big blind $3
*** HOLE CARDS ***
minigus575: raises $3 to $6
MAGER911: calls $3
*** FLOP *** [8s 9c 3h]
MAGER911: checks
minigus575: bets $3
MAGER911: raises $3 to $6
minigus575: calls $3
*** TURN *** [8s 9c 3h] [7h]
MAGER911: bets $6
minigus575: calls $6
*** RIVER *** [8s 9c 3h 7h] [3c]
MAGER911: bets $6
minigus575: raises $6 to $12
MAGER911: raises $6 to $18
minigus575: calls $6
*** SHOW DOWN ***
MAGER911: shows [8d 3d] (a full house, Threes full of Eights)
minigus575: mucks hand
MAGER911 collected $71.50 from pot
*** SUMMARY ***
Total pot $72 | Rake $0.50
Board [8s 9c 3h 7h 3c]
Seat 1: MAGER911 (big blind) showed [8d 3d] and won ($71.50) with a full house, Threes full of Eights
Seat 2: minigus575 (button) (small blind) mucked


PokerStars Hand #145568835719:  Hold'em Limit ($3/$6 USD) - 2015/12/19 3:18:29 ET
Table 'Kalchas II' 2-max Seat #1 is the button
Seat 1: MAGER911 ($92.14 in chips)
Seat 2: minigus575 ($264.73 in chips)
MAGER911: posts small blind $1
minigus575: posts big blind $3
*** HOLE CARDS ***
MAGER911: raises $3 to $6
minigus575: calls $3
*** FLOP *** [8d 2d 9h]
minigus575: checks
MAGER911: bets $3
minigus575: calls $3
*** TURN *** [8d 2d 9h] [Ah]
minigus575: checks
MAGER911: bets $6
minigus575: calls $6
*** RIVER *** [8d 2d 9h Ah] [As]
minigus575: checks
MAGER911: checks
*** SHOW DOWN ***
minigus575: shows [Jc Qs] (a pair of Aces)
MAGER911: shows [5s Kc] (a pair of Aces - King kicker)
MAGER911 collected $29.50 from pot
*** SUMMARY ***
Total pot $30 | Rake $0.50
Board [8d 2d 9h Ah As]
Seat 1: MAGER911 (button) (small blind) showed [5s Kc] and won ($29.50) with a pair of Aces
Seat 2: minigus575 (big blind) showed [Jc Qs] and lost with a pair of Aces


PokerStars Hand #145568853012:  Hold'em Limit ($3/$6 USD) - 2015/12/19 3:19:18 ET
Table 'Kalchas II' 2-max Seat #2 is the button
Seat 1: MAGER911 ($141.14 in chips)
Seat 2: minigus575 ($214.73 in chips)
minigus575: posts small blind $1
MAGER911: posts big blind $3
*** HOLE CARDS ***
minigus575: raises $3 to $6
MAGER911: raises $3 to $9
minigus575: calls $3
*** FLOP *** [9d 5c 7c]
MAGER911: bets $3
minigus575: calls $3
*** TURN *** [9d 5c 7c] [Ac]
MAGER911: bets $6
minigus575: folds
Uncalled bet ($6) returned to MAGER911
MAGER911 collected $23.52 from pot
MAGER911: doesn't show hand
*** SUMMARY ***
Total pot $24 | Rake $0.48
Board [9d 5c 7c Ac]
Seat 1: MAGER911 (big blind) collected ($23.52)
Seat 2: minigus575 (button) (small blind) folded on the Turn


PokerStars Hand #145568870069:  Hold'em Limit ($3/$6 USD) - 2015/12/19 3:20:06 ET
Table 'Kalchas II' 2-max Seat #2 is the button
Seat 1: MAGER911 ($173.92 in chips)
Seat 2: minigus575 ($180.73 in chips)
minigus575: posts small blind $1
MAGER911: posts big blind $3
*** HOLE CARDS ***
minigus575: raises $3 to $6
MAGER911: calls $3
*** FLOP *** [5h Qc 4h]
MAGER911: checks
minigus575: bets $3
MAGER911: calls $3
*** TURN *** [5h Qc 4h] [8s]
MAGER911: checks
minigus575: checks
*** RIVER *** [5h Qc 4h 8s] [3c]
MAGER911: bets $6
minigus575: folds
Uncalled bet ($6) returned to MAGER911
MAGER911 collected $17.64 from pot
MAGER911: doesn't show hand
*** SUMMARY ***
Total pot $18 | Rake $0.36
Board [5h Qc 4h 8s 3c]
Seat 1: MAGER911 (big blind) collected ($17.64)
Seat 2: minigus575 (button) (small blind) folded on the River


PokerStars Hand #145568866766:  Hold'em Limit ($3/$6 USD) - 2015/12/19 3:19:56 ET
Table 'Kalchas II' 2-max Seat #1 is the button
Seat 1: MAGER911 ($168.16 in chips)
Seat 2: minigus575 ($186.73 in chips)
MAGER911: posts small blind $1
minigus575: posts big blind $3
*** HOLE CARDS ***
MAGER911: raises $3 to $6
minigus575: calls $3
*** FLOP *** [Ah As 8s]
minigus575: checks
MAGER911: bets $3
minigus575: folds
Uncalled bet ($3) returned to MAGER911
MAGER911 collected $11.76 from pot
MAGER911: doesn't show hand
*** SUMMARY ***
Total pot $12 | Rake $0.24
Board [Ah As 8s]
Seat 1: MAGER911 (button) (small blind) collected ($11.76)
Seat 2: minigus575 (big blind) folded on the Flop


PokerStars Hand #145568864832:  Hold'em Limit ($3/$6 USD) - 2015/12/19 3:19:51 ET
Table 'Kalchas II' 2-max Seat #2 is the button
Seat 1: MAGER911 ($167.16 in chips)
Seat 2: minigus575 ($187.73 in chips)
minigus575: posts small blind $1
MAGER911: posts big blind $3
*** HOLE CARDS ***
minigus575: folds
Uncalled bet ($2) returned to MAGER911
MAGER911 collected $2 from pot
MAGER911: doesn't show hand
*** SUMMARY ***
Total pot $2 | Rake $0
Seat 1: MAGER911 (big blind) collected ($2)
Seat 2: minigus575 (button) (small blind) folded before Flop


PokerStars Hand #145568859433:  Hold'em Limit ($3/$6 USD) - 2015/12/19 3:19:36 ET
Table 'Kalchas II' 2-max Seat #1 is the button
Seat 1: MAGER911 ($152.66 in chips)
Seat 2: minigus575 ($202.73 in chips)
MAGER911: posts small blind $1
minigus575: posts big blind $3
*** HOLE CARDS ***
MAGER911: raises $3 to $6
minigus575: calls $3
*** FLOP *** [2s 7s 4c]
minigus575: checks
MAGER911: bets $3
minigus575: calls $3
*** TURN *** [2s 7s 4c] [Tc]
minigus575: checks
MAGER911: bets $6
minigus575: calls $6
*** RIVER *** [2s 7s 4c Tc] [Qc]
minigus575: checks
MAGER911: checks
*** SHOW DOWN ***
minigus575: shows [8h 4h] (a pair of Fours)
MAGER911: shows [Jc 7h] (a pair of Sevens)
MAGER911 collected $29.50 from pot
*** SUMMARY ***
Total pot $30 | Rake $0.50
Board [2s 7s 4c Tc Qc]
Seat 1: MAGER911 (button) (small blind) showed [Jc 7h] and won ($29.50) with a pair of Sevens
Seat 2: minigus575 (big blind) showed [8h 4h] and lost with a pair of Fours


PokerStars Hand #145568888565:  Hold'em Limit ($3/$6 USD) - 2015/12/19 3:20:58 ET
Table 'Kalchas II' 2-max Seat #2 is the button
Seat 1: MAGER911 ($148.56 in chips)
Seat 2: minigus575 ($204.87 in chips)
minigus575: posts small blind $1
MAGER911: posts big blind $3
*** HOLE CARDS ***
minigus575: raises $3 to $6
MAGER911: raises $3 to $9
minigus575: calls $3
*** FLOP *** [5h 3c Kc]
MAGER911: bets $3
minigus575: raises $3 to $6
MAGER911: calls $3
*** TURN *** [5h 3c Kc] [As]
MAGER911: checks
minigus575: bets $6
MAGER911: raises $6 to $12
minigus575: calls $6
*** RIVER *** [5h 3c Kc As] [9d]
MAGER911: bets $6
minigus575: calls $6
*** SHOW DOWN ***
MAGER911: shows [Jd Qs] (high card Ace)
minigus575: shows [4h Ad] (a pair of Aces)
minigus575 collected $65.50 from pot
*** SUMMARY ***
Total pot $66 | Rake $0.50
Board [5h 3c Kc As 9d]
Seat 1: MAGER911 (big blind) showed [Jd Qs] and lost with high card Ace
Seat 2: minigus575 (button) (small blind) showed [4h Ad] and won ($65.50) with a pair of Aces


PokerStars Hand #145568883018:  Hold'em Limit ($3/$6 USD) - 2015/12/19 3:20:42 ET
Table 'Kalchas II' 2-max Seat #1 is the button
Seat 1: MAGER911 ($172.56 in chips)
Seat 2: minigus575 ($181.37 in chips)
MAGER911: posts small blind $1
minigus575: posts big blind $3
*** HOLE CARDS ***
MAGER911: raises $3 to $6
minigus575: raises $3 to $9
MAGER911: calls $3
*** FLOP *** [Th 7c 9s]
minigus575: bets $3
MAGER911: calls $3
*** TURN *** [Th 7c 9s] [2h]
minigus575: bets $6
MAGER911: calls $6
*** RIVER *** [Th 7c 9s 2h] [Ah]
minigus575: bets $6
MAGER911: calls $6
*** SHOW DOWN ***
minigus575: shows [7d 6d] (a pair of Sevens)
MAGER911: mucks hand
minigus575 collected $47.50 from pot
*** SUMMARY ***
Total pot $48 | Rake $0.50
Board [Th 7c 9s 2h Ah]
Seat 1: MAGER911 (button) (small blind) mucked
Seat 2: minigus575 (big blind) showed [7d 6d] and won ($47.50) with a pair of Sevens


PokerStars Hand #145568875411:  Hold'em Limit ($3/$6 USD) - 2015/12/19 3:20:21 ET
Table 'Kalchas II' 2-max Seat #1 is the button
Seat 1: MAGER911 ($182.56 in chips)
Seat 2: minigus575 ($171.73 in chips)
MAGER911: posts small blind $1
minigus575: posts big blind $3
*** HOLE CARDS ***
MAGER911: folds
Uncalled bet ($2) returned to minigus575
minigus575 collected $2 from pot
minigus575: doesn't show hand
*** SUMMARY ***
Total pot $2 | Rake $0
Seat 1: MAGER911 (button) (small blind) folded before Flop
Seat 2: minigus575 (big blind) collected ($2)


PokerStars Hand #145568878246:  Hold'em Limit ($3/$6 USD) - 2015/12/19 3:20:29 ET
Table 'Kalchas II' 2-max Seat #2 is the button
Seat 1: MAGER911 ($181.56 in chips)
Seat 2: minigus575 ($172.73 in chips)
minigus575: posts small blind $1
MAGER911: posts big blind $3
*** HOLE CARDS ***
minigus575: raises $3 to $6
MAGER911: calls $3
*** FLOP *** [Qc 6h 9s]
MAGER911: checks
minigus575: bets $3
MAGER911: calls $3
*** TURN *** [Qc 6h 9s] [3h]
MAGER911: checks
minigus575: bets $6
MAGER911: folds
Uncalled bet ($6) returned to minigus575
minigus575 collected $17.64 from pot
minigus575: doesn't show hand
*** SUMMARY ***
Total pot $18 | Rake $0.36
Board [Qc 6h 9s 3h]
Seat 1: MAGER911 (big blind) folded on the Turn
Seat 2: minigus575 (button) (small blind) collected ($17.64)


PokerStars Hand #145568911946:  Hold'em Limit ($3/$6 USD) - 2015/12/19 3:22:04 ET
Table 'Kalchas II' 2-max Seat #1 is the button
Seat 1: MAGER911 ($133.06 in chips)
Seat 2: minigus575 ($219.01 in chips)
MAGER911: posts small blind $1
minigus575: posts big blind $3
*** HOLE CARDS ***
MAGER911: folds
Uncalled bet ($2) returned to minigus575
minigus575 collected $2 from pot
minigus575: doesn't show hand
*** SUMMARY ***
Total pot $2 | Rake $0
Seat 1: MAGER911 (button) (small blind) folded before Flop
Seat 2: minigus575 (big blind) collected ($2)


PokerStars Hand #145568906669:  Hold'em Limit ($3/$6 USD) - 2015/12/19 3:21:50 ET
Table 'Kalchas II' 2-max Seat #2 is the button
Seat 1: MAGER911 ($142.06 in chips)
Seat 2: minigus575 ($210.37 in chips)
minigus575: posts small blind $1
MAGER911: posts big blind $3
*** HOLE CARDS ***
minigus575: raises $3 to $6
MAGER911: calls $3
*** FLOP *** [8s 5d Qc]
MAGER911: checks
minigus575: bets $3
MAGER911: calls $3
*** TURN *** [8s 5d Qc] [2c]
MAGER911: checks
minigus575: bets $6
MAGER911: folds
Uncalled bet ($6) returned to minigus575
minigus575 collected $17.64 from pot
minigus575: doesn't show hand
*** SUMMARY ***
Total pot $18 | Rake $0.36
Board [8s 5d Qc 2c]
Seat 1: MAGER911 (big blind) folded on the Turn
Seat 2: minigus575 (button) (small blind) collected ($17.64)


PokerStars Hand #145568897297:  Hold'em Limit ($3/$6 USD) - 2015/12/19 3:21:23 ET
Table 'Kalchas II' 2-max Seat #1 is the button
Seat 1: MAGER911 ($115.56 in chips)
Seat 2: minigus575 ($237.37 in chips)
MAGER911: posts small blind $1
minigus575: posts big blind $3
*** HOLE CARDS ***
MAGER911: raises $3 to $6
minigus575: raises $3 to $9
MAGER911: raises $3 to $12
Betting is capped
minigus575: calls $3
*** FLOP *** [8d Qd 8c]
minigus575: checks
MAGER911: bets $3
minigus575: calls $3
*** TURN *** [8d Qd 8c] [Qc]
minigus575: checks
MAGER911: bets $6
minigus575: calls $6
*** RIVER *** [8d Qd 8c Qc] [3d]
minigus575: checks
MAGER911: bets $6
minigus575: calls $6
*** SHOW DOWN ***
MAGER911: shows [Qs Ac] (a full house, Queens full of Eights)
minigus575: mucks hand
MAGER911 collected $53.50 from pot
*** SUMMARY ***
Total pot $54 | Rake $0.50
Board [8d Qd 8c Qc 3d]
Seat 1: MAGER911 (button) (small blind) showed [Qs Ac] and won ($53.50) with a full house, Queens full of Eights
Seat 2: minigus575 (big blind) mucked


PokerStars Hand #145568937925:  Hold'em Limit ($3/$6 USD) - 2015/12/19 3:23:18 ET
Table 'Kalchas II' 2-max Seat #1 is the button
Seat 1: MAGER911 ($72 in chips)
Seat 2: minigus575 ($281.65 in chips)
MAGER911: posts small blind $1
minigus575: posts big blind $3
*** HOLE CARDS ***
MAGER911: folds
Uncalled bet ($2) returned to minigus575
minigus575 collected $2 from pot
minigus575: doesn't show hand
*** SUMMARY ***
Total pot $2 | Rake $0
Seat 1: MAGER911 (button) (small blind) folded before Flop
Seat 2: minigus575 (big blind) collected ($2)


PokerStars Hand #145568931687:  Hold'em Limit ($3/$6 USD) - 2015/12/19 3:23:01 ET
Table 'Kalchas II' 2-max Seat #2 is the button
Seat 1: MAGER911 ($78.06 in chips)
Seat 2: minigus575 ($273.01 in chips)
minigus575: posts small blind $1
MAGER911: posts big blind $3
*** HOLE CARDS ***
minigus575: raises $3 to $6
MAGER911: calls $3
*** FLOP *** [Jc 2c 4d]
MAGER911: checks
minigus575: bets $3
MAGER911: calls $3
*** TURN *** [Jc 2c 4d] [5d]
MAGER911: checks
minigus575: bets $6
MAGER911: folds
Uncalled bet ($6) returned to minigus575
minigus575 collected $17.64 from pot
minigus575: doesn't show hand
*** SUMMARY ***
Total pot $18 | Rake $0.36
Board [Jc 2c 4d 5d]
Seat 1: MAGER911 (big blind) folded on the Turn
Seat 2: minigus575 (button) (small blind) collected ($17.64)


PokerStars Hand #145568923510:  Hold'em Limit ($3/$6 USD) - 2015/12/19 3:22:38 ET
Table 'Kalchas II' 2-max Seat #1 is the button
Seat 1: MAGER911 ($102.06 in chips)
Seat 2: minigus575 ($249.51 in chips)
MAGER911: posts small blind $1
minigus575: posts big blind $3
*** HOLE CARDS ***
MAGER911: raises $3 to $6
minigus575: raises $3 to $9
MAGER911: calls $3
*** FLOP *** [5h 8h 8c]
minigus575: bets $3
MAGER911: calls $3
*** TURN *** [5h 8h 8c] [7d]
minigus575: bets $6
MAGER911: calls $6
*** RIVER *** [5h 8h 8c 7d] [4c]
minigus575: bets $6
MAGER911: calls $6
*** SHOW DOWN ***
minigus575: shows [6c 4s] (a straight, Four to Eight)
MAGER911: mucks hand
minigus575 collected $47.50 from pot
*** SUMMARY ***
Total pot $48 | Rake $0.50
Board [5h 8h 8c 7d 4c]
Seat 1: MAGER911 (button) (small blind) mucked
Seat 2: minigus575 (big blind) showed [6c 4s] and won ($47.50) with a straight, Four to Eight


PokerStars Hand #145568914778:  Hold'em Limit ($3/$6 USD) - 2015/12/19 3:22:12 ET
Table 'Kalchas II' 2-max Seat #2 is the button
Seat 1: MAGER911 ($132.06 in chips)
Seat 2: minigus575 ($220.01 in chips)
minigus575: posts small blind $1
MAGER911: posts big blind $3
*** HOLE CARDS ***
minigus575: raises $3 to $6
MAGER911: calls $3
*** FLOP *** [8s 7d Kd]
MAGER911: checks
minigus575: bets $3
MAGER911: raises $3 to $6
minigus575: raises $3 to $9
MAGER911: raises $3 to $12
Betting is capped
minigus575: calls $3
*** TURN *** [8s 7d Kd] [6s]
MAGER911: checks
minigus575: checks
*** RIVER *** [8s 7d Kd 6s] [4d]
MAGER911: bets $6
minigus575: raises $6 to $12
MAGER911: calls $6
*** SHOW DOWN ***
minigus575: shows [Qd 8d] (a flush, King high)
MAGER911: mucks hand
minigus575 collected $59.50 from pot
*** SUMMARY ***
Total pot $60 | Rake $0.50
Board [8s 7d Kd 6s 4d]
Seat 1: MAGER911 (big blind) mucked
Seat 2: minigus575 (button) (small blind) showed [Qd 8d] and won ($59.50) with a flush, King high


PokerStars Hand #145568960625:  Hold'em Limit ($3/$6 USD) - 2015/12/19 3:24:22 ET
Table 'Kalchas II' 2-max Seat #1 is the button
Seat 1: MAGER911 ($72.14 in chips)
Seat 2: minigus575 ($281.15 in chips)
MAGER911: posts small blind $1
minigus575: posts big blind $3
*** HOLE CARDS ***
MAGER911: folds
Uncalled bet ($2) returned to minigus575
minigus575 collected $2 from pot
minigus575: doesn't show hand
*** SUMMARY ***
Total pot $2 | Rake $0
Seat 1: MAGER911 (button) (small blind) folded before Flop
Seat 2: minigus575 (big blind) collected ($2)


PokerStars Hand #145568954356:  Hold'em Limit ($3/$6 USD) - 2015/12/19 3:24:04 ET
Table 'Kalchas II' 2-max Seat #2 is the button
Seat 1: MAGER911 ($102.14 in chips)
Seat 2: minigus575 ($251.65 in chips)
minigus575: posts small blind $1
MAGER911: posts big blind $3
*** HOLE CARDS ***
minigus575: raises $3 to $6
MAGER911: calls $3
*** FLOP *** [2d Kc Jd]
MAGER911: checks
minigus575: bets $3
MAGER911: raises $3 to $6
minigus575: calls $3
*** TURN *** [2d Kc Jd] [7h]
MAGER911: bets $6
minigus575: calls $6
*** RIVER *** [2d Kc Jd 7h] [Qd]
MAGER911: bets $6
minigus575: raises $6 to $12
MAGER911: calls $6
*** SHOW DOWN ***
minigus575: shows [9d 8d] (a flush, Queen high)
MAGER911: mucks hand
minigus575 collected $59.50 from pot
*** SUMMARY ***
Total pot $60 | Rake $0.50
Board [2d Kc Jd 7h Qd]
Seat 1: MAGER911 (big blind) mucked
Seat 2: minigus575 (button) (small blind) showed [9d 8d] and won ($59.50) with a flush, Queen high


PokerStars Hand #145568952066:  Hold'em Limit ($3/$6 USD) - 2015/12/19 3:23:58 ET
Table 'Kalchas II' 2-max Seat #1 is the button
Seat 1: MAGER911 ($103.14 in chips)
Seat 2: minigus575 ($250.65 in chips)
MAGER911: posts small blind $1
minigus575: posts big blind $3
*** HOLE CARDS ***
MAGER911: folds
Uncalled bet ($2) returned to minigus575
minigus575 collected $2 from pot
minigus575: doesn't show hand
*** SUMMARY ***
Total pot $2 | Rake $0
Seat 1: MAGER911 (button) (small blind) folded before Flop
Seat 2: minigus575 (big blind) collected ($2)


PokerStars Hand #145568943169:  Hold'em Limit ($3/$6 USD) - 2015/12/19 3:23:33 ET
Table 'Kalchas II' 2-max Seat #1 is the button
Seat 1: MAGER911 ($80.64 in chips)
Seat 2: minigus575 ($273.65 in chips)
MAGER911: posts small blind $1
minigus575: posts big blind $3
*** HOLE CARDS ***
MAGER911: folds
Uncalled bet ($2) returned to minigus575
minigus575 collected $2 from pot
minigus575: doesn't show hand
*** SUMMARY ***
Total pot $2 | Rake $0
Seat 1: MAGER911 (button) (small blind) folded before Flop
Seat 2: minigus575 (big blind) collected ($2)


PokerStars Hand #145568939545:  Hold'em Limit ($3/$6 USD) - 2015/12/19 3:23:23 ET
Table 'Kalchas II' 2-max Seat #2 is the button
Seat 1: MAGER911 ($72 in chips)
Seat 2: minigus575 ($282.65 in chips)
minigus575: posts small blind $1
MAGER911: posts big blind $3
*** HOLE CARDS ***
minigus575: raises $3 to $6
MAGER911: calls $3
*** FLOP *** [4c 8h Ac]
MAGER911: checks
minigus575: bets $3
MAGER911: raises $3 to $6
minigus575: folds
Uncalled bet ($3) returned to MAGER911
MAGER911 collected $17.64 from pot
MAGER911: doesn't show hand
*** SUMMARY ***
Total pot $18 | Rake $0.36
Board [4c 8h Ac]
Seat 1: MAGER911 (big blind) collected ($17.64)
Seat 2: minigus575 (button) (small blind) folded on the Flop


PokerStars Hand #145568944703:  Hold'em Limit ($3/$6 USD) - 2015/12/19 3:23:37 ET
Table 'Kalchas II' 2-max Seat #2 is the button
Seat 1: MAGER911 ($79.64 in chips)
Seat 2: minigus575 ($274.65 in chips)
minigus575: posts small blind $1
MAGER911: posts big blind $3
*** HOLE CARDS ***
minigus575: raises $3 to $6
MAGER911: raises $3 to $9
minigus575: calls $3
*** FLOP *** [3h Jc 7h]
MAGER911: bets $3
minigus575: calls $3
*** TURN *** [3h Jc 7h] [Kc]
MAGER911: bets $6
minigus575: calls $6
*** RIVER *** [3h Jc 7h Kc] [5d]
MAGER911: bets $6
minigus575: calls $6
*** SHOW DOWN ***
MAGER911: shows [Js Th] (a pair of Jacks)
minigus575: mucks hand
MAGER911 collected $47.50 from pot
*** SUMMARY ***
Total pot $48 | Rake $0.50
Board [3h Jc 7h Kc 5d]
Seat 1: MAGER911 (big blind) showed [Js Th] and won ($47.50) with a pair of Jacks
Seat 2: minigus575 (button) (small blind) mucked


PokerStars Hand #145568979798:  Hold'em Limit ($3/$6 USD) - 2015/12/19 3:25:14 ET
Table 'Kalchas II' 2-max Seat #1 is the button
Seat 1: MAGER911 ($80.64 in chips)
Seat 2: minigus575 ($297.65 in chips)
MAGER911: posts small blind $1
minigus575: posts big blind $3
*** HOLE CARDS ***
MAGER911: folds
Uncalled bet ($2) returned to minigus575
minigus575 collected $2 from pot
minigus575: doesn't show hand
*** SUMMARY ***
Total pot $2 | Rake $0
Seat 1: MAGER911 (button) (small blind) folded before Flop
Seat 2: minigus575 (big blind) collected ($2)


PokerStars Hand #145568974407:  Hold'em Limit ($3/$6 USD) - 2015/12/19 3:25:00 ET
Table 'Kalchas II' 2-max Seat #2 is the button
Seat 1: MAGER911 ($72 in chips)
Seat 2: minigus575 ($306.65 in chips)
minigus575: posts small blind $1
MAGER911: posts big blind $3
*** HOLE CARDS ***
minigus575: raises $3 to $6
MAGER911: raises $3 to $9
minigus575: calls $3
*** FLOP *** [Ah Tc Jc]
MAGER911: bets $3
minigus575: folds
Uncalled bet ($3) returned to MAGER911
MAGER911 collected $17.64 from pot
MAGER911: doesn't show hand
*** SUMMARY ***
Total pot $18 | Rake $0.36
Board [Ah Tc Jc]
Seat 1: MAGER911 (big blind) collected ($17.64)
Seat 2: minigus575 (button) (small blind) folded on the Flop


PokerStars Hand #145568972768:  Hold'em Limit ($3/$6 USD) - 2015/12/19 3:24:55 ET
Table 'Kalchas II' 2-max Seat #1 is the button
Seat 1: MAGER911 ($72 in chips)
Seat 2: minigus575 ($305.65 in chips)
MAGER911: posts small blind $1
minigus575: posts big blind $3
*** HOLE CARDS ***
MAGER911: folds
Uncalled bet ($2) returned to minigus575
minigus575 collected $2 from pot
minigus575: doesn't show hand
*** SUMMARY ***
Total pot $2 | Rake $0
Seat 1: MAGER911 (button) (small blind) folded before Flop
Seat 2: minigus575 (big blind) collected ($2)


PokerStars Hand #145568962293:  Hold'em Limit ($3/$6 USD) - 2015/12/19 3:24:26 ET
Table 'Kalchas II' 2-max Seat #2 is the button
Seat 1: MAGER911 ($72 in chips)
Seat 2: minigus575 ($282.15 in chips)
minigus575: posts small blind $1
MAGER911: posts big blind $3
*** HOLE CARDS ***
minigus575: raises $3 to $6
MAGER911: raises $3 to $9
minigus575: calls $3
*** FLOP *** [5s Qc Ah]
MAGER911: bets $3
minigus575: raises $3 to $6
MAGER911: raises $3 to $9
minigus575: calls $3
*** TURN *** [5s Qc Ah] [9s]
MAGER911: bets $6
minigus575: raises $6 to $12
MAGER911: folds
Uncalled bet ($6) returned to minigus575
minigus575 collected $47.50 from pot
minigus575: doesn't show hand
*** SUMMARY ***
Total pot $48 | Rake $0.50
Board [5s Qc Ah 9s]
Seat 1: MAGER911 (big blind) folded on the Turn
Seat 2: minigus575 (button) (small blind) collected ($47.50)


PokerStars Hand #145568998416:  Hold'em Limit ($3/$6 USD) - 2015/12/19 3:26:06 ET
Table 'Kalchas II' 2-max Seat #1 is the button
Seat 1: MAGER911 ($72 in chips)
Seat 2: minigus575 ($324.91 in chips)
MAGER911: posts small blind $1
minigus575: posts big blind $3
*** HOLE CARDS ***
MAGER911: raises $3 to $6
minigus575: calls $3
*** FLOP *** [Ac 5c Kh]
minigus575: checks
MAGER911: bets $3
minigus575: raises $3 to $6
MAGER911: raises $3 to $9
minigus575: calls $3
*** TURN *** [Ac 5c Kh] [5h]
minigus575: checks
MAGER911: bets $6
minigus575: raises $6 to $12
MAGER911: folds
Uncalled bet ($6) returned to minigus575
minigus575 collected $41.50 from pot
minigus575: doesn't show hand
*** SUMMARY ***
Total pot $42 | Rake $0.50
Board [Ac 5c Kh 5h]
Seat 1: MAGER911 (button) (small blind) folded on the Turn
Seat 2: minigus575 (big blind) collected ($41.50)


PokerStars Hand #145568990327:  Hold'em Limit ($3/$6 USD) - 2015/12/19 3:25:44 ET
Table 'Kalchas II' 2-max Seat #2 is the button
Seat 1: MAGER911 ($82.28 in chips)
Seat 2: minigus575 ($295.41 in chips)
minigus575: posts small blind $1
MAGER911: posts big blind $3
*** HOLE CARDS ***
minigus575: raises $3 to $6
MAGER911: raises $3 to $9
minigus575: calls $3
*** FLOP *** [Ac 7d 9c]
MAGER911: bets $3
minigus575: calls $3
*** TURN *** [Ac 7d 9c] [4d]
MAGER911: bets $6
minigus575: calls $6
*** RIVER *** [Ac 7d 9c 4d] [5d]
MAGER911: bets $6
minigus575: raises $6 to $12
MAGER911: calls $6
*** SHOW DOWN ***
minigus575: shows [6d 8c] (a straight, Five to Nine)
MAGER911: mucks hand
minigus575 collected $59.50 from pot
*** SUMMARY ***
Total pot $60 | Rake $0.50
Board [Ac 7d 9c 4d 5d]
Seat 1: MAGER911 (big blind) mucked
Seat 2: minigus575 (button) (small blind) showed [6d 8c] and won ($59.50) with a straight, Five to Nine


PokerStars Hand #145568985083:  Hold'em Limit ($3/$6 USD) - 2015/12/19 3:25:29 ET
Table 'Kalchas II' 2-max Seat #1 is the button
Seat 1: MAGER911 ($73.64 in chips)
Seat 2: minigus575 ($304.41 in chips)
MAGER911: posts small blind $1
minigus575: posts big blind $3
*** HOLE CARDS ***
MAGER911: raises $3 to $6
minigus575: calls $3
*** FLOP *** [5s 3h Td]
minigus575: checks
MAGER911: bets $3
minigus575: calls $3
*** TURN *** [5s 3h Td] [Qc]
minigus575: checks
MAGER911: checks
*** RIVER *** [5s 3h Td Qc] [2c]
minigus575: checks
MAGER911: checks
*** SHOW DOWN ***
minigus575: shows [Kh 7s] (high card King)
MAGER911: shows [6c Ad] (high card Ace)
MAGER911 collected $17.64 from pot
*** SUMMARY ***
Total pot $18 | Rake $0.36
Board [5s 3h Td Qc 2c]
Seat 1: MAGER911 (button) (small blind) showed [6c Ad] and won ($17.64) with high card Ace
Seat 2: minigus575 (big blind) showed [Kh 7s] and lost with high card King


PokerStars Hand #145569010332:  Hold'em Limit ($3/$6 USD) - 2015/12/19 3:26:38 ET
Table 'Kalchas II' 2-max Seat #1 is the button
Seat 1: MAGER911 ($72 in chips)
Seat 2: minigus575 ($362.91 in chips)
MAGER911: posts small blind $1
minigus575: posts big blind $3
*** HOLE CARDS ***
MAGER911: raises $3 to $6
minigus575: calls $3
*** FLOP *** [8c Ad Qd]
minigus575: checks
MAGER911: bets $3
minigus575: folds
Uncalled bet ($3) returned to MAGER911
MAGER911 collected $11.76 from pot
MAGER911: doesn't show hand
*** SUMMARY ***
Total pot $12 | Rake $0.24
Board [8c Ad Qd]
Seat 1: MAGER911 (button) (small blind) collected ($11.76)
Seat 2: minigus575 (big blind) folded on the Flop


PokerStars Hand #145569020421:  Hold'em Limit ($3/$6 USD) - 2015/12/19 3:27:07 ET
Table 'Kalchas II' 2-max Seat #2 is the button
Seat 1: MAGER911 ($92.16 in chips)
Seat 2: minigus575 ($341.91 in chips)
minigus575: posts small blind $1
MAGER911: posts big blind $3
*** HOLE CARDS ***
minigus575: raises $3 to $6
MAGER911: calls $3
*** FLOP *** [Ts 5h 7d]
MAGER911: checks
minigus575: bets $3
MAGER911: raises $3 to $6
minigus575: calls $3
*** TURN *** [Ts 5h 7d] [Ks]
MAGER911: bets $6
minigus575: raises $6 to $12
MAGER911: calls $6
*** RIVER *** [Ts 5h 7d Ks] [Ah]
MAGER911: checks
minigus575: bets $6
MAGER911: raises $6 to $12
minigus575: folds
Uncalled bet ($6) returned to MAGER911
MAGER911 collected $59.50 from pot
MAGER911: doesn't show hand
*** SUMMARY ***
Total pot $60 | Rake $0.50
Board [Ts 5h 7d Ks Ah]
Seat 1: MAGER911 (big blind) collected ($59.50)
Seat 2: minigus575 (button) (small blind) folded on the River


PokerStars Hand #145569005186:  Hold'em Limit ($3/$6 USD) - 2015/12/19 3:26:24 ET
Table 'Kalchas II' 2-max Seat #2 is the button
Seat 1: MAGER911 ($72 in chips)
Seat 2: minigus575 ($345.41 in chips)
minigus575: posts small blind $1
MAGER911: posts big blind $3
*** HOLE CARDS ***
minigus575: raises $3 to $6
MAGER911: raises $3 to $9
minigus575: calls $3
*** FLOP *** [4c 4d Ah]
MAGER911: bets $3
minigus575: calls $3
*** TURN *** [4c 4d Ah] [7h]
MAGER911: bets $6
minigus575: raises $6 to $12
MAGER911: folds
Uncalled bet ($6) returned to minigus575
minigus575 collected $35.50 from pot
minigus575: doesn't show hand
*** SUMMARY ***
Total pot $36 | Rake $0.50
Board [4c 4d Ah 7h]
Seat 1: MAGER911 (big blind) folded on the Turn
Seat 2: minigus575 (button) (small blind) collected ($35.50)


PokerStars Hand #145569026809:  Hold'em Limit ($3/$6 USD) - 2015/12/19 3:27:24 ET
Table 'Kalchas II' 2-max Seat #1 is the button
Seat 1: MAGER911 ($121.66 in chips)
Seat 2: minigus575 ($311.91 in chips)
MAGER911: posts small blind $1
minigus575: posts big blind $3
*** HOLE CARDS ***
MAGER911: raises $3 to $6
minigus575: calls $3
*** FLOP *** [5h 5s 9h]
minigus575: checks
MAGER911: bets $3
minigus575: raises $3 to $6
MAGER911: calls $3
*** TURN *** [5h 5s 9h] [2c]
minigus575: bets $6
MAGER911: raises $6 to $12
minigus575: raises $6 to $18
MAGER911: calls $6
*** RIVER *** [5h 5s 9h 2c] [5c]
minigus575: bets $6
MAGER911: calls $6
*** SHOW DOWN ***
minigus575: shows [5d 9d] (four of a kind, Fives)
MAGER911: mucks hand
minigus575 collected $71.50 from pot
*** SUMMARY ***
Total pot $72 | Rake $0.50
Board [5h 5s 9h 2c 5c]
Seat 1: MAGER911 (button) (small blind) mucked
Seat 2: minigus575 (big blind) showed [5d 9d] and won ($71.50) with four of a kind, Fives


PokerStars Hand #145569041040:  Hold'em Limit ($3/$6 USD) - 2015/12/19 3:28:03 ET
Table 'Kalchas II' 2-max Seat #1 is the button
Seat 1: MAGER911 ($109.16 in chips)
Seat 2: minigus575 ($323.41 in chips)
MAGER911: posts small blind $1
minigus575: posts big blind $3
*** HOLE CARDS ***
MAGER911: raises $3 to $6
minigus575: calls $3
*** FLOP *** [Qd 7d 4c]
minigus575: checks
MAGER911: bets $3
minigus575: calls $3
*** TURN *** [Qd 7d 4c] [8s]
minigus575: checks
MAGER911: checks
*** RIVER *** [Qd 7d 4c 8s] [Th]
minigus575: bets $6
MAGER911: calls $6
*** SHOW DOWN ***
minigus575: shows [3c 2d] (high card Queen)
MAGER911: shows [Jd Ts] (a pair of Tens)
MAGER911 collected $29.50 from pot
*** SUMMARY ***
Total pot $30 | Rake $0.50
Board [Qd 7d 4c 8s Th]
Seat 1: MAGER911 (button) (small blind) showed [Jd Ts] and won ($29.50) with a pair of Tens
Seat 2: minigus575 (big blind) showed [3c 2d] and lost with high card Queen


PokerStars Hand #145569034029:  Hold'em Limit ($3/$6 USD) - 2015/12/19 3:27:43 ET
Table 'Kalchas II' 2-max Seat #2 is the button
Seat 1: MAGER911 ($85.66 in chips)
Seat 2: minigus575 ($347.41 in chips)
minigus575: posts small blind $1
MAGER911: posts big blind $3
*** HOLE CARDS ***
minigus575: raises $3 to $6
MAGER911: calls $3
*** FLOP *** [Th 5s 8c]
MAGER911: checks
minigus575: checks
*** TURN *** [Th 5s 8c] [2d]
MAGER911: checks
minigus575: bets $6
MAGER911: raises $6 to $12
minigus575: calls $6
*** RIVER *** [Th 5s 8c 2d] [Kh]
MAGER911: bets $6
minigus575: calls $6
*** SHOW DOWN ***
MAGER911: shows [Js 8h] (a pair of Eights)
minigus575: mucks hand
MAGER911 collected $47.50 from pot
*** SUMMARY ***
Total pot $48 | Rake $0.50
Board [Th 5s 8c 2d Kh]
Seat 1: MAGER911 (big blind) showed [Js 8h] and won ($47.50) with a pair of Eights
Seat 2: minigus575 (button) (small blind) mucked


PokerStars Hand #145569048488:  Hold'em Limit ($3/$6 USD) - 2015/12/19 3:28:24 ET
Table 'Kalchas II' 2-max Seat #2 is the button
Seat 1: MAGER911 ($123.66 in chips)
Seat 2: minigus575 ($308.41 in chips)
minigus575: posts small blind $1
MAGER911: posts big blind $3
*** HOLE CARDS ***
minigus575: raises $3 to $6
MAGER911: calls $3
*** FLOP *** [3s Ts 5s]
MAGER911: checks
minigus575: checks
*** TURN *** [3s Ts 5s] [3d]
MAGER911: checks
minigus575: bets $6
MAGER911: raises $6 to $12
minigus575: folds
Uncalled bet ($6) returned to MAGER911
MAGER911 collected $23.52 from pot
MAGER911: doesn't show hand
*** SUMMARY ***
Total pot $24 | Rake $0.48
Board [3s Ts 5s 3d]
Seat 1: MAGER911 (big blind) collected ($23.52)
Seat 2: minigus575 (button) (small blind) folded on the Turn


PokerStars Hand #145569067862:  Hold'em Limit ($3/$6 USD) - 2015/12/19 3:29:17 ET
Table 'Kalchas II' 2-max Seat #1 is the button
Seat 1: MAGER911 ($149.68 in chips)
Seat 2: minigus575 ($281.05 in chips)
MAGER911: posts small blind $1
minigus575: posts big blind $3
*** HOLE CARDS ***
MAGER911: folds
Uncalled bet ($2) returned to minigus575
minigus575 collected $2 from pot
minigus575: doesn't show hand
*** SUMMARY ***
Total pot $2 | Rake $0
Seat 1: MAGER911 (button) (small blind) folded before Flop
Seat 2: minigus575 (big blind) collected ($2)


PokerStars Hand #145569063266:  Hold'em Limit ($3/$6 USD) - 2015/12/19 3:29:04 ET
Table 'Kalchas II' 2-max Seat #2 is the button
Seat 1: MAGER911 ($126.18 in chips)
Seat 2: minigus575 ($305.05 in chips)
minigus575: posts small blind $1
MAGER911: posts big blind $3
*** HOLE CARDS ***
minigus575: raises $3 to $6
MAGER911: raises $3 to $9
minigus575: calls $3
*** FLOP *** [2c 6h 8h]
MAGER911: bets $3
minigus575: calls $3
*** TURN *** [2c 6h 8h] [2d]
MAGER911: bets $6
minigus575: calls $6
*** RIVER *** [2c 6h 8h 2d] [Th]
MAGER911: bets $6
minigus575: calls $6
*** SHOW DOWN ***
MAGER911: shows [Qd Tc] (two pair, Tens and Deuces)
minigus575: mucks hand
MAGER911 collected $47.50 from pot
*** SUMMARY ***
Total pot $48 | Rake $0.50
Board [2c 6h 8h 2d Th]
Seat 1: MAGER911 (big blind) showed [Qd Tc] and won ($47.50) with two pair, Tens and Deuces
Seat 2: minigus575 (button) (small blind) mucked


PokerStars Hand #145569057070:  Hold'em Limit ($3/$6 USD) - 2015/12/19 3:28:47 ET
Table 'Kalchas II' 2-max Seat #1 is the button
Seat 1: MAGER911 ($135.18 in chips)
Seat 2: minigus575 ($296.41 in chips)
MAGER911: posts small blind $1
minigus575: posts big blind $3
*** HOLE CARDS ***
MAGER911: raises $3 to $6
minigus575: calls $3
*** FLOP *** [8d Qs 5s]
minigus575: checks
MAGER911: bets $3
minigus575: calls $3
*** TURN *** [8d Qs 5s] [2h]
minigus575: bets $6
MAGER911: folds
Uncalled bet ($6) returned to minigus575
minigus575 collected $17.64 from pot
minigus575: doesn't show hand
*** SUMMARY ***
Total pot $18 | Rake $0.36
Board [8d Qs 5s 2h]
Seat 1: MAGER911 (button) (small blind) folded on the Turn
Seat 2: minigus575 (big blind) collected ($17.64)


PokerStars Hand #145569076214:  Hold'em Limit ($3/$6 USD) - 2015/12/19 3:29:39 ET
Table 'Kalchas II' 2-max Seat #1 is the button
Seat 1: MAGER911 ($181.18 in chips)
Seat 2: minigus575 ($249.05 in chips)
MAGER911: posts small blind $1
minigus575: posts big blind $3
*** HOLE CARDS ***
MAGER911: raises $3 to $6
minigus575: calls $3
*** FLOP *** [Ks Th 2h]
minigus575: checks
MAGER911: bets $3
minigus575: folds
Uncalled bet ($3) returned to MAGER911
MAGER911 collected $11.76 from pot
MAGER911: doesn't show hand
*** SUMMARY ***
Total pot $12 | Rake $0.24
Board [Ks Th 2h]
Seat 1: MAGER911 (button) (small blind) collected ($11.76)
Seat 2: minigus575 (big blind) folded on the Flop


PokerStars Hand #145569070033:  Hold'em Limit ($3/$6 USD) - 2015/12/19 3:29:22 ET
Table 'Kalchas II' 2-max Seat #2 is the button
Seat 1: MAGER911 ($148.68 in chips)
Seat 2: minigus575 ($282.05 in chips)
minigus575: posts small blind $1
MAGER911: posts big blind $3
*** HOLE CARDS ***
minigus575: raises $3 to $6
MAGER911: raises $3 to $9
minigus575: calls $3
*** FLOP *** [3h 8h Qs]
MAGER911: bets $3
minigus575: raises $3 to $6
MAGER911: raises $3 to $9
minigus575: raises $3 to $12
Betting is capped
MAGER911: calls $3
*** TURN *** [3h 8h Qs] [Ts]
MAGER911: bets $6
minigus575: calls $6
*** RIVER *** [3h 8h Qs Ts] [Ad]
MAGER911: bets $6
minigus575: calls $6
*** SHOW DOWN ***
MAGER911: shows [Qd Kc] (a pair of Queens)
minigus575: mucks hand
MAGER911 collected $65.50 from pot
*** SUMMARY ***
Total pot $66 | Rake $0.50
Board [3h 8h Qs Ts Ad]
Seat 1: MAGER911 (big blind) showed [Qd Kc] and won ($65.50) with a pair of Queens
Seat 2: minigus575 (button) (small blind) mucked


PokerStars Hand #145569088478:  Hold'em Limit ($3/$6 USD) - 2015/12/19 3:30:13 ET
Table 'Kalchas II' 2-max Seat #1 is the button
Seat 1: MAGER911 ($156.94 in chips)
Seat 2: minigus575 ($272.55 in chips)
MAGER911: posts small blind $1
minigus575: posts big blind $3
*** HOLE CARDS ***
MAGER911: folds
Uncalled bet ($2) returned to minigus575
minigus575 collected $2 from pot
minigus575: doesn't show hand
*** SUMMARY ***
Total pot $2 | Rake $0
Seat 1: MAGER911 (button) (small blind) folded before Flop
Seat 2: minigus575 (big blind) collected ($2)


PokerStars Hand #145569080365:  Hold'em Limit ($3/$6 USD) - 2015/12/19 3:29:51 ET
Table 'Kalchas II' 2-max Seat #2 is the button
Seat 1: MAGER911 ($186.94 in chips)
Seat 2: minigus575 ($243.05 in chips)
minigus575: posts small blind $1
MAGER911: posts big blind $3
*** HOLE CARDS ***
minigus575: raises $3 to $6
MAGER911: calls $3
*** FLOP *** [Td 6h 7c]
MAGER911: checks
minigus575: bets $3
MAGER911: raises $3 to $6
minigus575: calls $3
*** TURN *** [Td 6h 7c] [Kc]
MAGER911: bets $6
minigus575: raises $6 to $12
MAGER911: calls $6
*** RIVER *** [Td 6h 7c Kc] [8h]
MAGER911: checks
minigus575: bets $6
MAGER911: calls $6
*** SHOW DOWN ***
minigus575: shows [Kh Jd] (a pair of Kings)
MAGER911: mucks hand
minigus575 collected $59.50 from pot
*** SUMMARY ***
Total pot $60 | Rake $0.50
Board [Td 6h 7c Kc 8h]
Seat 1: MAGER911 (big blind) mucked
Seat 2: minigus575 (button) (small blind) showed [Kh Jd] and won ($59.50) with a pair of Kings


PokerStars Hand #145569103141:  Hold'em Limit ($3/$6 USD) - 2015/12/19 3:30:53 ET
Table 'Kalchas II' 2-max Seat #1 is the button
Seat 1: MAGER911 ($151.44 in chips)
Seat 2: minigus575 ($277.05 in chips)
MAGER911: posts small blind $1
minigus575: posts big blind $3
*** HOLE CARDS ***
MAGER911: folds
Uncalled bet ($2) returned to minigus575
minigus575 collected $2 from pot
minigus575: doesn't show hand
*** SUMMARY ***
Total pot $2 | Rake $0
Seat 1: MAGER911 (button) (small blind) folded before Flop
Seat 2: minigus575 (big blind) collected ($2)


PokerStars Hand #145569098584:  Hold'em Limit ($3/$6 USD) - 2015/12/19 3:30:41 ET
Table 'Kalchas II' 2-max Seat #2 is the button
Seat 1: MAGER911 ($133.94 in chips)
Seat 2: minigus575 ($295.05 in chips)
minigus575: posts small blind $1
MAGER911: posts big blind $3
*** HOLE CARDS ***
minigus575: raises $3 to $6
MAGER911: raises $3 to $9
minigus575: calls $3
*** FLOP *** [Qd 6c 2h]
MAGER911: bets $3
minigus575: calls $3
*** TURN *** [Qd 6c 2h] [Qs]
MAGER911: bets $6
minigus575: calls $6
*** RIVER *** [Qd 6c 2h Qs] [4c]
MAGER911: checks
minigus575: checks
*** SHOW DOWN ***
MAGER911: shows [Ad 7h] (a pair of Queens)
minigus575: mucks hand
MAGER911 collected $35.50 from pot
*** SUMMARY ***
Total pot $36 | Rake $0.50
Board [Qd 6c 2h Qs 4c]
Seat 1: MAGER911 (big blind) showed [Ad 7h] and won ($35.50) with a pair of Queens
Seat 2: minigus575 (button) (small blind) mucked


PokerStars Hand #145569096922:  Hold'em Limit ($3/$6 USD) - 2015/12/19 3:30:36 ET
Table 'Kalchas II' 2-max Seat #1 is the button
Seat 1: MAGER911 ($134.94 in chips)
Seat 2: minigus575 ($294.05 in chips)
MAGER911: posts small blind $1
minigus575: posts big blind $3
*** HOLE CARDS ***
MAGER911: folds
Uncalled bet ($2) returned to minigus575
minigus575 collected $2 from pot
minigus575: doesn't show hand
*** SUMMARY ***
Total pot $2 | Rake $0
Seat 1: MAGER911 (button) (small blind) folded before Flop
Seat 2: minigus575 (big blind) collected ($2)


PokerStars Hand #145569090139:  Hold'em Limit ($3/$6 USD) - 2015/12/19 3:30:17 ET
Table 'Kalchas II' 2-max Seat #2 is the button
Seat 1: MAGER911 ($155.94 in chips)
Seat 2: minigus575 ($273.55 in chips)
minigus575: posts small blind $1
MAGER911: posts big blind $3
*** HOLE CARDS ***
minigus575: raises $3 to $6
MAGER911: raises $3 to $9
minigus575: calls $3
*** FLOP *** [Ac 9d 3d]
MAGER911: bets $3
minigus575: raises $3 to $6
MAGER911: calls $3
*** TURN *** [Ac 9d 3d] [4h]
MAGER911: checks
minigus575: bets $6
MAGER911: calls $6
*** RIVER *** [Ac 9d 3d 4h] [Ah]
MAGER911: checks
minigus575: checks
*** SHOW DOWN ***
MAGER911: shows [Kc Qd] (a pair of Aces)
minigus575: shows [4d 8c] (two pair, Aces and Fours)
minigus575 collected $41.50 from pot
*** SUMMARY ***
Total pot $42 | Rake $0.50
Board [Ac 9d 3d 4h Ah]
Seat 1: MAGER911 (big blind) showed [Kc Qd] and lost with a pair of Aces
Seat 2: minigus575 (button) (small blind) showed [4d 8c] and won ($41.50) with two pair, Aces and Fours


PokerStars Hand #145569112110:  Hold'em Limit ($3/$6 USD) - 2015/12/19 3:31:17 ET
Table 'Kalchas II' 2-max Seat #2 is the button
Seat 1: MAGER911 ($143.44 in chips)
Seat 2: minigus575 ($284.81 in chips)
minigus575: posts small blind $1
MAGER911: posts big blind $3
*** HOLE CARDS ***
minigus575: folds
Uncalled bet ($2) returned to MAGER911
MAGER911 collected $2 from pot
MAGER911: doesn't show hand
*** SUMMARY ***
Total pot $2 | Rake $0
Seat 1: MAGER911 (big blind) collected ($2)
Seat 2: minigus575 (button) (small blind) folded before Flop


PokerStars Hand #145569110505:  Hold'em Limit ($3/$6 USD) - 2015/12/19 3:31:13 ET
Table 'Kalchas II' 2-max Seat #1 is the button
Seat 1: MAGER911 ($144.44 in chips)
Seat 2: minigus575 ($283.81 in chips)
MAGER911: posts small blind $1
minigus575: posts big blind $3
*** HOLE CARDS ***
MAGER911: folds
Uncalled bet ($2) returned to minigus575
minigus575 collected $2 from pot
minigus575: doesn't show hand
*** SUMMARY ***
Total pot $2 | Rake $0
Seat 1: MAGER911 (button) (small blind) folded before Flop
Seat 2: minigus575 (big blind) collected ($2)


PokerStars Hand #145569105600:  Hold'em Limit ($3/$6 USD) - 2015/12/19 3:31:00 ET
Table 'Kalchas II' 2-max Seat #2 is the button
Seat 1: MAGER911 ($150.44 in chips)
Seat 2: minigus575 ($278.05 in chips)
minigus575: posts small blind $1
MAGER911: posts big blind $3
*** HOLE CARDS ***
minigus575: raises $3 to $6
MAGER911: calls $3
*** FLOP *** [3h 6d 8d]
MAGER911: checks
minigus575: checks
*** TURN *** [3h 6d 8d] [Jh]
MAGER911: checks
minigus575: checks
*** RIVER *** [3h 6d 8d Jh] [9s]
MAGER911: checks
minigus575: checks
*** SHOW DOWN ***
MAGER911: shows [Qd 5c] (high card Queen)
minigus575: shows [Qc 3s] (a pair of Threes)
minigus575 collected $11.76 from pot
*** SUMMARY ***
Total pot $12 | Rake $0.24
Board [3h 6d 8d Jh 9s]
Seat 1: MAGER911 (big blind) showed [Qd 5c] and lost with high card Queen
Seat 2: minigus575 (button) (small blind) showed [Qc 3s] and won ($11.76) with a pair of Threes


PokerStars Hand #145569119580:  Hold'em Limit ($3/$6 USD) - 2015/12/19 3:31:38 ET
Table 'Kalchas II' 2-max Seat #2 is the button
Seat 1: MAGER911 ($126.44 in chips)
Seat 2: minigus575 ($301.31 in chips)
minigus575: posts small blind $1
MAGER911: posts big blind $3
*** HOLE CARDS ***
minigus575: raises $3 to $6
MAGER911: raises $3 to $9
minigus575: calls $3
*** FLOP *** [Ks 9c Kc]
MAGER911: bets $3
minigus575: calls $3
*** TURN *** [Ks 9c Kc] [9d]
MAGER911: bets $6
minigus575: folds
Uncalled bet ($6) returned to MAGER911
MAGER911 collected $23.52 from pot
MAGER911: doesn't show hand
*** SUMMARY ***
Total pot $24 | Rake $0.48
Board [Ks 9c Kc 9d]
Seat 1: MAGER911 (big blind) collected ($23.52)
Seat 2: minigus575 (button) (small blind) folded on the Turn


PokerStars Hand #145569123554:  Hold'em Limit ($3/$6 USD) - 2015/12/19 3:31:49 ET
Table 'Kalchas II' 2-max Seat #1 is the button
Seat 1: MAGER911 ($137.96 in chips)
Seat 2: minigus575 ($289.31 in chips)
MAGER911: posts small blind $1
minigus575: posts big blind $3
*** HOLE CARDS ***
MAGER911: raises $3 to $6
minigus575: calls $3
*** FLOP *** [8d Qs 5s]
minigus575: checks
MAGER911: bets $3
minigus575: calls $3
*** TURN *** [8d Qs 5s] [Tc]
minigus575: checks
MAGER911: checks
*** RIVER *** [8d Qs 5s Tc] [Th]
minigus575: bets $6
MAGER911: folds
Uncalled bet ($6) returned to minigus575
minigus575 collected $17.64 from pot
minigus575: doesn't show hand
*** SUMMARY ***
Total pot $18 | Rake $0.36
Board [8d Qs 5s Tc Th]
Seat 1: MAGER911 (button) (small blind) folded on the River
Seat 2: minigus575 (big blind) collected ($17.64)


PokerStars Hand #145569129256:  Hold'em Limit ($3/$6 USD) - 2015/12/19 3:32:05 ET
Table 'Kalchas II' 2-max Seat #2 is the button
Seat 1: MAGER911 ($128.96 in chips)
Seat 2: minigus575 ($297.95 in chips)
minigus575: posts small blind $1
MAGER911: posts big blind $3
*** HOLE CARDS ***
minigus575: raises $3 to $6
MAGER911: calls $3
*** FLOP *** [Qh 3d 2d]
MAGER911: checks
minigus575: bets $3
MAGER911: folds
Uncalled bet ($3) returned to minigus575
minigus575 collected $11.76 from pot
minigus575: doesn't show hand
*** SUMMARY ***
Total pot $12 | Rake $0.24
Board [Qh 3d 2d]
Seat 1: MAGER911 (big blind) folded on the Flop
Seat 2: minigus575 (button) (small blind) collected ($11.76)


PokerStars Hand #145569132109:  Hold'em Limit ($3/$6 USD) - 2015/12/19 3:32:13 ET
Table 'Kalchas II' 2-max Seat #1 is the button
Seat 1: MAGER911 ($122.96 in chips)
Seat 2: minigus575 ($303.71 in chips)
MAGER911: posts small blind $1
minigus575: posts big blind $3
*** HOLE CARDS ***
MAGER911: raises $3 to $6
minigus575: calls $3
*** FLOP *** [2s Kc Th]
minigus575: checks
MAGER911: bets $3
minigus575: calls $3
*** TURN *** [2s Kc Th] [5d]
minigus575: checks
MAGER911: checks
*** RIVER *** [2s Kc Th 5d] [9d]
minigus575: checks
MAGER911: checks
*** SHOW DOWN ***
minigus575: shows [7d Ah] (high card Ace)
MAGER911: mucks hand
minigus575 collected $17.64 from pot
*** SUMMARY ***
Total pot $18 | Rake $0.36
Board [2s Kc Th 5d 9d]
Seat 1: MAGER911 (button) (small blind) mucked
Seat 2: minigus575 (big blind) showed [7d Ah] and won ($17.64) with high card Ace


PokerStars Hand #145569113785:  Hold'em Limit ($3/$6 USD) - 2015/12/19 3:31:22 ET
Table 'Kalchas II' 2-max Seat #1 is the button
Seat 1: MAGER911 ($144.44 in chips)
Seat 2: minigus575 ($283.81 in chips)
MAGER911: posts small blind $1
minigus575: posts big blind $3
*** HOLE CARDS ***
MAGER911: raises $3 to $6
minigus575: raises $3 to $9
MAGER911: calls $3
*** FLOP *** [Kh 8c Jd]
minigus575: bets $3
MAGER911: raises $3 to $6
minigus575: raises $3 to $9
MAGER911: calls $3
*** TURN *** [Kh 8c Jd] [Ac]
minigus575: bets $6
MAGER911: folds
Uncalled bet ($6) returned to minigus575
minigus575 collected $35.50 from pot
minigus575: doesn't show hand
*** SUMMARY ***
Total pot $36 | Rake $0.50
Board [Kh 8c Jd Ac]
Seat 1: MAGER911 (button) (small blind) folded on the Turn
Seat 2: minigus575 (big blind) collected ($35.50)


PokerStars Hand #145569141964:  Hold'em Limit ($3/$6 USD) - 2015/12/19 3:32:40 ET
Table 'Kalchas II' 2-max Seat #1 is the button
Seat 1: MAGER911 ($110.96 in chips)
Seat 2: minigus575 ($315.23 in chips)
MAGER911: posts small blind $1
minigus575: posts big blind $3
*** HOLE CARDS ***
MAGER911: folds
Uncalled bet ($2) returned to minigus575
minigus575 collected $2 from pot
minigus575: doesn't show hand
*** SUMMARY ***
Total pot $2 | Rake $0
Seat 1: MAGER911 (button) (small blind) folded before Flop
Seat 2: minigus575 (big blind) collected ($2)


PokerStars Hand #145569137671:  Hold'em Limit ($3/$6 USD) - 2015/12/19 3:32:28 ET
Table 'Kalchas II' 2-max Seat #2 is the button
Seat 1: MAGER911 ($113.96 in chips)
Seat 2: minigus575 ($312.35 in chips)
minigus575: posts small blind $1
MAGER911: posts big blind $3
*** HOLE CARDS ***
minigus575: calls $2
MAGER911: checks
*** FLOP *** [5h 6s 3d]
MAGER911: checks
minigus575: checks
*** TURN *** [5h 6s 3d] [Jh]
MAGER911: checks
minigus575: bets $6
MAGER911: folds
Uncalled bet ($6) returned to minigus575
minigus575 collected $5.88 from pot
minigus575: doesn't show hand
*** SUMMARY ***
Total pot $6 | Rake $0.12
Board [5h 6s 3d Jh]
Seat 1: MAGER911 (big blind) folded on the Turn
Seat 2: minigus575 (button) (small blind) collected ($5.88)


