PokerStars Hand #151880057596:  Hold'em Limit ($3/$6 USD) - 2016/04/13 18:54:11 ET
Table 'Kalchas II' 6-max Seat #6 is the button
Seat 1: Zubasa07 ($500 in chips)
Seat 6: pasa2a ($39.21 in chips)
pasa2a: posts small blind $1
tramp112370 joins the table at seat #3
GoliafUa joins the table at seat #2
Zubasa07: posts big blind $3
*** HOLE CARDS ***
pasa2a: folds
Uncalled bet ($2) returned to Zubasa07
pasa2a leaves the table
Zubasa07 collected $2 from pot
Zubasa07: doesn't show hand
*** SUMMARY ***
Total pot $2 | Rake $0
Seat 1: Zubasa07 (big blind) collected ($2)
Seat 6: pasa2a (button) (small blind) folded before Flop


PokerStars Hand #151880066010:  Hold'em Limit ($3/$6 USD) - 2016/04/13 18:54:24 ET
Table 'Kalchas II' 6-max Seat #1 is the button
Seat 1: Zubasa07 ($501 in chips)
Seat 2: GoliafUa ($120 in chips)
Zubasa07: posts small blind $1
GoliafUa: posts big blind $3
*** HOLE CARDS ***
Zubasa07: raises $3 to $6
GoliafUa: raises $3 to $9
Zubasa07: calls $3
*** FLOP *** [7h 2d 2s]
tramp112370 leaves the table
GoliafUa: bets $3
Zubasa07: calls $3
*** TURN *** [7h 2d 2s] [Jh]
GoliafUa: bets $6
Zubasa07: calls $6
*** RIVER *** [7h 2d 2s Jh] [8c]
GoliafUa: checks
Zubasa07: checks
*** SHOW DOWN ***
GoliafUa: shows [Kh Qc] (a pair of Deuces)
Zubasa07: shows [9d 7d] (two pair, Sevens and Deuces)
Zubasa07 collected $35.50 from pot
*** SUMMARY ***
Total pot $36 | Rake $0.50
Board [7h 2d 2s Jh 8c]
Seat 1: Zubasa07 (button) (small blind) showed [9d 7d] and won ($35.50) with two pair, Sevens and Deuces
Seat 2: GoliafUa (big blind) showed [Kh Qc] and lost with a pair of Deuces


PokerStars Hand #151880205215:  Hold'em Limit ($3/$6 USD) - 2016/04/13 18:58:39 ET
Table 'Kalchas II' 6-max Seat #2 is the button
Seat 2: Zubasa07 ($500 in chips)
Seat 3: Jeelsy ($90 in chips)
Zubasa07: posts small blind $1
Jeelsy: posts big blind $3
*** HOLE CARDS ***
Zubasa07: raises $3 to $6
Jeelsy: calls $3
*** FLOP *** [Qh Ts 7d]
Velbor107 joins the table at seat #4
Jeelsy: bets $3
Zubasa07: calls $3
*** TURN *** [Qh Ts 7d] [9h]
Jeelsy: bets $6
Zubasa07: raises $6 to $12
ABATAPP joins the table at seat #5
Jeelsy: folds
Uncalled bet ($6) returned to Zubasa07
Zubasa07 collected $29.50 from pot
Zubasa07: doesn't show hand
*** SUMMARY ***
Total pot $30 | Rake $0.50
Board [Qh Ts 7d 9h]
Seat 2: Zubasa07 (button) (small blind) collected ($29.50)
Seat 3: Jeelsy (big blind) folded on the Turn


PokerStars Hand #151880688370:  Hold'em Limit ($3/$6 USD) - 2016/04/13 19:11:41 ET
Table 'Kalchas II' 6-max Seat #3 is the button
Seat 3: ABATAPP ($117 in chips)
Seat 6: gazzzzzza ($61.74 in chips)
ABATAPP: posts small blind $1
Velbor107: is sitting out
gazzzzzza: posts big blind $3
*** HOLE CARDS ***
ABATAPP: raises $3 to $6
gazzzzzza: folds
Uncalled bet ($3) returned to ABATAPP
Velbor107 leaves the table
Zubasa07 leaves the table
ABATAPP collected $6 from pot
ABATAPP: doesn't show hand
*** SUMMARY ***
Total pot $6 | Rake $0
Seat 3: ABATAPP (button) (small blind) collected ($6)
Seat 6: gazzzzzza (big blind) folded before Flop


PokerStars Hand #151880692487:  Hold'em Limit ($3/$6 USD) - 2016/04/13 19:11:48 ET
Table 'Kalchas II' 6-max Seat #6 is the button
Seat 3: ABATAPP ($120 in chips)
Seat 6: gazzzzzza ($58.74 in chips)
gazzzzzza: posts small blind $1
ABATAPP: posts big blind $3
*** HOLE CARDS ***
gazzzzzza: raises $3 to $6
ABATAPP: calls $3
*** FLOP *** [2h 9s 5d]
ABATAPP: checks
gazzzzzza: bets $3
ABATAPP: raises $3 to $6
gazzzzzza: calls $3
*** TURN *** [2h 9s 5d] [5h]
ABATAPP: bets $6
gazzzzzza: folds
Uncalled bet ($6) returned to ABATAPP
ABATAPP collected $23.52 from pot
ABATAPP: doesn't show hand
*** SUMMARY ***
Total pot $24 | Rake $0.48
Board [2h 9s 5d 5h]
Seat 3: ABATAPP (big blind) collected ($23.52)
Seat 6: gazzzzzza (button) (small blind) folded on the Turn


