PokerStars Hand #164556376027:  Hold'em Limit ($3/$6 USD) - 2017/01/14 9:05:57 ET
Table 'Kalchas' 6-max Seat #1 is the button
Seat 1: Agrotait ($105.14 in chips)
Seat 4: sim5sim5 ($72 in chips)
Agrotait: posts small blind $1
sim5sim5: posts big blind $3
*** HOLE CARDS ***
Agrotait: raises $3 to $6
sim5sim5: calls $3
*** FLOP *** [4h 3s 8s]
sim5sim5: checks
Agrotait: bets $3
sim5sim5: raises $3 to $6
Agrotait: calls $3
*** TURN *** [4h 3s 8s] [8h]
sim5sim5: bets $6
Agrotait: folds
Uncalled bet ($6) returned to sim5sim5
sim5sim5 collected $23.52 from pot
sim5sim5: doesn't show hand
*** SUMMARY ***
Total pot $24 | Rake $0.48
Board [4h 3s 8s 8h]
Seat 1: Agrotait (button) (small blind) folded on the Turn
Seat 4: sim5sim5 (big blind) collected ($23.52)


PokerStars Hand #164556349849:  Hold'em Limit ($3/$6 USD) - 2017/01/14 9:05:20 ET
Table 'Kalchas' 6-max Seat #4 is the button
Seat 1: Agrotait ($78.64 in chips)
Seat 4: sim5sim5 ($73 in chips)
sim5sim5: posts small blind $1
Agrotait: posts big blind $3
*** HOLE CARDS ***
sim5sim5: raises $3 to $6
Agrotait: calls $3
*** FLOP *** [4h Th 8s]
Agrotait: checks
sim5sim5: bets $3
Agrotait: calls $3
*** TURN *** [4h Th 8s] [Ks]
Agrotait: checks
sim5sim5: bets $6
Agrotait: raises $6 to $12
sim5sim5: calls $6
*** RIVER *** [4h Th 8s Ks] [8c]
Agrotait: bets $6
sim5sim5: calls $6
*** SHOW DOWN ***
Agrotait: shows [Kd 4d] (two pair, Kings and Eights)
sim5sim5: mucks hand
Agrotait collected $53.50 from pot
*** SUMMARY ***
Total pot $54 | Rake $0.50
Board [4h Th 8s Ks 8c]
Seat 1: Agrotait (big blind) showed [Kd 4d] and won ($53.50) with two pair, Kings and Eights
Seat 4: sim5sim5 (button) (small blind) mucked


PokerStars Hand #164556406200:  Hold'em Limit ($3/$6 USD) - 2017/01/14 9:06:39 ET
Table 'Kalchas' 6-max Seat #4 is the button
Seat 1: Agrotait ($93.14 in chips)
Seat 4: sim5sim5 ($83.52 in chips)
sim5sim5: posts small blind $1
Agrotait: posts big blind $3
*** HOLE CARDS ***
sim5sim5: raises $3 to $6
Agrotait: raises $3 to $9
sim5sim5: calls $3
*** FLOP *** [As 8s 9c]
Agrotait: bets $3
sim5sim5: calls $3
*** TURN *** [As 8s 9c] [Qc]
Agrotait: checks
sim5sim5: checks
*** RIVER *** [As 8s 9c Qc] [Tc]
Agrotait: checks
sim5sim5: checks
*** SHOW DOWN ***
Agrotait: shows [6c 6s] (a pair of Sixes)
sim5sim5: shows [4s Th] (a pair of Tens)
sim5sim5 collected $23.52 from pot
*** SUMMARY ***
Total pot $24 | Rake $0.48
Board [As 8s 9c Qc Tc]
Seat 1: Agrotait (big blind) showed [6c 6s] and lost with a pair of Sixes
Seat 4: sim5sim5 (button) (small blind) showed [4s Th] and won ($23.52) with a pair of Tens


PokerStars Hand #164556315351:  Hold'em Limit ($3/$6 USD) - 2017/01/14 9:04:33 ET
Table 'Kalchas' 6-max Seat #1 is the button
Seat 1: Agrotait ($72 in chips)
Seat 4: sim5sim5 ($72 in chips)
Agrotait: posts small blind $1
sim5sim5: posts big blind $3
*** HOLE CARDS ***
Agrotait: folds
Uncalled bet ($2) returned to sim5sim5
sim5sim5 collected $2 from pot
sim5sim5: doesn't show hand
*** SUMMARY ***
Total pot $2 | Rake $0
Seat 1: Agrotait (button) (small blind) folded before Flop
Seat 4: sim5sim5 (big blind) collected ($2)


PokerStars Hand #164556322541:  Hold'em Limit ($3/$6 USD) - 2017/01/14 9:04:43 ET
Table 'Kalchas' 6-max Seat #4 is the button
Seat 1: Agrotait ($71 in chips)
Seat 4: sim5sim5 ($73 in chips)
sim5sim5: posts small blind $1
Agrotait: posts big blind $3
*** HOLE CARDS ***
sim5sim5: raises $3 to $6
Agrotait: raises $3 to $9
sim5sim5: calls $3
*** FLOP *** [Jc 7d Ah]
Agrotait: bets $3
sim5sim5: folds
Uncalled bet ($3) returned to Agrotait
Agrotait collected $17.64 from pot
Agrotait: doesn't show hand
*** SUMMARY ***
Total pot $18 | Rake $0.36
Board [Jc 7d Ah]
Seat 1: Agrotait (big blind) collected ($17.64)
Seat 4: sim5sim5 (button) (small blind) folded on the Flop


PokerStars Hand #164556436179:  Hold'em Limit ($3/$6 USD) - 2017/01/14 9:07:20 ET
Table 'Kalchas' 6-max Seat #1 is the button
Seat 1: Agrotait ($81.14 in chips)
Seat 4: sim5sim5 ($95.04 in chips)
Agrotait: posts small blind $1
sim5sim5: posts big blind $3
*** HOLE CARDS ***
Agrotait: raises $3 to $6
sim5sim5: raises $3 to $9
Agrotait: calls $3
*** FLOP *** [3s 6d 9d]
sim5sim5: bets $3
Agrotait: raises $3 to $6
sim5sim5: calls $3
*** TURN *** [3s 6d 9d] [As]
sim5sim5: checks
Agrotait: bets $6
sim5sim5: calls $6
*** RIVER *** [3s 6d 9d As] [2s]
sim5sim5: checks
Agrotait: bets $6
sim5sim5: calls $6
*** SHOW DOWN ***
Agrotait: shows [7d 5d] (high card Ace)
sim5sim5: shows [8d Kd] (high card Ace - King kicker)
sim5sim5 collected $53.50 from pot
*** SUMMARY ***
Total pot $54 | Rake $0.50
Board [3s 6d 9d As 2s]
Seat 1: Agrotait (button) (small blind) showed [7d 5d] and lost with high card Ace
Seat 4: sim5sim5 (big blind) showed [8d Kd] and won ($53.50) with high card Ace


PokerStars Hand #164556531808:  Hold'em Limit ($3/$6 USD) - 2017/01/14 9:09:31 ET
Table 'Kalchas' 6-max Seat #4 is the button
Seat 1: Agrotait ($91.50 in chips)
Seat 4: sim5sim5 ($101.54 in chips)
sim5sim5: posts small blind $1
Agrotait: posts big blind $3
*** HOLE CARDS ***
sim5sim5: raises $3 to $6
Agrotait: folds
Uncalled bet ($3) returned to sim5sim5
sim5sim5 collected $6 from pot
sim5sim5: doesn't show hand
*** SUMMARY ***
Total pot $6 | Rake $0
Seat 1: Agrotait (big blind) folded before Flop
Seat 4: sim5sim5 (button) (small blind) collected ($6)


PokerStars Hand #164556474486:  Hold'em Limit ($3/$6 USD) - 2017/01/14 9:08:13 ET
Table 'Kalchas' 6-max Seat #4 is the button
Seat 1: Agrotait ($72 in chips)
Seat 4: sim5sim5 ($121.54 in chips)
sim5sim5: posts small blind $1
Agrotait: posts big blind $3
*** HOLE CARDS ***
sim5sim5: raises $3 to $6
Agrotait: calls $3
*** FLOP *** [7s 2h 8s]
Agrotait: checks
sim5sim5: bets $3
Agrotait: calls $3
*** TURN *** [7s 2h 8s] [Qh]
Agrotait: checks
sim5sim5: bets $6
Agrotait: calls $6
*** RIVER *** [7s 2h 8s Qh] [Tc]
Agrotait: checks
sim5sim5: bets $6
Agrotait: calls $6
*** SHOW DOWN ***
sim5sim5: shows [9s 9c] (a pair of Nines)
Agrotait: shows [3s Ts] (a pair of Tens)
Agrotait collected $41.50 from pot
*** SUMMARY ***
Total pot $42 | Rake $0.50
Board [7s 2h 8s Qh Tc]
Seat 1: Agrotait (big blind) showed [3s Ts] and won ($41.50) with a pair of Tens
Seat 4: sim5sim5 (button) (small blind) showed [9s 9c] and lost with a pair of Nines


PokerStars Hand #164556557442:  Hold'em Limit ($3/$6 USD) - 2017/01/14 9:10:07 ET
Table 'Kalchas' 6-max Seat #4 is the button
Seat 1: Agrotait ($79.50 in chips)
Seat 4: sim5sim5 ($113.18 in chips)
sim5sim5: posts small blind $1
Agrotait: posts big blind $3
*** HOLE CARDS ***
sim5sim5: raises $3 to $6
Agrotait: raises $3 to $9
sim5sim5: calls $3
*** FLOP *** [5c 9c 4c]
Agrotait: bets $3
sim5sim5: raises $3 to $6
Agrotait: raises $3 to $9
sim5sim5: calls $3
*** TURN *** [5c 9c 4c] [Jd]
Agrotait: bets $6
sim5sim5: calls $6
*** RIVER *** [5c 9c 4c Jd] [2s]
Agrotait: checks
sim5sim5: checks
*** SHOW DOWN ***
Agrotait: shows [Ac Kd] (high card Ace)
sim5sim5: shows [Ks 5d] (a pair of Fives)
sim5sim5 collected $47.50 from pot
*** SUMMARY ***
Total pot $48 | Rake $0.50
Board [5c 9c 4c Jd 2s]
Seat 1: Agrotait (big blind) showed [Ac Kd] and lost with high card Ace
Seat 4: sim5sim5 (button) (small blind) showed [Ks 5d] and won ($47.50) with a pair of Fives


PokerStars Hand #164556543415:  Hold'em Limit ($3/$6 USD) - 2017/01/14 9:09:47 ET
Table 'Kalchas' 6-max Seat #1 is the button
Seat 1: Agrotait ($88.50 in chips)
Seat 4: sim5sim5 ($104.54 in chips)
Agrotait: posts small blind $1
sim5sim5: posts big blind $3
*** HOLE CARDS ***
Agrotait: raises $3 to $6
sim5sim5: calls $3
*** FLOP *** [Ah 7h 9s]
sim5sim5: checks
Agrotait: bets $3
sim5sim5: calls $3
*** TURN *** [Ah 7h 9s] [5h]
sim5sim5: bets $6
Agrotait: folds
Uncalled bet ($6) returned to sim5sim5
sim5sim5 collected $17.64 from pot
sim5sim5: doesn't show hand
*** SUMMARY ***
Total pot $18 | Rake $0.36
Board [Ah 7h 9s 5h]
Seat 1: Agrotait (button) (small blind) folded on the Turn
Seat 4: sim5sim5 (big blind) collected ($17.64)


PokerStars Hand #164556578900:  Hold'em Limit ($3/$6 USD) - 2017/01/14 9:10:36 ET
Table 'Kalchas' 6-max Seat #1 is the button
Seat 1: Agrotait ($72 in chips)
Seat 4: sim5sim5 ($136.68 in chips)
Agrotait: posts small blind $1
sim5sim5: posts big blind $3
*** HOLE CARDS ***
Agrotait: raises $3 to $6
sim5sim5: calls $3
*** FLOP *** [Qc 3d 6s]
sim5sim5: checks
Agrotait: checks
*** TURN *** [Qc 3d 6s] [As]
sim5sim5: checks
Agrotait: checks
*** RIVER *** [Qc 3d 6s As] [5d]
sim5sim5: bets $6
Agrotait: calls $6
*** SHOW DOWN ***
sim5sim5: shows [6c 8d] (a pair of Sixes)
Agrotait: mucks hand
sim5sim5 collected $23.52 from pot
*** SUMMARY ***
Total pot $24 | Rake $0.48
Board [Qc 3d 6s As 5d]
Seat 1: Agrotait (button) (small blind) mucked
Seat 4: sim5sim5 (big blind) showed [6c 8d] and won ($23.52) with a pair of Sixes


