PokerStars Hand #151350769683:  Hold'em Limit ($3/$6 USD) - 2016/04/03 1:28:06 ET
Table 'Kalchas' 6-max Seat #5 is the button
Seat 5: VolkovDmitri ($120 in chips)
Seat 6: zizonmusang ($58.50 in chips)
VolkovDmitri: posts small blind $1
zizonmusang: posts big blind $3
*** HOLE CARDS ***
VolkovDmitri: raises $3 to $6
zizonmusang: folds
Uncalled bet ($3) returned to VolkovDmitri
VolkovDmitri collected $6 from pot
VolkovDmitri: doesn't show hand
*** SUMMARY ***
Total pot $6 | Rake $0
Seat 5: VolkovDmitri (button) (small blind) collected ($6)
Seat 6: zizonmusang (big blind) folded before Flop


PokerStars Hand #151350758232:  Hold'em Limit ($3/$6 USD) - 2016/04/03 1:27:24 ET
Table 'Kalchas' 6-max Seat #6 is the button
Seat 5: VolkovDmitri ($120 in chips)
Seat 6: zizonmusang ($35 in chips)
zizonmusang: posts small blind $1
VolkovDmitri: posts big blind $3
*** HOLE CARDS ***
zizonmusang: raises $3 to $6
VolkovDmitri: calls $3
*** FLOP *** [8c 4h Ah]
VolkovDmitri: checks
zizonmusang: bets $3
VolkovDmitri: raises $3 to $6
zizonmusang: calls $3
*** TURN *** [8c 4h Ah] [4d]
VolkovDmitri: bets $6
zizonmusang: calls $6
*** RIVER *** [8c 4h Ah 4d] [Ac]
VolkovDmitri: bets $6
zizonmusang: calls $6
*** SHOW DOWN ***
VolkovDmitri: shows [6s 5h] (two pair, Aces and Fours)
zizonmusang: shows [7s 8d] (two pair, Aces and Eights)
zizonmusang collected $47.50 from pot
*** SUMMARY ***
Total pot $48 | Rake $0.50
Board [8c 4h Ah 4d Ac]
Seat 5: VolkovDmitri (big blind) showed [6s 5h] and lost with two pair, Aces and Fours
Seat 6: zizonmusang (button) (small blind) showed [7s 8d] and won ($47.50) with two pair, Aces and Eights


PokerStars Hand #151350771676:  Hold'em Limit ($3/$6 USD) - 2016/04/03 1:28:13 ET
Table 'Kalchas' 6-max Seat #6 is the button
Seat 5: VolkovDmitri ($123 in chips)
Seat 6: zizonmusang ($55.50 in chips)
zizonmusang: posts small blind $1
VolkovDmitri: posts big blind $3
*** HOLE CARDS ***
zizonmusang: raises $3 to $6
VolkovDmitri: raises $3 to $9
zizonmusang: calls $3
*** FLOP *** [8c Js 7d]
VolkovDmitri: bets $3
zizonmusang: raises $3 to $6
VolkovDmitri: calls $3
*** TURN *** [8c Js 7d] [2d]
VolkovDmitri: checks
zizonmusang: bets $6
VolkovDmitri: calls $6
*** RIVER *** [8c Js 7d 2d] [Tc]
VolkovDmitri: checks
zizonmusang: bets $6
VolkovDmitri: folds
Uncalled bet ($6) returned to zizonmusang
zizonmusang collected $41.50 from pot
zizonmusang: doesn't show hand
*** SUMMARY ***
Total pot $42 | Rake $0.50
Board [8c Js 7d 2d Tc]
Seat 5: VolkovDmitri (big blind) folded on the River
Seat 6: zizonmusang (button) (small blind) collected ($41.50)


PokerStars Hand #151350782710:  Hold'em Limit ($3/$6 USD) - 2016/04/03 1:28:53 ET
Table 'Kalchas' 6-max Seat #5 is the button
Seat 5: VolkovDmitri ($120 in chips)
Seat 6: zizonmusang ($76 in chips)
VolkovDmitri: posts small blind $1
zizonmusang: posts big blind $3
*** HOLE CARDS ***
Agrotait leaves the table
VolkovDmitri: raises $3 to $6
zizonmusang: calls $3
*** FLOP *** [Kc 7h Tc]
zizonmusang: checks
VolkovDmitri: bets $3
zizonmusang: calls $3
*** TURN *** [Kc 7h Tc] [3s]
zizonmusang: checks
VolkovDmitri: checks
*** RIVER *** [Kc 7h Tc 3s] [6h]
zizonmusang: bets $6
VolkovDmitri: folds
Uncalled bet ($6) returned to zizonmusang
zizonmusang collected $17.64 from pot
zizonmusang: doesn't show hand
*** SUMMARY ***
Total pot $18 | Rake $0.36
Board [Kc 7h Tc 3s 6h]
Seat 5: VolkovDmitri (button) (small blind) folded on the River
Seat 6: zizonmusang (big blind) collected ($17.64)


PokerStars Hand #151350793086:  Hold'em Limit ($3/$6 USD) - 2016/04/03 1:29:31 ET
Table 'Kalchas' 6-max Seat #6 is the button
Seat 5: VolkovDmitri ($120 in chips)
Seat 6: zizonmusang ($84.64 in chips)
zizonmusang: posts small blind $1
VolkovDmitri: posts big blind $3
*** HOLE CARDS ***
zizonmusang: raises $3 to $6
VolkovDmitri: calls $3
*** FLOP *** [4s 7h Jh]
VolkovDmitri: checks
zizonmusang: bets $3
VolkovDmitri: calls $3
*** TURN *** [4s 7h Jh] [4d]
VolkovDmitri: checks
zizonmusang: checks
*** RIVER *** [4s 7h Jh 4d] [5d]
VolkovDmitri: checks
zizonmusang: checks
*** SHOW DOWN ***
VolkovDmitri: shows [2d Ah] (a pair of Fours)
zizonmusang: mucks hand
VolkovDmitri collected $17.64 from pot
*** SUMMARY ***
Total pot $18 | Rake $0.36
Board [4s 7h Jh 4d 5d]
Seat 5: VolkovDmitri (big blind) showed [2d Ah] and won ($17.64) with a pair of Fours
Seat 6: zizonmusang (button) (small blind) mucked


PokerStars Hand #151350810216:  Hold'em Limit ($3/$6 USD) - 2016/04/03 1:30:33 ET
Table 'Kalchas' 6-max Seat #6 is the button
Seat 5: VolkovDmitri ($120 in chips)
Seat 6: zizonmusang ($117.14 in chips)
zizonmusang: posts small blind $1
VolkovDmitri: posts big blind $3
*** HOLE CARDS ***
zizonmusang: folds
Uncalled bet ($2) returned to VolkovDmitri
VolkovDmitri collected $2 from pot
VolkovDmitri: doesn't show hand
*** SUMMARY ***
Total pot $2 | Rake $0
Seat 5: VolkovDmitri (big blind) collected ($2)
Seat 6: zizonmusang (button) (small blind) folded before Flop


PokerStars Hand #151350813309:  Hold'em Limit ($3/$6 USD) - 2016/04/03 1:30:45 ET
Table 'Kalchas' 6-max Seat #6 is the button
Seat 5: VolkovDmitri ($124 in chips)
Seat 6: zizonmusang ($113.14 in chips)
zizonmusang: posts small blind $1
VolkovDmitri: posts big blind $3
*** HOLE CARDS ***
zizonmusang: folds
Uncalled bet ($2) returned to VolkovDmitri
VolkovDmitri collected $2 from pot
VolkovDmitri: doesn't show hand
*** SUMMARY ***
Total pot $2 | Rake $0
Seat 5: VolkovDmitri (big blind) collected ($2)
Seat 6: zizonmusang (button) (small blind) folded before Flop


PokerStars Hand #151350811699:  Hold'em Limit ($3/$6 USD) - 2016/04/03 1:30:39 ET
Table 'Kalchas' 6-max Seat #5 is the button
Seat 5: VolkovDmitri ($121 in chips)
Seat 6: zizonmusang ($116.14 in chips)
VolkovDmitri: posts small blind $1
zizonmusang: posts big blind $3
*** HOLE CARDS ***
VolkovDmitri: raises $3 to $6
zizonmusang: folds
Uncalled bet ($3) returned to VolkovDmitri
VolkovDmitri collected $6 from pot
VolkovDmitri: doesn't show hand
*** SUMMARY ***
Total pot $6 | Rake $0
Seat 5: VolkovDmitri (button) (small blind) collected ($6)
Seat 6: zizonmusang (big blind) folded before Flop


PokerStars Hand #151350818938:  Hold'em Limit ($3/$6 USD) - 2016/04/03 1:31:05 ET
Table 'Kalchas' 6-max Seat #6 is the button
Seat 5: VolkovDmitri ($120 in chips)
Seat 6: zizonmusang ($123.66 in chips)
zizonmusang: posts small blind $1
VolkovDmitri: posts big blind $3
*** HOLE CARDS ***
zizonmusang: folds
Uncalled bet ($2) returned to VolkovDmitri
VolkovDmitri collected $2 from pot
VolkovDmitri: doesn't show hand
*** SUMMARY ***
Total pot $2 | Rake $0
Seat 5: VolkovDmitri (big blind) collected ($2)
Seat 6: zizonmusang (button) (small blind) folded before Flop


PokerStars Hand #151350814780:  Hold'em Limit ($3/$6 USD) - 2016/04/03 1:30:50 ET
Table 'Kalchas' 6-max Seat #5 is the button
Seat 5: VolkovDmitri ($125 in chips)
Seat 6: zizonmusang ($112.14 in chips)
VolkovDmitri: posts small blind $1
zizonmusang: posts big blind $3
*** HOLE CARDS ***
VolkovDmitri: raises $3 to $6
zizonmusang: calls $3
*** FLOP *** [4h 2c Kc]
zizonmusang: checks
VolkovDmitri: bets $3
zizonmusang: raises $3 to $6
VolkovDmitri: calls $3
*** TURN *** [4h 2c Kc] [5h]
zizonmusang: bets $6
VolkovDmitri: folds
Uncalled bet ($6) returned to zizonmusang
zizonmusang collected $23.52 from pot
zizonmusang: doesn't show hand
*** SUMMARY ***
Total pot $24 | Rake $0.48
Board [4h 2c Kc 5h]
Seat 5: VolkovDmitri (button) (small blind) folded on the Turn
Seat 6: zizonmusang (big blind) collected ($23.52)


PokerStars Hand #151350800044:  Hold'em Limit ($3/$6 USD) - 2016/04/03 1:29:56 ET
Table 'Kalchas' 6-max Seat #5 is the button
Seat 5: VolkovDmitri ($128.64 in chips)
Seat 6: zizonmusang ($75.64 in chips)
VolkovDmitri: posts small blind $1
zizonmusang: posts big blind $3
*** HOLE CARDS ***
VolkovDmitri: raises $3 to $6
zizonmusang: raises $3 to $9
VolkovDmitri: raises $3 to $12
Betting is capped
zizonmusang: calls $3
*** FLOP *** [3h 8h 5c]
zizonmusang: checks
VolkovDmitri: bets $3
zizonmusang: raises $3 to $6
VolkovDmitri: raises $3 to $9
zizonmusang: raises $3 to $12
Betting is capped
VolkovDmitri: calls $3
*** TURN *** [3h 8h 5c] [Ts]
zizonmusang: bets $6
VolkovDmitri: raises $6 to $12
zizonmusang: calls $6
*** RIVER *** [3h 8h 5c Ts] [Ah]
zizonmusang: checks
VolkovDmitri: bets $6
zizonmusang: calls $6
*** SHOW DOWN ***
VolkovDmitri: shows [Jc Js] (a pair of Jacks)
zizonmusang: shows [Qc Qd] (a pair of Queens)
zizonmusang collected $83.50 from pot
*** SUMMARY ***
Total pot $84 | Rake $0.50
Board [3h 8h 5c Ts Ah]
Seat 5: VolkovDmitri (button) (small blind) showed [Jc Js] and lost with a pair of Jacks
Seat 6: zizonmusang (big blind) showed [Qc Qd] and won ($83.50) with a pair of Queens


PokerStars Hand #151350820351:  Hold'em Limit ($3/$6 USD) - 2016/04/03 1:31:10 ET
Table 'Kalchas' 6-max Seat #5 is the button
Seat 5: VolkovDmitri ($121 in chips)
Seat 6: zizonmusang ($122.66 in chips)
VolkovDmitri: posts small blind $1
zizonmusang: posts big blind $3
*** HOLE CARDS ***
VolkovDmitri: raises $3 to $6
zizonmusang: calls $3
*** FLOP *** [9h Jh 5d]
zizonmusang: checks
VolkovDmitri: bets $3
zizonmusang: calls $3
*** TURN *** [9h Jh 5d] [7d]
zizonmusang: checks
VolkovDmitri: checks
*** RIVER *** [9h Jh 5d 7d] [Kh]
zizonmusang: bets $6
VolkovDmitri: folds
Uncalled bet ($6) returned to zizonmusang
zizonmusang collected $17.64 from pot
zizonmusang: doesn't show hand
*** SUMMARY ***
Total pot $18 | Rake $0.36
Board [9h Jh 5d 7d Kh]
Seat 5: VolkovDmitri (button) (small blind) folded on the River
Seat 6: zizonmusang (big blind) collected ($17.64)


PokerStars Hand #151350841038:  Hold'em Limit ($3/$6 USD) - 2016/04/03 1:32:26 ET
Table 'Kalchas' 6-max Seat #5 is the button
Seat 5: VolkovDmitri ($120 in chips)
Seat 6: zizonmusang ($145.80 in chips)
VolkovDmitri: posts small blind $1
zizonmusang: posts big blind $3
*** HOLE CARDS ***
VolkovDmitri: raises $3 to $6
zizonmusang: calls $3
*** FLOP *** [Qd 6h 3s]
zizonmusang: checks
VolkovDmitri: bets $3
zizonmusang: folds
Uncalled bet ($3) returned to VolkovDmitri
VolkovDmitri collected $11.76 from pot
VolkovDmitri: doesn't show hand
*** SUMMARY ***
Total pot $12 | Rake $0.24
Board [Qd 6h 3s]
Seat 5: VolkovDmitri (button) (small blind) collected ($11.76)
Seat 6: zizonmusang (big blind) folded on the Flop


PokerStars Hand #151350844497:  Hold'em Limit ($3/$6 USD) - 2016/04/03 1:32:39 ET
Table 'Kalchas' 6-max Seat #6 is the button
Seat 5: VolkovDmitri ($125.76 in chips)
Seat 6: zizonmusang ($139.80 in chips)
zizonmusang: posts small blind $1
VolkovDmitri: posts big blind $3
*** HOLE CARDS ***
zizonmusang: raises $3 to $6
VolkovDmitri: calls $3
*** FLOP *** [Kh 5s 4d]
VolkovDmitri: checks
zizonmusang: bets $3
VolkovDmitri: calls $3
*** TURN *** [Kh 5s 4d] [2s]
VolkovDmitri: checks
zizonmusang: bets $6
VolkovDmitri: calls $6
*** RIVER *** [Kh 5s 4d 2s] [6c]
VolkovDmitri: checks
zizonmusang: checks
*** SHOW DOWN ***
VolkovDmitri: shows [Jc 6d] (a pair of Sixes)
zizonmusang: shows [9s Ks] (a pair of Kings)
zizonmusang collected $29.50 from pot
*** SUMMARY ***
Total pot $30 | Rake $0.50
Board [Kh 5s 4d 2s 6c]
Seat 5: VolkovDmitri (big blind) showed [Jc 6d] and lost with a pair of Sixes
Seat 6: zizonmusang (button) (small blind) showed [9s Ks] and won ($29.50) with a pair of Kings


PokerStars Hand #151350830865:  Hold'em Limit ($3/$6 USD) - 2016/04/03 1:31:49 ET
Table 'Kalchas' 6-max Seat #6 is the button
Seat 5: VolkovDmitri ($120 in chips)
Seat 6: zizonmusang ($131.30 in chips)
zizonmusang: posts small blind $1
VolkovDmitri: posts big blind $3
*** HOLE CARDS ***
zizonmusang: raises $3 to $6
VolkovDmitri: calls $3
*** FLOP *** [6d 7h Ad]
VolkovDmitri: checks
zizonmusang: bets $3
VolkovDmitri: calls $3
*** TURN *** [6d 7h Ad] [As]
VolkovDmitri: checks
zizonmusang: checks
*** RIVER *** [6d 7h Ad As] [5s]
VolkovDmitri: bets $6
zizonmusang: raises $6 to $12
VolkovDmitri: folds
Uncalled bet ($6) returned to zizonmusang
zizonmusang collected $29.50 from pot
zizonmusang: doesn't show hand
*** SUMMARY ***
Total pot $30 | Rake $0.50
Board [6d 7h Ad As 5s]
Seat 5: VolkovDmitri (big blind) folded on the River
Seat 6: zizonmusang (button) (small blind) collected ($29.50)


PokerStars Hand #151350851148:  Hold'em Limit ($3/$6 USD) - 2016/04/03 1:33:02 ET
Table 'Kalchas' 6-max Seat #5 is the button
Seat 5: VolkovDmitri ($120 in chips)
Seat 6: zizonmusang ($154.30 in chips)
VolkovDmitri: posts small blind $1
zizonmusang: posts big blind $3
*** HOLE CARDS ***
VolkovDmitri: raises $3 to $6
zizonmusang: folds
Uncalled bet ($3) returned to VolkovDmitri
VolkovDmitri collected $6 from pot
VolkovDmitri: doesn't show hand
*** SUMMARY ***
Total pot $6 | Rake $0
Seat 5: VolkovDmitri (button) (small blind) collected ($6)
Seat 6: zizonmusang (big blind) folded before Flop


PokerStars Hand #151350853202:  Hold'em Limit ($3/$6 USD) - 2016/04/03 1:33:10 ET
Table 'Kalchas' 6-max Seat #6 is the button
Seat 5: VolkovDmitri ($123 in chips)
Seat 6: zizonmusang ($151.30 in chips)
zizonmusang: posts small blind $1
VolkovDmitri: posts big blind $3
*** HOLE CARDS ***
zizonmusang: raises $3 to $6
VolkovDmitri: calls $3
*** FLOP *** [Th Ac Kd]
VolkovDmitri: checks
zizonmusang: bets $3
VolkovDmitri: raises $3 to $6
zizonmusang: calls $3
*** TURN *** [Th Ac Kd] [6c]
VolkovDmitri: bets $6
zizonmusang: raises $6 to $12
VolkovDmitri: raises $6 to $18
zizonmusang: calls $6
*** RIVER *** [Th Ac Kd 6c] [8s]
VolkovDmitri: bets $6
zizonmusang: raises $6 to $12
VolkovDmitri: raises $6 to $18
zizonmusang: calls $6
alpha2777 joins the table at seat #4
*** SHOW DOWN ***
VolkovDmitri: shows [Jh Qc] (a straight, Ten to Ace)
zizonmusang: mucks hand
VolkovDmitri collected $95.50 from pot
*** SUMMARY ***
Total pot $96 | Rake $0.50
Board [Th Ac Kd 6c 8s]
Seat 5: VolkovDmitri (big blind) showed [Jh Qc] and won ($95.50) with a straight, Ten to Ace
Seat 6: zizonmusang (button) (small blind) mucked


PokerStars Hand #151350861508:  Hold'em Limit ($3/$6 USD) - 2016/04/03 1:33:40 ET
Table 'Kalchas' 6-max Seat #5 is the button
Seat 5: VolkovDmitri ($170.50 in chips)
Seat 6: zizonmusang ($103.30 in chips)
VolkovDmitri: posts small blind $1
zizonmusang: posts big blind $3
*** HOLE CARDS ***
VolkovDmitri: raises $3 to $6
zizonmusang: calls $3
*** FLOP *** [7d Td Jd]
zizonmusang: checks
VolkovDmitri: bets $3
zizonmusang: raises $3 to $6
VolkovDmitri: calls $3
*** TURN *** [7d Td Jd] [8d]
zizonmusang: bets $6
VolkovDmitri: calls $6
*** RIVER *** [7d Td Jd 8d] [Kd]
zizonmusang: checks
VolkovDmitri: checks
*** SHOW DOWN ***
zizonmusang: shows [Jh Qc] (a flush, King high)
VolkovDmitri: shows [2d Jc] (a flush, King high)
zizonmusang collected $17.75 from pot
VolkovDmitri collected $17.75 from pot
*** SUMMARY ***
Total pot $36 | Rake $0.50
Board [7d Td Jd 8d Kd]
Seat 5: VolkovDmitri (button) (small blind) showed [2d Jc] and won ($17.75) with a flush, King high
Seat 6: zizonmusang (big blind) showed [Jh Qc] and won ($17.75) with a flush, King high


PokerStars Hand #151350908083:  Hold'em Limit ($3/$6 USD) - 2016/04/03 1:36:28 ET
Table 'Kalchas' 6-max Seat #6 is the button
Seat 4: alpha2777 ($132.89 in chips)
Seat 6: zizonmusang ($110.51 in chips)
zizonmusang: posts small blind $1
alpha2777: posts big blind $3
*** HOLE CARDS ***
VolkovDmitri leaves the table
zizonmusang: raises $3 to $6
alpha2777: calls $3
*** FLOP *** [Jd Js Qh]
alpha2777: bets $3
zizonmusang: calls $3
*** TURN *** [Jd Js Qh] [Ah]
alpha2777: bets $6
zizonmusang: calls $6
*** RIVER *** [Jd Js Qh Ah] [8d]
alpha2777: bets $6
zizonmusang: calls $6
*** SHOW DOWN ***
alpha2777: shows [Jc 6c] (three of a kind, Jacks)
zizonmusang: mucks hand
alpha2777 collected $41.50 from pot
*** SUMMARY ***
Total pot $42 | Rake $0.50
Board [Jd Js Qh Ah 8d]
Seat 4: alpha2777 (big blind) showed [Jc 6c] and won ($41.50) with three of a kind, Jacks
Seat 6: zizonmusang (button) (small blind) mucked


PokerStars Hand #151350933976:  Hold'em Limit ($3/$6 USD) - 2016/04/03 1:38:01 ET
Table 'Kalchas' 6-max Seat #6 is the button
Seat 4: alpha2777 ($169.89 in chips)
Seat 6: zizonmusang ($72.01 in chips)
zizonmusang: posts small blind $1
alpha2777: posts big blind $3
*** HOLE CARDS ***
zizonmusang: raises $3 to $6
alpha2777: folds
Uncalled bet ($3) returned to zizonmusang
zizonmusang collected $6 from pot
zizonmusang: doesn't show hand
*** SUMMARY ***
Total pot $6 | Rake $0
Seat 4: alpha2777 (big blind) folded before Flop
Seat 6: zizonmusang (button) (small blind) collected ($6)


PokerStars Hand #151350932281:  Hold'em Limit ($3/$6 USD) - 2016/04/03 1:37:55 ET
Table 'Kalchas' 6-max Seat #4 is the button
Seat 4: alpha2777 ($170.89 in chips)
Seat 6: zizonmusang ($71.01 in chips)
alpha2777: posts small blind $1
zizonmusang: posts big blind $3
*** HOLE CARDS ***
alpha2777: folds
Uncalled bet ($2) returned to zizonmusang
zizonmusang collected $2 from pot
zizonmusang: doesn't show hand
*** SUMMARY ***
Total pot $2 | Rake $0
Seat 4: alpha2777 (button) (small blind) folded before Flop
Seat 6: zizonmusang (big blind) collected ($2)


PokerStars Hand #151350923753:  Hold'em Limit ($3/$6 USD) - 2016/04/03 1:37:24 ET
Table 'Kalchas' 6-max Seat #6 is the button
Seat 4: alpha2777 ($135.39 in chips)
Seat 6: zizonmusang ($107.01 in chips)
zizonmusang: posts small blind $1
alpha2777: posts big blind $3
*** HOLE CARDS ***
zizonmusang: raises $3 to $6
alpha2777: raises $3 to $9
zizonmusang: calls $3
*** FLOP *** [Ac 6c 3d]
alpha2777: bets $3
zizonmusang: raises $3 to $6
alpha2777: raises $3 to $9
zizonmusang: calls $3
*** TURN *** [Ac 6c 3d] [4d]
alpha2777: bets $6
zizonmusang: raises $6 to $12
alpha2777: calls $6
*** RIVER *** [Ac 6c 3d 4d] [7c]
alpha2777: checks
zizonmusang: bets $6
alpha2777: calls $6
*** SHOW DOWN ***
zizonmusang: shows [3c 4s] (two pair, Fours and Threes)
alpha2777: shows [6s As] (two pair, Aces and Sixes)
alpha2777 collected $71.50 from pot
*** SUMMARY ***
Total pot $72 | Rake $0.50
Board [Ac 6c 3d 4d 7c]
Seat 4: alpha2777 (big blind) showed [6s As] and won ($71.50) with two pair, Aces and Sixes
Seat 6: zizonmusang (button) (small blind) showed [3c 4s] and lost with two pair, Fours and Threes


PokerStars Hand #151350916681:  Hold'em Limit ($3/$6 USD) - 2016/04/03 1:36:59 ET
Table 'Kalchas' 6-max Seat #4 is the button
Seat 4: alpha2777 ($153.39 in chips)
Seat 6: zizonmusang ($89.51 in chips)
alpha2777: posts small blind $1
zizonmusang: posts big blind $3
*** HOLE CARDS ***
alpha2777: raises $3 to $6
zizonmusang: raises $3 to $9
alpha2777: calls $3
*** FLOP *** [2d Tc 3d]
zizonmusang: bets $3
alpha2777: calls $3
*** TURN *** [2d Tc 3d] [Qc]
zizonmusang: bets $6
alpha2777: calls $6
*** RIVER *** [2d Tc 3d Qc] [8d]
zizonmusang: bets $6
alpha2777: folds
Uncalled bet ($6) returned to zizonmusang
zizonmusang collected $35.50 from pot
zizonmusang: doesn't show hand
*** SUMMARY ***
Total pot $36 | Rake $0.50
Board [2d Tc 3d Qc 8d]
Seat 4: alpha2777 (button) (small blind) folded on the River
Seat 6: zizonmusang (big blind) collected ($35.50)


PokerStars Hand #151350936336:  Hold'em Limit ($3/$6 USD) - 2016/04/03 1:38:10 ET
Table 'Kalchas' 6-max Seat #4 is the button
Seat 4: alpha2777 ($166.89 in chips)
Seat 6: zizonmusang ($75.01 in chips)
alpha2777: posts small blind $1
zizonmusang: posts big blind $3
*** HOLE CARDS ***
alpha2777: raises $3 to $6
zizonmusang: calls $3
*** FLOP *** [3d Kd 4h]
zizonmusang: checks
alpha2777: bets $3
zizonmusang: raises $3 to $6
alpha2777: calls $3
*** TURN *** [3d Kd 4h] [Ts]
zizonmusang: bets $6
alpha2777: calls $6
*** RIVER *** [3d Kd 4h Ts] [8c]
zizonmusang: bets $6
alpha2777: calls $6
*** SHOW DOWN ***
zizonmusang: shows [4d 4s] (three of a kind, Fours)
alpha2777: mucks hand
zizonmusang collected $47.50 from pot
*** SUMMARY ***
Total pot $48 | Rake $0.50
Board [3d Kd 4h Ts 8c]
Seat 4: alpha2777 (button) (small blind) mucked
Seat 6: zizonmusang (big blind) showed [4d 4s] and won ($47.50) with three of a kind, Fours


PokerStars Hand #151350955554:  Hold'em Limit ($3/$6 USD) - 2016/04/03 1:39:19 ET
Table 'Kalchas' 6-max Seat #6 is the button
Seat 3: Agrotait ($83.28 in chips)
Seat 6: zizonmusang ($86.51 in chips)
zizonmusang: posts small blind $1
Agrotait: posts big blind $3
*** HOLE CARDS ***
zizonmusang: folds
Uncalled bet ($2) returned to Agrotait
Agrotait collected $2 from pot
Agrotait: doesn't show hand
*** SUMMARY ***
Total pot $2 | Rake $0
Seat 3: Agrotait (big blind) collected ($2)
Seat 6: zizonmusang (button) (small blind) folded before Flop


PokerStars Hand #151350957188:  Hold'em Limit ($3/$6 USD) - 2016/04/03 1:39:25 ET
Table 'Kalchas' 6-max Seat #3 is the button
Seat 3: Agrotait ($84.28 in chips)
Seat 6: zizonmusang ($85.51 in chips)
Agrotait: posts small blind $1
zizonmusang: posts big blind $3
*** HOLE CARDS ***
Agrotait: raises $3 to $6
zizonmusang: folds
Uncalled bet ($3) returned to Agrotait
Agrotait collected $6 from pot
Agrotait: doesn't show hand
*** SUMMARY ***
Total pot $6 | Rake $0
Seat 3: Agrotait (button) (small blind) collected ($6)
Seat 6: zizonmusang (big blind) folded before Flop


