PokerStars Hand #173744481271:  Hold'em Limit ($3/$6 USD) - 2017/07/31 9:24:20 ET
Table 'Kalchas' 6-max Seat #3 is the button
Seat 3: cadre472 ($120 in chips)
Seat 4: VolkovDmitri ($120 in chips)
cadre472: posts small blind $1
VolkovDmitri: posts big blind $3
*** HOLE CARDS ***
cadre472: raises $3 to $6
VolkovDmitri: raises $3 to $9
ogdealer joins the table at seat #6
cadre472: calls $3
*** FLOP *** [8d 2c 4c]
VolkovDmitri: bets $3
cadre472: calls $3
*** TURN *** [8d 2c 4c] [Qh]
VolkovDmitri: bets $6
cadre472: calls $6
*** RIVER *** [8d 2c 4c Qh] [As]
VolkovDmitri: bets $6
cadre472: calls $6
*** SHOW DOWN ***
VolkovDmitri: shows [7h 6h] (high card Ace)
cadre472: shows [Jc Ac] (a pair of Aces)
cadre472 collected $47.50 from pot
ogdealer leaves the table
*** SUMMARY ***
Total pot $48 | Rake $0.50
Board [8d 2c 4c Qh As]
Seat 3: cadre472 (button) (small blind) showed [Jc Ac] and won ($47.50) with a pair of Aces
Seat 4: VolkovDmitri (big blind) showed [7h 6h] and lost with high card Ace


PokerStars Hand #173744496739:  Hold'em Limit ($3/$6 USD) - 2017/07/31 9:24:51 ET
Table 'Kalchas' 6-max Seat #4 is the button
Seat 3: cadre472 ($143.50 in chips)
Seat 4: VolkovDmitri ($120 in chips)
VolkovDmitri: posts small blind $1
cadre472: posts big blind $3
*** HOLE CARDS ***
VolkovDmitri: raises $3 to $6
cadre472: calls $3
*** FLOP *** [6s 7c Ad]
cadre472: checks
VolkovDmitri: bets $3
cadre472: calls $3
*** TURN *** [6s 7c Ad] [3d]
cadre472: checks
VolkovDmitri: checks
*** RIVER *** [6s 7c Ad 3d] [Qh]
cadre472: bets $6
VolkovDmitri: folds
Uncalled bet ($6) returned to cadre472
cadre472 collected $17.64 from pot
cadre472: doesn't show hand
*** SUMMARY ***
Total pot $18 | Rake $0.36
Board [6s 7c Ad 3d Qh]
Seat 3: cadre472 (big blind) collected ($17.64)
Seat 4: VolkovDmitri (button) (small blind) folded on the River


PokerStars Hand #173744523509:  Hold'em Limit ($3/$6 USD) - 2017/07/31 9:25:47 ET
Table 'Kalchas' 6-max Seat #4 is the button
Seat 3: cadre472 ($151.90 in chips)
Seat 4: VolkovDmitri ($120 in chips)
VolkovDmitri: posts small blind $1
cadre472: posts big blind $3
*** HOLE CARDS ***
VolkovDmitri: raises $3 to $6
cadre472: calls $3
*** FLOP *** [3h Kc Kd]
cadre472: bets $3
VolkovDmitri: calls $3
*** TURN *** [3h Kc Kd] [Js]
cadre472: bets $6
VolkovDmitri: calls $6
*** RIVER *** [3h Kc Kd Js] [9s]
cadre472: bets $6
VolkovDmitri: raises $6 to $12
cadre472: calls $6
*** SHOW DOWN ***
VolkovDmitri: shows [5d Jh] (two pair, Kings and Jacks)
cadre472: shows [3d Jc] (two pair, Kings and Jacks)
cadre472 collected $26.75 from pot
VolkovDmitri collected $26.75 from pot
*** SUMMARY ***
Total pot $54 | Rake $0.50
Board [3h Kc Kd Js 9s]
Seat 3: cadre472 (big blind) showed [3d Jc] and won ($26.75) with two pair, Kings and Jacks
Seat 4: VolkovDmitri (button) (small blind) showed [5d Jh] and won ($26.75) with two pair, Kings and Jacks


PokerStars Hand #173744508970:  Hold'em Limit ($3/$6 USD) - 2017/07/31 9:25:17 ET
Table 'Kalchas' 6-max Seat #3 is the button
Seat 3: cadre472 ($152.14 in chips)
Seat 4: VolkovDmitri ($120 in chips)
cadre472: posts small blind $1
VolkovDmitri: posts big blind $3
*** HOLE CARDS ***
cadre472: raises $3 to $6
VolkovDmitri: raises $3 to $9
cadre472: calls $3
*** FLOP *** [Kc Qd 2c]
VolkovDmitri: bets $3
cadre472: calls $3
*** TURN *** [Kc Qd 2c] [8h]
VolkovDmitri: checks
cadre472: checks
*** RIVER *** [Kc Qd 2c 8h] [Ts]
VolkovDmitri: checks
cadre472: checks
*** SHOW DOWN ***
VolkovDmitri: shows [4c Ah] (high card Ace)
cadre472: shows [As 4h] (high card Ace)
VolkovDmitri collected $11.76 from pot
cadre472 collected $11.76 from pot
*** SUMMARY ***
Total pot $24 | Rake $0.48
Board [Kc Qd 2c 8h Ts]
Seat 3: cadre472 (button) (small blind) showed [As 4h] and won ($11.76) with high card Ace
Seat 4: VolkovDmitri (big blind) showed [4c Ah] and won ($11.76) with high card Ace


PokerStars Hand #173744566452:  Hold'em Limit ($3/$6 USD) - 2017/07/31 9:27:15 ET
Table 'Kalchas' 6-max Seat #3 is the button
Seat 3: cadre472 ($166.05 in chips)
Seat 4: VolkovDmitri ($120 in chips)
cadre472: posts small blind $1
VolkovDmitri: posts big blind $3
*** HOLE CARDS ***
cadre472: folds
Uncalled bet ($2) returned to VolkovDmitri
VolkovDmitri collected $2 from pot
VolkovDmitri: doesn't show hand
*** SUMMARY ***
Total pot $2 | Rake $0
Seat 3: cadre472 (button) (small blind) folded before Flop
Seat 4: VolkovDmitri (big blind) collected ($2)


PokerStars Hand #173744559999:  Hold'em Limit ($3/$6 USD) - 2017/07/31 9:27:02 ET
Table 'Kalchas' 6-max Seat #4 is the button
Seat 3: cadre472 ($157.41 in chips)
Seat 4: VolkovDmitri ($121 in chips)
VolkovDmitri: posts small blind $1
cadre472: posts big blind $3
*** HOLE CARDS ***
VolkovDmitri: raises $3 to $6
cadre472: raises $3 to $9
VolkovDmitri: calls $3
*** FLOP *** [Td 7h 8h]
cadre472: bets $3
VolkovDmitri: folds
Uncalled bet ($3) returned to cadre472
cadre472 collected $17.64 from pot
cadre472: doesn't show hand
*** SUMMARY ***
Total pot $18 | Rake $0.36
Board [Td 7h 8h]
Seat 3: cadre472 (big blind) collected ($17.64)
Seat 4: VolkovDmitri (button) (small blind) folded on the Flop


PokerStars Hand #173744539846:  Hold'em Limit ($3/$6 USD) - 2017/07/31 9:26:20 ET
Table 'Kalchas' 6-max Seat #3 is the button
Seat 3: cadre472 ($151.65 in chips)
Seat 4: VolkovDmitri ($120 in chips)
cadre472: posts small blind $1
VolkovDmitri: posts big blind $3
*** HOLE CARDS ***
cadre472: calls $2
VolkovDmitri: raises $3 to $6
cadre472: calls $3
*** FLOP *** [7s 8h Js]
VolkovDmitri: checks
cadre472: checks
*** TURN *** [7s 8h Js] [Tc]
VolkovDmitri: checks
cadre472: bets $6
VolkovDmitri: folds
Uncalled bet ($6) returned to cadre472
cadre472 collected $11.76 from pot
cadre472: doesn't show hand
*** SUMMARY ***
Total pot $12 | Rake $0.24
Board [7s 8h Js Tc]
Seat 3: cadre472 (button) (small blind) collected ($11.76)
Seat 4: VolkovDmitri (big blind) folded on the Turn


PokerStars Hand #173744557184:  Hold'em Limit ($3/$6 USD) - 2017/07/31 9:26:56 ET
Table 'Kalchas' 6-max Seat #3 is the button
Seat 3: cadre472 ($158.41 in chips)
Seat 4: VolkovDmitri ($120 in chips)
cadre472: posts small blind $1
VolkovDmitri: posts big blind $3
*** HOLE CARDS ***
cadre472: folds
Uncalled bet ($2) returned to VolkovDmitri
VolkovDmitri collected $2 from pot
VolkovDmitri: doesn't show hand
*** SUMMARY ***
Total pot $2 | Rake $0
Seat 3: cadre472 (button) (small blind) folded before Flop
Seat 4: VolkovDmitri (big blind) collected ($2)


PokerStars Hand #173744554839:  Hold'em Limit ($3/$6 USD) - 2017/07/31 9:26:51 ET
Table 'Kalchas' 6-max Seat #4 is the button
Seat 3: cadre472 ($157.41 in chips)
Seat 4: VolkovDmitri ($120 in chips)
VolkovDmitri: posts small blind $1
cadre472: posts big blind $3
*** HOLE CARDS ***
VolkovDmitri: folds
Uncalled bet ($2) returned to cadre472
cadre472 collected $2 from pot
cadre472: doesn't show hand
*** SUMMARY ***
Total pot $2 | Rake $0
Seat 3: cadre472 (big blind) collected ($2)
Seat 4: VolkovDmitri (button) (small blind) folded before Flop


PokerStars Hand #173744569401:  Hold'em Limit ($3/$6 USD) - 2017/07/31 9:27:21 ET
Table 'Kalchas' 6-max Seat #4 is the button
Seat 3: cadre472 ($165.05 in chips)
Seat 4: VolkovDmitri ($121 in chips)
VolkovDmitri: posts small blind $1
cadre472: posts big blind $3
*** HOLE CARDS ***
VolkovDmitri: raises $3 to $6
cadre472: calls $3
*** FLOP *** [Qs 7d 6c]
cadre472: checks
VolkovDmitri: bets $3
cadre472: calls $3
*** TURN *** [Qs 7d 6c] [8d]
cadre472: checks
VolkovDmitri: bets $6
cadre472: calls $6
*** RIVER *** [Qs 7d 6c 8d] [4h]
cadre472: bets $6
Psynto joins the table at seat #5
VolkovDmitri: calls $6
*** SHOW DOWN ***
cadre472: shows [5c 3c] (a straight, Four to Eight)
VolkovDmitri: mucks hand
cadre472 collected $41.50 from pot
*** SUMMARY ***
Total pot $42 | Rake $0.50
Board [Qs 7d 6c 8d 4h]
Seat 3: cadre472 (big blind) showed [5c 3c] and won ($41.50) with a straight, Four to Eight
Seat 4: VolkovDmitri (button) (small blind) mucked


PokerStars Hand #173744599415:  Hold'em Limit ($3/$6 USD) - 2017/07/31 9:28:23 ET
Table 'Kalchas' 6-max Seat #3 is the button
Seat 3: cadre472 ($185.55 in chips)
Seat 4: VolkovDmitri ($120 in chips)
cadre472: posts small blind $1
VolkovDmitri: posts big blind $3
*** HOLE CARDS ***
cadre472: raises $3 to $6
VolkovDmitri: calls $3
*** FLOP *** [8h 5h Th]
VolkovDmitri: checks
cadre472: checks
*** TURN *** [8h 5h Th] [3h]
VolkovDmitri: bets $6
cadre472: folds
Uncalled bet ($6) returned to VolkovDmitri
VolkovDmitri collected $11.76 from pot
VolkovDmitri: doesn't show hand
*** SUMMARY ***
Total pot $12 | Rake $0.24
Board [8h 5h Th 3h]
Seat 3: cadre472 (button) (small blind) folded on the Turn
Seat 4: VolkovDmitri (big blind) collected ($11.76)


