PokerStars Hand #163027719430:  Hold'em Limit ($3/$6 USD) - 2016/12/16 8:39:48 ET
Table 'Kalevala' 6-max Seat #3 is the button
Seat 3: chebob ($102.76 in chips)
Seat 4: Actionni13 ($153 in chips)
chebob: posts small blind $1
Actionni13: posts big blind $3
*** HOLE CARDS ***
chebob: raises $3 to $6
Actionni13: calls $3
*** FLOP *** [Jd 9c 8c]
Actionni13: checks
chebob: bets $3
Actionni13: folds
Uncalled bet ($3) returned to chebob
chebob collected $11.76 from pot
chebob: doesn't show hand
*** SUMMARY ***
Total pot $12 | Rake $0.24
Board [Jd 9c 8c]
Seat 3: chebob (button) (small blind) collected ($11.76)
Seat 4: Actionni13 (big blind) folded on the Flop


PokerStars Hand #163027714858:  Hold'em Limit ($3/$6 USD) - 2016/12/16 8:39:40 ET
Table 'Kalevala' 6-max Seat #4 is the button
Seat 3: chebob ($105.76 in chips)
Seat 4: Actionni13 ($150 in chips)
Actionni13: posts small blind $1
chebob: posts big blind $3
*** HOLE CARDS ***
Actionni13: raises $3 to $6
ToDaFelt joins the table at seat #5
chebob: folds
Uncalled bet ($3) returned to Actionni13
Actionni13 collected $6 from pot
*** SUMMARY ***
Total pot $6 | Rake $0
Seat 3: chebob (big blind) folded before Flop
Seat 4: Actionni13 (button) (small blind) collected ($6)


PokerStars Hand #163027708364:  Hold'em Limit ($3/$6 USD) - 2016/12/16 8:39:28 ET
Table 'Kalevala' 6-max Seat #3 is the button
Seat 3: chebob ($100 in chips)
Seat 4: Actionni13 ($150 in chips)
chebob: posts small blind $1
Actionni13: posts big blind $3
*** HOLE CARDS ***
chebob: raises $3 to $6
Actionni13: calls $3
*** FLOP *** [7h Qh 3h]
Actionni13: checks
chebob: bets $3
Actionni13: folds
Uncalled bet ($3) returned to chebob
chebob collected $11.76 from pot
chebob: doesn't show hand
*** SUMMARY ***
Total pot $12 | Rake $0.24
Board [7h Qh 3h]
Seat 3: chebob (button) (small blind) collected ($11.76)
Seat 4: Actionni13 (big blind) folded on the Flop


