PokerStars Hand #150625600505:  Hold'em Limit ($3/$6 USD) - 2016/03/19 21:44:45 ET
Table 'Kale' 6-max Seat #3 is the button
Seat 3: QueticoSteve ($120 in chips)
Seat 4: FHstyles ($60 in chips)
QueticoSteve: posts small blind $1
FHstyles: posts big blind $3
*** HOLE CARDS ***
QueticoSteve: raises $3 to $6
FHstyles: calls $3
*** FLOP *** [Ks Ad 2h]
FHstyles: checks
QueticoSteve: bets $3
GoliafUa joins the table at seat #5
FHstyles: folds
Uncalled bet ($3) returned to QueticoSteve
QueticoSteve collected $11.76 from pot
QueticoSteve: doesn't show hand
*** SUMMARY ***
Total pot $12 | Rake $0.24
Board [Ks Ad 2h]
Seat 3: QueticoSteve (button) (small blind) collected ($11.76)
Seat 4: FHstyles (big blind) folded on the Flop


PokerStars Hand #150625634895:  Hold'em Limit ($3/$6 USD) - 2016/03/19 21:45:53 ET
Table 'Kale' 6-max Seat #3 is the button
Seat 3: QueticoSteve ($107.52 in chips)
Seat 4: FHstyles ($71.50 in chips)
QueticoSteve: posts small blind $1
FHstyles: posts big blind $3
*** HOLE CARDS ***
QueticoSteve: raises $3 to $6
FHstyles: raises $3 to $9
QueticoSteve: calls $3
*** FLOP *** [6s 8h Kc]
FHstyles: bets $3
QueticoSteve: folds
Uncalled bet ($3) returned to FHstyles
FHstyles collected $17.64 from pot
FHstyles: doesn't show hand
*** SUMMARY ***
Total pot $18 | Rake $0.36
Board [6s 8h Kc]
Seat 3: QueticoSteve (button) (small blind) folded on the Flop
Seat 4: FHstyles (big blind) collected ($17.64)


PokerStars Hand #150625631187:  Hold'em Limit ($3/$6 USD) - 2016/03/19 21:45:46 ET
Table 'Kale' 6-max Seat #4 is the button
Seat 3: QueticoSteve ($110.52 in chips)
Seat 4: FHstyles ($68.50 in chips)
FHstyles: posts small blind $1
QueticoSteve: posts big blind $3
*** HOLE CARDS ***
FHstyles: raises $3 to $6
QueticoSteve: folds
Uncalled bet ($3) returned to FHstyles
FHstyles collected $6 from pot
FHstyles: doesn't show hand
*** SUMMARY ***
Total pot $6 | Rake $0
Seat 3: QueticoSteve (big blind) folded before Flop
Seat 4: FHstyles (button) (small blind) collected ($6)


PokerStars Hand #150625625325:  Hold'em Limit ($3/$6 USD) - 2016/03/19 21:45:34 ET
Table 'Kale' 6-max Seat #3 is the button
Seat 3: QueticoSteve ($104.76 in chips)
Seat 4: FHstyles ($74.50 in chips)
QueticoSteve: posts small blind $1
FHstyles: posts big blind $3
*** HOLE CARDS ***
QueticoSteve: raises $3 to $6
FHstyles: calls $3
*** FLOP *** [8d Th 4c]
FHstyles: checks
QueticoSteve: bets $3
FHstyles: folds
Uncalled bet ($3) returned to QueticoSteve
QueticoSteve collected $11.76 from pot
QueticoSteve: doesn't show hand
*** SUMMARY ***
Total pot $12 | Rake $0.24
Board [8d Th 4c]
Seat 3: QueticoSteve (button) (small blind) collected ($11.76)
Seat 4: FHstyles (big blind) folded on the Flop


PokerStars Hand #150625611727:  Hold'em Limit ($3/$6 USD) - 2016/03/19 21:45:07 ET
Table 'Kale' 6-max Seat #4 is the button
Seat 3: QueticoSteve ($125.76 in chips)
Seat 4: FHstyles ($54 in chips)
FHstyles: posts small blind $1
QueticoSteve: posts big blind $3
*** HOLE CARDS ***
FHstyles: raises $3 to $6
QueticoSteve: calls $3
*** FLOP *** [5s 3h 9h]
QueticoSteve: checks
FHstyles: bets $3
QueticoSteve: calls $3
*** TURN *** [5s 3h 9h] [Qc]
QueticoSteve: checks
FHstyles: bets $6
QueticoSteve: calls $6
*** RIVER *** [5s 3h 9h Qc] [As]
QueticoSteve: checks
FHstyles: bets $6
QueticoSteve: calls $6
*** SHOW DOWN ***
FHstyles: shows [3d 5c] (two pair, Fives and Threes)
QueticoSteve: mucks hand
FHstyles collected $41.50 from pot
*** SUMMARY ***
Total pot $42 | Rake $0.50
Board [5s 3h 9h Qc As]
Seat 3: QueticoSteve (big blind) mucked
Seat 4: FHstyles (button) (small blind) showed [3d 5c] and won ($41.50) with two pair, Fives and Threes


PokerStars Hand #150625665646:  Hold'em Limit ($3/$6 USD) - 2016/03/19 21:46:55 ET
Table 'Kale' 6-max Seat #4 is the button
Seat 3: QueticoSteve ($76.28 in chips)
Seat 4: FHstyles ($101.64 in chips)
FHstyles: posts small blind $1
QueticoSteve: posts big blind $3
*** HOLE CARDS ***
FHstyles: raises $3 to $6
QueticoSteve: calls $3
*** FLOP *** [Jd Th Ad]
QueticoSteve: checks
FHstyles: bets $3
QueticoSteve: calls $3
*** TURN *** [Jd Th Ad] [9s]
QueticoSteve: checks
FHstyles: bets $6
QueticoSteve: calls $6
*** RIVER *** [Jd Th Ad 9s] [5h]
QueticoSteve: checks
FHstyles: bets $6
QueticoSteve: calls $6
*** SHOW DOWN ***
FHstyles: shows [6d 2d] (high card Ace)
QueticoSteve: shows [4s 4c] (a pair of Fours)
QueticoSteve collected $41.50 from pot
*** SUMMARY ***
Total pot $42 | Rake $0.50
Board [Jd Th Ad 9s 5h]
Seat 3: QueticoSteve (big blind) showed [4s 4c] and won ($41.50) with a pair of Fours
Seat 4: FHstyles (button) (small blind) showed [6d 2d] and lost with high card Ace


PokerStars Hand #150625660135:  Hold'em Limit ($3/$6 USD) - 2016/03/19 21:46:44 ET
Table 'Kale' 6-max Seat #3 is the button
Seat 3: QueticoSteve ($70.52 in chips)
Seat 4: FHstyles ($107.64 in chips)
QueticoSteve: posts small blind $1
FHstyles: posts big blind $3
*** HOLE CARDS ***
QueticoSteve: raises $3 to $6
FHstyles: calls $3
*** FLOP *** [Jh 3d Tc]
FHstyles: checks
QueticoSteve: bets $3
FHstyles: folds
Uncalled bet ($3) returned to QueticoSteve
QueticoSteve collected $11.76 from pot
QueticoSteve: doesn't show hand
*** SUMMARY ***
Total pot $12 | Rake $0.24
Board [Jh 3d Tc]
Seat 3: QueticoSteve (button) (small blind) collected ($11.76)
Seat 4: FHstyles (big blind) folded on the Flop


PokerStars Hand #150625649898:  Hold'em Limit ($3/$6 USD) - 2016/03/19 21:46:23 ET
Table 'Kale' 6-max Seat #4 is the button
Seat 3: QueticoSteve ($94.52 in chips)
Seat 4: FHstyles ($84.14 in chips)
FHstyles: posts small blind $1
QueticoSteve: posts big blind $3
*** HOLE CARDS ***
FHstyles: raises $3 to $6
QueticoSteve: raises $3 to $9
FHstyles: calls $3
*** FLOP *** [3d 5s Ah]
QueticoSteve: bets $3
FHstyles: calls $3
*** TURN *** [3d 5s Ah] [7h]
QueticoSteve: bets $6
FHstyles: calls $6
*** RIVER *** [3d 5s Ah 7h] [Td]
QueticoSteve: bets $6
FHstyles: calls $6
*** SHOW DOWN ***
QueticoSteve: shows [Qh Jh] (high card Ace)
FHstyles: shows [4d 4c] (a pair of Fours)
FHstyles collected $47.50 from pot
*** SUMMARY ***
Total pot $48 | Rake $0.50
Board [3d 5s Ah 7h Td]
Seat 3: QueticoSteve (big blind) showed [Qh Jh] and lost with high card Ace
Seat 4: FHstyles (button) (small blind) showed [4d 4c] and won ($47.50) with a pair of Fours


PokerStars Hand #150625647395:  Hold'em Limit ($3/$6 USD) - 2016/03/19 21:46:18 ET
Table 'Kale' 6-max Seat #3 is the button
Seat 3: QueticoSteve ($95.52 in chips)
Seat 4: FHstyles ($83.14 in chips)
QueticoSteve: posts small blind $1
FHstyles: posts big blind $3
*** HOLE CARDS ***
QueticoSteve: folds
Uncalled bet ($2) returned to FHstyles
FHstyles collected $2 from pot
FHstyles: doesn't show hand
*** SUMMARY ***
Total pot $2 | Rake $0
Seat 3: QueticoSteve (button) (small blind) folded before Flop
Seat 4: FHstyles (big blind) collected ($2)


PokerStars Hand #150625643839:  Hold'em Limit ($3/$6 USD) - 2016/03/19 21:46:11 ET
Table 'Kale' 6-max Seat #4 is the button
Seat 3: QueticoSteve ($98.52 in chips)
Seat 4: FHstyles ($80.14 in chips)
FHstyles: posts small blind $1
QueticoSteve: posts big blind $3
*** HOLE CARDS ***
FHstyles: raises $3 to $6
QueticoSteve: folds
Uncalled bet ($3) returned to FHstyles
FHstyles collected $6 from pot
FHstyles: doesn't show hand
*** SUMMARY ***
Total pot $6 | Rake $0
Seat 3: QueticoSteve (big blind) folded before Flop
Seat 4: FHstyles (button) (small blind) collected ($6)


PokerStars Hand #150625698203:  Hold'em Limit ($3/$6 USD) - 2016/03/19 21:48:01 ET
Table 'Kale' 6-max Seat #3 is the button
Seat 3: QueticoSteve ($87.28 in chips)
Seat 4: FHstyles ($89.14 in chips)
QueticoSteve: posts small blind $1
FHstyles: posts big blind $3
*** HOLE CARDS ***
QueticoSteve: folds
Uncalled bet ($2) returned to FHstyles
FHstyles collected $2 from pot
FHstyles: doesn't show hand
*** SUMMARY ***
Total pot $2 | Rake $0
Seat 3: QueticoSteve (button) (small blind) folded before Flop
Seat 4: FHstyles (big blind) collected ($2)


PokerStars Hand #150625684153:  Hold'em Limit ($3/$6 USD) - 2016/03/19 21:47:32 ET
Table 'Kale' 6-max Seat #4 is the button
Seat 3: QueticoSteve ($114.28 in chips)
Seat 4: FHstyles ($62.64 in chips)
FHstyles: posts small blind $1
QueticoSteve: posts big blind $3
*** HOLE CARDS ***
FHstyles: raises $3 to $6
QueticoSteve: calls $3
*** FLOP *** [4s Th 5s]
QueticoSteve: checks
FHstyles: bets $3
QueticoSteve: raises $3 to $6
FHstyles: raises $3 to $9
QueticoSteve: calls $3
*** TURN *** [4s Th 5s] [6c]
QueticoSteve: checks
FHstyles: bets $6
QueticoSteve: calls $6
*** RIVER *** [4s Th 5s 6c] [3d]
QueticoSteve: checks
FHstyles: bets $6
QueticoSteve: calls $6
*** SHOW DOWN ***
FHstyles: shows [Jc Tc] (a pair of Tens)
QueticoSteve: mucks hand
FHstyles collected $53.50 from pot
*** SUMMARY ***
Total pot $54 | Rake $0.50
Board [4s Th 5s 6c 3d]
Seat 3: QueticoSteve (big blind) mucked
Seat 4: FHstyles (button) (small blind) showed [Jc Tc] and won ($53.50) with a pair of Tens


PokerStars Hand #150625675281:  Hold'em Limit ($3/$6 USD) - 2016/03/19 21:47:14 ET
Table 'Kale' 6-max Seat #3 is the button
Seat 3: QueticoSteve ($96.78 in chips)
Seat 4: FHstyles ($80.64 in chips)
QueticoSteve: posts small blind $1
FHstyles: posts big blind $3
*** HOLE CARDS ***
QueticoSteve: raises $3 to $6
FHstyles: calls $3
*** FLOP *** [6h 9s Ac]
FHstyles: checks
QueticoSteve: checks
*** TURN *** [6h 9s Ac] [4d]
FHstyles: bets $6
QueticoSteve: calls $6
*** RIVER *** [6h 9s Ac 4d] [3h]
FHstyles: bets $6
QueticoSteve: calls $6
*** SHOW DOWN ***
FHstyles: shows [7h Ts] (high card Ace)
QueticoSteve: shows [Kh 4h] (a pair of Fours)
QueticoSteve collected $35.50 from pot
*** SUMMARY ***
Total pot $36 | Rake $0.50
Board [6h 9s Ac 4d 3h]
Seat 3: QueticoSteve (button) (small blind) showed [Kh 4h] and won ($35.50) with a pair of Fours
Seat 4: FHstyles (big blind) showed [7h Ts] and lost with high card Ace


PokerStars Hand #150625713640:  Hold'em Limit ($3/$6 USD) - 2016/03/19 21:48:32 ET
Table 'Kale' 6-max Seat #3 is the button
Seat 3: QueticoSteve ($59.28 in chips)
Seat 4: FHstyles ($116.64 in chips)
QueticoSteve: posts small blind $1
FHstyles: posts big blind $3
*** HOLE CARDS ***
QueticoSteve: raises $3 to $6
FHstyles: raises $3 to $9
QueticoSteve: raises $3 to $12
Betting is capped
FHstyles: calls $3
*** FLOP *** [Ts 5s Tc]
FHstyles: checks
QueticoSteve: bets $3
FHstyles: calls $3
*** TURN *** [Ts 5s Tc] [5d]
FHstyles: checks
QueticoSteve: bets $6
FHstyles: folds
Uncalled bet ($6) returned to QueticoSteve
FHstyles leaves the table
QueticoSteve collected $29.50 from pot
QueticoSteve: doesn't show hand
*** SUMMARY ***
Total pot $30 | Rake $0.50
Board [Ts 5s Tc 5d]
Seat 3: QueticoSteve (button) (small blind) collected ($29.50)
Seat 4: FHstyles (big blind) folded on the Turn


PokerStars Hand #150625700710:  Hold'em Limit ($3/$6 USD) - 2016/03/19 21:48:06 ET
Table 'Kale' 6-max Seat #4 is the button
Seat 3: QueticoSteve ($86.28 in chips)
Seat 4: FHstyles ($90.14 in chips)
FHstyles: posts small blind $1
QueticoSteve: posts big blind $3
*** HOLE CARDS ***
FHstyles: raises $3 to $6
QueticoSteve: calls $3
*** FLOP *** [Jh Th 7s]
QueticoSteve: checks
FHstyles: bets $3
QueticoSteve: raises $3 to $6
FHstyles: raises $3 to $9
QueticoSteve: calls $3
*** TURN *** [Jh Th 7s] [8s]
QueticoSteve: checks
FHstyles: bets $6
QueticoSteve: raises $6 to $12
FHstyles: calls $6
*** RIVER *** [Jh Th 7s 8s] [Ts]
QueticoSteve: checks
FHstyles: checks
*** SHOW DOWN ***
QueticoSteve: shows [7c Jd] (two pair, Jacks and Tens)
FHstyles: shows [Kc Ks] (two pair, Kings and Tens)
FHstyles collected $53.50 from pot
*** SUMMARY ***
Total pot $54 | Rake $0.50
Board [Jh Th 7s 8s Ts]
Seat 3: QueticoSteve (big blind) showed [7c Jd] and lost with two pair, Jacks and Tens
Seat 4: FHstyles (button) (small blind) showed [Kc Ks] and won ($53.50) with two pair, Kings and Tens


