PokerStars Hand #149793342862:  Hold'em Limit ($3/$6 USD) - 2016/03/03 17:17:11 ET
Table 'Kalevala' 6-max Seat #3 is the button
Seat 2: 7 Huligan 7 ($59.50 in chips)
Seat 3: Azrarn ($90 in chips)
Azrarn: posts small blind $1
7 Huligan 7: posts big blind $3
*** HOLE CARDS ***
Azrarn: folds
Uncalled bet ($2) returned to 7 Huligan 7
7 Huligan 7 collected $2 from pot
7 Huligan 7: doesn't show hand
*** SUMMARY ***
Total pot $2 | Rake $0
Seat 2: 7 Huligan 7 (big blind) collected ($2)
Seat 3: Azrarn (button) (small blind) folded before Flop


PokerStars Hand #149793284624:  Hold'em Limit ($3/$6 USD) - 2016/03/03 17:16:08 ET
Table 'Kalevala' 6-max Seat #2 is the button
Seat 2: 7 Huligan 7 ($30 in chips)
Seat 3: Azrarn ($120 in chips)
7 Huligan 7: posts small blind $1
Azrarn: posts big blind $3
*** HOLE CARDS ***
7 Huligan 7: raises $3 to $6
Azrarn: calls $3
*** FLOP *** [7c 6d 2h]
Azrarn: checks
7 Huligan 7: bets $3
Azrarn: raises $3 to $6
7 Huligan 7: calls $3
*** TURN *** [7c 6d 2h] [Ad]
Azrarn: bets $6
7 Huligan 7: calls $6
*** RIVER *** [7c 6d 2h Ad] [As]
Azrarn: bets $6
7 Huligan 7: raises $6 to $12 and is all-in
Azrarn: calls $6
*** SHOW DOWN ***
7 Huligan 7: shows [Kd Ks] (two pair, Aces and Kings)
Azrarn: mucks hand
7 Huligan 7 collected $59.50 from pot
*** SUMMARY ***
Total pot $60 | Rake $0.50
Board [7c 6d 2h Ad As]
Seat 2: 7 Huligan 7 (button) (small blind) showed [Kd Ks] and won ($59.50) with two pair, Aces and Kings
Seat 3: Azrarn (big blind) mucked


PokerStars Hand #149795408932:  Hold'em Limit ($3/$6 USD) - 2016/03/03 17:54:34 ET
Table 'Kalevala' 6-max Seat #2 is the button
Seat 2: vestimokrec ($132.16 in chips)
Seat 6: Longstaaf ($81 in chips)
vestimokrec: posts small blind $1
Zubasa07: is sitting out
Longstaaf: posts big blind $3
*** HOLE CARDS ***
vestimokrec: folds
Uncalled bet ($2) returned to Longstaaf
Longstaaf collected $2 from pot
*** SUMMARY ***
Total pot $2 | Rake $0
Seat 2: vestimokrec (button) (small blind) folded before Flop
Seat 6: Longstaaf (big blind) collected ($2)


