PokerStars Hand #174305084761:  Hold'em Limit ($3/$6 USD) - 2017/08/13 19:58:00 ET
Table 'Kale' 6-max Seat #3 is the button
Seat 1: Velbor107 ($268.77 in chips)
Seat 3: Pepperlina ($131.79 in chips)
Pepperlina: posts small blind $1
Velbor107: posts big blind $3
*** HOLE CARDS ***
Pepperlina: raises $3 to $6
Velbor107: raises $3 to $9
Pepperlina: calls $3
*** FLOP *** [8c Kh Kd]
Velbor107: bets $3
Pepperlina: folds
Uncalled bet ($3) returned to Velbor107
Velbor107 collected $17.64 from pot
*** SUMMARY ***
Total pot $18 | Rake $0.36
Board [8c Kh Kd]
Seat 1: Velbor107 (big blind) collected ($17.64)
Seat 3: Pepperlina (button) (small blind) folded on the Flop


PokerStars Hand #174305107667:  Hold'em Limit ($3/$6 USD) - 2017/08/13 19:58:54 ET
Table 'Kale' 6-max Seat #3 is the button
Seat 1: Velbor107 ($294.91 in chips)
Seat 3: Pepperlina ($104.79 in chips)
Pepperlina: posts small blind $1
Velbor107: posts big blind $3
*** HOLE CARDS ***
Pepperlina: raises $3 to $6
Velbor107: folds
Uncalled bet ($3) returned to Pepperlina
Pepperlina collected $6 from pot
Pepperlina: doesn't show hand
*** SUMMARY ***
Total pot $6 | Rake $0
Seat 1: Velbor107 (big blind) folded before Flop
Seat 3: Pepperlina (button) (small blind) collected ($6)


PokerStars Hand #174305095204:  Hold'em Limit ($3/$6 USD) - 2017/08/13 19:58:24 ET
Table 'Kale' 6-max Seat #1 is the button
Seat 1: Velbor107 ($277.41 in chips)
Seat 3: Pepperlina ($122.79 in chips)
Velbor107: posts small blind $1
Pepperlina: posts big blind $3
*** HOLE CARDS ***
Velbor107: raises $3 to $6
Pepperlina: calls $3
*** FLOP *** [3c 8s 4c]
Pepperlina: checks
Velbor107: checks
*** TURN *** [3c 8s 4c] [Jd]
Pepperlina: bets $6
Velbor107: raises $6 to $12
Pepperlina: calls $6
*** RIVER *** [3c 8s 4c Jd] [6c]
Pepperlina: checks
Velbor107: bets $6
Pepperlina: folds
Uncalled bet ($6) returned to Velbor107
Velbor107 collected $35.50 from pot
*** SUMMARY ***
Total pot $36 | Rake $0.50
Board [3c 8s 4c Jd 6c]
Seat 1: Velbor107 (button) (small blind) collected ($35.50)
Seat 3: Pepperlina (big blind) folded on the River


PokerStars Hand #174305110355:  Hold'em Limit ($3/$6 USD) - 2017/08/13 19:59:00 ET
Table 'Kale' 6-max Seat #1 is the button
Seat 1: Velbor107 ($291.91 in chips)
Seat 3: Pepperlina ($107.79 in chips)
Velbor107: posts small blind $1
Pepperlina: posts big blind $3
*** HOLE CARDS ***
Velbor107: raises $3 to $6
Pepperlina: calls $3
*** FLOP *** [6d 4h Qc]
Pepperlina: checks
Velbor107: bets $3
Pepperlina: calls $3
*** TURN *** [6d 4h Qc] [4d]
Pepperlina: checks
Velbor107: checks
*** RIVER *** [6d 4h Qc 4d] [Ts]
Pepperlina: checks
Velbor107: checks
*** SHOW DOWN ***
Pepperlina: shows [3s Kh] (a pair of Fours)
Velbor107: shows [Jh As] (a pair of Fours - Ace kicker)
Velbor107 collected $17.64 from pot
*** SUMMARY ***
Total pot $18 | Rake $0.36
Board [6d 4h Qc 4d Ts]
Seat 1: Velbor107 (button) (small blind) showed [Jh As] and won ($17.64) with a pair of Fours
Seat 3: Pepperlina (big blind) showed [3s Kh] and lost with a pair of Fours


