PokerStars Hand #150789213692:  Hold'em Limit ($3/$6 USD) - 2016/03/22 22:39:07 ET
Table 'Kale II' 10-max Seat #4 is the button
Seat 4: TinaTurner72 ($120 in chips)
Seat 5: MHE P0XER! ($30 in chips)
TinaTurner72: posts small blind $1
MHE P0XER!: posts big blind $3
*** HOLE CARDS ***
TinaTurner72: raises $3 to $6
MHE P0XER!: calls $3
*** FLOP *** [Ac 7h As]
MHE P0XER!: checks
TinaTurner72: bets $3
MHE P0XER!: calls $3
*** TURN *** [Ac 7h As] [Ts]
MHE P0XER!: checks
TinaTurner72: checks
*** RIVER *** [Ac 7h As Ts] [7c]
MHE P0XER!: bets $6
TinaTurner72: calls $6
*** SHOW DOWN ***
MHE P0XER!: shows [6s 6c] (two pair, Aces and Sevens)
TinaTurner72: shows [Qh 4d] (two pair, Aces and Sevens - Queen kicker)
TinaTurner72 collected $29.50 from pot
*** SUMMARY ***
Total pot $30 | Rake $0.50
Board [Ac 7h As Ts 7c]
Seat 4: TinaTurner72 (button) (small blind) showed [Qh 4d] and won ($29.50) with two pair, Aces and Sevens
Seat 5: MHE P0XER! (big blind) showed [6s 6c] and lost with two pair, Aces and Sevens


PokerStars Hand #150789243952:  Hold'em Limit ($3/$6 USD) - 2016/03/22 22:40:25 ET
Table 'Kale II' 10-max Seat #4 is the button
Seat 4: TinaTurner72 ($126.38 in chips)
Seat 5: MHE P0XER! ($22.52 in chips)
TinaTurner72: posts small blind $1
MHE P0XER!: posts big blind $3
*** HOLE CARDS ***
TinaTurner72: raises $3 to $6
MHE P0XER!: calls $3
*** FLOP *** [9s Ad Qc]
MHE P0XER!: checks
TinaTurner72: bets $3
MHE P0XER!: folds
Uncalled bet ($3) returned to TinaTurner72
TinaTurner72 collected $11.76 from pot
TinaTurner72: doesn't show hand
*** SUMMARY ***
Total pot $12 | Rake $0.24
Board [9s Ad Qc]
Seat 4: TinaTurner72 (button) (small blind) collected ($11.76)
Seat 5: MHE P0XER! (big blind) folded on the Flop


PokerStars Hand #150789249020:  Hold'em Limit ($3/$6 USD) - 2016/03/22 22:40:38 ET
Table 'Kale II' 10-max Seat #5 is the button
Seat 4: TinaTurner72 ($132.14 in chips)
Seat 5: MHE P0XER! ($16.52 in chips)
MHE P0XER!: posts small blind $1
TinaTurner72: posts big blind $3
*** HOLE CARDS ***
MHE P0XER!: raises $3 to $6
TinaTurner72: folds
Uncalled bet ($3) returned to MHE P0XER!
MHE P0XER! collected $6 from pot
MHE P0XER!: doesn't show hand
*** SUMMARY ***
Total pot $6 | Rake $0
Seat 4: TinaTurner72 (big blind) folded before Flop
Seat 5: MHE P0XER! (button) (small blind) collected ($6)


PokerStars Hand #150789224988:  Hold'em Limit ($3/$6 USD) - 2016/03/22 22:39:36 ET
Table 'Kale II' 10-max Seat #5 is the button
Seat 4: TinaTurner72 ($134.50 in chips)
Seat 5: MHE P0XER! ($15 in chips)
MHE P0XER!: posts small blind $1
TinaTurner72: posts big blind $3
*** HOLE CARDS ***
MHE P0XER!: calls $2
TinaTurner72: checks
*** FLOP *** [Qs Td 4d]
TinaTurner72: checks
MHE P0XER!: checks
*** TURN *** [Qs Td 4d] [6h]
TinaTurner72: checks
MHE P0XER!: checks
*** RIVER *** [Qs Td 4d 6h] [6c]
TinaTurner72: bets $6
MHE P0XER!: folds
Uncalled bet ($6) returned to TinaTurner72
TinaTurner72 collected $5.88 from pot
TinaTurner72: doesn't show hand
*** SUMMARY ***
Total pot $6 | Rake $0.12
Board [Qs Td 4d 6h 6c]
Seat 4: TinaTurner72 (big blind) collected ($5.88)
Seat 5: MHE P0XER! (button) (small blind) folded on the River


PokerStars Hand #150789232866:  Hold'em Limit ($3/$6 USD) - 2016/03/22 22:39:56 ET
Table 'Kale II' 10-max Seat #4 is the button
Seat 4: TinaTurner72 ($137.38 in chips)
Seat 5: MHE P0XER! ($12 in chips)
TinaTurner72: posts small blind $1
MHE P0XER!: posts big blind $3
*** HOLE CARDS ***
TinaTurner72: raises $3 to $6
MHE P0XER!: raises $3 to $9
TinaTurner72: calls $3
*** FLOP *** [Kh 9d Ks]
MHE P0XER!: bets $3 and is all-in
TinaTurner72: calls $3
*** TURN *** [Kh 9d Ks] [4s]
*** RIVER *** [Kh 9d Ks 4s] [6h]
*** SHOW DOWN ***
MHE P0XER!: shows [Th 6s] (two pair, Kings and Sixes)
TinaTurner72: mucks hand
MHE P0XER! collected $23.52 from pot
*** SUMMARY ***
Total pot $24 | Rake $0.48
Board [Kh 9d Ks 4s 6h]
Seat 4: TinaTurner72 (button) (small blind) mucked
Seat 5: MHE P0XER! (big blind) showed [Th 6s] and won ($23.52) with two pair, Kings and Sixes


PokerStars Hand #150789241485:  Hold'em Limit ($3/$6 USD) - 2016/03/22 22:40:19 ET
Table 'Kale II' 10-max Seat #5 is the button
Seat 4: TinaTurner72 ($125.38 in chips)
Seat 5: MHE P0XER! ($23.52 in chips)
MHE P0XER!: posts small blind $1
TinaTurner72: posts big blind $3
*** HOLE CARDS ***
MHE P0XER!: folds
Uncalled bet ($2) returned to TinaTurner72
TinaTurner72 collected $2 from pot
TinaTurner72: doesn't show hand
*** SUMMARY ***
Total pot $2 | Rake $0
Seat 4: TinaTurner72 (big blind) collected ($2)
Seat 5: MHE P0XER! (button) (small blind) folded before Flop


PokerStars Hand #150789274556:  Hold'em Limit ($3/$6 USD) - 2016/03/22 22:41:44 ET
Table 'Kale II' 10-max Seat #5 is the button
Seat 4: TinaTurner72 ($127.14 in chips)
Seat 5: MHE P0XER! ($20.54 in chips)
MHE P0XER!: posts small blind $1
TinaTurner72: posts big blind $3
*** HOLE CARDS ***
MHE P0XER!: folds
Uncalled bet ($2) returned to TinaTurner72
TinaTurner72 collected $2 from pot
TinaTurner72: doesn't show hand
*** SUMMARY ***
Total pot $2 | Rake $0
Seat 4: TinaTurner72 (big blind) collected ($2)
Seat 5: MHE P0XER! (button) (small blind) folded before Flop


PokerStars Hand #150789268478:  Hold'em Limit ($3/$6 USD) - 2016/03/22 22:41:28 ET
Table 'Kale II' 10-max Seat #4 is the button
Seat 4: TinaTurner72 ($121.38 in chips)
Seat 5: MHE P0XER! ($26.54 in chips)
TinaTurner72: posts small blind $1
MHE P0XER!: posts big blind $3
*** HOLE CARDS ***
TinaTurner72: raises $3 to $6
MHE P0XER!: calls $3
*** FLOP *** [Ad Qs Kc]
MHE P0XER!: checks
TinaTurner72: bets $3
MHE P0XER!: folds
Uncalled bet ($3) returned to TinaTurner72
TinaTurner72 collected $11.76 from pot
TinaTurner72: doesn't show hand
*** SUMMARY ***
Total pot $12 | Rake $0.24
Board [Ad Qs Kc]
Seat 4: TinaTurner72 (button) (small blind) collected ($11.76)
Seat 5: MHE P0XER! (big blind) folded on the Flop


PokerStars Hand #150789251261:  Hold'em Limit ($3/$6 USD) - 2016/03/22 22:40:44 ET
Table 'Kale II' 10-max Seat #4 is the button
Seat 4: TinaTurner72 ($129.14 in chips)
Seat 5: MHE P0XER! ($19.52 in chips)
TinaTurner72: posts small blind $1
MHE P0XER!: posts big blind $3
*** HOLE CARDS ***
TinaTurner72: raises $3 to $6
MHE P0XER!: calls $3
*** FLOP *** [Jh 3s Ad]
MHE P0XER!: checks
TinaTurner72: bets $3
MHE P0XER!: folds
Uncalled bet ($3) returned to TinaTurner72
TinaTurner72 collected $11.76 from pot
TinaTurner72: doesn't show hand
*** SUMMARY ***
Total pot $12 | Rake $0.24
Board [Jh 3s Ad]
Seat 4: TinaTurner72 (button) (small blind) collected ($11.76)
Seat 5: MHE P0XER! (big blind) folded on the Flop


PokerStars Hand #150789256791:  Hold'em Limit ($3/$6 USD) - 2016/03/22 22:40:58 ET
Table 'Kale II' 10-max Seat #5 is the button
Seat 4: TinaTurner72 ($134.90 in chips)
Seat 5: MHE P0XER! ($13.52 in chips)
MHE P0XER!: posts small blind $1
TinaTurner72: posts big blind $3
*** HOLE CARDS ***
MHE P0XER!: raises $3 to $6
TinaTurner72: calls $3
*** FLOP *** [3s 4s 2s]
TinaTurner72: checks
MHE P0XER!: bets $3
TinaTurner72: calls $3
*** TURN *** [3s 4s 2s] [8s]
TinaTurner72: checks
MHE P0XER!: bets $4.52 and is all-in
TinaTurner72: calls $4.52
*** RIVER *** [3s 4s 2s 8s] [6d]
*** SHOW DOWN ***
TinaTurner72: shows [6c Qc] (a pair of Sixes)
MHE P0XER!: shows [Jc 8c] (a pair of Eights)
MHE P0XER! collected $26.54 from pot
*** SUMMARY ***
Total pot $27.04 | Rake $0.50
Board [3s 4s 2s 8s 6d]
Seat 4: TinaTurner72 (big blind) showed [6c Qc] and lost with a pair of Sixes
Seat 5: MHE P0XER! (button) (small blind) showed [Jc 8c] and won ($26.54) with a pair of Eights


PokerStars Hand #150789287092:  Hold'em Limit ($3/$6 USD) - 2016/03/22 22:42:16 ET
Table 'Kale II' 10-max Seat #4 is the button
Seat 4: TinaTurner72 ($120.36 in chips)
Seat 5: MHE P0XER! ($26.58 in chips)
TinaTurner72: posts small blind $1
MHE P0XER!: posts big blind $3
*** HOLE CARDS ***
TinaTurner72: raises $3 to $6
MHE P0XER!: calls $3
*** FLOP *** [5s 2h 9d]
MHE P0XER!: checks
TinaTurner72: bets $3
MHE P0XER!: calls $3
*** TURN *** [5s 2h 9d] [3s]
MHE P0XER!: checks
TinaTurner72: checks
*** RIVER *** [5s 2h 9d 3s] [Js]
MHE P0XER!: bets $6
TinaTurner72: folds
Uncalled bet ($6) returned to MHE P0XER!
MHE P0XER! collected $17.64 from pot
MHE P0XER!: doesn't show hand
*** SUMMARY ***
Total pot $18 | Rake $0.36
Board [5s 2h 9d 3s Js]
Seat 4: TinaTurner72 (button) (small blind) folded on the River
Seat 5: MHE P0XER! (big blind) collected ($17.64)


PokerStars Hand #150789280821:  Hold'em Limit ($3/$6 USD) - 2016/03/22 22:42:00 ET
Table 'Kale II' 10-max Seat #5 is the button
Seat 4: TinaTurner72 ($133.90 in chips)
Seat 5: MHE P0XER! ($13.54 in chips)
MHE P0XER!: posts small blind $1
TinaTurner72: posts big blind $3
*** HOLE CARDS ***
MHE P0XER!: raises $3 to $6
TinaTurner72: calls $3
*** FLOP *** [9h Js 3c]
TinaTurner72: bets $3
MHE P0XER!: raises $3 to $6
TinaTurner72: raises $3 to $9
MHE P0XER!: calls $1.54 and is all-in
Uncalled bet ($1.46) returned to TinaTurner72
*** TURN *** [9h Js 3c] [7c]
*** RIVER *** [9h Js 3c 7c] [Kd]
*** SHOW DOWN ***
TinaTurner72: shows [6h 3h] (a pair of Threes)
MHE P0XER!: shows [3d 9s] (two pair, Nines and Threes)
MHE P0XER! collected $26.58 from pot
*** SUMMARY ***
Total pot $27.08 | Rake $0.50
Board [9h Js 3c 7c Kd]
Seat 4: TinaTurner72 (big blind) showed [6h 3h] and lost with a pair of Threes
Seat 5: MHE P0XER! (button) (small blind) showed [3d 9s] and won ($26.58) with two pair, Nines and Threes


PokerStars Hand #150789276483:  Hold'em Limit ($3/$6 USD) - 2016/03/22 22:41:49 ET
Table 'Kale II' 10-max Seat #4 is the button
Seat 4: TinaTurner72 ($128.14 in chips)
Seat 5: MHE P0XER! ($19.54 in chips)
TinaTurner72: posts small blind $1
MHE P0XER!: posts big blind $3
*** HOLE CARDS ***
TinaTurner72: raises $3 to $6
MHE P0XER!: calls $3
*** FLOP *** [Js 8h Th]
MHE P0XER!: checks
TinaTurner72: bets $3
MHE P0XER!: folds
Uncalled bet ($3) returned to TinaTurner72
TinaTurner72 collected $11.76 from pot
TinaTurner72: doesn't show hand
*** SUMMARY ***
Total pot $12 | Rake $0.24
Board [Js 8h Th]
Seat 4: TinaTurner72 (button) (small blind) collected ($11.76)
Seat 5: MHE P0XER! (big blind) folded on the Flop


