PokerStars Hand #175931520259:  Hold'em Limit ($3/$6 USD) - 2017/09/21 10:51:13 ET
Table 'Kale II' 6-max Seat #3 is the button
Seat 3: arinadam999 ($250 in chips)
Seat 5: GoliafUa ($120 in chips)
arinadam999: posts small blind $1
GoliafUa: posts big blind $3
*** HOLE CARDS ***
arinadam999: raises $3 to $6
GoliafUa: calls $3
*** FLOP *** [Jd Qs 6c]
GoliafUa: checks
arinadam999: bets $3
GoliafUa: calls $3
*** TURN *** [Jd Qs 6c] [3s]
GoliafUa: checks
arinadam999: bets $6
GoliafUa: calls $6
*** RIVER *** [Jd Qs 6c 3s] [2h]
GoliafUa: checks
arinadam999: checks
*** SHOW DOWN ***
GoliafUa: shows [8c 6s] (a pair of Sixes)
arinadam999: mucks hand
GoliafUa collected $29.50 from pot
*** SUMMARY ***
Total pot $30 | Rake $0.50
Board [Jd Qs 6c 3s 2h]
Seat 3: arinadam999 (button) (small blind) mucked
Seat 5: GoliafUa (big blind) showed [8c 6s] and won ($29.50) with a pair of Sixes


PokerStars Hand #175931549424:  Hold'em Limit ($3/$6 USD) - 2017/09/21 10:52:04 ET
Table 'Kale II' 6-max Seat #3 is the button
Seat 3: arinadam999 ($220 in chips)
Seat 5: GoliafUa ($149 in chips)
arinadam999: posts small blind $1
GoliafUa: posts big blind $3
*** HOLE CARDS ***
arinadam999: folds
Uncalled bet ($2) returned to GoliafUa
GoliafUa collected $2 from pot
*** SUMMARY ***
Total pot $2 | Rake $0
Seat 3: arinadam999 (button) (small blind) folded before Flop
Seat 5: GoliafUa (big blind) collected ($2)


PokerStars Hand #175931531062:  Hold'em Limit ($3/$6 USD) - 2017/09/21 10:51:32 ET
Table 'Kale II' 6-max Seat #5 is the button
Seat 3: arinadam999 ($235 in chips)
Seat 5: GoliafUa ($134.50 in chips)
GoliafUa: posts small blind $1
arinadam999: posts big blind $3
*** HOLE CARDS ***
GoliafUa: raises $3 to $6
arinadam999: calls $3
*** FLOP *** [7s Kd 9s]
arinadam999: checks
GoliafUa: bets $3
arinadam999: calls $3
*** TURN *** [7s Kd 9s] [6d]
arinadam999: checks
GoliafUa: bets $6
arinadam999: calls $6
*** RIVER *** [7s Kd 9s 6d] [9c]
arinadam999: checks
GoliafUa: checks
*** SHOW DOWN ***
arinadam999: shows [Jc 8d] (a pair of Nines)
GoliafUa: shows [5d 6c] (two pair, Nines and Sixes)
GoliafUa collected $29.50 from pot
*** SUMMARY ***
Total pot $30 | Rake $0.50
Board [7s Kd 9s 6d 9c]
Seat 3: arinadam999 (big blind) showed [Jc 8d] and lost with a pair of Nines
Seat 5: GoliafUa (button) (small blind) showed [5d 6c] and won ($29.50) with two pair, Nines and Sixes


PokerStars Hand #175931571790:  Hold'em Limit ($3/$6 USD) - 2017/09/21 10:52:44 ET
Table 'Kale II' 6-max Seat #5 is the button
Seat 3: arinadam999 ($223.76 in chips)
Seat 5: GoliafUa ($145 in chips)
GoliafUa: posts small blind $1
arinadam999: posts big blind $3
*** HOLE CARDS ***
GoliafUa: raises $3 to $6
arinadam999: folds
Uncalled bet ($3) returned to GoliafUa
GoliafUa collected $6 from pot
*** SUMMARY ***
Total pot $6 | Rake $0
Seat 3: arinadam999 (big blind) folded before Flop
Seat 5: GoliafUa (button) (small blind) collected ($6)


PokerStars Hand #175931568586:  Hold'em Limit ($3/$6 USD) - 2017/09/21 10:52:39 ET
Table 'Kale II' 6-max Seat #3 is the button
Seat 3: arinadam999 ($224.76 in chips)
Seat 5: GoliafUa ($144 in chips)
arinadam999: posts small blind $1
GoliafUa: posts big blind $3
*** HOLE CARDS ***
arinadam999: folds
Uncalled bet ($2) returned to GoliafUa
GoliafUa collected $2 from pot
*** SUMMARY ***
Total pot $2 | Rake $0
Seat 3: arinadam999 (button) (small blind) folded before Flop
Seat 5: GoliafUa (big blind) collected ($2)


PokerStars Hand #175931576207:  Hold'em Limit ($3/$6 USD) - 2017/09/21 10:52:52 ET
Table 'Kale II' 6-max Seat #3 is the button
Seat 3: arinadam999 ($220.76 in chips)
Seat 5: GoliafUa ($148 in chips)
arinadam999: posts small blind $1
GoliafUa: posts big blind $3
*** HOLE CARDS ***
arinadam999: raises $3 to $6
GoliafUa: calls $3
*** FLOP *** [5d 4h 2h]
GoliafUa: checks
arinadam999: checks
*** TURN *** [5d 4h 2h] [2d]
GoliafUa: bets $6
arinadam999: folds
Uncalled bet ($6) returned to GoliafUa
GoliafUa collected $11.76 from pot
*** SUMMARY ***
Total pot $12 | Rake $0.24
Board [5d 4h 2h 2d]
Seat 3: arinadam999 (button) (small blind) folded on the Turn
Seat 5: GoliafUa (big blind) collected ($11.76)


PokerStars Hand #175931590159:  Hold'em Limit ($3/$6 USD) - 2017/09/21 10:53:17 ET
Table 'Kale II' 6-max Seat #3 is the button
Seat 3: arinadam999 ($211.76 in chips)
Seat 5: GoliafUa ($156.76 in chips)
arinadam999: posts small blind $1
GoliafUa: posts big blind $3
*** HOLE CARDS ***
arinadam999: folds
Uncalled bet ($2) returned to GoliafUa
GoliafUa collected $2 from pot
*** SUMMARY ***
Total pot $2 | Rake $0
Seat 3: arinadam999 (button) (small blind) folded before Flop
Seat 5: GoliafUa (big blind) collected ($2)


PokerStars Hand #175931586821:  Hold'em Limit ($3/$6 USD) - 2017/09/21 10:53:11 ET
Table 'Kale II' 6-max Seat #5 is the button
Seat 3: arinadam999 ($214.76 in chips)
Seat 5: GoliafUa ($153.76 in chips)
GoliafUa: posts small blind $1
arinadam999: posts big blind $3
*** HOLE CARDS ***
GoliafUa: raises $3 to $6
arinadam999: folds
Uncalled bet ($3) returned to GoliafUa
GoliafUa collected $6 from pot
*** SUMMARY ***
Total pot $6 | Rake $0
Seat 3: arinadam999 (big blind) folded before Flop
Seat 5: GoliafUa (button) (small blind) collected ($6)


PokerStars Hand #175931551848:  Hold'em Limit ($3/$6 USD) - 2017/09/21 10:52:09 ET
Table 'Kale II' 6-max Seat #5 is the button
Seat 3: arinadam999 ($219 in chips)
Seat 5: GoliafUa ($150 in chips)
GoliafUa: posts small blind $1
arinadam999: posts big blind $3
*** HOLE CARDS ***
GoliafUa: raises $3 to $6
arinadam999: calls $3
*** FLOP *** [8d 4c Qc]
arinadam999: checks
GoliafUa: checks
*** TURN *** [8d 4c Qc] [Tc]
arinadam999: checks
GoliafUa: checks
*** RIVER *** [8d 4c Qc Tc] [Th]
arinadam999: checks
GoliafUa: checks
*** SHOW DOWN ***
arinadam999: shows [6c Ah] (a pair of Tens)
GoliafUa: mucks hand
arinadam999 collected $11.76 from pot
*** SUMMARY ***
Total pot $12 | Rake $0.24
Board [8d 4c Qc Tc Th]
Seat 3: arinadam999 (big blind) showed [6c Ah] and won ($11.76) with a pair of Tens
Seat 5: GoliafUa (button) (small blind) mucked


PokerStars Hand #175931604973:  Hold'em Limit ($3/$6 USD) - 2017/09/21 10:53:44 ET
Table 'Kale II' 6-max Seat #3 is the button
Seat 3: arinadam999 ($183.76 in chips)
Seat 5: GoliafUa ($184.26 in chips)
arinadam999: posts small blind $1
GoliafUa: posts big blind $3
*** HOLE CARDS ***
arinadam999: folds
Uncalled bet ($2) returned to GoliafUa
GoliafUa collected $2 from pot
*** SUMMARY ***
Total pot $2 | Rake $0
Seat 3: arinadam999 (button) (small blind) folded before Flop
Seat 5: GoliafUa (big blind) collected ($2)


PokerStars Hand #175931593148:  Hold'em Limit ($3/$6 USD) - 2017/09/21 10:53:23 ET
Table 'Kale II' 6-max Seat #5 is the button
Seat 3: arinadam999 ($210.76 in chips)
Seat 5: GoliafUa ($157.76 in chips)
GoliafUa: posts small blind $1
arinadam999: posts big blind $3
*** HOLE CARDS ***
GoliafUa: raises $3 to $6
arinadam999: calls $3
*** FLOP *** [Jc 5c 9s]
arinadam999: checks
GoliafUa: bets $3
arinadam999: calls $3
*** TURN *** [Jc 5c 9s] [3h]
arinadam999: checks
GoliafUa: bets $6
arinadam999: raises $6 to $12
GoliafUa: calls $6
*** RIVER *** [Jc 5c 9s 3h] [4s]
arinadam999: bets $6
GoliafUa: calls $6
*** SHOW DOWN ***
arinadam999: shows [Ad Js] (a pair of Jacks)
GoliafUa: shows [5d 3d] (two pair, Fives and Threes)
GoliafUa collected $53.50 from pot
*** SUMMARY ***
Total pot $54 | Rake $0.50
Board [Jc 5c 9s 3h 4s]
Seat 3: arinadam999 (big blind) showed [Ad Js] and lost with a pair of Jacks
Seat 5: GoliafUa (button) (small blind) showed [5d 3d] and won ($53.50) with two pair, Fives and Threes


PokerStars Hand #175931612932:  Hold'em Limit ($3/$6 USD) - 2017/09/21 10:53:58 ET
Table 'Kale II' 6-max Seat #3 is the button
Seat 3: arinadam999 ($191.40 in chips)
Seat 5: GoliafUa ($176.26 in chips)
arinadam999: posts small blind $1
GoliafUa: posts big blind $3
*** HOLE CARDS ***
arinadam999: folds
Uncalled bet ($2) returned to GoliafUa
GoliafUa collected $2 from pot
*** SUMMARY ***
Total pot $2 | Rake $0
Seat 3: arinadam999 (button) (small blind) folded before Flop
Seat 5: GoliafUa (big blind) collected ($2)


PokerStars Hand #175931607761:  Hold'em Limit ($3/$6 USD) - 2017/09/21 10:53:49 ET
Table 'Kale II' 6-max Seat #5 is the button
Seat 3: arinadam999 ($182.76 in chips)
Seat 5: GoliafUa ($185.26 in chips)
GoliafUa: posts small blind $1
arinadam999: posts big blind $3
*** HOLE CARDS ***
GoliafUa: raises $3 to $6
arinadam999: raises $3 to $9
GoliafUa: calls $3
*** FLOP *** [5h 3s As]
arinadam999: bets $3
GoliafUa: folds
Uncalled bet ($3) returned to arinadam999
arinadam999 collected $17.64 from pot
arinadam999: doesn't show hand
*** SUMMARY ***
Total pot $18 | Rake $0.36
Board [5h 3s As]
Seat 3: arinadam999 (big blind) collected ($17.64)
Seat 5: GoliafUa (button) (small blind) folded on the Flop


PokerStars Hand #175931616016:  Hold'em Limit ($3/$6 USD) - 2017/09/21 10:54:04 ET
Table 'Kale II' 6-max Seat #5 is the button
Seat 3: arinadam999 ($190.40 in chips)
Seat 5: GoliafUa ($177.26 in chips)
GoliafUa: posts small blind $1
arinadam999: posts big blind $3
*** HOLE CARDS ***
GoliafUa: raises $3 to $6
arinadam999: calls $3
*** FLOP *** [6d 2c 6s]
arinadam999: bets $3
GoliafUa: calls $3
*** TURN *** [6d 2c 6s] [5c]
arinadam999: bets $6
GoliafUa: calls $6
*** RIVER *** [6d 2c 6s 5c] [2s]
arinadam999: bets $6
GoliafUa: calls $6
*** SHOW DOWN ***
arinadam999: shows [Td Tc] (two pair, Tens and Sixes)
GoliafUa: mucks hand
arinadam999 collected $41.50 from pot
*** SUMMARY ***
Total pot $42 | Rake $0.50
Board [6d 2c 6s 5c 2s]
Seat 3: arinadam999 (big blind) showed [Td Tc] and won ($41.50) with two pair, Tens and Sixes
Seat 5: GoliafUa (button) (small blind) mucked


PokerStars Hand #175931629165:  Hold'em Limit ($3/$6 USD) - 2017/09/21 10:54:27 ET
Table 'Kale II' 6-max Seat #5 is the button
Seat 3: arinadam999 ($209.90 in chips)
Seat 5: GoliafUa ($157.26 in chips)
GoliafUa: posts small blind $1
arinadam999: posts big blind $3
*** HOLE CARDS ***
GoliafUa: raises $3 to $6
arinadam999: calls $3
*** FLOP *** [2c 8s 9c]
arinadam999: checks
GoliafUa: bets $3
arinadam999: folds
Uncalled bet ($3) returned to GoliafUa
GoliafUa collected $11.76 from pot
*** SUMMARY ***
Total pot $12 | Rake $0.24
Board [2c 8s 9c]
Seat 3: arinadam999 (big blind) folded on the Flop
Seat 5: GoliafUa (button) (small blind) collected ($11.76)


PokerStars Hand #175931637744:  Hold'em Limit ($3/$6 USD) - 2017/09/21 10:54:43 ET
Table 'Kale II' 6-max Seat #3 is the button
Seat 3: arinadam999 ($203.90 in chips)
Seat 5: GoliafUa ($163.02 in chips)
arinadam999: posts small blind $1
GoliafUa: posts big blind $3
*** HOLE CARDS ***
arinadam999: folds
Uncalled bet ($2) returned to GoliafUa
GoliafUa collected $2 from pot
*** SUMMARY ***
Total pot $2 | Rake $0
Seat 3: arinadam999 (button) (small blind) folded before Flop
Seat 5: GoliafUa (big blind) collected ($2)


PokerStars Hand #175931641721:  Hold'em Limit ($3/$6 USD) - 2017/09/21 10:54:50 ET
Table 'Kale II' 6-max Seat #5 is the button
Seat 3: arinadam999 ($202.90 in chips)
Seat 5: GoliafUa ($164.02 in chips)
GoliafUa: posts small blind $1
arinadam999: posts big blind $3
*** HOLE CARDS ***
GoliafUa: raises $3 to $6
arinadam999: folds
Uncalled bet ($3) returned to GoliafUa
GoliafUa collected $6 from pot
*** SUMMARY ***
Total pot $6 | Rake $0
Seat 3: arinadam999 (big blind) folded before Flop
Seat 5: GoliafUa (button) (small blind) collected ($6)


PokerStars Hand #175931626319:  Hold'em Limit ($3/$6 USD) - 2017/09/21 10:54:22 ET
Table 'Kale II' 6-max Seat #3 is the button
Seat 3: arinadam999 ($210.90 in chips)
Seat 5: GoliafUa ($156.26 in chips)
arinadam999: posts small blind $1
GoliafUa: posts big blind $3
*** HOLE CARDS ***
arinadam999: folds
Uncalled bet ($2) returned to GoliafUa
GoliafUa collected $2 from pot
*** SUMMARY ***
Total pot $2 | Rake $0
Seat 3: arinadam999 (button) (small blind) folded before Flop
Seat 5: GoliafUa (big blind) collected ($2)


