PokerStars Hand #165275484509:  Hold'em Limit ($3/$6 USD) - 2017/01/27 20:34:08 ET
Table 'Kale' 6-max Seat #5 is the button
Seat 4: AzureCaper ($87.50 in chips)
Seat 5: mowinmo ($70 in chips)
mowinmo: posts small blind $1
AzureCaper: posts big blind $3
*** HOLE CARDS ***
mowinmo: folds
Uncalled bet ($2) returned to AzureCaper
AzureCaper collected $2 from pot
AzureCaper: doesn't show hand
*** SUMMARY ***
Total pot $2 | Rake $0
Seat 4: AzureCaper (big blind) collected ($2)
Seat 5: mowinmo (button) (small blind) folded before Flop


PokerStars Hand #165275481081:  Hold'em Limit ($3/$6 USD) - 2017/01/27 20:34:02 ET
Table 'Kale' 6-max Seat #4 is the button
Seat 4: AzureCaper ($88.50 in chips)
Seat 5: mowinmo ($69 in chips)
AzureCaper: posts small blind $1
mowinmo: posts big blind $3
*** HOLE CARDS ***
AzureCaper: folds
Uncalled bet ($2) returned to mowinmo
mowinmo collected $2 from pot
mowinmo: doesn't show hand
*** SUMMARY ***
Total pot $2 | Rake $0
Seat 4: AzureCaper (button) (small blind) folded before Flop
Seat 5: mowinmo (big blind) collected ($2)


PokerStars Hand #165275477622:  Hold'em Limit ($3/$6 USD) - 2017/01/27 20:33:55 ET
Table 'Kale' 6-max Seat #5 is the button
Seat 4: AzureCaper ($87.50 in chips)
Seat 5: mowinmo ($70 in chips)
mowinmo: posts small blind $1
AzureCaper: posts big blind $3
*** HOLE CARDS ***
mowinmo: folds
Uncalled bet ($2) returned to AzureCaper
AzureCaper collected $2 from pot
AzureCaper: doesn't show hand
*** SUMMARY ***
Total pot $2 | Rake $0
Seat 4: AzureCaper (big blind) collected ($2)
Seat 5: mowinmo (button) (small blind) folded before Flop


PokerStars Hand #165275457277:  Hold'em Limit ($3/$6 USD) - 2017/01/27 20:33:19 ET
Table 'Kale' 6-max Seat #4 is the button
Seat 4: AzureCaper ($73 in chips)
Seat 5: mowinmo ($85 in chips)
AzureCaper: posts small blind $1
mowinmo: posts big blind $3
*** HOLE CARDS ***
AzureCaper: raises $3 to $6
mowinmo: calls $3
*** FLOP *** [6s 2d 3s]
mowinmo: checks
AzureCaper: bets $3
mowinmo: calls $3
*** TURN *** [6s 2d 3s] [Jh]
mowinmo: checks
AzureCaper: bets $6
mowinmo: calls $6
*** RIVER *** [6s 2d 3s Jh] [3c]
mowinmo: checks
AzureCaper: bets $6
mowinmo: folds
Uncalled bet ($6) returned to AzureCaper
AzureCaper collected $29.50 from pot
AzureCaper: doesn't show hand
*** SUMMARY ***
Total pot $30 | Rake $0.50
Board [6s 2d 3s Jh 3c]
Seat 4: AzureCaper (button) (small blind) collected ($29.50)
Seat 5: mowinmo (big blind) folded on the River


PokerStars Hand #165275506620:  Hold'em Limit ($3/$6 USD) - 2017/01/27 20:34:48 ET
Table 'Kale' 6-max Seat #5 is the button
Seat 4: AzureCaper ($79.50 in chips)
Seat 5: mowinmo ($77.64 in chips)
mowinmo: posts small blind $1
AzureCaper: posts big blind $3
*** HOLE CARDS ***
mowinmo: folds
Uncalled bet ($2) returned to AzureCaper
AzureCaper collected $2 from pot
*** SUMMARY ***
Total pot $2 | Rake $0
Seat 4: AzureCaper (big blind) collected ($2)
Seat 5: mowinmo (button) (small blind) folded before Flop


PokerStars Hand #165275490571:  Hold'em Limit ($3/$6 USD) - 2017/01/27 20:34:19 ET
Table 'Kale' 6-max Seat #4 is the button
Seat 4: AzureCaper ($88.50 in chips)
Seat 5: mowinmo ($69 in chips)
AzureCaper: posts small blind $1
mowinmo: posts big blind $3
*** HOLE CARDS ***
AzureCaper: raises $3 to $6
mowinmo: raises $3 to $9
AzureCaper: calls $3
*** FLOP *** [8h Kd 4h]
mowinmo: checks
AzureCaper: checks
*** TURN *** [8h Kd 4h] [4c]
mowinmo: bets $6
AzureCaper: folds
Uncalled bet ($6) returned to mowinmo
mowinmo collected $17.64 from pot
mowinmo: doesn't show hand
*** SUMMARY ***
Total pot $18 | Rake $0.36
Board [8h Kd 4h 4c]
Seat 4: AzureCaper (button) (small blind) folded on the Turn
Seat 5: mowinmo (big blind) collected ($17.64)


PokerStars Hand #165275511439:  Hold'em Limit ($3/$6 USD) - 2017/01/27 20:34:57 ET
Table 'Kale' 6-max Seat #4 is the button
Seat 4: AzureCaper ($80.50 in chips)
Seat 5: mowinmo ($76.64 in chips)
AzureCaper: posts small blind $1
mowinmo: posts big blind $3
*** HOLE CARDS ***
AzureCaper: raises $3 to $6
mowinmo: raises $3 to $9
AzureCaper: calls $3
*** FLOP *** [9h Jd Ac]
mowinmo: checks
AzureCaper: checks
*** TURN *** [9h Jd Ac] [7s]
mowinmo: checks
AzureCaper: bets $6
mowinmo: folds
Uncalled bet ($6) returned to AzureCaper
AzureCaper collected $17.64 from pot
AzureCaper: doesn't show hand
*** SUMMARY ***
Total pot $18 | Rake $0.36
Board [9h Jd Ac 7s]
Seat 4: AzureCaper (button) (small blind) collected ($17.64)
Seat 5: mowinmo (big blind) folded on the Turn


PokerStars Hand #165275533706:  Hold'em Limit ($3/$6 USD) - 2017/01/27 20:35:37 ET
Table 'Kale' 6-max Seat #5 is the button
Seat 4: AzureCaper ($89.14 in chips)
Seat 5: mowinmo ($67.64 in chips)
mowinmo: posts small blind $1
AzureCaper: posts big blind $3
*** HOLE CARDS ***
mowinmo: calls $2
AzureCaper: checks
*** FLOP *** [3s 6h 8c]
AzureCaper: bets $3
mowinmo: calls $3
*** TURN *** [3s 6h 8c] [6c]
AzureCaper: bets $6
mowinmo: folds
Uncalled bet ($6) returned to AzureCaper
AzureCaper collected $11.76 from pot
AzureCaper: doesn't show hand
*** SUMMARY ***
Total pot $12 | Rake $0.24
Board [3s 6h 8c 6c]
Seat 4: AzureCaper (big blind) collected ($11.76)
Seat 5: mowinmo (button) (small blind) folded on the Turn


PokerStars Hand #165275546539:  Hold'em Limit ($3/$6 USD) - 2017/01/27 20:36:00 ET
Table 'Kale' 6-max Seat #4 is the button
Seat 4: AzureCaper ($94.90 in chips)
Seat 5: mowinmo ($61.64 in chips)
AzureCaper: posts small blind $1
mowinmo: posts big blind $3
*** HOLE CARDS ***
AzureCaper: raises $3 to $6
mowinmo: raises $3 to $9
AzureCaper: calls $3
*** FLOP *** [6s 4s Qc]
mowinmo: bets $3
AzureCaper: calls $3
*** TURN *** [6s 4s Qc] [Qh]
mowinmo: checks
AzureCaper: bets $6
mowinmo: calls $6
*** RIVER *** [6s 4s Qc Qh] [5h]
mowinmo: checks
AzureCaper: bets $6
mowinmo: calls $6
*** SHOW DOWN ***
AzureCaper: shows [7c 6c] (two pair, Queens and Sixes)
mowinmo: mucks hand
AzureCaper collected $47.50 from pot
*** SUMMARY ***
Total pot $48 | Rake $0.50
Board [6s 4s Qc Qh 5h]
Seat 4: AzureCaper (button) (small blind) showed [7c 6c] and won ($47.50) with two pair, Queens and Sixes
Seat 5: mowinmo (big blind) mucked


PokerStars Hand #165275567019:  Hold'em Limit ($3/$6 USD) - 2017/01/27 20:36:38 ET
Table 'Kale' 6-max Seat #5 is the button
Seat 4: AzureCaper ($118.40 in chips)
Seat 5: mowinmo ($37.64 in chips)
mowinmo: posts small blind $1
AzureCaper: posts big blind $3
*** HOLE CARDS ***
mowinmo: calls $2
AzureCaper: checks
*** FLOP *** [3d 5s 3h]
AzureCaper: bets $3
mowinmo: folds
Uncalled bet ($3) returned to AzureCaper
AzureCaper collected $5.88 from pot
AzureCaper: doesn't show hand
*** SUMMARY ***
Total pot $6 | Rake $0.12
Board [3d 5s 3h]
Seat 4: AzureCaper (big blind) collected ($5.88)
Seat 5: mowinmo (button) (small blind) folded on the Flop


PokerStars Hand #165275584356:  Hold'em Limit ($3/$6 USD) - 2017/01/27 20:37:09 ET
Table 'Kale' 6-max Seat #5 is the button
Seat 4: AzureCaper ($120.28 in chips)
Seat 5: mowinmo ($35.64 in chips)
mowinmo: posts small blind $1
AzureCaper: posts big blind $3
*** HOLE CARDS ***
mowinmo: folds
Uncalled bet ($2) returned to AzureCaper
AzureCaper collected $2 from pot
AzureCaper: doesn't show hand
*** SUMMARY ***
Total pot $2 | Rake $0
Seat 4: AzureCaper (big blind) collected ($2)
Seat 5: mowinmo (button) (small blind) folded before Flop


PokerStars Hand #165275580028:  Hold'em Limit ($3/$6 USD) - 2017/01/27 20:37:01 ET
Table 'Kale' 6-max Seat #4 is the button
Seat 4: AzureCaper ($121.28 in chips)
Seat 5: mowinmo ($34.64 in chips)
AzureCaper: posts small blind $1
mowinmo: posts big blind $3
*** HOLE CARDS ***
AzureCaper: folds
Uncalled bet ($2) returned to mowinmo
mowinmo collected $2 from pot
mowinmo: doesn't show hand
*** SUMMARY ***
Total pot $2 | Rake $0
Seat 4: AzureCaper (button) (small blind) folded before Flop
Seat 5: mowinmo (big blind) collected ($2)


PokerStars Hand #165275589362:  Hold'em Limit ($3/$6 USD) - 2017/01/27 20:37:18 ET
Table 'Kale' 6-max Seat #4 is the button
Seat 4: AzureCaper ($121.28 in chips)
Seat 5: mowinmo ($34.64 in chips)
AzureCaper: posts small blind $1
mowinmo: posts big blind $3
*** HOLE CARDS ***
AzureCaper: raises $3 to $6
mowinmo: folds
Uncalled bet ($3) returned to AzureCaper
AzureCaper collected $6 from pot
AzureCaper: doesn't show hand
*** SUMMARY ***
Total pot $6 | Rake $0
Seat 4: AzureCaper (button) (small blind) collected ($6)
Seat 5: mowinmo (big blind) folded before Flop


PokerStars Hand #165275593571:  Hold'em Limit ($3/$6 USD) - 2017/01/27 20:37:26 ET
Table 'Kale' 6-max Seat #5 is the button
Seat 4: AzureCaper ($124.28 in chips)
Seat 5: mowinmo ($31.64 in chips)
mowinmo: posts small blind $1
AzureCaper: posts big blind $3
*** HOLE CARDS ***
mowinmo: raises $3 to $6
AzureCaper: calls $3
*** FLOP *** [8d 4s Kd]
AzureCaper: checks
mowinmo: checks
*** TURN *** [8d 4s Kd] [Jh]
AzureCaper: checks
mowinmo: checks
*** RIVER *** [8d 4s Kd Jh] [Ts]
AzureCaper: checks
mowinmo: checks
*** SHOW DOWN ***
AzureCaper: shows [4h 6s] (a pair of Fours)
mowinmo: mucks hand
AzureCaper collected $11.76 from pot
*** SUMMARY ***
Total pot $12 | Rake $0.24
Board [8d 4s Kd Jh Ts]
Seat 4: AzureCaper (big blind) showed [4h 6s] and won ($11.76) with a pair of Fours
Seat 5: mowinmo (button) (small blind) mucked


PokerStars Hand #165275614838:  Hold'em Limit ($3/$6 USD) - 2017/01/27 20:38:05 ET
Table 'Kale' 6-max Seat #4 is the button
Seat 4: AzureCaper ($130.04 in chips)
Seat 5: mowinmo ($25.64 in chips)
AzureCaper: posts small blind $1
mowinmo: posts big blind $3
*** HOLE CARDS ***
AzureCaper: raises $3 to $6
mowinmo: raises $3 to $9
AzureCaper: raises $3 to $12
Betting is capped
mowinmo: calls $3
*** FLOP *** [8s As Jc]
mowinmo: bets $3
AzureCaper: raises $3 to $6
mowinmo: calls $3
*** TURN *** [8s As Jc] [2h]
mowinmo: bets $6
AzureCaper: raises $6 to $12
mowinmo: calls $1.64 and is all-in
Uncalled bet ($4.36) returned to AzureCaper
*** RIVER *** [8s As Jc 2h] [Qc]
*** SHOW DOWN ***
mowinmo: shows [Ad 6s] (a pair of Aces)
AzureCaper: shows [Jd Ah] (two pair, Aces and Jacks)
AzureCaper collected $50.78 from pot
*** SUMMARY ***
Total pot $51.28 | Rake $0.50
Board [8s As Jc 2h Qc]
Seat 4: AzureCaper (button) (small blind) showed [Jd Ah] and won ($50.78) with two pair, Aces and Jacks
Seat 5: mowinmo (big blind) showed [Ad 6s] and lost with a pair of Aces


