PokerStars Hand #155280640084:  Hold'em Limit ($3/$6 USD) - 2016/06/27 18:34:38 ET
Table 'Kalevala' 6-max Seat #6 is the button
Seat 5: HAOYUN88888 ($95.12 in chips)
Seat 6: Zubasa07 ($500 in chips)
BrownieSpy joins the table at seat #4
Zubasa07: posts small blind $1
HAOYUN88888: posts big blind $3
*** HOLE CARDS ***
Zubasa07: raises $3 to $6
HAOYUN88888: calls $3
*** FLOP *** [9h 7h 2h]
HAOYUN88888: checks
ABATAPP joins the table at seat #1
Zubasa07: bets $3
HAOYUN88888: folds
Uncalled bet ($3) returned to Zubasa07
Zubasa07 collected $11.76 from pot
Zubasa07: doesn't show hand
*** SUMMARY ***
Total pot $12 | Rake $0.24
Board [9h 7h 2h]
Seat 5: HAOYUN88888 (big blind) folded on the Flop
Seat 6: Zubasa07 (button) (small blind) collected ($11.76)


PokerStars Hand #155280995178:  Hold'em Limit ($3/$6 USD) - 2016/06/27 18:44:14 ET
Table 'Kalevala' 6-max Seat #2 is the button
Seat 2: Rmk1500 ($19.64 in chips)
Seat 3: italianhero4 ($44.07 in chips)
Rmk1500: posts small blind $1
italianhero4: posts big blind $3
*** HOLE CARDS ***
Rmk1500: raises $3 to $6
italianhero4: calls $3
*** FLOP *** [6h Ad 5s]
italianhero4: checks
Rmk1500: bets $3
italianhero4: calls $3
*** TURN *** [6h Ad 5s] [Qh]
italianhero4: checks
Rmk1500: checks
*** RIVER *** [6h Ad 5s Qh] [Kh]
italianhero4: bets $6
Rmk1500: folds
Uncalled bet ($6) returned to italianhero4
italianhero4 collected $17.64 from pot
*** SUMMARY ***
Total pot $18 | Rake $0.36
Board [6h Ad 5s Qh Kh]
Seat 2: Rmk1500 (button) (small blind) folded on the River
Seat 3: italianhero4 (big blind) collected ($17.64)


PokerStars Hand #155280986833:  Hold'em Limit ($3/$6 USD) - 2016/06/27 18:44:01 ET
Table 'Kalevala' 6-max Seat #3 is the button
Seat 2: Rmk1500 ($28.64 in chips)
Seat 3: italianhero4 ($35.43 in chips)
italianhero4: posts small blind $1
BrownieSpy: is sitting out
Rmk1500: posts big blind $3
*** HOLE CARDS ***
BrownieSpy leaves the table
italianhero4: raises $3 to $6
Rmk1500: calls $3
*** FLOP *** [2s 9h Kh]
Rmk1500: checks
italianhero4: bets $3
Rmk1500: calls $3
*** TURN *** [2s 9h Kh] [8d]
Rmk1500: checks
italianhero4: bets $6
Rmk1500: folds
Uncalled bet ($6) returned to italianhero4
italianhero4 collected $17.64 from pot
*** SUMMARY ***
Total pot $18 | Rake $0.36
Board [2s 9h Kh 8d]
Seat 2: Rmk1500 (big blind) folded on the Turn
Seat 3: italianhero4 (button) (small blind) collected ($17.64)


PokerStars Hand #155281035010:  Hold'em Limit ($3/$6 USD) - 2016/06/27 18:45:20 ET
Table 'Kalevala' 6-max Seat #2 is the button
Seat 2: Rmk1500 ($13.61 in chips)
Seat 3: italianhero4 ($48.59 in chips)
Rmk1500: posts small blind $1
italianhero4: posts big blind $3
*** HOLE CARDS ***
Rmk1500: raises $3 to $6
italianhero4: calls $3
*** FLOP *** [Ks Jd Ad]
italianhero4: checks
Rmk1500: bets $3
italianhero4: raises $3 to $6
Rmk1500: folds
Uncalled bet ($3) returned to italianhero4
italianhero4 collected $17.64 from pot
*** SUMMARY ***
Total pot $18 | Rake $0.36
Board [Ks Jd Ad]
Seat 2: Rmk1500 (button) (small blind) folded on the Flop
Seat 3: italianhero4 (big blind) collected ($17.64)


PokerStars Hand #155281028951:  Hold'em Limit ($3/$6 USD) - 2016/06/27 18:45:10 ET
Table 'Kalevala' 6-max Seat #3 is the button
Seat 2: Rmk1500 ($19.61 in chips)
Seat 3: italianhero4 ($42.83 in chips)
italianhero4: posts small blind $1
Rmk1500: posts big blind $3
*** HOLE CARDS ***
italianhero4: raises $3 to $6
Rmk1500: calls $3
*** FLOP *** [3h 4c Qs]
Rmk1500: checks
italianhero4: bets $3
Rmk1500: folds
Uncalled bet ($3) returned to italianhero4
italianhero4 collected $11.76 from pot
*** SUMMARY ***
Total pot $12 | Rake $0.24
Board [3h 4c Qs]
Seat 2: Rmk1500 (big blind) folded on the Flop
Seat 3: italianhero4 (button) (small blind) collected ($11.76)


PokerStars Hand #155281025236:  Hold'em Limit ($3/$6 USD) - 2016/06/27 18:45:04 ET
Table 'Kalevala' 6-max Seat #2 is the button
Seat 2: Rmk1500 ($20.61 in chips)
Seat 3: italianhero4 ($41.83 in chips)
Rmk1500: posts small blind $1
italianhero4: posts big blind $3
*** HOLE CARDS ***
Rmk1500: folds
Uncalled bet ($2) returned to italianhero4
italianhero4 collected $2 from pot
italianhero4: doesn't show hand
*** SUMMARY ***
Total pot $2 | Rake $0
Seat 2: Rmk1500 (button) (small blind) folded before Flop
Seat 3: italianhero4 (big blind) collected ($2)


PokerStars Hand #155281019467:  Hold'em Limit ($3/$6 USD) - 2016/06/27 18:44:54 ET
Table 'Kalevala' 6-max Seat #3 is the button
Seat 2: Rmk1500 ($26.61 in chips)
Seat 3: italianhero4 ($36.07 in chips)
italianhero4: posts small blind $1
Rmk1500: posts big blind $3
*** HOLE CARDS ***
italianhero4: raises $3 to $6
Rmk1500: calls $3
*** FLOP *** [5d Th 4s]
Rmk1500: checks
italianhero4: bets $3
Rmk1500: folds
Uncalled bet ($3) returned to italianhero4
italianhero4 collected $11.76 from pot
italianhero4: doesn't show hand
*** SUMMARY ***
Total pot $12 | Rake $0.24
Board [5d Th 4s]
Seat 2: Rmk1500 (big blind) folded on the Flop
Seat 3: italianhero4 (button) (small blind) collected ($11.76)


PokerStars Hand #155281012910:  Hold'em Limit ($3/$6 USD) - 2016/06/27 18:44:44 ET
Table 'Kalevala' 6-max Seat #2 is the button
Seat 2: Rmk1500 ($20.85 in chips)
Seat 3: italianhero4 ($42.07 in chips)
Rmk1500: posts small blind $1
italianhero4: posts big blind $3
*** HOLE CARDS ***
Rmk1500: raises $3 to $6
italianhero4: calls $3
*** FLOP *** [7h Qd 5d]
italianhero4: checks
Rmk1500: bets $3
italianhero4: folds
Uncalled bet ($3) returned to Rmk1500
Rmk1500 collected $11.76 from pot
*** SUMMARY ***
Total pot $12 | Rake $0.24
Board [7h Qd 5d]
Seat 2: Rmk1500 (button) (small blind) collected ($11.76)
Seat 3: italianhero4 (big blind) folded on the Flop


PokerStars Hand #155281004214:  Hold'em Limit ($3/$6 USD) - 2016/06/27 18:44:29 ET
Table 'Kalevala' 6-max Seat #3 is the button
Seat 2: Rmk1500 ($10.64 in chips)
Seat 3: italianhero4 ($52.71 in chips)
italianhero4: posts small blind $1
Rmk1500: posts big blind $3
*** HOLE CARDS ***
italianhero4: raises $3 to $6
Rmk1500: raises $3 to $9
italianhero4: raises $3 to $12
Betting is capped
Rmk1500: calls $1.64 and is all-in
Uncalled bet ($1.36) returned to italianhero4
*** FLOP *** [Kd 6s 9c]
*** TURN *** [Kd 6s 9c] [6c]
*** RIVER *** [Kd 6s 9c 6c] [Ah]
*** SHOW DOWN ***
Rmk1500: shows [Ac Jd] (two pair, Aces and Sixes)
italianhero4: shows [9d Qc] (two pair, Nines and Sixes)
Rmk1500 collected $20.85 from pot
*** SUMMARY ***
Total pot $21.28 | Rake $0.43
Board [Kd 6s 9c 6c Ah]
Seat 2: Rmk1500 (big blind) showed [Ac Jd] and won ($20.85) with two pair, Aces and Sixes
Seat 3: italianhero4 (button) (small blind) showed [9d Qc] and lost with two pair, Nines and Sixes


PokerStars Hand #155281052844:  Hold'em Limit ($3/$6 USD) - 2016/06/27 18:45:49 ET
Table 'Kalevala' 6-max Seat #3 is the button
Seat 2: Rmk1500 ($8.04 in chips)
Seat 3: italianhero4 ($53.62 in chips)
italianhero4: posts small blind $1
Rmk1500: posts big blind $3
*** HOLE CARDS ***
italianhero4: raises $3 to $6
Rmk1500: raises $2.04 to $8.04 and is all-in
italianhero4: calls $2.04
*** FLOP *** [3s 9s 8d]
*** TURN *** [3s 9s 8d] [7c]
*** RIVER *** [3s 9s 8d 7c] [4h]
*** SHOW DOWN ***
Rmk1500: shows [Ks 2c] (high card King)
italianhero4: shows [Ts 9c] (a pair of Nines)
italianhero4 collected $15.76 from pot
*** SUMMARY ***
Total pot $16.08 | Rake $0.32
Board [3s 9s 8d 7c 4h]
Seat 2: Rmk1500 (big blind) showed [Ks 2c] and lost with high card King
Seat 3: italianhero4 (button) (small blind) showed [Ts 9c] and won ($15.76) with a pair of Nines


PokerStars Hand #155281049770:  Hold'em Limit ($3/$6 USD) - 2016/06/27 18:45:44 ET
Table 'Kalevala' 6-max Seat #2 is the button
Seat 2: Rmk1500 ($9.04 in chips)
Seat 3: italianhero4 ($52.62 in chips)
Rmk1500: posts small blind $1
italianhero4: posts big blind $3
*** HOLE CARDS ***
Rmk1500: folds
Uncalled bet ($2) returned to italianhero4
italianhero4 collected $2 from pot
*** SUMMARY ***
Total pot $2 | Rake $0
Seat 2: Rmk1500 (button) (small blind) folded before Flop
Seat 3: italianhero4 (big blind) collected ($2)


PokerStars Hand #155281042305:  Hold'em Limit ($3/$6 USD) - 2016/06/27 18:45:32 ET
Table 'Kalevala' 6-max Seat #3 is the button
Seat 2: Rmk1500 ($4.61 in chips)
Seat 3: italianhero4 ($57.23 in chips)
italianhero4: posts small blind $1
Rmk1500: posts big blind $3
*** HOLE CARDS ***
italianhero4: raises $3 to $6
Rmk1500: calls $1.61 and is all-in
Uncalled bet ($1.39) returned to italianhero4
*** FLOP *** [8h 7s Qc]
*** TURN *** [8h 7s Qc] [Jh]
*** RIVER *** [8h 7s Qc Jh] [2d]
*** SHOW DOWN ***
Rmk1500: shows [Qd 9c] (a pair of Queens)
italianhero4: shows [6s 6h] (a pair of Sixes)
Rmk1500 collected $9.04 from pot
*** SUMMARY ***
Total pot $9.22 | Rake $0.18
Board [8h 7s Qc Jh 2d]
Seat 2: Rmk1500 (big blind) showed [Qd 9c] and won ($9.04) with a pair of Queens
Seat 3: italianhero4 (button) (small blind) showed [6s 6h] and lost with a pair of Sixes


