PokerStars Hand #165891322761:  Hold'em Limit ($3/$6 USD) - 2017/02/08 13:19:51 ET
Table 'Kallisto II' 6-max Seat #4 is the button
Seat 1: pompier40 ($66.66 in chips)
Seat 4: vestimokrec ($163.55 in chips)
vestimokrec: posts small blind $1
Chessnok: is sitting out
pompier40: posts big blind $3
*** HOLE CARDS ***
vestimokrec: folds
Uncalled bet ($2) returned to pompier40
pompier40 collected $2 from pot
Chessnok leaves the table
*** SUMMARY ***
Total pot $2 | Rake $0
Seat 1: pompier40 (big blind) collected ($2)
Seat 4: vestimokrec (button) (small blind) folded before Flop


PokerStars Hand #165891848997:  Hold'em Limit ($3/$6 USD) - 2017/02/08 13:29:25 ET
Table 'Kallisto II' 6-max Seat #1 is the button
Seat 1: pompier40 ($127.66 in chips)
Seat 2: OnlyLuck111 ($120 in chips)
pompier40: posts small blind $1
OnlyLuck111: posts big blind $3
*** HOLE CARDS ***
pompier40: raises $3 to $6
OnlyLuck111: raises $3 to $9
pompier40: raises $3 to $12
Betting is capped
OnlyLuck111: calls $3
*** FLOP *** [8h 9s 6c]
OnlyLuck111: checks
pompier40: bets $3
OnlyLuck111: calls $3
*** TURN *** [8h 9s 6c] [4h]
OnlyLuck111: checks
pompier40: bets $6
OnlyLuck111: calls $6
*** RIVER *** [8h 9s 6c 4h] [Ts]
OnlyLuck111: bets $6
pompier40: calls $6
*** SHOW DOWN ***
OnlyLuck111: shows [5h 3h] (high card Ten)
pompier40: shows [Tc Kc] (a pair of Tens)
pompier40 collected $53.50 from pot
*** SUMMARY ***
Total pot $54 | Rake $0.50
Board [8h 9s 6c 4h Ts]
Seat 1: pompier40 (button) (small blind) showed [Tc Kc] and won ($53.50) with a pair of Tens
Seat 2: OnlyLuck111 (big blind) showed [5h 3h] and lost with high card Ten


PokerStars Hand #165891916066:  Hold'em Limit ($3/$6 USD) - 2017/02/08 13:30:37 ET
Table 'Kallisto II' 6-max Seat #2 is the button
Seat 1: pompier40 ($93.16 in chips)
Seat 2: OnlyLuck111 ($153 in chips)
OnlyLuck111: posts small blind $1
pompier40: posts big blind $3
*** HOLE CARDS ***
OnlyLuck111: raises $3 to $6
pompier40: folds
Uncalled bet ($3) returned to OnlyLuck111
OnlyLuck111 collected $6 from pot
*** SUMMARY ***
Total pot $6 | Rake $0
Seat 1: pompier40 (big blind) folded before Flop
Seat 2: OnlyLuck111 (button) (small blind) collected ($6)


PokerStars Hand #165891911574:  Hold'em Limit ($3/$6 USD) - 2017/02/08 13:30:32 ET
Table 'Kallisto II' 6-max Seat #1 is the button
Seat 1: pompier40 ($94.16 in chips)
Seat 2: OnlyLuck111 ($152 in chips)
pompier40: posts small blind $1
OnlyLuck111: posts big blind $3
*** HOLE CARDS ***
pompier40: folds
Uncalled bet ($2) returned to OnlyLuck111
OnlyLuck111 collected $2 from pot
*** SUMMARY ***
Total pot $2 | Rake $0
Seat 1: pompier40 (button) (small blind) folded before Flop
Seat 2: OnlyLuck111 (big blind) collected ($2)


PokerStars Hand #165891905833:  Hold'em Limit ($3/$6 USD) - 2017/02/08 13:30:26 ET
Table 'Kallisto II' 6-max Seat #2 is the button
Seat 1: pompier40 ($97.16 in chips)
Seat 2: OnlyLuck111 ($149 in chips)
OnlyLuck111: posts small blind $1
pompier40: posts big blind $3
*** HOLE CARDS ***
OnlyLuck111: raises $3 to $6
pompier40: folds
Uncalled bet ($3) returned to OnlyLuck111
OnlyLuck111 collected $6 from pot
*** SUMMARY ***
Total pot $6 | Rake $0
Seat 1: pompier40 (big blind) folded before Flop
Seat 2: OnlyLuck111 (button) (small blind) collected ($6)


PokerStars Hand #165891887511:  Hold'em Limit ($3/$6 USD) - 2017/02/08 13:30:06 ET
Table 'Kallisto II' 6-max Seat #1 is the button
Seat 1: pompier40 ($127.16 in chips)
Seat 2: OnlyLuck111 ($119.50 in chips)
pompier40: posts small blind $1
OnlyLuck111: posts big blind $3
*** HOLE CARDS ***
pompier40: raises $3 to $6
OnlyLuck111: calls $3
*** FLOP *** [4d 8s 7d]
OnlyLuck111: checks
pompier40: bets $3
OnlyLuck111: raises $3 to $6
pompier40: raises $3 to $9
OnlyLuck111: raises $3 to $12
Betting is capped
pompier40: calls $3
*** TURN *** [4d 8s 7d] [4s]
OnlyLuck111: bets $6
pompier40: calls $6
*** RIVER *** [4d 8s 7d 4s] [5d]
OnlyLuck111: bets $6
pompier40: calls $6
*** SHOW DOWN ***
OnlyLuck111: shows [6s 8d] (a straight, Four to Eight)
pompier40: shows [8h Qs] (two pair, Eights and Fours)
OnlyLuck111 collected $59.50 from pot
*** SUMMARY ***
Total pot $60 | Rake $0.50
Board [4d 8s 7d 4s 5d]
Seat 1: pompier40 (button) (small blind) showed [8h Qs] and lost with two pair, Eights and Fours
Seat 2: OnlyLuck111 (big blind) showed [6s 8d] and won ($59.50) with a straight, Four to Eight


PokerStars Hand #165891870427:  Hold'em Limit ($3/$6 USD) - 2017/02/08 13:29:48 ET
Table 'Kallisto II' 6-max Seat #2 is the button
Seat 1: pompier40 ($154.16 in chips)
Seat 2: OnlyLuck111 ($93 in chips)
OnlyLuck111: posts small blind $1
pompier40: posts big blind $3
*** HOLE CARDS ***
OnlyLuck111: raises $3 to $6
pompier40: calls $3
*** FLOP *** [Qh Js 6c]
pompier40: checks
OnlyLuck111: bets $3
pompier40: calls $3
*** TURN *** [Qh Js 6c] [5d]
pompier40: checks
OnlyLuck111: bets $6
pompier40: raises $6 to $12
OnlyLuck111: calls $6
*** RIVER *** [Qh Js 6c 5d] [Kc]
pompier40: bets $6
OnlyLuck111: raises $6 to $12
pompier40: folds
Uncalled bet ($6) returned to OnlyLuck111
OnlyLuck111 collected $53.50 from pot
*** SUMMARY ***
Total pot $54 | Rake $0.50
Board [Qh Js 6c 5d Kc]
Seat 1: pompier40 (big blind) folded on the River
Seat 2: OnlyLuck111 (button) (small blind) collected ($53.50)


PokerStars Hand #165891968133:  Hold'em Limit ($3/$6 USD) - 2017/02/08 13:31:33 ET
Table 'Kallisto II' 6-max Seat #1 is the button
Seat 1: pompier40 ($101.66 in chips)
Seat 2: OnlyLuck111 ($143.50 in chips)
pompier40: posts small blind $1
OnlyLuck111: posts big blind $3
*** HOLE CARDS ***
pompier40: raises $3 to $6
OnlyLuck111: calls $3
*** FLOP *** [8h 4h 6s]
OnlyLuck111: checks
pompier40: bets $3
OnlyLuck111: raises $3 to $6
pompier40: raises $3 to $9
OnlyLuck111: raises $3 to $12
Betting is capped
pompier40: calls $3
*** TURN *** [8h 4h 6s] [9h]
OnlyLuck111: bets $6
pompier40: raises $6 to $12
OnlyLuck111: raises $6 to $18
pompier40: calls $6
*** RIVER *** [8h 4h 6s 9h] [Ad]
OnlyLuck111: bets $6
pompier40: calls $6
*** SHOW DOWN ***
OnlyLuck111: shows [Ah 7h] (a flush, Ace high)
pompier40: mucks hand
OnlyLuck111 collected $83.50 from pot
*** SUMMARY ***
Total pot $84 | Rake $0.50
Board [8h 4h 6s 9h Ad]
Seat 1: pompier40 (button) (small blind) mucked
Seat 2: OnlyLuck111 (big blind) showed [Ah 7h] and won ($83.50) with a flush, Ace high


PokerStars Hand #165891944935:  Hold'em Limit ($3/$6 USD) - 2017/02/08 13:31:08 ET
Table 'Kallisto II' 6-max Seat #2 is the button
Seat 1: pompier40 ($116.66 in chips)
Seat 2: OnlyLuck111 ($129 in chips)
OnlyLuck111: posts small blind $1
pompier40: posts big blind $3
*** HOLE CARDS ***
OnlyLuck111: raises $3 to $6
pompier40: calls $3
*** FLOP *** [3s 9h Jc]
pompier40: checks
OnlyLuck111: bets $3
pompier40: calls $3
*** TURN *** [3s 9h Jc] [7h]
pompier40: checks
OnlyLuck111: checks
*** RIVER *** [3s 9h Jc 7h] [As]
pompier40: checks
OnlyLuck111: bets $6
pompier40: calls $6
*** SHOW DOWN ***
OnlyLuck111: shows [7d 6h] (a pair of Sevens)
pompier40: mucks hand
OnlyLuck111 collected $29.50 from pot
*** SUMMARY ***
Total pot $30 | Rake $0.50
Board [3s 9h Jc 7h As]
Seat 1: pompier40 (big blind) mucked
Seat 2: OnlyLuck111 (button) (small blind) showed [7d 6h] and won ($29.50) with a pair of Sevens


PokerStars Hand #165891921818:  Hold'em Limit ($3/$6 USD) - 2017/02/08 13:30:43 ET
Table 'Kallisto II' 6-max Seat #1 is the button
Seat 1: pompier40 ($90.16 in chips)
Seat 2: OnlyLuck111 ($156 in chips)
pompier40: posts small blind $1
OnlyLuck111: posts big blind $3
*** HOLE CARDS ***
pompier40: raises $3 to $6
OnlyLuck111: calls $3
*** FLOP *** [Th Qh 5s]
OnlyLuck111: checks
pompier40: bets $3
OnlyLuck111: raises $3 to $6
pompier40: raises $3 to $9
OnlyLuck111: calls $3
*** TURN *** [Th Qh 5s] [Qc]
OnlyLuck111: checks
pompier40: bets $6
OnlyLuck111: calls $6
*** RIVER *** [Th Qh 5s Qc] [5d]
OnlyLuck111: checks
pompier40: bets $6
OnlyLuck111: calls $6
*** SHOW DOWN ***
pompier40: shows [Tc 6d] (two pair, Queens and Tens)
OnlyLuck111: mucks hand
pompier40 collected $53.50 from pot
*** SUMMARY ***
Total pot $54 | Rake $0.50
Board [Th Qh 5s Qc 5d]
Seat 1: pompier40 (button) (small blind) showed [Tc 6d] and won ($53.50) with two pair, Queens and Tens
Seat 2: OnlyLuck111 (big blind) mucked


PokerStars Hand #165892026234:  Hold'em Limit ($3/$6 USD) - 2017/02/08 13:32:35 ET
Table 'Kallisto II' 6-max Seat #2 is the button
Seat 1: pompier40 ($64.05 in chips)
Seat 2: OnlyLuck111 ($179.75 in chips)
OnlyLuck111: posts small blind $1
pompier40: posts big blind $3
*** HOLE CARDS ***
OnlyLuck111: raises $3 to $6
pompier40: raises $3 to $9
OnlyLuck111: calls $3
*** FLOP *** [Td Qs 8h]
pompier40: bets $3
OnlyLuck111: calls $3
*** TURN *** [Td Qs 8h] [7c]
pompier40: bets $6
OnlyLuck111: calls $6
*** RIVER *** [Td Qs 8h 7c] [6h]
pompier40: bets $6
OnlyLuck111: calls $6
*** SHOW DOWN ***
pompier40: shows [6c 6d] (three of a kind, Sixes)
OnlyLuck111: mucks hand
pompier40 collected $47.50 from pot
*** SUMMARY ***
Total pot $48 | Rake $0.50
Board [Td Qs 8h 7c 6h]
Seat 1: pompier40 (big blind) showed [6c 6d] and won ($47.50) with three of a kind, Sixes
Seat 2: OnlyLuck111 (button) (small blind) mucked


PokerStars Hand #165892012962:  Hold'em Limit ($3/$6 USD) - 2017/02/08 13:32:21 ET
Table 'Kallisto II' 6-max Seat #1 is the button
Seat 1: pompier40 ($64.30 in chips)
Seat 2: OnlyLuck111 ($180 in chips)
pompier40: posts small blind $1
OnlyLuck111: posts big blind $3
*** HOLE CARDS ***
pompier40: raises $3 to $6
OnlyLuck111: calls $3
*** FLOP *** [Kh 9c 5c]
OnlyLuck111: checks
pompier40: bets $3
OnlyLuck111: calls $3
*** TURN *** [Kh 9c 5c] [7h]
OnlyLuck111: checks
pompier40: bets $6
OnlyLuck111: calls $6
*** RIVER *** [Kh 9c 5c 7h] [5h]
OnlyLuck111: checks
pompier40: checks
*** SHOW DOWN ***
OnlyLuck111: shows [Ad 8h] (a pair of Fives)
pompier40: shows [2d As] (a pair of Fives)
OnlyLuck111 collected $14.75 from pot
pompier40 collected $14.75 from pot
*** SUMMARY ***
Total pot $30 | Rake $0.50
Board [Kh 9c 5c 7h 5h]
Seat 1: pompier40 (button) (small blind) showed [2d As] and won ($14.75) with a pair of Fives
Seat 2: OnlyLuck111 (big blind) showed [Ad 8h] and won ($14.75) with a pair of Fives


PokerStars Hand #165892007463:  Hold'em Limit ($3/$6 USD) - 2017/02/08 13:32:15 ET
Table 'Kallisto II' 6-max Seat #2 is the button
Seat 1: pompier40 ($67.30 in chips)
Seat 2: OnlyLuck111 ($177 in chips)
OnlyLuck111: posts small blind $1
pompier40: posts big blind $3
*** HOLE CARDS ***
OnlyLuck111: raises $3 to $6
pompier40: folds
Uncalled bet ($3) returned to OnlyLuck111
OnlyLuck111 collected $6 from pot
*** SUMMARY ***
Total pot $6 | Rake $0
Seat 1: pompier40 (big blind) folded before Flop
Seat 2: OnlyLuck111 (button) (small blind) collected ($6)


PokerStars Hand #165892002763:  Hold'em Limit ($3/$6 USD) - 2017/02/08 13:32:10 ET
Table 'Kallisto II' 6-max Seat #1 is the button
Seat 1: pompier40 ($68.30 in chips)
Seat 2: OnlyLuck111 ($176 in chips)
pompier40: posts small blind $1
OnlyLuck111: posts big blind $3
*** HOLE CARDS ***
pompier40: folds
Uncalled bet ($2) returned to OnlyLuck111
OnlyLuck111 collected $2 from pot
*** SUMMARY ***
Total pot $2 | Rake $0
Seat 1: pompier40 (button) (small blind) folded before Flop
Seat 2: OnlyLuck111 (big blind) collected ($2)


PokerStars Hand #165891988900:  Hold'em Limit ($3/$6 USD) - 2017/02/08 13:31:55 ET
Table 'Kallisto II' 6-max Seat #2 is the button
Seat 1: pompier40 ($59.66 in chips)
Seat 2: OnlyLuck111 ($185 in chips)
OnlyLuck111: posts small blind $1
pompier40: posts big blind $3
*** HOLE CARDS ***
OnlyLuck111: raises $3 to $6
pompier40: calls $3
*** FLOP *** [Tc As 7s]
pompier40: checks
OnlyLuck111: bets $3
pompier40: calls $3
*** TURN *** [Tc As 7s] [2d]
pompier40: checks
OnlyLuck111: checks
*** RIVER *** [Tc As 7s 2d] [8d]
pompier40: checks
OnlyLuck111: checks
*** SHOW DOWN ***
pompier40: shows [Kc 2s] (a pair of Deuces)
OnlyLuck111: mucks hand
pompier40 collected $17.64 from pot
*** SUMMARY ***
Total pot $18 | Rake $0.36
Board [Tc As 7s 2d 8d]
Seat 1: pompier40 (big blind) showed [Kc 2s] and won ($17.64) with a pair of Deuces
Seat 2: OnlyLuck111 (button) (small blind) mucked


PokerStars Hand #165892085126:  Hold'em Limit ($3/$6 USD) - 2017/02/08 13:33:38 ET
Table 'Kallisto II' 6-max Seat #1 is the button
Seat 1: pompier40 ($62.55 in chips)
Seat 2: OnlyLuck111 ($180.01 in chips)
pompier40: posts small blind $1
OnlyLuck111: posts big blind $3
*** HOLE CARDS ***
pompier40: folds
Uncalled bet ($2) returned to OnlyLuck111
OnlyLuck111 collected $2 from pot
*** SUMMARY ***
Total pot $2 | Rake $0
Seat 1: pompier40 (button) (small blind) folded before Flop
Seat 2: OnlyLuck111 (big blind) collected ($2)


PokerStars Hand #165892079864:  Hold'em Limit ($3/$6 USD) - 2017/02/08 13:33:33 ET
Table 'Kallisto II' 6-max Seat #2 is the button
Seat 1: pompier40 ($65.55 in chips)
Seat 2: OnlyLuck111 ($177.01 in chips)
OnlyLuck111: posts small blind $1
pompier40: posts big blind $3
*** HOLE CARDS ***
OnlyLuck111: raises $3 to $6
pompier40: folds
Uncalled bet ($3) returned to OnlyLuck111
OnlyLuck111 collected $6 from pot
*** SUMMARY ***
Total pot $6 | Rake $0
Seat 1: pompier40 (big blind) folded before Flop
Seat 2: OnlyLuck111 (button) (small blind) collected ($6)


PokerStars Hand #165892066778:  Hold'em Limit ($3/$6 USD) - 2017/02/08 13:33:19 ET
Table 'Kallisto II' 6-max Seat #1 is the button
Seat 1: pompier40 ($80.55 in chips)
Seat 2: OnlyLuck111 ($162.51 in chips)
pompier40: posts small blind $1
OnlyLuck111: posts big blind $3
*** HOLE CARDS ***
pompier40: raises $3 to $6
OnlyLuck111: calls $3
*** FLOP *** [7c 2h 2d]
OnlyLuck111: checks
pompier40: bets $3
OnlyLuck111: calls $3
*** TURN *** [7c 2h 2d] [Ah]
OnlyLuck111: checks
pompier40: bets $6
OnlyLuck111: raises $6 to $12
pompier40: folds
Uncalled bet ($6) returned to OnlyLuck111
OnlyLuck111 collected $29.50 from pot
*** SUMMARY ***
Total pot $30 | Rake $0.50
Board [7c 2h 2d Ah]
Seat 1: pompier40 (button) (small blind) folded on the Turn
Seat 2: OnlyLuck111 (big blind) collected ($29.50)


PokerStars Hand #165892054440:  Hold'em Limit ($3/$6 USD) - 2017/02/08 13:33:05 ET
Table 'Kallisto II' 6-max Seat #2 is the button
Seat 1: pompier40 ($86.55 in chips)
Seat 2: OnlyLuck111 ($156.75 in chips)
OnlyLuck111: posts small blind $1
pompier40: posts big blind $3
*** HOLE CARDS ***
OnlyLuck111: raises $3 to $6
pompier40: calls $3
*** FLOP *** [5h Td 4c]
pompier40: checks
OnlyLuck111: checks
*** TURN *** [5h Td 4c] [Kd]
pompier40: checks
OnlyLuck111: checks
*** RIVER *** [5h Td 4c Kd] [2d]
pompier40: checks
OnlyLuck111: checks
*** SHOW DOWN ***
pompier40: shows [9h 3h] (high card King)
OnlyLuck111: shows [Qc 6d] (high card King - Queen kicker)
OnlyLuck111 collected $11.76 from pot
*** SUMMARY ***
Total pot $12 | Rake $0.24
Board [5h Td 4c Kd 2d]
Seat 1: pompier40 (big blind) showed [9h 3h] and lost with high card King
Seat 2: OnlyLuck111 (button) (small blind) showed [Qc 6d] and won ($11.76) with high card King


PokerStars Hand #165892043894:  Hold'em Limit ($3/$6 USD) - 2017/02/08 13:32:54 ET
Table 'Kallisto II' 6-max Seat #1 is the button
Seat 1: pompier40 ($87.55 in chips)
Seat 2: OnlyLuck111 ($155.75 in chips)
pompier40: posts small blind $1
OnlyLuck111: posts big blind $3
*** HOLE CARDS ***
pompier40: folds
Uncalled bet ($2) returned to OnlyLuck111
OnlyLuck111 collected $2 from pot
*** SUMMARY ***
Total pot $2 | Rake $0
Seat 1: pompier40 (button) (small blind) folded before Flop
Seat 2: OnlyLuck111 (big blind) collected ($2)


PokerStars Hand #165892196034:  Hold'em Limit ($3/$6 USD) - 2017/02/08 13:35:38 ET
Table 'Kallisto II' 6-max Seat #1 is the button
Seat 1: pompier40 ($74.69 in chips)
Seat 2: OnlyLuck111 ($165.01 in chips)
pompier40: posts small blind $1
OnlyLuck111: posts big blind $3
*** HOLE CARDS ***
pompier40: raises $3 to $6
OnlyLuck111: folds
Uncalled bet ($3) returned to pompier40
pompier40 collected $6 from pot
*** SUMMARY ***
Total pot $6 | Rake $0
Seat 1: pompier40 (button) (small blind) collected ($6)
Seat 2: OnlyLuck111 (big blind) folded before Flop


PokerStars Hand #165892177700:  Hold'em Limit ($3/$6 USD) - 2017/02/08 13:35:18 ET
Table 'Kallisto II' 6-max Seat #2 is the button
Seat 1: pompier40 ($104.69 in chips)
Seat 2: OnlyLuck111 ($135.51 in chips)
OnlyLuck111: posts small blind $1
pompier40: posts big blind $3
*** HOLE CARDS ***
OnlyLuck111: raises $3 to $6
pompier40: calls $3
*** FLOP *** [Kd 7s Td]
pompier40: checks
OnlyLuck111: bets $3
pompier40: raises $3 to $6
OnlyLuck111: calls $3
*** TURN *** [Kd 7s Td] [Ah]
pompier40: bets $6
OnlyLuck111: raises $6 to $12
pompier40: calls $6
*** RIVER *** [Kd 7s Td Ah] [2d]
pompier40: checks
OnlyLuck111: bets $6
pompier40: calls $6
*** SHOW DOWN ***
OnlyLuck111: shows [Jc Ac] (a pair of Aces)
pompier40: mucks hand
OnlyLuck111 collected $59.50 from pot
*** SUMMARY ***
Total pot $60 | Rake $0.50
Board [Kd 7s Td Ah 2d]
Seat 1: pompier40 (big blind) mucked
Seat 2: OnlyLuck111 (button) (small blind) showed [Jc Ac] and won ($59.50) with a pair of Aces


PokerStars Hand #165892160082:  Hold'em Limit ($3/$6 USD) - 2017/02/08 13:34:59 ET
Table 'Kallisto II' 6-max Seat #1 is the button
Seat 1: pompier40 ($128.69 in chips)
Seat 2: OnlyLuck111 ($112.01 in chips)
pompier40: posts small blind $1
OnlyLuck111: posts big blind $3
*** HOLE CARDS ***
pompier40: raises $3 to $6
OnlyLuck111: calls $3
*** FLOP *** [Qd Js 8s]
OnlyLuck111: checks
pompier40: bets $3
OnlyLuck111: raises $3 to $6
pompier40: raises $3 to $9
OnlyLuck111: raises $3 to $12
Betting is capped
pompier40: calls $3
*** TURN *** [Qd Js 8s] [4h]
OnlyLuck111: bets $6
pompier40: calls $6
*** RIVER *** [Qd Js 8s 4h] [7s]
OnlyLuck111: bets $6
pompier40: folds
Uncalled bet ($6) returned to OnlyLuck111
OnlyLuck111 collected $47.50 from pot
*** SUMMARY ***
Total pot $48 | Rake $0.50
Board [Qd Js 8s 4h 7s]
Seat 1: pompier40 (button) (small blind) folded on the River
Seat 2: OnlyLuck111 (big blind) collected ($47.50)


PokerStars Hand #165892145277:  Hold'em Limit ($3/$6 USD) - 2017/02/08 13:34:43 ET
Table 'Kallisto II' 6-max Seat #2 is the button
Seat 1: pompier40 ($111.19 in chips)
Seat 2: OnlyLuck111 ($130.01 in chips)
OnlyLuck111: posts small blind $1
pompier40: posts big blind $3
*** HOLE CARDS ***
OnlyLuck111: raises $3 to $6
pompier40: calls $3
*** FLOP *** [5h 5d 4h]
pompier40: checks
OnlyLuck111: checks
*** TURN *** [5h 5d 4h] [8s]
pompier40: checks
OnlyLuck111: bets $6
pompier40: calls $6
*** RIVER *** [5h 5d 4h 8s] [4c]
pompier40: checks
OnlyLuck111: bets $6
pompier40: calls $6
*** SHOW DOWN ***
OnlyLuck111: shows [9s 7c] (two pair, Fives and Fours)
pompier40: shows [Th Qc] (two pair, Fives and Fours - Queen kicker)
pompier40 collected $35.50 from pot
*** SUMMARY ***
Total pot $36 | Rake $0.50
Board [5h 5d 4h 8s 4c]
Seat 1: pompier40 (big blind) showed [Th Qc] and won ($35.50) with two pair, Fives and Fours
Seat 2: OnlyLuck111 (button) (small blind) showed [9s 7c] and lost with two pair, Fives and Fours


PokerStars Hand #165892251206:  Hold'em Limit ($3/$6 USD) - 2017/02/08 13:36:37 ET
Table 'Kallisto II' 6-max Seat #1 is the button
Seat 1: pompier40 ($65.21 in chips)
Seat 2: OnlyLuck111 ($173.15 in chips)
pompier40: posts small blind $1
OnlyLuck111: posts big blind $3
*** HOLE CARDS ***
pompier40: folds
Uncalled bet ($2) returned to OnlyLuck111
OnlyLuck111 collected $2 from pot
*** SUMMARY ***
Total pot $2 | Rake $0
Seat 1: pompier40 (button) (small blind) folded before Flop
Seat 2: OnlyLuck111 (big blind) collected ($2)


PokerStars Hand #165892235869:  Hold'em Limit ($3/$6 USD) - 2017/02/08 13:36:21 ET
Table 'Kallisto II' 6-max Seat #2 is the button
Seat 1: pompier40 ($53.69 in chips)
Seat 2: OnlyLuck111 ($185.15 in chips)
OnlyLuck111: posts small blind $1
pompier40: posts big blind $3
*** HOLE CARDS ***
OnlyLuck111: raises $3 to $6
pompier40: raises $3 to $9
OnlyLuck111: calls $3
*** FLOP *** [6c 6h 4h]
pompier40: bets $3
OnlyLuck111: calls $3
*** TURN *** [6c 6h 4h] [Js]
pompier40: bets $6
OnlyLuck111: folds
Uncalled bet ($6) returned to pompier40
pompier40 collected $23.52 from pot
*** SUMMARY ***
Total pot $24 | Rake $0.48
Board [6c 6h 4h Js]
Seat 1: pompier40 (big blind) collected ($23.52)
Seat 2: OnlyLuck111 (button) (small blind) folded on the Turn


PokerStars Hand #165892216874:  Hold'em Limit ($3/$6 USD) - 2017/02/08 13:36:00 ET
Table 'Kallisto II' 6-max Seat #1 is the button
Seat 1: pompier40 ($68.69 in chips)
Seat 2: OnlyLuck111 ($170.65 in chips)
pompier40: posts small blind $1
OnlyLuck111: posts big blind $3
*** HOLE CARDS ***
pompier40: raises $3 to $6
OnlyLuck111: calls $3
*** FLOP *** [4h 2s 3c]
OnlyLuck111: checks
pompier40: bets $3
OnlyLuck111: calls $3
*** TURN *** [4h 2s 3c] [9h]
OnlyLuck111: checks
pompier40: checks
*** RIVER *** [4h 2s 3c 9h] [2c]
OnlyLuck111: bets $6
pompier40: calls $6
*** SHOW DOWN ***
OnlyLuck111: shows [Kd 9d] (two pair, Nines and Deuces)
pompier40: mucks hand
OnlyLuck111 collected $29.50 from pot
*** SUMMARY ***
Total pot $30 | Rake $0.50
Board [4h 2s 3c 9h 2c]
Seat 1: pompier40 (button) (small blind) mucked
Seat 2: OnlyLuck111 (big blind) showed [Kd 9d] and won ($29.50) with two pair, Nines and Deuces


PokerStars Hand #165892201265:  Hold'em Limit ($3/$6 USD) - 2017/02/08 13:35:44 ET
Table 'Kallisto II' 6-max Seat #2 is the button
Seat 1: pompier40 ($77.69 in chips)
Seat 2: OnlyLuck111 ($162.01 in chips)
OnlyLuck111: posts small blind $1
pompier40: posts big blind $3
*** HOLE CARDS ***
OnlyLuck111: raises $3 to $6
pompier40: calls $3
*** FLOP *** [7d Ts Td]
pompier40: checks
OnlyLuck111: bets $3
pompier40: calls $3
*** TURN *** [7d Ts Td] [7h]
pompier40: checks
OnlyLuck111: bets $6
pompier40: folds
Uncalled bet ($6) returned to OnlyLuck111
OnlyLuck111 collected $17.64 from pot
*** SUMMARY ***
Total pot $18 | Rake $0.36
Board [7d Ts Td 7h]
Seat 1: pompier40 (big blind) folded on the Turn
Seat 2: OnlyLuck111 (button) (small blind) collected ($17.64)


PokerStars Hand #165892089700:  Hold'em Limit ($3/$6 USD) - 2017/02/08 13:33:43 ET
Table 'Kallisto II' 6-max Seat #2 is the button
Seat 1: pompier40 ($61.55 in chips)
Seat 2: OnlyLuck111 ($181.01 in chips)
OnlyLuck111: posts small blind $1
pompier40: posts big blind $3
*** HOLE CARDS ***
OnlyLuck111: raises $3 to $6
pompier40: calls $3
*** FLOP *** [Jd 5d Qd]
pompier40: checks
OnlyLuck111: bets $3
pompier40: raises $3 to $6
OnlyLuck111: calls $3
*** TURN *** [Jd 5d Qd] [6s]
pompier40: bets $6
OnlyLuck111: calls $6
*** RIVER *** [Jd 5d Qd 6s] [8d]
pompier40: bets $6
OnlyLuck111: calls $6
*** SHOW DOWN ***
pompier40: shows [6d Qs] (a flush, Queen high)
OnlyLuck111: mucks hand
pompier40 collected $47.50 from pot
*** SUMMARY ***
Total pot $48 | Rake $0.50
Board [Jd 5d Qd 6s 8d]
Seat 1: pompier40 (big blind) showed [6d Qs] and won ($47.50) with a flush, Queen high
Seat 2: OnlyLuck111 (button) (small blind) mucked


PokerStars Hand #165892109916:  Hold'em Limit ($3/$6 USD) - 2017/02/08 13:34:05 ET
Table 'Kallisto II' 6-max Seat #1 is the button
Seat 1: pompier40 ($85.05 in chips)
Seat 2: OnlyLuck111 ($157.01 in chips)
pompier40: posts small blind $1
OnlyLuck111: posts big blind $3
*** HOLE CARDS ***
pompier40: raises $3 to $6
OnlyLuck111: calls $3
*** FLOP *** [7h 6s 3d]
OnlyLuck111: checks
pompier40: bets $3
OnlyLuck111: calls $3
*** TURN *** [7h 6s 3d] [Ah]
OnlyLuck111: checks
pompier40: bets $6
OnlyLuck111: calls $6
*** RIVER *** [7h 6s 3d Ah] [5c]
OnlyLuck111: checks
pompier40: bets $6
OnlyLuck111: folds
Uncalled bet ($6) returned to pompier40
pompier40 collected $29.50 from pot
*** SUMMARY ***
Total pot $30 | Rake $0.50
Board [7h 6s 3d Ah 5c]
Seat 1: pompier40 (button) (small blind) collected ($29.50)
Seat 2: OnlyLuck111 (big blind) folded on the River


PokerStars Hand #165892128574:  Hold'em Limit ($3/$6 USD) - 2017/02/08 13:34:25 ET
Table 'Kallisto II' 6-max Seat #2 is the button
Seat 1: pompier40 ($99.55 in chips)
Seat 2: OnlyLuck111 ($142.01 in chips)
OnlyLuck111: posts small blind $1
pompier40: posts big blind $3
*** HOLE CARDS ***
OnlyLuck111: raises $3 to $6
pompier40: raises $3 to $9
OnlyLuck111: calls $3
*** FLOP *** [Ks 6h Qs]
pompier40: bets $3
OnlyLuck111: folds
Uncalled bet ($3) returned to pompier40
pompier40 collected $17.64 from pot
*** SUMMARY ***
Total pot $18 | Rake $0.36
Board [Ks 6h Qs]
Seat 1: pompier40 (big blind) collected ($17.64)
Seat 2: OnlyLuck111 (button) (small blind) folded on the Flop


PokerStars Hand #165892299206:  Hold'em Limit ($3/$6 USD) - 2017/02/08 13:37:28 ET
Table 'Kallisto II' 6-max Seat #2 is the button
Seat 1: pompier40 ($106.71 in chips)
Seat 2: OnlyLuck111 ($190.65 in chips)
OnlyLuck111: posts small blind $1
pompier40: posts big blind $3
*** HOLE CARDS ***
OnlyLuck111: raises $3 to $6
pompier40: folds
Uncalled bet ($3) returned to OnlyLuck111
OnlyLuck111 collected $6 from pot
*** SUMMARY ***
Total pot $6 | Rake $0
Seat 1: pompier40 (big blind) folded before Flop
Seat 2: OnlyLuck111 (button) (small blind) collected ($6)


PokerStars Hand #165892294618:  Hold'em Limit ($3/$6 USD) - 2017/02/08 13:37:23 ET
Table 'Kallisto II' 6-max Seat #1 is the button
Seat 1: pompier40 ($107.71 in chips)
Seat 2: OnlyLuck111 ($189.65 in chips)
pompier40: posts small blind $1
OnlyLuck111: posts big blind $3
*** HOLE CARDS ***
pompier40: folds
Uncalled bet ($2) returned to OnlyLuck111
OnlyLuck111 collected $2 from pot
*** SUMMARY ***
Total pot $2 | Rake $0
Seat 1: pompier40 (button) (small blind) folded before Flop
Seat 2: OnlyLuck111 (big blind) collected ($2)


PokerStars Hand #165892278979:  Hold'em Limit ($3/$6 USD) - 2017/02/08 13:37:07 ET
Table 'Kallisto II' 6-max Seat #2 is the button
Seat 1: pompier40 ($33.21 in chips)
Seat 2: OnlyLuck111 ($204.65 in chips)
OnlyLuck111: posts small blind $1
pompier40: posts big blind $3
*** HOLE CARDS ***
OnlyLuck111: raises $3 to $6
pompier40: calls $3
*** FLOP *** [9h 2h 8c]
pompier40: checks
OnlyLuck111: bets $3
pompier40: calls $3
*** TURN *** [9h 2h 8c] [Ts]
pompier40: checks
OnlyLuck111: checks
*** RIVER *** [9h 2h 8c Ts] [As]
pompier40: bets $6
OnlyLuck111: calls $6
*** SHOW DOWN ***
pompier40: shows [Ah Tc] (two pair, Aces and Tens)
OnlyLuck111: mucks hand
pompier40 collected $29.50 from pot
*** SUMMARY ***
Total pot $30 | Rake $0.50
Board [9h 2h 8c Ts As]
Seat 1: pompier40 (big blind) showed [Ah Tc] and won ($29.50) with two pair, Aces and Tens
Seat 2: OnlyLuck111 (button) (small blind) mucked


PokerStars Hand #165892274460:  Hold'em Limit ($3/$6 USD) - 2017/02/08 13:37:02 ET
Table 'Kallisto II' 6-max Seat #1 is the button
Seat 1: pompier40 ($34.21 in chips)
Seat 2: OnlyLuck111 ($203.65 in chips)
pompier40: posts small blind $1
OnlyLuck111: posts big blind $3
*** HOLE CARDS ***
pompier40: folds
Uncalled bet ($2) returned to OnlyLuck111
OnlyLuck111 collected $2 from pot
*** SUMMARY ***
Total pot $2 | Rake $0
Seat 1: pompier40 (button) (small blind) folded before Flop
Seat 2: OnlyLuck111 (big blind) collected ($2)


PokerStars Hand #165892256290:  Hold'em Limit ($3/$6 USD) - 2017/02/08 13:36:43 ET
Table 'Kallisto II' 6-max Seat #2 is the button
Seat 1: pompier40 ($64.21 in chips)
Seat 2: OnlyLuck111 ($174.15 in chips)
OnlyLuck111: posts small blind $1
pompier40: posts big blind $3
*** HOLE CARDS ***
OnlyLuck111: raises $3 to $6
pompier40: raises $3 to $9
OnlyLuck111: calls $3
*** FLOP *** [2d 3d 6s]
pompier40: bets $3
OnlyLuck111: calls $3
*** TURN *** [2d 3d 6s] [7d]
pompier40: bets $6
OnlyLuck111: raises $6 to $12
pompier40: calls $6
*** RIVER *** [2d 3d 6s 7d] [2h]
pompier40: checks
OnlyLuck111: bets $6
pompier40: calls $6
*** SHOW DOWN ***
OnlyLuck111: shows [Tc 7c] (two pair, Sevens and Deuces)
pompier40: mucks hand
OnlyLuck111 collected $59.50 from pot
*** SUMMARY ***
Total pot $60 | Rake $0.50
Board [2d 3d 6s 7d 2h]
Seat 1: pompier40 (big blind) mucked
Seat 2: OnlyLuck111 (button) (small blind) showed [Tc 7c] and won ($59.50) with two pair, Sevens and Deuces


PokerStars Hand #165892362749:  Hold'em Limit ($3/$6 USD) - 2017/02/08 13:38:36 ET
Table 'Kallisto II' 6-max Seat #2 is the button
Seat 1: pompier40 ($206.35 in chips)
Seat 2: OnlyLuck111 ($149.41 in chips)
OnlyLuck111: posts small blind $1
pompier40: posts big blind $3
*** HOLE CARDS ***
OnlyLuck111: raises $3 to $6
pompier40: folds
Uncalled bet ($3) returned to OnlyLuck111
OnlyLuck111 collected $6 from pot
*** SUMMARY ***
Total pot $6 | Rake $0
Seat 1: pompier40 (big blind) folded before Flop
Seat 2: OnlyLuck111 (button) (small blind) collected ($6)


PokerStars Hand #165892358411:  Hold'em Limit ($3/$6 USD) - 2017/02/08 13:38:32 ET
Table 'Kallisto II' 6-max Seat #1 is the button
Seat 1: pompier40 ($207.35 in chips)
Seat 2: OnlyLuck111 ($148.41 in chips)
pompier40: posts small blind $1
OnlyLuck111: posts big blind $3
*** HOLE CARDS ***
pompier40: folds
Uncalled bet ($2) returned to OnlyLuck111
OnlyLuck111 collected $2 from pot
*** SUMMARY ***
Total pot $2 | Rake $0
Seat 1: pompier40 (button) (small blind) folded before Flop
Seat 2: OnlyLuck111 (big blind) collected ($2)


PokerStars Hand #165892350973:  Hold'em Limit ($3/$6 USD) - 2017/02/08 13:38:24 ET
Table 'Kallisto II' 6-max Seat #2 is the button
Seat 1: pompier40 ($213.35 in chips)
Seat 2: OnlyLuck111 ($142.65 in chips)
OnlyLuck111: posts small blind $1
pompier40: posts big blind $3
*** HOLE CARDS ***
OnlyLuck111: raises $3 to $6
pompier40: calls $3
*** FLOP *** [Kh Ah 3s]
pompier40: checks
OnlyLuck111: bets $3
pompier40: folds
Uncalled bet ($3) returned to OnlyLuck111
OnlyLuck111 collected $11.76 from pot
*** SUMMARY ***
Total pot $12 | Rake $0.24
Board [Kh Ah 3s]
Seat 1: pompier40 (big blind) folded on the Flop
Seat 2: OnlyLuck111 (button) (small blind) collected ($11.76)


PokerStars Hand #165892338965:  Hold'em Limit ($3/$6 USD) - 2017/02/08 13:38:11 ET
Table 'Kallisto II' 6-max Seat #1 is the button
Seat 1: pompier40 ($204.71 in chips)
Seat 2: OnlyLuck111 ($151.65 in chips)
pompier40: posts small blind $1
OnlyLuck111: posts big blind $3
*** HOLE CARDS ***
pompier40: raises $3 to $6
OnlyLuck111: calls $3
*** FLOP *** [5s 3d 8h]
OnlyLuck111: checks
pompier40: bets $3
OnlyLuck111: calls $3
*** TURN *** [5s 3d 8h] [Td]
OnlyLuck111: checks
pompier40: bets $6
OnlyLuck111: folds
Uncalled bet ($6) returned to pompier40
pompier40 collected $17.64 from pot
*** SUMMARY ***
Total pot $18 | Rake $0.36
Board [5s 3d 8h Td]
Seat 1: pompier40 (button) (small blind) collected ($17.64)
Seat 2: OnlyLuck111 (big blind) folded on the Turn


PokerStars Hand #165892325867:  Hold'em Limit ($3/$6 USD) - 2017/02/08 13:37:57 ET
Table 'Kallisto II' 6-max Seat #2 is the button
Seat 1: pompier40 ($190.21 in chips)
Seat 2: OnlyLuck111 ($166.65 in chips)
OnlyLuck111: posts small blind $1
pompier40: posts big blind $3
*** HOLE CARDS ***
OnlyLuck111: raises $3 to $6
pompier40: calls $3
*** FLOP *** [Qd 4h Js]
pompier40: checks
OnlyLuck111: bets $3
pompier40: calls $3
*** TURN *** [Qd 4h Js] [6c]
pompier40: checks
OnlyLuck111: checks
*** RIVER *** [Qd 4h Js 6c] [3c]
pompier40: checks
OnlyLuck111: bets $6
pompier40: calls $6
*** SHOW DOWN ***
OnlyLuck111: shows [Ad Kc] (high card Ace)
pompier40: shows [6d Ac] (a pair of Sixes)
pompier40 collected $29.50 from pot
*** SUMMARY ***
Total pot $30 | Rake $0.50
Board [Qd 4h Js 6c 3c]
Seat 1: pompier40 (big blind) showed [6d Ac] and won ($29.50) with a pair of Sixes
Seat 2: OnlyLuck111 (button) (small blind) showed [Ad Kc] and lost with high card Ace


PokerStars Hand #165892305271:  Hold'em Limit ($3/$6 USD) - 2017/02/08 13:37:35 ET
Table 'Kallisto II' 6-max Seat #1 is the button
Seat 1: pompier40 ($163.71 in chips)
Seat 2: OnlyLuck111 ($193.65 in chips)
pompier40: posts small blind $1
OnlyLuck111: posts big blind $3
*** HOLE CARDS ***
pompier40: raises $3 to $6
OnlyLuck111: raises $3 to $9
pompier40: raises $3 to $12
Betting is capped
OnlyLuck111: calls $3
*** FLOP *** [9c 5c Ks]
OnlyLuck111: checks
pompier40: bets $3
OnlyLuck111: calls $3
*** TURN *** [9c 5c Ks] [4c]
OnlyLuck111: checks
pompier40: bets $6
OnlyLuck111: calls $6
*** RIVER *** [9c 5c Ks 4c] [2c]
OnlyLuck111: checks
pompier40: bets $6
OnlyLuck111: calls $6
*** SHOW DOWN ***
pompier40: shows [Jc Qc] (a flush, Queen high)
OnlyLuck111: mucks hand
pompier40 collected $53.50 from pot
*** SUMMARY ***
Total pot $54 | Rake $0.50
Board [9c 5c Ks 4c 2c]
Seat 1: pompier40 (button) (small blind) showed [Jc Qc] and won ($53.50) with a flush, Queen high
Seat 2: OnlyLuck111 (big blind) mucked


PokerStars Hand #165892367882:  Hold'em Limit ($3/$6 USD) - 2017/02/08 13:38:42 ET
Table 'Kallisto II' 6-max Seat #1 is the button
Seat 1: pompier40 ($203.35 in chips)
Seat 2: OnlyLuck111 ($152.41 in chips)
pompier40: posts small blind $1
OnlyLuck111: posts big blind $3
*** HOLE CARDS ***
pompier40: raises $3 to $6
OnlyLuck111: calls $3
*** FLOP *** [Qc Ah Kc]
OnlyLuck111: checks
pompier40: bets $3
OnlyLuck111: raises $3 to $6
pompier40: raises $3 to $9
OnlyLuck111: raises $3 to $12
Betting is capped
pompier40: calls $3
*** TURN *** [Qc Ah Kc] [Ks]
OnlyLuck111: bets $6
pompier40: raises $6 to $12
OnlyLuck111: calls $6
*** RIVER *** [Qc Ah Kc Ks] [6s]
OnlyLuck111: checks
pompier40: bets $6
OnlyLuck111: raises $6 to $12
pompier40: calls $6
*** SHOW DOWN ***
OnlyLuck111: shows [6c Kh] (a full house, Kings full of Sixes)
pompier40: mucks hand
OnlyLuck111 collected $83.50 from pot
*** SUMMARY ***
Total pot $84 | Rake $0.50
Board [Qc Ah Kc Ks 6s]
Seat 1: pompier40 (button) (small blind) mucked
Seat 2: OnlyLuck111 (big blind) showed [6c Kh] and won ($83.50) with a full house, Kings full of Sixes


PokerStars Hand #165892388261:  Hold'em Limit ($3/$6 USD) - 2017/02/08 13:39:04 ET
Table 'Kallisto II' 6-max Seat #2 is the button
Seat 1: pompier40 ($161.35 in chips)
Seat 2: OnlyLuck111 ($193.91 in chips)
OnlyLuck111: posts small blind $1
pompier40: posts big blind $3
*** HOLE CARDS ***
OnlyLuck111: raises $3 to $6
pompier40: calls $3
*** FLOP *** [Kh 3d Td]
pompier40: checks
OnlyLuck111: bets $3
pompier40: calls $3
*** TURN *** [Kh 3d Td] [3c]
pompier40: checks
OnlyLuck111: bets $6
pompier40: raises $6 to $12
OnlyLuck111: calls $6
*** RIVER *** [Kh 3d Td 3c] [3h]
pompier40: bets $6
OnlyLuck111: calls $6
*** SHOW DOWN ***
pompier40: shows [9c 8s] (three of a kind, Threes)
OnlyLuck111: shows [4d Kc] (a full house, Threes full of Kings)
OnlyLuck111 collected $53.50 from pot
*** SUMMARY ***
Total pot $54 | Rake $0.50
Board [Kh 3d Td 3c 3h]
Seat 1: pompier40 (big blind) showed [9c 8s] and lost with three of a kind, Threes
Seat 2: OnlyLuck111 (button) (small blind) showed [4d Kc] and won ($53.50) with a full house, Threes full of Kings


PokerStars Hand #165892402875:  Hold'em Limit ($3/$6 USD) - 2017/02/08 13:39:19 ET
Table 'Kallisto II' 6-max Seat #1 is the button
Seat 1: pompier40 ($134.35 in chips)
Seat 2: OnlyLuck111 ($220.41 in chips)
pompier40: posts small blind $1
OnlyLuck111: posts big blind $3
*** HOLE CARDS ***
pompier40: raises $3 to $6
OnlyLuck111: calls $3
*** FLOP *** [8d 3d Kd]
OnlyLuck111: checks
pompier40: bets $3
OnlyLuck111: raises $3 to $6
pompier40: calls $3
*** TURN *** [8d 3d Kd] [Jd]
OnlyLuck111: bets $6
pompier40: raises $6 to $12
Krazy90 joins the table at seat #3
OnlyLuck111: calls $6
*** RIVER *** [8d 3d Kd Jd] [4d]
OnlyLuck111: checks
pompier40: bets $6
OnlyLuck111: calls $6
*** SHOW DOWN ***
pompier40: shows [9d 6d] (a flush, King high)
OnlyLuck111: mucks hand
pompier40 collected $59.50 from pot
*** SUMMARY ***
Total pot $60 | Rake $0.50
Board [8d 3d Kd Jd 4d]
Seat 1: pompier40 (button) (small blind) showed [9d 6d] and won ($59.50) with a flush, King high
Seat 2: OnlyLuck111 (big blind) mucked


