PokerStars Hand #173153874281:  Hold'em Limit ($3/$6 USD) - 2017/07/17 12:16:10 ET
Table 'Kalliope II' 6-max Seat #1 is the button
Seat 1: Tabsan ($120 in chips)
Seat 3: GoliafUa ($120 in chips)
Tabsan: posts small blind $1
GoliafUa: posts big blind $3
*** HOLE CARDS ***
Tabsan: calls $2
GoliafUa: checks
*** FLOP *** [2s Kc Ac]
GoliafUa: checks
Tabsan: bets $3
GoliafUa: folds
Uncalled bet ($3) returned to Tabsan
Tabsan collected $5.88 from pot
Tabsan: doesn't show hand
*** SUMMARY ***
Total pot $6 | Rake $0.12
Board [2s Kc Ac]
Seat 1: Tabsan (button) (small blind) collected ($5.88)
Seat 3: GoliafUa (big blind) folded on the Flop


PokerStars Hand #173153896288:  Hold'em Limit ($3/$6 USD) - 2017/07/17 12:16:43 ET
Table 'Kalliope II' 6-max Seat #1 is the button
Seat 1: Tabsan ($116.88 in chips)
Seat 3: GoliafUa ($122.76 in chips)
Tabsan: posts small blind $1
GoliafUa: posts big blind $3
*** HOLE CARDS ***
Warner13 joins the table at seat #2
Tabsan: calls $2
GoliafUa: checks
*** FLOP *** [Qc 8s Td]
GoliafUa: checks
Tabsan: bets $3
GoliafUa: folds
Uncalled bet ($3) returned to Tabsan
Tabsan collected $5.88 from pot
Tabsan: doesn't show hand
*** SUMMARY ***
Total pot $6 | Rake $0.12
Board [Qc 8s Td]
Seat 1: Tabsan (button) (small blind) collected ($5.88)
Seat 3: GoliafUa (big blind) folded on the Flop


PokerStars Hand #173153908065:  Hold'em Limit ($3/$6 USD) - 2017/07/17 12:17:01 ET
Table 'Kalliope II' 6-max Seat #3 is the button
Seat 1: Tabsan ($119.76 in chips)
Seat 3: GoliafUa ($119.76 in chips)
GoliafUa: posts small blind $1
Tabsan: posts big blind $3
*** HOLE CARDS ***
Warner13 said, "hi goliaf"
GoliafUa: raises $3 to $6
Tabsan: calls $3
*** FLOP *** [As 7s 3h]
Tabsan: checks
GoliafUa said, "hi"
GoliafUa: bets $3
Tabsan: folds
Uncalled bet ($3) returned to GoliafUa
GoliafUa collected $11.76 from pot
GoliafUa: doesn't show hand
*** SUMMARY ***
Total pot $12 | Rake $0.24
Board [As 7s 3h]
Seat 1: Tabsan (big blind) folded on the Flop
Seat 3: GoliafUa (button) (small blind) collected ($11.76)


PokerStars Hand #173153995129:  Hold'em Limit ($3/$6 USD) - 2017/07/17 12:19:13 ET
Table 'Kalliope II' 6-max Seat #3 is the button
Seat 1: Tabsan ($115.62 in chips)
Seat 3: GoliafUa ($121.74 in chips)
GoliafUa: posts small blind $1
Tabsan: posts big blind $3
*** HOLE CARDS ***
GoliafUa: folds
Uncalled bet ($2) returned to Tabsan
Tabsan collected $2 from pot
Tabsan: doesn't show hand
*** SUMMARY ***
Total pot $2 | Rake $0
Seat 1: Tabsan (big blind) collected ($2)
Seat 3: GoliafUa (button) (small blind) folded before Flop


PokerStars Hand #173153979260:  Hold'em Limit ($3/$6 USD) - 2017/07/17 12:18:49 ET
Table 'Kalliope II' 6-max Seat #3 is the button
Seat 1: Tabsan ($112.86 in chips)
Seat 3: GoliafUa ($124.74 in chips)
GoliafUa: posts small blind $1
Tabsan: posts big blind $3
*** HOLE CARDS ***
GoliafUa: raises $3 to $6
Tabsan: folds
Uncalled bet ($3) returned to GoliafUa
GoliafUa collected $6 from pot
GoliafUa: doesn't show hand
*** SUMMARY ***
Total pot $6 | Rake $0
Seat 1: Tabsan (big blind) folded before Flop
Seat 3: GoliafUa (button) (small blind) collected ($6)


PokerStars Hand #173153965195:  Hold'em Limit ($3/$6 USD) - 2017/07/17 12:18:28 ET
Table 'Kalliope II' 6-max Seat #1 is the button
Seat 1: Tabsan ($118.86 in chips)
Seat 3: GoliafUa ($118.98 in chips)
Tabsan: posts small blind $1
GoliafUa: posts big blind $3
*** HOLE CARDS ***
Tabsan: calls $2
GoliafUa: raises $3 to $6
Tabsan: calls $3
*** FLOP *** [6h Ac 9c]
GoliafUa: bets $3
Tabsan: folds
Uncalled bet ($3) returned to GoliafUa
GoliafUa collected $11.76 from pot
GoliafUa: doesn't show hand
*** SUMMARY ***
Total pot $12 | Rake $0.24
Board [6h Ac 9c]
Seat 1: Tabsan (button) (small blind) folded on the Flop
Seat 3: GoliafUa (big blind) collected ($11.76)


PokerStars Hand #173153998183:  Hold'em Limit ($3/$6 USD) - 2017/07/17 12:19:18 ET
Table 'Kalliope II' 6-max Seat #1 is the button
Seat 1: Tabsan ($116.62 in chips)
Seat 3: GoliafUa ($120.74 in chips)
Tabsan: posts small blind $1
GoliafUa: posts big blind $3
*** HOLE CARDS ***
Tabsan: calls $2
GoliafUa: checks
*** FLOP *** [Kc Kd Ks]
GoliafUa: checks
Tabsan: checks
*** TURN *** [Kc Kd Ks] [7d]
GoliafUa: checks
Tabsan: checks
*** RIVER *** [Kc Kd Ks 7d] [8h]
GoliafUa: checks
Tabsan: bets $6
GoliafUa: folds
Uncalled bet ($6) returned to Tabsan
Tabsan collected $5.88 from pot
Tabsan: doesn't show hand
*** SUMMARY ***
Total pot $6 | Rake $0.12
Board [Kc Kd Ks 7d 8h]
Seat 1: Tabsan (button) (small blind) collected ($5.88)
Seat 3: GoliafUa (big blind) folded on the River


PokerStars Hand #173154016360:  Hold'em Limit ($3/$6 USD) - 2017/07/17 12:19:45 ET
Table 'Kalliope II' 6-max Seat #3 is the button
Seat 1: Tabsan ($119.50 in chips)
Seat 3: GoliafUa ($117.74 in chips)
GoliafUa: posts small blind $1
Tabsan: posts big blind $3
*** HOLE CARDS ***
GoliafUa: raises $3 to $6
Tabsan: calls $3
*** FLOP *** [Th Ad Kd]
Tabsan: checks
GoliafUa: checks
*** TURN *** [Th Ad Kd] [9s]
Tabsan: checks
GoliafUa: checks
*** RIVER *** [Th Ad Kd 9s] [8s]
Tabsan: bets $6
GoliafUa: folds
Uncalled bet ($6) returned to Tabsan
Tabsan collected $11.76 from pot
Tabsan: doesn't show hand
*** SUMMARY ***
Total pot $12 | Rake $0.24
Board [Th Ad Kd 9s 8s]
Seat 1: Tabsan (big blind) collected ($11.76)
Seat 3: GoliafUa (button) (small blind) folded on the River


PokerStars Hand #173154053510:  Hold'em Limit ($3/$6 USD) - 2017/07/17 12:20:42 ET
Table 'Kalliope II' 6-max Seat #1 is the button
Seat 1: Tabsan ($138.76 in chips)
Seat 3: GoliafUa ($97.74 in chips)
Tabsan: posts small blind $1
GoliafUa: posts big blind $3
*** HOLE CARDS ***
Tabsan: folds
Uncalled bet ($2) returned to GoliafUa
GoliafUa collected $2 from pot
GoliafUa: doesn't show hand
*** SUMMARY ***
Total pot $2 | Rake $0
Seat 1: Tabsan (button) (small blind) folded before Flop
Seat 3: GoliafUa (big blind) collected ($2)


PokerStars Hand #173154031138:  Hold'em Limit ($3/$6 USD) - 2017/07/17 12:20:08 ET
Table 'Kalliope II' 6-max Seat #3 is the button
Seat 1: Tabsan ($124.26 in chips)
Seat 3: GoliafUa ($112.74 in chips)
GoliafUa: posts small blind $1
Tabsan: posts big blind $3
*** HOLE CARDS ***
GoliafUa: raises $3 to $6
Tabsan: calls $3
*** FLOP *** [Kc 6s 9s]
Tabsan: checks
GoliafUa: bets $3
Tabsan: calls $3
*** TURN *** [Kc 6s 9s] [3s]
Tabsan: checks
GoliafUa: bets $6
Tabsan: calls $6
*** RIVER *** [Kc 6s 9s 3s] [2c]
Tabsan: checks
GoliafUa: checks
*** SHOW DOWN ***
Tabsan: shows [8h Kd] (a pair of Kings)
GoliafUa: mucks hand
Tabsan collected $29.50 from pot
*** SUMMARY ***
Total pot $30 | Rake $0.50
Board [Kc 6s 9s 3s 2c]
Seat 1: Tabsan (big blind) showed [8h Kd] and won ($29.50) with a pair of Kings
Seat 3: GoliafUa (button) (small blind) mucked


PokerStars Hand #173154027631:  Hold'em Limit ($3/$6 USD) - 2017/07/17 12:20:02 ET
Table 'Kalliope II' 6-max Seat #1 is the button
Seat 1: Tabsan ($125.26 in chips)
Seat 3: GoliafUa ($111.74 in chips)
Tabsan: posts small blind $1
GoliafUa: posts big blind $3
*** HOLE CARDS ***
Tabsan: folds
Uncalled bet ($2) returned to GoliafUa
GoliafUa collected $2 from pot
GoliafUa: doesn't show hand
*** SUMMARY ***
Total pot $2 | Rake $0
Seat 1: Tabsan (button) (small blind) folded before Flop
Seat 3: GoliafUa (big blind) collected ($2)


PokerStars Hand #173154085272:  Hold'em Limit ($3/$6 USD) - 2017/07/17 12:21:30 ET
Table 'Kalliope II' 6-max Seat #1 is the button
Seat 1: Tabsan ($154.26 in chips)
Seat 3: GoliafUa ($81.74 in chips)
Tabsan: posts small blind $1
GoliafUa: posts big blind $3
*** HOLE CARDS ***
Tabsan: calls $2
GoliafUa: checks
*** FLOP *** [Jd 8s 4c]
GoliafUa: checks
Tabsan: bets $3
GoliafUa: folds
Uncalled bet ($3) returned to Tabsan
Tabsan collected $5.88 from pot
Tabsan: doesn't show hand
*** SUMMARY ***
Total pot $6 | Rake $0.12
Board [Jd 8s 4c]
Seat 1: Tabsan (button) (small blind) collected ($5.88)
Seat 3: GoliafUa (big blind) folded on the Flop


PokerStars Hand #173154077472:  Hold'em Limit ($3/$6 USD) - 2017/07/17 12:21:19 ET
Table 'Kalliope II' 6-max Seat #1 is the button
Seat 1: Tabsan ($158.26 in chips)
Seat 3: GoliafUa ($77.74 in chips)
Tabsan: posts small blind $1
GoliafUa: posts big blind $3
*** HOLE CARDS ***
Tabsan: folds
Uncalled bet ($2) returned to GoliafUa
GoliafUa collected $2 from pot
GoliafUa: doesn't show hand
*** SUMMARY ***
Total pot $2 | Rake $0
Seat 1: Tabsan (button) (small blind) folded before Flop
Seat 3: GoliafUa (big blind) collected ($2)


PokerStars Hand #173154056785:  Hold'em Limit ($3/$6 USD) - 2017/07/17 12:20:47 ET
Table 'Kalliope II' 6-max Seat #3 is the button
Seat 1: Tabsan ($137.76 in chips)
Seat 3: GoliafUa ($98.74 in chips)
GoliafUa: posts small blind $1
Tabsan: posts big blind $3
*** HOLE CARDS ***
GoliafUa: raises $3 to $6
Tabsan: calls $3
*** FLOP *** [8d Ah 8h]
Tabsan: checks
GoliafUa: bets $3
Tabsan: calls $3
*** TURN *** [8d Ah 8h] [7s]
Tabsan: checks
GoliafUa: bets $6
Tabsan: calls $6
*** RIVER *** [8d Ah 8h 7s] [9c]
Tabsan: bets $6
GoliafUa: calls $6
*** SHOW DOWN ***
Tabsan: shows [6c 8c] (three of a kind, Eights)
GoliafUa: mucks hand
Tabsan collected $41.50 from pot
*** SUMMARY ***
Total pot $42 | Rake $0.50
Board [8d Ah 8h 7s 9c]
Seat 1: Tabsan (big blind) showed [6c 8c] and won ($41.50) with three of a kind, Eights
Seat 3: GoliafUa (button) (small blind) mucked


PokerStars Hand #173154081196:  Hold'em Limit ($3/$6 USD) - 2017/07/17 12:21:24 ET
Table 'Kalliope II' 6-max Seat #3 is the button
Seat 1: Tabsan ($157.26 in chips)
Seat 3: GoliafUa ($78.74 in chips)
GoliafUa: posts small blind $1
Tabsan: posts big blind $3
*** HOLE CARDS ***
GoliafUa: raises $3 to $6
Tabsan: folds
Uncalled bet ($3) returned to GoliafUa
GoliafUa collected $6 from pot
GoliafUa: doesn't show hand
*** SUMMARY ***
Total pot $6 | Rake $0
Seat 1: Tabsan (big blind) folded before Flop
Seat 3: GoliafUa (button) (small blind) collected ($6)


PokerStars Hand #173154120550:  Hold'em Limit ($3/$6 USD) - 2017/07/17 12:22:24 ET
Table 'Kalliope II' 6-max Seat #3 is the button
Seat 1: Tabsan ($133.14 in chips)
Seat 3: GoliafUa ($101.88 in chips)
GoliafUa: posts small blind $1
Tabsan: posts big blind $3
*** HOLE CARDS ***
GoliafUa: raises $3 to $6
Tabsan: calls $3
*** FLOP *** [8s 5c 2c]
Tabsan: checks
GoliafUa: bets $3
Tabsan: calls $3
*** TURN *** [8s 5c 2c] [3c]
Tabsan: checks
GoliafUa: checks
*** RIVER *** [8s 5c 2c 3c] [6s]
Tabsan: checks
GoliafUa: checks
*** SHOW DOWN ***
Tabsan: shows [7d Jc] (high card Jack)
GoliafUa: shows [Jd Ks] (high card King)
GoliafUa collected $17.64 from pot
*** SUMMARY ***
Total pot $18 | Rake $0.36
Board [8s 5c 2c 3c 6s]
Seat 1: Tabsan (big blind) showed [7d Jc] and lost with high card Jack
Seat 3: GoliafUa (button) (small blind) showed [Jd Ks] and won ($17.64) with high card King


PokerStars Hand #173154109848:  Hold'em Limit ($3/$6 USD) - 2017/07/17 12:22:08 ET
Table 'Kalliope II' 6-max Seat #1 is the button
Seat 1: Tabsan ($142.14 in chips)
Seat 3: GoliafUa ($93.24 in chips)
Tabsan: posts small blind $1
GoliafUa: posts big blind $3
*** HOLE CARDS ***
Tabsan: raises $3 to $6
GoliafUa: calls $3
*** FLOP *** [Ah 6s 2c]
GoliafUa: checks
Tabsan: bets $3
GoliafUa: raises $3 to $6
Tabsan: folds
Uncalled bet ($3) returned to GoliafUa
GoliafUa collected $17.64 from pot
GoliafUa: doesn't show hand
*** SUMMARY ***
Total pot $18 | Rake $0.36
Board [Ah 6s 2c]
Seat 1: Tabsan (button) (small blind) folded on the Flop
Seat 3: GoliafUa (big blind) collected ($17.64)


PokerStars Hand #173154093222:  Hold'em Limit ($3/$6 USD) - 2017/07/17 12:21:43 ET
Table 'Kalliope II' 6-max Seat #3 is the button
Seat 1: Tabsan ($157.14 in chips)
Seat 3: GoliafUa ($78.74 in chips)
GoliafUa: posts small blind $1
Tabsan: posts big blind $3
*** HOLE CARDS ***
GoliafUa: raises $3 to $6
Tabsan: calls $3
*** FLOP *** [4c 6d 2d]
Tabsan: checks
GoliafUa: bets $3
Tabsan: calls $3
*** TURN *** [4c 6d 2d] [8s]
Tabsan: checks
GoliafUa: bets $6
Tabsan: calls $6
*** RIVER *** [4c 6d 2d 8s] [Qc]
Tabsan: checks
GoliafUa: bets $6
Tabsan: folds
Uncalled bet ($6) returned to GoliafUa
GoliafUa collected $29.50 from pot
GoliafUa: doesn't show hand
*** SUMMARY ***
Total pot $30 | Rake $0.50
Board [4c 6d 2d 8s Qc]
Seat 1: Tabsan (big blind) folded on the River
Seat 3: GoliafUa (button) (small blind) collected ($29.50)


PokerStars Hand #173154151094:  Hold'em Limit ($3/$6 USD) - 2017/07/17 12:23:10 ET
Table 'Kalliope II' 6-max Seat #1 is the button
Seat 1: Tabsan ($117.14 in chips)
Seat 3: GoliafUa ($117.28 in chips)
Tabsan: posts small blind $1
GoliafUa: posts big blind $3
*** HOLE CARDS ***
Tabsan: raises $3 to $6
GoliafUa: folds
Uncalled bet ($3) returned to Tabsan
Tabsan collected $6 from pot
Tabsan: doesn't show hand
*** SUMMARY ***
Total pot $6 | Rake $0
Seat 1: Tabsan (button) (small blind) collected ($6)
Seat 3: GoliafUa (big blind) folded before Flop


PokerStars Hand #173154138175:  Hold'em Limit ($3/$6 USD) - 2017/07/17 12:22:51 ET
Table 'Kalliope II' 6-max Seat #3 is the button
Seat 1: Tabsan ($123.14 in chips)
Seat 3: GoliafUa ($111.52 in chips)
GoliafUa: posts small blind $1
Tabsan: posts big blind $3
*** HOLE CARDS ***
GoliafUa: raises $3 to $6
Tabsan: calls $3
*** FLOP *** [Td Js 5s]
Tabsan: checks
GoliafUa: bets $3
Tabsan: folds
Uncalled bet ($3) returned to GoliafUa
GoliafUa collected $11.76 from pot
GoliafUa: doesn't show hand
*** SUMMARY ***
Total pot $12 | Rake $0.24
Board [Td Js 5s]
Seat 1: Tabsan (big blind) folded on the Flop
Seat 3: GoliafUa (button) (small blind) collected ($11.76)


PokerStars Hand #173154134662:  Hold'em Limit ($3/$6 USD) - 2017/07/17 12:22:45 ET
Table 'Kalliope II' 6-max Seat #1 is the button
Seat 1: Tabsan ($124.14 in chips)
Seat 3: GoliafUa ($110.52 in chips)
Tabsan: posts small blind $1
GoliafUa: posts big blind $3
*** HOLE CARDS ***
Tabsan: folds
Uncalled bet ($2) returned to GoliafUa
GoliafUa collected $2 from pot
GoliafUa: doesn't show hand
*** SUMMARY ***
Total pot $2 | Rake $0
Seat 1: Tabsan (button) (small blind) folded before Flop
Seat 3: GoliafUa (big blind) collected ($2)


PokerStars Hand #173154187832:  Hold'em Limit ($3/$6 USD) - 2017/07/17 12:24:06 ET
Table 'Kalliope II' 6-max Seat #3 is the button
Seat 1: Tabsan ($129.64 in chips)
Seat 3: GoliafUa ($104.04 in chips)
GoliafUa: posts small blind $1
Tabsan: posts big blind $3
*** HOLE CARDS ***
GoliafUa: raises $3 to $6
Tabsan: calls $3
*** FLOP *** [9d 3c 3d]
Tabsan: checks
GoliafUa: bets $3
Tabsan: calls $3
*** TURN *** [9d 3c 3d] [6d]
Tabsan: checks
GoliafUa: checks
*** RIVER *** [9d 3c 3d 6d] [Kc]
Tabsan: bets $6
GoliafUa: calls $6
*** SHOW DOWN ***
Tabsan: shows [7d Jd] (a flush, Jack high)
GoliafUa: mucks hand
Tabsan collected $29.50 from pot
*** SUMMARY ***
Total pot $30 | Rake $0.50
Board [9d 3c 3d 6d Kc]
Seat 1: Tabsan (big blind) showed [7d Jd] and won ($29.50) with a flush, Jack high
Seat 3: GoliafUa (button) (small blind) mucked


PokerStars Hand #173154173355:  Hold'em Limit ($3/$6 USD) - 2017/07/17 12:23:44 ET
Table 'Kalliope II' 6-max Seat #3 is the button
Seat 1: Tabsan ($113.14 in chips)
Seat 3: GoliafUa ($121.04 in chips)
GoliafUa: posts small blind $1
Tabsan: posts big blind $3
*** HOLE CARDS ***
GoliafUa: raises $3 to $6
Tabsan: raises $3 to $9
GoliafUa: calls $3
*** FLOP *** [6s 5c Ts]
Tabsan: bets $3
GoliafUa: calls $3
*** TURN *** [6s 5c Ts] [Jc]
Tabsan: bets $6
GoliafUa: calls $6
*** RIVER *** [6s 5c Ts Jc] [3s]
Tabsan: bets $6
GoliafUa: folds
Uncalled bet ($6) returned to Tabsan
Tabsan collected $35.50 from pot
Tabsan: doesn't show hand
*** SUMMARY ***
Total pot $36 | Rake $0.50
Board [6s 5c Ts Jc 3s]
Seat 1: Tabsan (big blind) collected ($35.50)
Seat 3: GoliafUa (button) (small blind) folded on the River


PokerStars Hand #173154209751:  Hold'em Limit ($3/$6 USD) - 2017/07/17 12:24:40 ET
Table 'Kalliope II' 6-max Seat #1 is the button
Seat 1: Tabsan ($144.14 in chips)
Seat 3: GoliafUa ($89.04 in chips)
Tabsan: posts small blind $1
GoliafUa: posts big blind $3
*** HOLE CARDS ***
Tabsan: raises $3 to $6
GoliafUa: raises $3 to $9
Tabsan: calls $3
*** FLOP *** [As 9s 6s]
GoliafUa: bets $3
Tabsan: calls $3
*** TURN *** [As 9s 6s] [5d]
GoliafUa: bets $6
Tabsan: calls $6
*** RIVER *** [As 9s 6s 5d] [Jc]
GoliafUa: bets $6
Tabsan: raises $6 to $12
GoliafUa: calls $6
*** SHOW DOWN ***
Tabsan: shows [5h Ac] (two pair, Aces and Fives)
GoliafUa: shows [6c Ad] (two pair, Aces and Sixes)
GoliafUa collected $59.50 from pot
*** SUMMARY ***
Total pot $60 | Rake $0.50
Board [As 9s 6s 5d Jc]
Seat 1: Tabsan (button) (small blind) showed [5h Ac] and lost with two pair, Aces and Fives
Seat 3: GoliafUa (big blind) showed [6c Ad] and won ($59.50) with two pair, Aces and Sixes


PokerStars Hand #173154228809:  Hold'em Limit ($3/$6 USD) - 2017/07/17 12:25:09 ET
Table 'Kalliope II' 6-max Seat #1 is the button
Seat 1: Tabsan ($111.14 in chips)
Seat 3: GoliafUa ($121.54 in chips)
Tabsan: posts small blind $1
GoliafUa: posts big blind $3
*** HOLE CARDS ***
Tabsan: folds
Uncalled bet ($2) returned to GoliafUa
GoliafUa collected $2 from pot
GoliafUa: doesn't show hand
*** SUMMARY ***
Total pot $2 | Rake $0
Seat 1: Tabsan (button) (small blind) folded before Flop
Seat 3: GoliafUa (big blind) collected ($2)


PokerStars Hand #173154224037:  Hold'em Limit ($3/$6 USD) - 2017/07/17 12:25:01 ET
Table 'Kalliope II' 6-max Seat #3 is the button
Seat 1: Tabsan ($114.14 in chips)
Seat 3: GoliafUa ($118.54 in chips)
GoliafUa: posts small blind $1
Tabsan: posts big blind $3
*** HOLE CARDS ***
GoliafUa: raises $3 to $6
Tabsan: folds
Uncalled bet ($3) returned to GoliafUa
GoliafUa collected $6 from pot
GoliafUa: doesn't show hand
*** SUMMARY ***
Total pot $6 | Rake $0
Seat 1: Tabsan (big blind) folded before Flop
Seat 3: GoliafUa (button) (small blind) collected ($6)


PokerStars Hand #173154282336:  Hold'em Limit ($3/$6 USD) - 2017/07/17 12:26:30 ET
Table 'Kalliope II' 6-max Seat #1 is the button
Seat 1: Tabsan ($136.64 in chips)
Seat 3: GoliafUa ($95.30 in chips)
Tabsan: posts small blind $1
GoliafUa: posts big blind $3
*** HOLE CARDS ***
Tabsan: folds
Uncalled bet ($2) returned to GoliafUa
GoliafUa collected $2 from pot
GoliafUa: doesn't show hand
*** SUMMARY ***
Total pot $2 | Rake $0
Seat 1: Tabsan (button) (small blind) folded before Flop
Seat 3: GoliafUa (big blind) collected ($2)


PokerStars Hand #173154271310:  Hold'em Limit ($3/$6 USD) - 2017/07/17 12:26:14 ET
Table 'Kalliope II' 6-max Seat #3 is the button
Seat 1: Tabsan ($142.64 in chips)
Seat 3: GoliafUa ($89.54 in chips)
GoliafUa: posts small blind $1
Tabsan: posts big blind $3
*** HOLE CARDS ***
GoliafUa: raises $3 to $6
Tabsan: calls $3
*** FLOP *** [Ad 8d 2s]
Tabsan: checks
GoliafUa: bets $3
Tabsan: folds
Uncalled bet ($3) returned to GoliafUa
GoliafUa collected $11.76 from pot
GoliafUa: doesn't show hand
*** SUMMARY ***
Total pot $12 | Rake $0.24
Board [Ad 8d 2s]
Seat 1: Tabsan (big blind) folded on the Flop
Seat 3: GoliafUa (button) (small blind) collected ($11.76)


PokerStars Hand #173154262841:  Hold'em Limit ($3/$6 USD) - 2017/07/17 12:26:01 ET
Table 'Kalliope II' 6-max Seat #1 is the button
Seat 1: Tabsan ($139.64 in chips)
Seat 3: GoliafUa ($92.54 in chips)
Tabsan: posts small blind $1
GoliafUa: posts big blind $3
*** HOLE CARDS ***
Tabsan: raises $3 to $6
GoliafUa: folds
Uncalled bet ($3) returned to Tabsan
Tabsan collected $6 from pot
Tabsan: doesn't show hand
*** SUMMARY ***
Total pot $6 | Rake $0
Seat 1: Tabsan (button) (small blind) collected ($6)
Seat 3: GoliafUa (big blind) folded before Flop


PokerStars Hand #173154231936:  Hold'em Limit ($3/$6 USD) - 2017/07/17 12:25:14 ET
Table 'Kalliope II' 6-max Seat #3 is the button
Seat 1: Tabsan ($110.14 in chips)
Seat 3: GoliafUa ($122.54 in chips)
GoliafUa: posts small blind $1
Tabsan: posts big blind $3
*** HOLE CARDS ***
GoliafUa: raises $3 to $6
Tabsan: calls $3
*** FLOP *** [Ad Td Jh]
Tabsan: checks
GoliafUa: bets $3
Tabsan: raises $3 to $6
GoliafUa: calls $3
*** TURN *** [Ad Td Jh] [2h]
Tabsan: bets $6
GoliafUa: raises $6 to $12
Tabsan: calls $6
*** RIVER *** [Ad Td Jh 2h] [7d]
Tabsan: bets $6
GoliafUa: calls $6
*** SHOW DOWN ***
Tabsan: shows [8d 3d] (a flush, Ace high)
GoliafUa: mucks hand
Tabsan collected $59.50 from pot
*** SUMMARY ***
Total pot $60 | Rake $0.50
Board [Ad Td Jh 2h 7d]
Seat 1: Tabsan (big blind) showed [8d 3d] and won ($59.50) with a flush, Ace high
Seat 3: GoliafUa (button) (small blind) mucked


PokerStars Hand #173154285683:  Hold'em Limit ($3/$6 USD) - 2017/07/17 12:26:35 ET
Table 'Kalliope II' 6-max Seat #3 is the button
Seat 1: Tabsan ($135.64 in chips)
Seat 3: GoliafUa ($96.30 in chips)
GoliafUa: posts small blind $1
Tabsan: posts big blind $3
*** HOLE CARDS ***
GoliafUa: raises $3 to $6
Tabsan: calls $3
*** FLOP *** [Tc Kh Qd]
Tabsan: checks
GoliafUa: bets $3
Tabsan: calls $3
*** TURN *** [Tc Kh Qd] [Td]
Tabsan: checks
GoliafUa: bets $6
Tabsan: folds
Uncalled bet ($6) returned to GoliafUa
GoliafUa collected $17.64 from pot
GoliafUa: doesn't show hand
*** SUMMARY ***
Total pot $18 | Rake $0.36
Board [Tc Kh Qd Td]
Seat 1: Tabsan (big blind) folded on the Turn
Seat 3: GoliafUa (button) (small blind) collected ($17.64)


PokerStars Hand #173154309713:  Hold'em Limit ($3/$6 USD) - 2017/07/17 12:27:12 ET
Table 'Kalliope II' 6-max Seat #1 is the button
Seat 1: Tabsan ($126.64 in chips)
Seat 3: GoliafUa ($104.94 in chips)
Tabsan: posts small blind $1
GoliafUa: posts big blind $3
*** HOLE CARDS ***
Tabsan: calls $2
GoliafUa: checks
*** FLOP *** [5s Tc Jd]
GoliafUa: checks
Tabsan: bets $3
GoliafUa: calls $3
*** TURN *** [5s Tc Jd] [4c]
GoliafUa: checks
Tabsan: bets $6
GoliafUa: folds
Uncalled bet ($6) returned to Tabsan
Tabsan collected $11.76 from pot
Tabsan: doesn't show hand
*** SUMMARY ***
Total pot $12 | Rake $0.24
Board [5s Tc Jd 4c]
Seat 1: Tabsan (button) (small blind) collected ($11.76)
Seat 3: GoliafUa (big blind) folded on the Turn


PokerStars Hand #173154347247:  Hold'em Limit ($3/$6 USD) - 2017/07/17 12:28:09 ET
Table 'Kalliope II' 6-max Seat #1 is the button
Seat 1: Tabsan ($141.04 in chips)
Seat 3: GoliafUa ($89.94 in chips)
Tabsan: posts small blind $1
GoliafUa: posts big blind $3
*** HOLE CARDS ***
Tabsan: folds
Uncalled bet ($2) returned to GoliafUa
GoliafUa collected $2 from pot
GoliafUa: doesn't show hand
*** SUMMARY ***
Total pot $2 | Rake $0
Seat 1: Tabsan (button) (small blind) folded before Flop
Seat 3: GoliafUa (big blind) collected ($2)


PokerStars Hand #173154323957:  Hold'em Limit ($3/$6 USD) - 2017/07/17 12:27:34 ET
Table 'Kalliope II' 6-max Seat #3 is the button
Seat 1: Tabsan ($132.40 in chips)
Seat 3: GoliafUa ($98.94 in chips)
GoliafUa: posts small blind $1
Tabsan: posts big blind $3
*** HOLE CARDS ***
GoliafUa: raises $3 to $6
Tabsan: calls $3
*** FLOP *** [6d 4c Th]
Tabsan: checks
GoliafUa: bets $3
Tabsan: calls $3
*** TURN *** [6d 4c Th] [Ts]
Tabsan: checks
GoliafUa: checks
*** RIVER *** [6d 4c Th Ts] [9s]
Tabsan: bets $6
GoliafUa: folds
Uncalled bet ($6) returned to Tabsan
Tabsan collected $17.64 from pot
Tabsan: doesn't show hand
*** SUMMARY ***
Total pot $18 | Rake $0.36
Board [6d 4c Th Ts 9s]
Seat 1: Tabsan (big blind) collected ($17.64)
Seat 3: GoliafUa (button) (small blind) folded on the River


PokerStars Hand #173154351048:  Hold'em Limit ($3/$6 USD) - 2017/07/17 12:28:15 ET
Table 'Kalliope II' 6-max Seat #3 is the button
Seat 1: Tabsan ($140.04 in chips)
Seat 3: GoliafUa ($90.94 in chips)
GoliafUa: posts small blind $1
Tabsan: posts big blind $3
*** HOLE CARDS ***
GoliafUa: raises $3 to $6
Tabsan: calls $3
*** FLOP *** [2c 4c Th]
Tabsan: checks
GoliafUa: bets $3
Tabsan: calls $3
*** TURN *** [2c 4c Th] [Qs]
Tabsan: checks
GoliafUa: checks
*** RIVER *** [2c 4c Th Qs] [2h]
Tabsan: checks
GoliafUa: checks
*** SHOW DOWN ***
Tabsan: shows [7h Jh] (a pair of Deuces)
GoliafUa: mucks hand
Tabsan collected $17.64 from pot
*** SUMMARY ***
Total pot $18 | Rake $0.36
Board [2c 4c Th Qs 2h]
Seat 1: Tabsan (big blind) showed [7h Jh] and won ($17.64) with a pair of Deuces
Seat 3: GoliafUa (button) (small blind) mucked


PokerStars Hand #173154386111:  Hold'em Limit ($3/$6 USD) - 2017/07/17 12:29:08 ET
Table 'Kalliope II' 6-max Seat #1 is the button
Seat 1: Tabsan ($136.68 in chips)
Seat 3: GoliafUa ($93.46 in chips)
Tabsan: posts small blind $1
GoliafUa: posts big blind $3
*** HOLE CARDS ***
Tabsan: folds
Uncalled bet ($2) returned to GoliafUa
GoliafUa collected $2 from pot
GoliafUa: doesn't show hand
*** SUMMARY ***
Total pot $2 | Rake $0
Seat 1: Tabsan (button) (small blind) folded before Flop
Seat 3: GoliafUa (big blind) collected ($2)


PokerStars Hand #173154368714:  Hold'em Limit ($3/$6 USD) - 2017/07/17 12:28:42 ET
Table 'Kalliope II' 6-max Seat #1 is the button
Seat 1: Tabsan ($148.68 in chips)
Seat 3: GoliafUa ($81.94 in chips)
Tabsan: posts small blind $1
GoliafUa: posts big blind $3
*** HOLE CARDS ***
Tabsan: calls $2
GoliafUa: checks
*** FLOP *** [7s 2h 5s]
GoliafUa: bets $3
Tabsan: calls $3
*** TURN *** [7s 2h 5s] [5c]
GoliafUa: bets $6
Tabsan: folds
Uncalled bet ($6) returned to GoliafUa
GoliafUa collected $11.76 from pot
GoliafUa: doesn't show hand
*** SUMMARY ***
Total pot $12 | Rake $0.24
Board [7s 2h 5s 5c]
Seat 1: Tabsan (button) (small blind) folded on the Turn
Seat 3: GoliafUa (big blind) collected ($11.76)


PokerStars Hand #173154424305:  Hold'em Limit ($3/$6 USD) - 2017/07/17 12:30:06 ET
Table 'Kalliope II' 6-max Seat #1 is the button
Seat 1: Tabsan ($144.32 in chips)
Seat 3: GoliafUa ($85.46 in chips)
Tabsan: posts small blind $1
GoliafUa: posts big blind $3
*** HOLE CARDS ***
Tabsan: calls $2
GoliafUa: raises $3 to $6
Tabsan: calls $3
*** FLOP *** [Kd Td 8d]
GoliafUa: bets $3
Tabsan: calls $3
*** TURN *** [Kd Td 8d] [Jd]
GoliafUa: bets $6
Tabsan: calls $6
*** RIVER *** [Kd Td 8d Jd] [2h]
GoliafUa: bets $6
Tabsan: folds
Uncalled bet ($6) returned to GoliafUa
GoliafUa collected $29.50 from pot
GoliafUa: doesn't show hand
*** SUMMARY ***
Total pot $30 | Rake $0.50
Board [Kd Td 8d Jd 2h]
Seat 1: Tabsan (button) (small blind) folded on the River
Seat 3: GoliafUa (big blind) collected ($29.50)


PokerStars Hand #173154414078:  Hold'em Limit ($3/$6 USD) - 2017/07/17 12:29:51 ET
Table 'Kalliope II' 6-max Seat #1 is the button
Seat 1: Tabsan ($144.32 in chips)
Seat 3: GoliafUa ($85.46 in chips)
Tabsan: posts small blind $1
GoliafUa: posts big blind $3
*** HOLE CARDS ***
Tabsan: folds
Uncalled bet ($2) returned to GoliafUa
GoliafUa collected $2 from pot
GoliafUa: doesn't show hand
*** SUMMARY ***
Total pot $2 | Rake $0
Seat 1: Tabsan (button) (small blind) folded before Flop
Seat 3: GoliafUa (big blind) collected ($2)


PokerStars Hand #173154391045:  Hold'em Limit ($3/$6 USD) - 2017/07/17 12:29:16 ET
Table 'Kalliope II' 6-max Seat #3 is the button
Seat 1: Tabsan ($135.68 in chips)
Seat 3: GoliafUa ($94.46 in chips)
GoliafUa: posts small blind $1
Tabsan: posts big blind $3
*** HOLE CARDS ***
GoliafUa: raises $3 to $6
Tabsan: calls $3
*** FLOP *** [Qh 3h 2d]
Tabsan: checks
GoliafUa: bets $3
Tabsan: calls $3
*** TURN *** [Qh 3h 2d] [9h]
Tabsan: checks
GoliafUa: checks
*** RIVER *** [Qh 3h 2d 9h] [4s]
Tabsan: bets $6
GoliafUa: folds
Uncalled bet ($6) returned to Tabsan
Tabsan collected $17.64 from pot
Tabsan: doesn't show hand
*** SUMMARY ***
Total pot $18 | Rake $0.36
Board [Qh 3h 2d 9h 4s]
Seat 1: Tabsan (big blind) collected ($17.64)
Seat 3: GoliafUa (button) (small blind) folded on the River


PokerStars Hand #173154441844:  Hold'em Limit ($3/$6 USD) - 2017/07/17 12:30:33 ET
Table 'Kalliope II' 6-max Seat #3 is the button
Seat 1: Tabsan ($129.32 in chips)
Seat 3: GoliafUa ($99.96 in chips)
GoliafUa: posts small blind $1
Tabsan: posts big blind $3
*** HOLE CARDS ***
GoliafUa: folds
Uncalled bet ($2) returned to Tabsan
Tabsan collected $2 from pot
Tabsan: doesn't show hand
*** SUMMARY ***
Total pot $2 | Rake $0
Seat 1: Tabsan (big blind) collected ($2)
Seat 3: GoliafUa (button) (small blind) folded before Flop


PokerStars Hand #173154468809:  Hold'em Limit ($3/$6 USD) - 2017/07/17 12:31:13 ET
Table 'Kalliope II' 6-max Seat #1 is the button
Seat 1: Tabsan ($108.32 in chips)
Seat 3: GoliafUa ($120.46 in chips)
Tabsan: posts small blind $1
GoliafUa: posts big blind $3
*** HOLE CARDS ***
Tabsan: raises $3 to $6
GoliafUa: folds
Uncalled bet ($3) returned to Tabsan
Tabsan collected $6 from pot
Tabsan: doesn't show hand
*** SUMMARY ***
Total pot $6 | Rake $0
Seat 1: Tabsan (button) (small blind) collected ($6)
Seat 3: GoliafUa (big blind) folded before Flop


PokerStars Hand #173154449512:  Hold'em Limit ($3/$6 USD) - 2017/07/17 12:30:44 ET
Table 'Kalliope II' 6-max Seat #3 is the button
Seat 1: Tabsan ($129.32 in chips)
Seat 3: GoliafUa ($99.96 in chips)
GoliafUa: posts small blind $1
Tabsan: posts big blind $3
*** HOLE CARDS ***
GoliafUa: raises $3 to $6
Tabsan: calls $3
*** FLOP *** [8d Kd 5d]
Tabsan: checks
GoliafUa: bets $3
Tabsan: calls $3
*** TURN *** [8d Kd 5d] [8h]
Tabsan: checks
GoliafUa: bets $6
Tabsan: calls $6
*** RIVER *** [8d Kd 5d 8h] [4d]
Tabsan: bets $6
GoliafUa: calls $6
*** SHOW DOWN ***
Tabsan: shows [Jh 5c] (two pair, Eights and Fives)
GoliafUa: shows [7s Kh] (two pair, Kings and Eights)
GoliafUa collected $41.50 from pot
*** SUMMARY ***
Total pot $42 | Rake $0.50
Board [8d Kd 5d 8h 4d]
Seat 1: Tabsan (big blind) showed [Jh 5c] and lost with two pair, Eights and Fives
Seat 3: GoliafUa (button) (small blind) showed [7s Kh] and won ($41.50) with two pair, Kings and Eights


PokerStars Hand #173154482695:  Hold'em Limit ($3/$6 USD) - 2017/07/17 12:31:34 ET
Table 'Kalliope II' 6-max Seat #1 is the button
Seat 1: Tabsan ($105.32 in chips)
Seat 3: GoliafUa ($123.22 in chips)
Tabsan: posts small blind $1
GoliafUa: posts big blind $3
*** HOLE CARDS ***
Tabsan: raises $3 to $6
GoliafUa: raises $3 to $9
Tabsan: raises $3 to $12
Betting is capped
GoliafUa: calls $3
*** FLOP *** [Ad 2h Kh]
GoliafUa: checks
Tabsan: bets $3
GoliafUa: raises $3 to $6
Tabsan: calls $3
*** TURN *** [Ad 2h Kh] [Kc]
GoliafUa: bets $6
Tabsan: calls $6
*** RIVER *** [Ad 2h Kh Kc] [9d]
GoliafUa: bets $6
Tabsan: calls $6
*** SHOW DOWN ***
GoliafUa: shows [4s Ac] (two pair, Aces and Kings)
Tabsan: mucks hand
GoliafUa collected $59.50 from pot
*** SUMMARY ***
Total pot $60 | Rake $0.50
Board [Ad 2h Kh Kc 9d]
Seat 1: Tabsan (button) (small blind) mucked
Seat 3: GoliafUa (big blind) showed [4s Ac] and won ($59.50) with two pair, Aces and Kings


PokerStars Hand #173154498045:  Hold'em Limit ($3/$6 USD) - 2017/07/17 12:31:57 ET
Table 'Kalliope II' 6-max Seat #3 is the button
Seat 1: Tabsan ($75.32 in chips)
Seat 3: GoliafUa ($152.72 in chips)
GoliafUa: posts small blind $1
Tabsan: posts big blind $3
*** HOLE CARDS ***
GoliafUa: raises $3 to $6
Tabsan: calls $3
*** FLOP *** [8s 3c 6s]
Tabsan: checks
GoliafUa: bets $3
Tabsan: calls $3
*** TURN *** [8s 3c 6s] [3d]
Tabsan: checks
GoliafUa: bets $6
Tabsan: raises $6 to $12
GoliafUa: calls $6
*** RIVER *** [8s 3c 6s 3d] [Kd]
Tabsan: bets $6
GoliafUa: calls $6
*** SHOW DOWN ***
Tabsan: shows [3s Qd] (three of a kind, Threes)
GoliafUa: mucks hand
Tabsan collected $53.50 from pot
*** SUMMARY ***
Total pot $54 | Rake $0.50
Board [8s 3c 6s 3d Kd]
Seat 1: Tabsan (big blind) showed [3s Qd] and won ($53.50) with three of a kind, Threes
Seat 3: GoliafUa (button) (small blind) mucked


PokerStars Hand #173154516353:  Hold'em Limit ($3/$6 USD) - 2017/07/17 12:32:25 ET
Table 'Kalliope II' 6-max Seat #1 is the button
Seat 1: Tabsan ($101.82 in chips)
Seat 3: GoliafUa ($125.72 in chips)
Tabsan: posts small blind $1
GoliafUa: posts big blind $3
*** HOLE CARDS ***
Tabsan: folds
Uncalled bet ($2) returned to GoliafUa
GoliafUa collected $2 from pot
GoliafUa: doesn't show hand
*** SUMMARY ***
Total pot $2 | Rake $0
Seat 1: Tabsan (button) (small blind) folded before Flop
Seat 3: GoliafUa (big blind) collected ($2)


PokerStars Hand #173154533951:  Hold'em Limit ($3/$6 USD) - 2017/07/17 12:32:51 ET
Table 'Kalliope II' 6-max Seat #1 is the button
Seat 1: Tabsan ($91.82 in chips)
Seat 3: GoliafUa ($135.36 in chips)
Tabsan: posts small blind $1
GoliafUa: posts big blind $3
*** HOLE CARDS ***
Tabsan: folds
Uncalled bet ($2) returned to GoliafUa
GoliafUa collected $2 from pot
GoliafUa: doesn't show hand
*** SUMMARY ***
Total pot $2 | Rake $0
Seat 1: Tabsan (button) (small blind) folded before Flop
Seat 3: GoliafUa (big blind) collected ($2)


PokerStars Hand #173154519970:  Hold'em Limit ($3/$6 USD) - 2017/07/17 12:32:30 ET
Table 'Kalliope II' 6-max Seat #3 is the button
Seat 1: Tabsan ($100.82 in chips)
Seat 3: GoliafUa ($126.72 in chips)
GoliafUa: posts small blind $1
Tabsan: posts big blind $3
*** HOLE CARDS ***
GoliafUa: raises $3 to $6
Tabsan: calls $3
*** FLOP *** [Qh 5h 6d]
Tabsan: checks
GoliafUa: bets $3
Tabsan: calls $3
*** TURN *** [Qh 5h 6d] [6c]
Tabsan: checks
GoliafUa: checks
*** RIVER *** [Qh 5h 6d 6c] [Ac]
Tabsan: checks
GoliafUa: checks
*** SHOW DOWN ***
Tabsan: shows [4d 8d] (a pair of Sixes)
GoliafUa: shows [Ks 3s] (a pair of Sixes - Ace+King kicker)
GoliafUa collected $17.64 from pot
*** SUMMARY ***
Total pot $18 | Rake $0.36
Board [Qh 5h 6d 6c Ac]
Seat 1: Tabsan (big blind) showed [4d 8d] and lost with a pair of Sixes
Seat 3: GoliafUa (button) (small blind) showed [Ks 3s] and won ($17.64) with a pair of Sixes


PokerStars Hand #173154538947:  Hold'em Limit ($3/$6 USD) - 2017/07/17 12:32:59 ET
Table 'Kalliope II' 6-max Seat #3 is the button
Seat 1: Tabsan ($90.82 in chips)
Seat 3: GoliafUa ($136.36 in chips)
GoliafUa: posts small blind $1
Tabsan: posts big blind $3
*** HOLE CARDS ***
GoliafUa: raises $3 to $6
Tabsan: calls $3
*** FLOP *** [Tc 8d Qc]
Fetish73 joins the table at seat #2
Tabsan: checks
GoliafUa: bets $3
Tabsan: folds
Uncalled bet ($3) returned to GoliafUa
GoliafUa collected $11.76 from pot
GoliafUa: doesn't show hand
*** SUMMARY ***
Total pot $12 | Rake $0.24
Board [Tc 8d Qc]
Seat 1: Tabsan (big blind) folded on the Flop
Seat 3: GoliafUa (button) (small blind) collected ($11.76)


PokerStars Hand #173154630542:  Hold'em Limit ($3/$6 USD) - 2017/07/17 12:35:18 ET
Table 'Kalliope II' 6-max Seat #1 is the button
Seat 1: Tabsan ($37.82 in chips)
Seat 2: Fetish73 ($135.49 in chips)
Tabsan: posts small blind $1
Fetish73: posts big blind $3
*** HOLE CARDS ***
Tabsan: raises $3 to $6
Fetish73: calls $3
*** FLOP *** [9d Js Qs]
Fetish73: checks
Tabsan: bets $3
Fetish73: calls $3
*** TURN *** [9d Js Qs] [4d]
Fetish73: checks
Tabsan: bets $6
Fetish73: calls $6
*** RIVER *** [9d Js Qs 4d] [7c]
Fetish73: checks
Tabsan: bets $6
Fetish73: calls $6
*** SHOW DOWN ***
Tabsan: shows [6s Qc] (a pair of Queens)
Fetish73: mucks hand
Tabsan collected $41.50 from pot
*** SUMMARY ***
Total pot $42 | Rake $0.50
Board [9d Js Qs 4d 7c]
Seat 1: Tabsan (button) (small blind) showed [6s Qc] and won ($41.50) with a pair of Queens
Seat 2: Fetish73 (big blind) mucked


PokerStars Hand #173154627417:  Hold'em Limit ($3/$6 USD) - 2017/07/17 12:35:13 ET
Table 'Kalliope II' 6-max Seat #2 is the button
Seat 1: Tabsan ($36.82 in chips)
Seat 2: Fetish73 ($136.49 in chips)
Fetish73: posts small blind $1
GoliafUa: is sitting out
Tabsan: posts big blind $3
*** HOLE CARDS ***
Fetish73: folds
Uncalled bet ($2) returned to Tabsan
GoliafUa leaves the table
Tabsan collected $2 from pot
Tabsan: doesn't show hand
*** SUMMARY ***
Total pot $2 | Rake $0
Seat 1: Tabsan (big blind) collected ($2)
Seat 2: Fetish73 (button) (small blind) folded before Flop


PokerStars Hand #173154647143:  Hold'em Limit ($3/$6 USD) - 2017/07/17 12:35:43 ET
Table 'Kalliope II' 6-max Seat #2 is the button
Seat 1: Tabsan ($58.32 in chips)
Seat 2: Fetish73 ($114.49 in chips)
Fetish73: posts small blind $1
Tabsan: posts big blind $3
*** HOLE CARDS ***
Fetish73: raises $3 to $6
Tabsan: calls $3
*** FLOP *** [Tc 2d Jc]
Tabsan: checks
Fetish73: bets $3
Tabsan: folds
Uncalled bet ($3) returned to Fetish73
Fetish73 collected $11.76 from pot
*** SUMMARY ***
Total pot $12 | Rake $0.24
Board [Tc 2d Jc]
Seat 1: Tabsan (big blind) folded on the Flop
Seat 2: Fetish73 (button) (small blind) collected ($11.76)


PokerStars Hand #173154662739:  Hold'em Limit ($3/$6 USD) - 2017/07/17 12:36:06 ET
Table 'Kalliope II' 6-max Seat #1 is the button
Seat 1: Tabsan ($48.32 in chips)
Seat 2: Fetish73 ($124.25 in chips)
Tabsan: posts small blind $1
Fetish73: posts big blind $3
*** HOLE CARDS ***
Tabsan: folds
Uncalled bet ($2) returned to Fetish73
Fetish73 collected $2 from pot
*** SUMMARY ***
Total pot $2 | Rake $0
Seat 1: Tabsan (button) (small blind) folded before Flop
Seat 2: Fetish73 (big blind) collected ($2)


PokerStars Hand #173154654869:  Hold'em Limit ($3/$6 USD) - 2017/07/17 12:35:54 ET
Table 'Kalliope II' 6-max Seat #1 is the button
Seat 1: Tabsan ($52.32 in chips)
Seat 2: Fetish73 ($120.25 in chips)
Tabsan: posts small blind $1
Fetish73: posts big blind $3
*** HOLE CARDS ***
Tabsan: folds
Uncalled bet ($2) returned to Fetish73
Fetish73 collected $2 from pot
*** SUMMARY ***
Total pot $2 | Rake $0
Seat 1: Tabsan (button) (small blind) folded before Flop
Seat 2: Fetish73 (big blind) collected ($2)


PokerStars Hand #173154666165:  Hold'em Limit ($3/$6 USD) - 2017/07/17 12:36:12 ET
Table 'Kalliope II' 6-max Seat #2 is the button
Seat 1: Tabsan ($47.32 in chips)
Seat 2: Fetish73 ($125.25 in chips)
Fetish73: posts small blind $1
Tabsan: posts big blind $3
*** HOLE CARDS ***
Fetish73: raises $3 to $6
Tabsan: calls $3
*** FLOP *** [Qd 5s 2s]
Tabsan: checks
Fetish73: bets $3
Tabsan: calls $3
*** TURN *** [Qd 5s 2s] [8d]
Tabsan: checks
Fetish73: bets $6
Tabsan: calls $6
*** RIVER *** [Qd 5s 2s 8d] [9s]
Tabsan: checks
Fetish73: checks
*** SHOW DOWN ***
Tabsan: shows [Ac 5d] (a pair of Fives)
Fantomet joins the table at seat #3
Fetish73: mucks hand
Tabsan collected $29.50 from pot
*** SUMMARY ***
Total pot $30 | Rake $0.50
Board [Qd 5s 2s 8d 9s]
Seat 1: Tabsan (big blind) showed [Ac 5d] and won ($29.50) with a pair of Fives
Seat 2: Fetish73 (button) (small blind) mucked


PokerStars Hand #173154682214:  Hold'em Limit ($3/$6 USD) - 2017/07/17 12:36:36 ET
Table 'Kalliope II' 6-max Seat #1 is the button
Seat 1: Tabsan ($61.82 in chips)
Seat 2: Fetish73 ($110.25 in chips)
Tabsan: posts small blind $1
Fetish73: posts big blind $3
*** HOLE CARDS ***
Tabsan: folds
Uncalled bet ($2) returned to Fetish73
Fetish73 collected $2 from pot
*** SUMMARY ***
Total pot $2 | Rake $0
Seat 1: Tabsan (button) (small blind) folded before Flop
Seat 2: Fetish73 (big blind) collected ($2)


PokerStars Hand #173154720391:  Hold'em Limit ($3/$6 USD) - 2017/07/17 12:37:33 ET
Table 'Kalliope II' 6-max Seat #2 is the button
Seat 1: Tabsan ($44.82 in chips)
Seat 2: Fetish73 ($117.17 in chips)
Fetish73: posts small blind $1
Fantomet: is sitting out
Tabsan: posts big blind $3
*** HOLE CARDS ***
Fetish73: raises $3 to $6
Fantomet leaves the table
Tabsan: folds
Uncalled bet ($3) returned to Fetish73
Fetish73 collected $6 from pot
*** SUMMARY ***
Total pot $6 | Rake $0
Seat 1: Tabsan (big blind) folded before Flop
Seat 2: Fetish73 (button) (small blind) collected ($6)


PokerStars Hand #173154751230:  Hold'em Limit ($3/$6 USD) - 2017/07/17 12:38:20 ET
Table 'Kalliope II' 6-max Seat #2 is the button
Seat 1: Tabsan ($22.70 in chips)
Seat 2: Fetish73 ($138.67 in chips)
Fetish73: posts small blind $1
Tabsan: posts big blind $3
*** HOLE CARDS ***
Fetish73: raises $3 to $6
Tabsan: calls $3
*** FLOP *** [9c Jd 5c]
Tabsan: checks
Fetish73: bets $3
Tabsan: folds
Uncalled bet ($3) returned to Fetish73
Fetish73 collected $11.76 from pot
*** SUMMARY ***
Total pot $12 | Rake $0.24
Board [9c Jd 5c]
Seat 1: Tabsan (big blind) folded on the Flop
Seat 2: Fetish73 (button) (small blind) collected ($11.76)


PokerStars Hand #173154747974:  Hold'em Limit ($3/$6 USD) - 2017/07/17 12:38:15 ET
Table 'Kalliope II' 6-max Seat #1 is the button
Seat 1: Tabsan ($23.70 in chips)
Seat 2: Fetish73 ($137.67 in chips)
Tabsan: posts small blind $1
Fetish73: posts big blind $3
*** HOLE CARDS ***
Tabsan: folds
Uncalled bet ($2) returned to Fetish73
Fetish73 collected $2 from pot
*** SUMMARY ***
Total pot $2 | Rake $0
Seat 1: Tabsan (button) (small blind) folded before Flop
Seat 2: Fetish73 (big blind) collected ($2)


PokerStars Hand #173154735429:  Hold'em Limit ($3/$6 USD) - 2017/07/17 12:37:56 ET
Table 'Kalliope II' 6-max Seat #2 is the button
Seat 1: Tabsan ($44.70 in chips)
Seat 2: Fetish73 ($117.17 in chips)
Fetish73: posts small blind $1
Tabsan: posts big blind $3
*** HOLE CARDS ***
Fetish73: raises $3 to $6
Tabsan: calls $3
*** FLOP *** [Th 8h 7c]
Tabsan: checks
Fetish73: bets $3
Tabsan: calls $3
*** TURN *** [Th 8h 7c] [Qs]
Tabsan: checks
Fetish73: bets $6
Tabsan: calls $6
*** RIVER *** [Th 8h 7c Qs] [Qc]
Tabsan: checks
Fetish73: bets $6
Tabsan: calls $6
*** SHOW DOWN ***
Fetish73: shows [Jd 9c] (a straight, Eight to Queen)
Tabsan: mucks hand
Fetish73 collected $41.50 from pot
*** SUMMARY ***
Total pot $42 | Rake $0.50
Board [Th 8h 7c Qs Qc]
Seat 1: Tabsan (big blind) mucked
Seat 2: Fetish73 (button) (small blind) showed [Jd 9c] and won ($41.50) with a straight, Eight to Queen


PokerStars Hand #173154723927:  Hold'em Limit ($3/$6 USD) - 2017/07/17 12:37:39 ET
Table 'Kalliope II' 6-max Seat #1 is the button
Seat 1: Tabsan ($41.82 in chips)
Seat 2: Fetish73 ($120.17 in chips)
Tabsan: posts small blind $1
Fetish73: posts big blind $3
*** HOLE CARDS ***
Tabsan: calls $2
Fetish73: checks
*** FLOP *** [5d 8d Qd]
Fetish73: checks
Tabsan: bets $3
Fetish73: folds
Uncalled bet ($3) returned to Tabsan
Tabsan collected $5.88 from pot
Tabsan: doesn't show hand
*** SUMMARY ***
Total pot $6 | Rake $0.12
Board [5d 8d Qd]
Seat 1: Tabsan (button) (small blind) collected ($5.88)
Seat 2: Fetish73 (big blind) folded on the Flop


PokerStars Hand #173154773499:  Hold'em Limit ($3/$6 USD) - 2017/07/17 12:38:53 ET
Table 'Kalliope II' 6-max Seat #2 is the button
Seat 1: Tabsan ($7.70 in chips)
Seat 2: Fetish73 ($153.07 in chips)
Fetish73: posts small blind $1
Tabsan: posts big blind $3
*** HOLE CARDS ***
Fetish73: raises $3 to $6
Tabsan: calls $3
*** FLOP *** [Ks 5h Ad]
Tabsan: checks
Fetish73: bets $3
Tabsan: calls $1.70 and is all-in
Uncalled bet ($1.30) returned to Fetish73
*** TURN *** [Ks 5h Ad] [8c]
*** RIVER *** [Ks 5h Ad 8c] [Kd]
*** SHOW DOWN ***
Tabsan: shows [7d Tc] (a pair of Kings)
Fetish73: shows [6c 9c] (a pair of Kings - lower kicker)
Tabsan collected $15.09 from pot
*** SUMMARY ***
Total pot $15.40 | Rake $0.31
Board [Ks 5h Ad 8c Kd]
Seat 1: Tabsan (big blind) showed [7d Tc] and won ($15.09) with a pair of Kings
Seat 2: Fetish73 (button) (small blind) showed [6c 9c] and lost with a pair of Kings


PokerStars Hand #173154800856:  Hold'em Limit ($3/$6 USD) - 2017/07/17 12:39:24 ET
Table 'Kalliope II' 6-max Seat #1 is the button
Seat 1: Tabsan ($135.09 in chips)
Seat 2: Fetish73 ($145.37 in chips)
Tabsan: posts small blind $1
Fetish73: posts big blind $3
*** HOLE CARDS ***
Tabsan: calls $2
Fetish73: checks
*** FLOP *** [Qh Jd As]
Fetish73: checks
Tabsan: checks
*** TURN *** [Qh Jd As] [Tc]
Fetish73: checks
Tabsan: checks
*** RIVER *** [Qh Jd As Tc] [Td]
Fetish73: checks
Luanto 14 joins the table at seat #3
Tabsan: bets $6
Fetish73: folds
Uncalled bet ($6) returned to Tabsan
Tabsan collected $5.88 from pot
Tabsan: doesn't show hand
*** SUMMARY ***
Total pot $6 | Rake $0.12
Board [Qh Jd As Tc Td]
Seat 1: Tabsan (button) (small blind) collected ($5.88)
Seat 2: Fetish73 (big blind) folded on the River


PokerStars Hand #173155209789:  Hold'em Limit ($3/$6 USD) - 2017/07/17 12:49:30 ET
Table 'Kalliope II' 6-max Seat #1 is the button
Seat 1: Tabsan ($131.86 in chips)
Seat 3: Luanto 14 ($193.48 in chips)
Tabsan: posts small blind $1
Luanto 14: posts big blind $3
*** HOLE CARDS ***
Tabsan: raises $3 to $6
Luanto 14: calls $3
*** FLOP *** [7c 4d 9d]
Luanto 14: checks
Tabsan: bets $3
Luanto 14: calls $3
*** TURN *** [7c 4d 9d] [2c]
Luanto 14: checks
Tabsan: checks
*** RIVER *** [7c 4d 9d 2c] [Qh]
Chessnok joins the table at seat #4
Luanto 14: checks
Tabsan: checks
*** SHOW DOWN ***
Luanto 14: shows [5s Kd] (high card King)
Tabsan: mucks hand
Luanto 14 collected $17.64 from pot
*** SUMMARY ***
Total pot $18 | Rake $0.36
Board [7c 4d 9d 2c Qh]
Seat 1: Tabsan (button) (small blind) mucked
Seat 3: Luanto 14 (big blind) showed [5s Kd] and won ($17.64) with high card King


