PokerStars Hand #145511897640:  Hold'em Limit ($3/$6 USD) - 2015/12/17 20:51:15 ET
Table 'Kalliope' 6-max Seat #3 is the button
Seat 3: factor725 ($120 in chips)
Seat 4: AzureCaper ($72 in chips)
factor725: posts small blind $1
AzureCaper: posts big blind $3
*** HOLE CARDS ***
factor725: raises $3 to $6
AzureCaper: calls $3
*** FLOP *** [Kh 3s 4c]
AzureCaper: checks
factor725: bets $3
AzureCaper: folds
Uncalled bet ($3) returned to factor725
factor725 collected $11.76 from pot
*** SUMMARY ***
Total pot $12 | Rake $0.24
Board [Kh 3s 4c]
Seat 3: factor725 (button) (small blind) collected ($11.76)
Seat 4: AzureCaper (big blind) folded on the Flop


PokerStars Hand #145511910767:  Hold'em Limit ($3/$6 USD) - 2015/12/17 20:51:43 ET
Table 'Kalliope' 6-max Seat #3 is the button
Seat 3: factor725 ($122.76 in chips)
Seat 4: AzureCaper ($75 in chips)
factor725: posts small blind $1
AzureCaper: posts big blind $3
*** HOLE CARDS ***
factor725: raises $3 to $6
AzureCaper: calls $3
*** FLOP *** [8c 2c 4d]
chezlaw joins the table at seat #5
AzureCaper: bets $3
factor725: calls $3
*** TURN *** [8c 2c 4d] [8d]
AzureCaper: bets $6
factor725: folds
Uncalled bet ($6) returned to AzureCaper
AzureCaper collected $17.64 from pot
AzureCaper: doesn't show hand
*** SUMMARY ***
Total pot $18 | Rake $0.36
Board [8c 2c 4d 8d]
Seat 3: factor725 (button) (small blind) folded on the Turn
Seat 4: AzureCaper (big blind) collected ($17.64)


PokerStars Hand #145511908788:  Hold'em Limit ($3/$6 USD) - 2015/12/17 20:51:39 ET
Table 'Kalliope' 6-max Seat #4 is the button
Seat 3: factor725 ($121.76 in chips)
Seat 4: AzureCaper ($76 in chips)
AzureCaper: posts small blind $1
factor725: posts big blind $3
*** HOLE CARDS ***
AzureCaper: folds
Uncalled bet ($2) returned to factor725
factor725 collected $2 from pot
*** SUMMARY ***
Total pot $2 | Rake $0
Seat 3: factor725 (big blind) collected ($2)
Seat 4: AzureCaper (button) (small blind) folded before Flop


PokerStars Hand #145511906465:  Hold'em Limit ($3/$6 USD) - 2015/12/17 20:51:34 ET
Table 'Kalliope' 6-max Seat #3 is the button
Seat 3: factor725 ($122.76 in chips)
Seat 4: AzureCaper ($75 in chips)
factor725: posts small blind $1
AzureCaper: posts big blind $3
*** HOLE CARDS ***
factor725: folds
Uncalled bet ($2) returned to AzureCaper
AzureCaper collected $2 from pot
AzureCaper: doesn't show hand
*** SUMMARY ***
Total pot $2 | Rake $0
Seat 3: factor725 (button) (small blind) folded before Flop
Seat 4: AzureCaper (big blind) collected ($2)


PokerStars Hand #145511903632:  Hold'em Limit ($3/$6 USD) - 2015/12/17 20:51:28 ET
Table 'Kalliope' 6-max Seat #4 is the button
Seat 3: factor725 ($125.76 in chips)
Seat 4: AzureCaper ($72 in chips)
AzureCaper: posts small blind $1
factor725: posts big blind $3
*** HOLE CARDS ***
AzureCaper: raises $3 to $6
factor725: folds
Uncalled bet ($3) returned to AzureCaper
AzureCaper collected $6 from pot
AzureCaper: doesn't show hand
*** SUMMARY ***
Total pot $6 | Rake $0
Seat 3: factor725 (big blind) folded before Flop
Seat 4: AzureCaper (button) (small blind) collected ($6)


PokerStars Hand #145512334214:  Hold'em Limit ($3/$6 USD) - 2015/12/17 21:07:38 ET
Table 'Kalliope' 6-max Seat #4 is the button
Seat 4: AzureCaper ($86.50 in chips)
Seat 5: teddyroxpin ($105 in chips)
AzureCaper: posts small blind $1
teddyroxpin: posts big blind $3
*** HOLE CARDS ***
AzureCaper: folds
Uncalled bet ($2) returned to teddyroxpin
teddyroxpin collected $2 from pot
*** SUMMARY ***
Total pot $2 | Rake $0
Seat 4: AzureCaper (button) (small blind) folded before Flop
Seat 5: teddyroxpin (big blind) collected ($2)


PokerStars Hand #145512324155:  Hold'em Limit ($3/$6 USD) - 2015/12/17 21:07:17 ET
Table 'Kalliope' 6-max Seat #5 is the button
Seat 4: AzureCaper ($72 in chips)
Seat 5: teddyroxpin ($120 in chips)
teddyroxpin: posts small blind $1
AzureCaper: posts big blind $3
*** HOLE CARDS ***
teddyroxpin: raises $3 to $6
AzureCaper: calls $3
*** FLOP *** [7c 4h 6c]
AzureCaper: checks
teddyroxpin: bets $3
AzureCaper: calls $3
*** TURN *** [7c 4h 6c] [9d]
AzureCaper: bets $6
teddyroxpin: calls $6
*** RIVER *** [7c 4h 6c 9d] [7h]
AzureCaper: bets $6
teddyroxpin: folds
Uncalled bet ($6) returned to AzureCaper
AzureCaper collected $29.50 from pot
AzureCaper: doesn't show hand
*** SUMMARY ***
Total pot $30 | Rake $0.50
Board [7c 4h 6c 9d 7h]
Seat 4: AzureCaper (big blind) collected ($29.50)
Seat 5: teddyroxpin (button) (small blind) folded on the River


PokerStars Hand #145512339507:  Hold'em Limit ($3/$6 USD) - 2015/12/17 21:07:50 ET
Table 'Kalliope' 6-max Seat #4 is the button
Seat 4: AzureCaper ($82.50 in chips)
Seat 5: teddyroxpin ($109 in chips)
AzureCaper: posts small blind $1
teddyroxpin: posts big blind $3
*** HOLE CARDS ***
AzureCaper: raises $3 to $6
teddyroxpin: folds
Uncalled bet ($3) returned to AzureCaper
AzureCaper collected $6 from pot
AzureCaper: doesn't show hand
*** SUMMARY ***
Total pot $6 | Rake $0
Seat 4: AzureCaper (button) (small blind) collected ($6)
Seat 5: teddyroxpin (big blind) folded before Flop


PokerStars Hand #145512337096:  Hold'em Limit ($3/$6 USD) - 2015/12/17 21:07:45 ET
Table 'Kalliope' 6-max Seat #5 is the button
Seat 4: AzureCaper ($85.50 in chips)
Seat 5: teddyroxpin ($106 in chips)
teddyroxpin: posts small blind $1
AzureCaper: posts big blind $3
*** HOLE CARDS ***
teddyroxpin: raises $3 to $6
AzureCaper: folds
Uncalled bet ($3) returned to teddyroxpin
teddyroxpin collected $6 from pot
*** SUMMARY ***
Total pot $6 | Rake $0
Seat 4: AzureCaper (big blind) folded before Flop
Seat 5: teddyroxpin (button) (small blind) collected ($6)


PokerStars Hand #145512342554:  Hold'em Limit ($3/$6 USD) - 2015/12/17 21:07:56 ET
Table 'Kalliope' 6-max Seat #5 is the button
Seat 4: AzureCaper ($85.50 in chips)
Seat 5: teddyroxpin ($106 in chips)
teddyroxpin: posts small blind $1
AzureCaper: posts big blind $3
*** HOLE CARDS ***
teddyroxpin: folds
Uncalled bet ($2) returned to AzureCaper
AzureCaper collected $2 from pot
AzureCaper: doesn't show hand
*** SUMMARY ***
Total pot $2 | Rake $0
Seat 4: AzureCaper (big blind) collected ($2)
Seat 5: teddyroxpin (button) (small blind) folded before Flop


PokerStars Hand #145512353105:  Hold'em Limit ($3/$6 USD) - 2015/12/17 21:08:19 ET
Table 'Kalliope' 6-max Seat #5 is the button
Seat 4: AzureCaper ($110 in chips)
Seat 5: teddyroxpin ($81 in chips)
teddyroxpin: posts small blind $1
AzureCaper: posts big blind $3
*** HOLE CARDS ***
teddyroxpin: raises $3 to $6
AzureCaper: folds
Uncalled bet ($3) returned to teddyroxpin
teddyroxpin collected $6 from pot
*** SUMMARY ***
Total pot $6 | Rake $0
Seat 4: AzureCaper (big blind) folded before Flop
Seat 5: teddyroxpin (button) (small blind) collected ($6)


PokerStars Hand #145512344492:  Hold'em Limit ($3/$6 USD) - 2015/12/17 21:08:00 ET
Table 'Kalliope' 6-max Seat #4 is the button
Seat 4: AzureCaper ($86.50 in chips)
Seat 5: teddyroxpin ($105 in chips)
AzureCaper: posts small blind $1
teddyroxpin: posts big blind $3
*** HOLE CARDS ***
AzureCaper: raises $3 to $6
teddyroxpin: raises $3 to $9
AzureCaper: calls $3
*** FLOP *** [Ad 5c Tc]
teddyroxpin: checks
AzureCaper: bets $3
teddyroxpin: calls $3
*** TURN *** [Ad 5c Tc] [6c]
teddyroxpin: checks
AzureCaper: bets $6
teddyroxpin: calls $6
*** RIVER *** [Ad 5c Tc 6c] [Qc]
teddyroxpin: bets $6
AzureCaper: calls $6
*** SHOW DOWN ***
teddyroxpin: shows [9s Ah] (a pair of Aces)
AzureCaper: shows [8h 7c] (a flush, Queen high)
AzureCaper collected $47.50 from pot
*** SUMMARY ***
Total pot $48 | Rake $0.50
Board [Ad 5c Tc 6c Qc]
Seat 4: AzureCaper (button) (small blind) showed [8h 7c] and won ($47.50) with a flush, Queen high
Seat 5: teddyroxpin (big blind) showed [9s Ah] and lost with a pair of Aces


PokerStars Hand #145512356181:  Hold'em Limit ($3/$6 USD) - 2015/12/17 21:08:25 ET
Table 'Kalliope' 6-max Seat #4 is the button
Seat 4: AzureCaper ($107 in chips)
Seat 5: teddyroxpin ($84 in chips)
AzureCaper: posts small blind $1
teddyroxpin: posts big blind $3
*** HOLE CARDS ***
AzureCaper: raises $3 to $6
teddyroxpin: folds
Uncalled bet ($3) returned to AzureCaper
AzureCaper collected $6 from pot
AzureCaper: doesn't show hand
*** SUMMARY ***
Total pot $6 | Rake $0
Seat 4: AzureCaper (button) (small blind) collected ($6)
Seat 5: teddyroxpin (big blind) folded before Flop


PokerStars Hand #145512363070:  Hold'em Limit ($3/$6 USD) - 2015/12/17 21:08:40 ET
Table 'Kalliope' 6-max Seat #4 is the button
Seat 4: AzureCaper ($107 in chips)
Seat 5: teddyroxpin ($84 in chips)
AzureCaper: posts small blind $1
teddyroxpin: posts big blind $3
*** HOLE CARDS ***
AzureCaper: folds
Uncalled bet ($2) returned to teddyroxpin
teddyroxpin collected $2 from pot
*** SUMMARY ***
Total pot $2 | Rake $0
Seat 4: AzureCaper (button) (small blind) folded before Flop
Seat 5: teddyroxpin (big blind) collected ($2)


PokerStars Hand #145512359889:  Hold'em Limit ($3/$6 USD) - 2015/12/17 21:08:33 ET
Table 'Kalliope' 6-max Seat #5 is the button
Seat 4: AzureCaper ($110 in chips)
Seat 5: teddyroxpin ($81 in chips)
teddyroxpin: posts small blind $1
AzureCaper: posts big blind $3
*** HOLE CARDS ***
teddyroxpin: raises $3 to $6
AzureCaper: folds
Uncalled bet ($3) returned to teddyroxpin
teddyroxpin collected $6 from pot
*** SUMMARY ***
Total pot $6 | Rake $0
Seat 4: AzureCaper (big blind) folded before Flop
Seat 5: teddyroxpin (button) (small blind) collected ($6)


PokerStars Hand #145512365411:  Hold'em Limit ($3/$6 USD) - 2015/12/17 21:08:45 ET
Table 'Kalliope' 6-max Seat #5 is the button
Seat 4: AzureCaper ($106 in chips)
Seat 5: teddyroxpin ($85 in chips)
teddyroxpin: posts small blind $1
AzureCaper: posts big blind $3
*** HOLE CARDS ***
teddyroxpin: raises $3 to $6
AzureCaper: folds
Uncalled bet ($3) returned to teddyroxpin
teddyroxpin collected $6 from pot
*** SUMMARY ***
Total pot $6 | Rake $0
Seat 4: AzureCaper (big blind) folded before Flop
Seat 5: teddyroxpin (button) (small blind) collected ($6)


PokerStars Hand #145512371291:  Hold'em Limit ($3/$6 USD) - 2015/12/17 21:08:58 ET
Table 'Kalliope' 6-max Seat #5 is the button
Seat 4: AzureCaper ($106 in chips)
Seat 5: teddyroxpin ($85 in chips)
teddyroxpin: posts small blind $1
AzureCaper: posts big blind $3
*** HOLE CARDS ***
teddyroxpin: raises $3 to $6
AzureCaper: folds
Uncalled bet ($3) returned to teddyroxpin
teddyroxpin collected $6 from pot
*** SUMMARY ***
Total pot $6 | Rake $0
Seat 4: AzureCaper (big blind) folded before Flop
Seat 5: teddyroxpin (button) (small blind) collected ($6)


PokerStars Hand #145512368538:  Hold'em Limit ($3/$6 USD) - 2015/12/17 21:08:52 ET
Table 'Kalliope' 6-max Seat #4 is the button
Seat 4: AzureCaper ($103 in chips)
Seat 5: teddyroxpin ($88 in chips)
AzureCaper: posts small blind $1
teddyroxpin: posts big blind $3
*** HOLE CARDS ***
AzureCaper: raises $3 to $6
teddyroxpin: folds
Uncalled bet ($3) returned to AzureCaper
AzureCaper collected $6 from pot
AzureCaper: doesn't show hand
*** SUMMARY ***
Total pot $6 | Rake $0
Seat 4: AzureCaper (button) (small blind) collected ($6)
Seat 5: teddyroxpin (big blind) folded before Flop


PokerStars Hand #145512380806:  Hold'em Limit ($3/$6 USD) - 2015/12/17 21:09:18 ET
Table 'Kalliope' 6-max Seat #5 is the button
Seat 4: AzureCaper ($108.76 in chips)
Seat 5: teddyroxpin ($82 in chips)
teddyroxpin: posts small blind $1
AzureCaper: posts big blind $3
*** HOLE CARDS ***
teddyroxpin: raises $3 to $6
AzureCaper: folds
Uncalled bet ($3) returned to teddyroxpin
teddyroxpin collected $6 from pot
*** SUMMARY ***
Total pot $6 | Rake $0
Seat 4: AzureCaper (big blind) folded before Flop
Seat 5: teddyroxpin (button) (small blind) collected ($6)


PokerStars Hand #145512374222:  Hold'em Limit ($3/$6 USD) - 2015/12/17 21:09:04 ET
Table 'Kalliope' 6-max Seat #4 is the button
Seat 4: AzureCaper ($103 in chips)
Seat 5: teddyroxpin ($88 in chips)
AzureCaper: posts small blind $1
teddyroxpin: posts big blind $3
*** HOLE CARDS ***
AzureCaper: raises $3 to $6
teddyroxpin: calls $3
*** FLOP *** [4h Tc Jh]
teddyroxpin: checks
AzureCaper: bets $3
teddyroxpin: folds
Uncalled bet ($3) returned to AzureCaper
AzureCaper collected $11.76 from pot
*** SUMMARY ***
Total pot $12 | Rake $0.24
Board [4h Tc Jh]
Seat 4: AzureCaper (button) (small blind) collected ($11.76)
Seat 5: teddyroxpin (big blind) folded on the Flop


PokerStars Hand #145512384860:  Hold'em Limit ($3/$6 USD) - 2015/12/17 21:09:27 ET
Table 'Kalliope' 6-max Seat #4 is the button
Seat 4: AzureCaper ($105.76 in chips)
Seat 5: teddyroxpin ($85 in chips)
AzureCaper: posts small blind $1
teddyroxpin: posts big blind $3
*** HOLE CARDS ***
AzureCaper: folds
Uncalled bet ($2) returned to teddyroxpin
teddyroxpin collected $2 from pot
*** SUMMARY ***
Total pot $2 | Rake $0
Seat 4: AzureCaper (button) (small blind) folded before Flop
Seat 5: teddyroxpin (big blind) collected ($2)


PokerStars Hand #145512394642:  Hold'em Limit ($3/$6 USD) - 2015/12/17 21:09:48 ET
Table 'Kalliope' 6-max Seat #4 is the button
Seat 4: AzureCaper ($89.76 in chips)
Seat 5: teddyroxpin ($100.50 in chips)
AzureCaper: posts small blind $1
teddyroxpin: posts big blind $3
*** HOLE CARDS ***
AzureCaper: raises $3 to $6
teddyroxpin: folds
Uncalled bet ($3) returned to AzureCaper
AzureCaper collected $6 from pot
AzureCaper: doesn't show hand
*** SUMMARY ***
Total pot $6 | Rake $0
Seat 4: AzureCaper (button) (small blind) collected ($6)
Seat 5: teddyroxpin (big blind) folded before Flop


PokerStars Hand #145512387178:  Hold'em Limit ($3/$6 USD) - 2015/12/17 21:09:32 ET
Table 'Kalliope' 6-max Seat #5 is the button
Seat 4: AzureCaper ($104.76 in chips)
Seat 5: teddyroxpin ($86 in chips)
teddyroxpin: posts small blind $1
AzureCaper: posts big blind $3
*** HOLE CARDS ***
teddyroxpin: raises $3 to $6
AzureCaper: calls $3
*** FLOP *** [8s 3s Jc]
AzureCaper: checks
teddyroxpin: bets $3
AzureCaper: raises $3 to $6
teddyroxpin: raises $3 to $9
AzureCaper: calls $3
*** TURN *** [8s 3s Jc] [Kc]
AzureCaper: checks
teddyroxpin: bets $6
AzureCaper: folds
Uncalled bet ($6) returned to teddyroxpin
teddyroxpin collected $29.50 from pot
*** SUMMARY ***
Total pot $30 | Rake $0.50
Board [8s 3s Jc Kc]
Seat 4: AzureCaper (big blind) folded on the Turn
Seat 5: teddyroxpin (button) (small blind) collected ($29.50)


PokerStars Hand #145512397069:  Hold'em Limit ($3/$6 USD) - 2015/12/17 21:09:53 ET
Table 'Kalliope' 6-max Seat #5 is the button
Seat 4: AzureCaper ($92.76 in chips)
Seat 5: teddyroxpin ($97.50 in chips)
teddyroxpin: posts small blind $1
AzureCaper: posts big blind $3
*** HOLE CARDS ***
teddyroxpin: raises $3 to $6
AzureCaper: calls $3
*** FLOP *** [9s 7c As]
AzureCaper: checks
teddyroxpin: bets $3
AzureCaper: calls $3
*** TURN *** [9s 7c As] [3c]
AzureCaper: checks
teddyroxpin: bets $6
AzureCaper: calls $6
*** RIVER *** [9s 7c As 3c] [9h]
AzureCaper: checks
teddyroxpin: checks
*** SHOW DOWN ***
AzureCaper: shows [Qd 7d] (two pair, Nines and Sevens)
teddyroxpin: mucks hand
AzureCaper collected $29.50 from pot
*** SUMMARY ***
Total pot $30 | Rake $0.50
Board [9s 7c As 3c 9h]
Seat 4: AzureCaper (big blind) showed [Qd 7d] and won ($29.50) with two pair, Nines and Sevens
Seat 5: teddyroxpin (button) (small blind) mucked


PokerStars Hand #145512405333:  Hold'em Limit ($3/$6 USD) - 2015/12/17 21:10:10 ET
Table 'Kalliope' 6-max Seat #4 is the button
Seat 4: AzureCaper ($107.26 in chips)
Seat 5: teddyroxpin ($82.50 in chips)
AzureCaper: posts small blind $1
teddyroxpin: posts big blind $3
*** HOLE CARDS ***
AzureCaper: raises $3 to $6
teddyroxpin: raises $3 to $9
onewayback joins the table at seat #6
AzureCaper: calls $3
*** FLOP *** [9d 4c 9s]
teddyroxpin: bets $3
AzureCaper: folds
Uncalled bet ($3) returned to teddyroxpin
teddyroxpin collected $17.64 from pot
*** SUMMARY ***
Total pot $18 | Rake $0.36
Board [9d 4c 9s]
Seat 4: AzureCaper (button) (small blind) folded on the Flop
Seat 5: teddyroxpin (big blind) collected ($17.64)


PokerStars Hand #145512433493:  Hold'em Limit ($3/$6 USD) - 2015/12/17 21:11:11 ET
Table 'Kalliope' 6-max Seat #4 is the button
Seat 4: AzureCaper ($83.26 in chips)
Seat 6: onewayback ($145.11 in chips)
AzureCaper: posts small blind $1
teddyroxpin: is sitting out
onewayback: posts big blind $3
*** HOLE CARDS ***
AzureCaper: folds
Uncalled bet ($2) returned to onewayback
onewayback collected $2 from pot
onewayback: doesn't show hand
*** SUMMARY ***
Total pot $2 | Rake $0
Seat 4: AzureCaper (button) (small blind) folded before Flop
Seat 6: onewayback (big blind) collected ($2)


PokerStars Hand #145512435796:  Hold'em Limit ($3/$6 USD) - 2015/12/17 21:11:16 ET
Table 'Kalliope' 6-max Seat #6 is the button
Seat 4: AzureCaper ($82.26 in chips)
Seat 6: onewayback ($146.11 in chips)
onewayback: posts small blind $1
AzureCaper: posts big blind $3
*** HOLE CARDS ***
teddyroxpin leaves the table
onewayback: raises $3 to $6
AzureCaper: raises $3 to $9
onewayback: raises $3 to $12
Betting is capped
AzureCaper: calls $3
*** FLOP *** [Ah Jc Kh]
AzureCaper: checks
onewayback: bets $3
AzureCaper: raises $3 to $6
onewayback: raises $3 to $9
AzureCaper: raises $3 to $12
Betting is capped
onewayback: calls $3
*** TURN *** [Ah Jc Kh] [3d]
AzureCaper: bets $6
onewayback: raises $6 to $12
AzureCaper: calls $6
*** RIVER *** [Ah Jc Kh 3d] [3s]
AzureCaper: checks
onewayback: bets $6
AzureCaper: calls $6
*** SHOW DOWN ***
onewayback: shows [As Kd] (two pair, Aces and Kings)
AzureCaper: shows [Jd Jh] (a full house, Jacks full of Threes)
AzureCaper collected $83.50 from pot
*** SUMMARY ***
Total pot $84 | Rake $0.50
Board [Ah Jc Kh 3d 3s]
Seat 4: AzureCaper (big blind) showed [Jd Jh] and won ($83.50) with a full house, Jacks full of Threes
Seat 6: onewayback (button) (small blind) showed [As Kd] and lost with two pair, Aces and Kings


PokerStars Hand #145512445655:  Hold'em Limit ($3/$6 USD) - 2015/12/17 21:11:37 ET
Table 'Kalliope' 6-max Seat #4 is the button
Seat 4: AzureCaper ($123.76 in chips)
Seat 6: onewayback ($104.11 in chips)
AzureCaper: posts small blind $1
onewayback: posts big blind $3
*** HOLE CARDS ***
AzureCaper: folds
Uncalled bet ($2) returned to onewayback
onewayback collected $2 from pot
onewayback: doesn't show hand
*** SUMMARY ***
Total pot $2 | Rake $0
Seat 4: AzureCaper (button) (small blind) folded before Flop
Seat 6: onewayback (big blind) collected ($2)


PokerStars Hand #145512447842:  Hold'em Limit ($3/$6 USD) - 2015/12/17 21:11:42 ET
Table 'Kalliope' 6-max Seat #6 is the button
Seat 4: AzureCaper ($122.76 in chips)
Seat 6: onewayback ($105.11 in chips)
onewayback: posts small blind $1
AzureCaper: posts big blind $3
*** HOLE CARDS ***
onewayback: raises $3 to $6
AzureCaper: calls $3
*** FLOP *** [Kd 3s Jd]
AzureCaper: checks
onewayback: bets $3
AzureCaper: folds
Uncalled bet ($3) returned to onewayback
onewayback collected $11.76 from pot
onewayback: doesn't show hand
*** SUMMARY ***
Total pot $12 | Rake $0.24
Board [Kd 3s Jd]
Seat 4: AzureCaper (big blind) folded on the Flop
Seat 6: onewayback (button) (small blind) collected ($11.76)


PokerStars Hand #145512465094:  Hold'em Limit ($3/$6 USD) - 2015/12/17 21:12:19 ET
Table 'Kalliope' 6-max Seat #6 is the button
Seat 4: AzureCaper ($131.26 in chips)
Seat 6: onewayback ($95.87 in chips)
onewayback: posts small blind $1
AzureCaper: posts big blind $3
*** HOLE CARDS ***
onewayback: raises $3 to $6
AzureCaper: folds
Uncalled bet ($3) returned to onewayback
onewayback collected $6 from pot
onewayback: doesn't show hand
*** SUMMARY ***
Total pot $6 | Rake $0
Seat 4: AzureCaper (big blind) folded before Flop
Seat 6: onewayback (button) (small blind) collected ($6)


PokerStars Hand #145512454770:  Hold'em Limit ($3/$6 USD) - 2015/12/17 21:11:57 ET
Table 'Kalliope' 6-max Seat #4 is the button
Seat 4: AzureCaper ($116.76 in chips)
Seat 6: onewayback ($110.87 in chips)
AzureCaper: posts small blind $1
onewayback: posts big blind $3
*** HOLE CARDS ***
AzureCaper: raises $3 to $6
onewayback: calls $3
*** FLOP *** [2s 8h 6s]
onewayback: checks
AzureCaper: bets $3
onewayback: calls $3
*** TURN *** [2s 8h 6s] [Jh]
onewayback: checks
AzureCaper: bets $6
onewayback: calls $6
*** RIVER *** [2s 8h 6s Jh] [Td]
onewayback: checks
AzureCaper: bets $6
onewayback: folds
Uncalled bet ($6) returned to AzureCaper
AzureCaper collected $29.50 from pot
AzureCaper: doesn't show hand
*** SUMMARY ***
Total pot $30 | Rake $0.50
Board [2s 8h 6s Jh Td]
Seat 4: AzureCaper (button) (small blind) collected ($29.50)
Seat 6: onewayback (big blind) folded on the River


PokerStars Hand #145512468360:  Hold'em Limit ($3/$6 USD) - 2015/12/17 21:12:26 ET
Table 'Kalliope' 6-max Seat #4 is the button
Seat 4: AzureCaper ($128.26 in chips)
Seat 6: onewayback ($98.87 in chips)
AzureCaper: posts small blind $1
onewayback: posts big blind $3
*** HOLE CARDS ***
AzureCaper: folds
Uncalled bet ($2) returned to onewayback
onewayback collected $2 from pot
onewayback: doesn't show hand
*** SUMMARY ***
Total pot $2 | Rake $0
Seat 4: AzureCaper (button) (small blind) folded before Flop
Seat 6: onewayback (big blind) collected ($2)


PokerStars Hand #145512470596:  Hold'em Limit ($3/$6 USD) - 2015/12/17 21:12:31 ET
Table 'Kalliope' 6-max Seat #6 is the button
Seat 4: AzureCaper ($127.26 in chips)
Seat 6: onewayback ($99.87 in chips)
onewayback: posts small blind $1
AzureCaper: posts big blind $3
*** HOLE CARDS ***
onewayback: raises $3 to $6
AzureCaper: calls $3
*** FLOP *** [8s Jh 6c]
AzureCaper: checks
onewayback: bets $3
AzureCaper: raises $3 to $6
onewayback: calls $3
*** TURN *** [8s Jh 6c] [Tc]
AzureCaper: bets $6
onewayback: calls $6
*** RIVER *** [8s Jh 6c Tc] [8d]
AzureCaper: bets $6
onewayback: calls $6
*** SHOW DOWN ***
AzureCaper: shows [Jd Qs] (two pair, Jacks and Eights)
onewayback: mucks hand
AzureCaper collected $47.50 from pot
*** SUMMARY ***
Total pot $48 | Rake $0.50
Board [8s Jh 6c Tc 8d]
Seat 4: AzureCaper (big blind) showed [Jd Qs] and won ($47.50) with two pair, Jacks and Eights
Seat 6: onewayback (button) (small blind) mucked


PokerStars Hand #145512479208:  Hold'em Limit ($3/$6 USD) - 2015/12/17 21:12:49 ET
Table 'Kalliope' 6-max Seat #4 is the button
Seat 4: AzureCaper ($150.76 in chips)
Seat 6: onewayback ($75.87 in chips)
AzureCaper: posts small blind $1
onewayback: posts big blind $3
*** HOLE CARDS ***
AzureCaper: raises $3 to $6
onewayback: raises $3 to $9
AzureCaper: raises $3 to $12
Betting is capped
onewayback: calls $3
*** FLOP *** [Kh 8h 7h]
onewayback: bets $3
AzureCaper: raises $3 to $6
onewayback: calls $3
*** TURN *** [Kh 8h 7h] [2s]
onewayback: checks
AzureCaper: checks
*** RIVER *** [Kh 8h 7h 2s] [4d]
onewayback: bets $6
AzureCaper: calls $6
*** SHOW DOWN ***
onewayback: shows [Kc Td] (a pair of Kings)
AzureCaper: mucks hand
onewayback collected $47.50 from pot
*** SUMMARY ***
Total pot $48 | Rake $0.50
Board [Kh 8h 7h 2s 4d]
Seat 4: AzureCaper (button) (small blind) mucked
Seat 6: onewayback (big blind) showed [Kc Td] and won ($47.50) with a pair of Kings


PokerStars Hand #145512486820:  Hold'em Limit ($3/$6 USD) - 2015/12/17 21:13:06 ET
Table 'Kalliope' 6-max Seat #6 is the button
Seat 4: AzureCaper ($126.76 in chips)
Seat 6: onewayback ($99.37 in chips)
onewayback: posts small blind $1
AzureCaper: posts big blind $3
*** HOLE CARDS ***
onewayback: raises $3 to $6
AzureCaper: folds
Uncalled bet ($3) returned to onewayback
onewayback collected $6 from pot
onewayback: doesn't show hand
*** SUMMARY ***
Total pot $6 | Rake $0
Seat 4: AzureCaper (big blind) folded before Flop
Seat 6: onewayback (button) (small blind) collected ($6)


PokerStars Hand #145512490051:  Hold'em Limit ($3/$6 USD) - 2015/12/17 21:13:13 ET
Table 'Kalliope' 6-max Seat #4 is the button
Seat 4: AzureCaper ($123.76 in chips)
Seat 6: onewayback ($102.37 in chips)
AzureCaper: posts small blind $1
onewayback: posts big blind $3
*** HOLE CARDS ***
AzureCaper: raises $3 to $6
onewayback: calls $3
*** FLOP *** [5d 5c 6s]
onewayback: checks
AzureCaper: bets $3
onewayback: calls $3
*** TURN *** [5d 5c 6s] [Ks]
onewayback: checks
AzureCaper: bets $6
onewayback: raises $6 to $12
AzureCaper: calls $6
*** RIVER *** [5d 5c 6s Ks] [8d]
onewayback: bets $6
AzureCaper: calls $6
*** SHOW DOWN ***
onewayback: shows [5h 3c] (three of a kind, Fives)
AzureCaper: mucks hand
onewayback collected $53.50 from pot
*** SUMMARY ***
Total pot $54 | Rake $0.50
Board [5d 5c 6s Ks 8d]
Seat 4: AzureCaper (button) (small blind) mucked
Seat 6: onewayback (big blind) showed [5h 3c] and won ($53.50) with three of a kind, Fives


PokerStars Hand #145512510804:  Hold'em Limit ($3/$6 USD) - 2015/12/17 21:13:58 ET
Table 'Kalliope' 6-max Seat #4 is the button
Seat 4: AzureCaper ($86.76 in chips)
Seat 6: onewayback ($138.63 in chips)
AzureCaper: posts small blind $1
onewayback: posts big blind $3
*** HOLE CARDS ***
AzureCaper: raises $3 to $6
onewayback: calls $3
*** FLOP *** [6s 9d 4h]
onewayback: checks
AzureCaper: bets $3
onewayback: folds
Uncalled bet ($3) returned to AzureCaper
AzureCaper collected $11.76 from pot
AzureCaper: doesn't show hand
*** SUMMARY ***
Total pot $12 | Rake $0.24
Board [6s 9d 4h]
Seat 4: AzureCaper (button) (small blind) collected ($11.76)
Seat 6: onewayback (big blind) folded on the Flop


PokerStars Hand #145512507139:  Hold'em Limit ($3/$6 USD) - 2015/12/17 21:13:50 ET
Table 'Kalliope' 6-max Seat #6 is the button
Seat 4: AzureCaper ($89.76 in chips)
Seat 6: onewayback ($135.63 in chips)
onewayback: posts small blind $1
AzureCaper: posts big blind $3
*** HOLE CARDS ***
onewayback: raises $3 to $6
AzureCaper: folds
Uncalled bet ($3) returned to onewayback
onewayback collected $6 from pot
onewayback: doesn't show hand
*** SUMMARY ***
Total pot $6 | Rake $0
Seat 4: AzureCaper (big blind) folded before Flop
Seat 6: onewayback (button) (small blind) collected ($6)


PokerStars Hand #145512504498:  Hold'em Limit ($3/$6 USD) - 2015/12/17 21:13:44 ET
Table 'Kalliope' 6-max Seat #4 is the button
Seat 4: AzureCaper ($90.76 in chips)
Seat 6: onewayback ($134.63 in chips)
AzureCaper: posts small blind $1
onewayback: posts big blind $3
*** HOLE CARDS ***
AzureCaper: folds
Uncalled bet ($2) returned to onewayback
onewayback collected $2 from pot
onewayback: doesn't show hand
*** SUMMARY ***
Total pot $2 | Rake $0
Seat 4: AzureCaper (button) (small blind) folded before Flop
Seat 6: onewayback (big blind) collected ($2)


PokerStars Hand #145512500290:  Hold'em Limit ($3/$6 USD) - 2015/12/17 21:13:35 ET
Table 'Kalliope' 6-max Seat #6 is the button
Seat 4: AzureCaper ($96.76 in chips)
Seat 6: onewayback ($128.87 in chips)
onewayback: posts small blind $1
AzureCaper: posts big blind $3
*** HOLE CARDS ***
onewayback: raises $3 to $6
AzureCaper: calls $3
*** FLOP *** [8d Js 2d]
AzureCaper: checks
onewayback: bets $3
AzureCaper: folds
Uncalled bet ($3) returned to onewayback
onewayback collected $11.76 from pot
onewayback: doesn't show hand
*** SUMMARY ***
Total pot $12 | Rake $0.24
Board [8d Js 2d]
Seat 4: AzureCaper (big blind) folded on the Flop
Seat 6: onewayback (button) (small blind) collected ($11.76)


PokerStars Hand #145512542833:  Hold'em Limit ($3/$6 USD) - 2015/12/17 21:15:08 ET
Table 'Kalliope' 6-max Seat #4 is the button
Seat 4: AzureCaper ($83.52 in chips)
Seat 6: onewayback ($149.77 in chips)
AzureCaper: posts small blind $1
onewayback: posts big blind $3
*** HOLE CARDS ***
AzureCaper: raises $3 to $6
onewayback: calls $3
*** FLOP *** [8d 7h Kh]
onewayback: checks
AzureCaper: bets $3
onewayback: calls $3
*** TURN *** [8d 7h Kh] [Ks]
onewayback: checks
AzureCaper: bets $6
onewayback: calls $6
*** RIVER *** [8d 7h Kh Ks] [Ac]
onewayback: checks
AzureCaper: checks
*** SHOW DOWN ***
onewayback: shows [Kd 6c] (three of a kind, Kings)
AzureCaper: mucks hand
onewayback collected $29.50 from pot
*** SUMMARY ***
Total pot $30 | Rake $0.50
Board [8d 7h Kh Ks Ac]
Seat 4: AzureCaper (button) (small blind) mucked
Seat 6: onewayback (big blind) showed [Kd 6c] and won ($29.50) with three of a kind, Kings


PokerStars Hand #145512536082:  Hold'em Limit ($3/$6 USD) - 2015/12/17 21:14:53 ET
Table 'Kalliope' 6-max Seat #6 is the button
Seat 4: AzureCaper ($72 in chips)
Seat 6: onewayback ($161.77 in chips)
onewayback: posts small blind $1
AzureCaper: posts big blind $3
*** HOLE CARDS ***
onewayback: raises $3 to $6
AzureCaper: calls $3
*** FLOP *** [6h Td 5h]
AzureCaper: checks
onewayback: bets $3
AzureCaper: raises $3 to $6
onewayback: calls $3
*** TURN *** [6h Td 5h] [Jh]
AzureCaper: bets $6
onewayback: folds
Uncalled bet ($6) returned to AzureCaper
AzureCaper collected $23.52 from pot
AzureCaper: doesn't show hand
*** SUMMARY ***
Total pot $24 | Rake $0.48
Board [6h Td 5h Jh]
Seat 4: AzureCaper (big blind) collected ($23.52)
Seat 6: onewayback (button) (small blind) folded on the Turn


PokerStars Hand #145512533960:  Hold'em Limit ($3/$6 USD) - 2015/12/17 21:14:49 ET
Table 'Kalliope' 6-max Seat #4 is the button
Seat 4: AzureCaper ($73 in chips)
Seat 6: onewayback ($160.77 in chips)
AzureCaper: posts small blind $1
onewayback: posts big blind $3
*** HOLE CARDS ***
AzureCaper: folds
Uncalled bet ($2) returned to onewayback
onewayback collected $2 from pot
onewayback: doesn't show hand
*** SUMMARY ***
Total pot $2 | Rake $0
Seat 4: AzureCaper (button) (small blind) folded before Flop
Seat 6: onewayback (big blind) collected ($2)


PokerStars Hand #145512531849:  Hold'em Limit ($3/$6 USD) - 2015/12/17 21:14:44 ET
Table 'Kalliope' 6-max Seat #6 is the button
Seat 4: AzureCaper ($72 in chips)
Seat 6: onewayback ($161.77 in chips)
onewayback: posts small blind $1
AzureCaper: posts big blind $3
*** HOLE CARDS ***
onewayback: folds
Uncalled bet ($2) returned to AzureCaper
AzureCaper collected $2 from pot
AzureCaper: doesn't show hand
*** SUMMARY ***
Total pot $2 | Rake $0
Seat 4: AzureCaper (big blind) collected ($2)
Seat 6: onewayback (button) (small blind) folded before Flop


PokerStars Hand #145512527004:  Hold'em Limit ($3/$6 USD) - 2015/12/17 21:14:33 ET
Table 'Kalliope' 6-max Seat #4 is the button
Seat 4: AzureCaper ($72 in chips)
Seat 6: onewayback ($153.13 in chips)
AzureCaper: posts small blind $1
onewayback: posts big blind $3
*** HOLE CARDS ***
AzureCaper: raises $3 to $6
onewayback: raises $3 to $9
AzureCaper: calls $3
*** FLOP *** [Kd 2s 8h]
onewayback: bets $3
AzureCaper: folds
Uncalled bet ($3) returned to onewayback
onewayback collected $17.64 from pot
onewayback: doesn't show hand
*** SUMMARY ***
Total pot $18 | Rake $0.36
Board [Kd 2s 8h]
Seat 4: AzureCaper (button) (small blind) folded on the Flop
Seat 6: onewayback (big blind) collected ($17.64)


PokerStars Hand #145512515293:  Hold'em Limit ($3/$6 USD) - 2015/12/17 21:14:08 ET
Table 'Kalliope' 6-max Seat #6 is the button
Seat 4: AzureCaper ($92.52 in chips)
Seat 6: onewayback ($132.63 in chips)
onewayback: posts small blind $1
AzureCaper: posts big blind $3
*** HOLE CARDS ***
onewayback: raises $3 to $6
AzureCaper: calls $3
*** FLOP *** [As Kd 3d]
AzureCaper: checks
onewayback: bets $3
AzureCaper: calls $3
*** TURN *** [As Kd 3d] [5s]
AzureCaper: checks
onewayback: bets $6
AzureCaper: calls $6
*** RIVER *** [As Kd 3d 5s] [Tc]
AzureCaper: checks
onewayback: bets $6
AzureCaper: calls $6
*** SHOW DOWN ***
onewayback: shows [Kc Ah] (two pair, Aces and Kings)
AzureCaper: mucks hand
onewayback collected $41.50 from pot
*** SUMMARY ***
Total pot $42 | Rake $0.50
Board [As Kd 3d 5s Tc]
Seat 4: AzureCaper (big blind) mucked
Seat 6: onewayback (button) (small blind) showed [Kc Ah] and won ($41.50) with two pair, Aces and Kings


PokerStars Hand #145512571149:  Hold'em Limit ($3/$6 USD) - 2015/12/17 21:16:10 ET
Table 'Kalliope' 6-max Seat #4 is the button
Seat 4: AzureCaper ($90.50 in chips)
Seat 6: onewayback ($145.27 in chips)
AzureCaper: posts small blind $1
onewayback: posts big blind $3
*** HOLE CARDS ***
AzureCaper: raises $3 to $6
onewayback: calls $3
*** FLOP *** [2c Ah 4h]
onewayback: checks
AzureCaper: bets $3
onewayback: calls $3
*** TURN *** [2c Ah 4h] [2h]
onewayback: checks
AzureCaper: bets $6
onewayback: calls $6
*** RIVER *** [2c Ah 4h 2h] [6d]
onewayback: checks
AzureCaper: bets $6
onewayback: raises $6 to $12
AzureCaper: calls $6
*** SHOW DOWN ***
onewayback: shows [4c 6s] (two pair, Sixes and Fours)
AzureCaper: shows [Ad 9h] (two pair, Aces and Deuces)
AzureCaper collected $53.50 from pot
*** SUMMARY ***
Total pot $54 | Rake $0.50
Board [2c Ah 4h 2h 6d]
Seat 4: AzureCaper (button) (small blind) showed [Ad 9h] and won ($53.50) with two pair, Aces and Deuces
Seat 6: onewayback (big blind) showed [4c 6s] and lost with two pair, Sixes and Fours


PokerStars Hand #145512568414:  Hold'em Limit ($3/$6 USD) - 2015/12/17 21:16:04 ET
Table 'Kalliope' 6-max Seat #6 is the button
Seat 4: AzureCaper ($93.50 in chips)
Seat 6: onewayback ($142.27 in chips)
onewayback: posts small blind $1
AzureCaper: posts big blind $3
*** HOLE CARDS ***
onewayback: raises $3 to $6
AzureCaper: folds
Uncalled bet ($3) returned to onewayback
onewayback collected $6 from pot
onewayback: doesn't show hand
*** SUMMARY ***
Total pot $6 | Rake $0
Seat 4: AzureCaper (big blind) folded before Flop
Seat 6: onewayback (button) (small blind) collected ($6)


PokerStars Hand #145512565713:  Hold'em Limit ($3/$6 USD) - 2015/12/17 21:15:58 ET
Table 'Kalliope' 6-max Seat #4 is the button
Seat 4: AzureCaper ($94.50 in chips)
Seat 6: onewayback ($141.27 in chips)
AzureCaper: posts small blind $1
onewayback: posts big blind $3
*** HOLE CARDS ***
AzureCaper: folds
Uncalled bet ($2) returned to onewayback
onewayback collected $2 from pot
onewayback: doesn't show hand
*** SUMMARY ***
Total pot $2 | Rake $0
Seat 4: AzureCaper (button) (small blind) folded before Flop
Seat 6: onewayback (big blind) collected ($2)


PokerStars Hand #145512563743:  Hold'em Limit ($3/$6 USD) - 2015/12/17 21:15:53 ET
Table 'Kalliope' 6-max Seat #6 is the button
Seat 4: AzureCaper ($93.50 in chips)
Seat 6: onewayback ($142.27 in chips)
onewayback: posts small blind $1
AzureCaper: posts big blind $3
*** HOLE CARDS ***
onewayback: folds
Uncalled bet ($2) returned to AzureCaper
AzureCaper collected $2 from pot
AzureCaper: doesn't show hand
*** SUMMARY ***
Total pot $2 | Rake $0
Seat 4: AzureCaper (big blind) collected ($2)
Seat 6: onewayback (button) (small blind) folded before Flop


PokerStars Hand #145512555499:  Hold'em Limit ($3/$6 USD) - 2015/12/17 21:15:36 ET
Table 'Kalliope' 6-max Seat #4 is the button
Seat 4: AzureCaper ($73 in chips)
Seat 6: onewayback ($163.27 in chips)
AzureCaper: posts small blind $1
onewayback: posts big blind $3
*** HOLE CARDS ***
AzureCaper: raises $3 to $6
onewayback: raises $3 to $9
AzureCaper: calls $3
*** FLOP *** [9c 8c 3c]
onewayback: bets $3
AzureCaper: raises $3 to $6
onewayback: calls $3
*** TURN *** [9c 8c 3c] [2s]
onewayback: checks
AzureCaper: bets $6
onewayback: calls $6
*** RIVER *** [9c 8c 3c 2s] [7h]
onewayback: checks
AzureCaper: bets $6
onewayback: folds
Uncalled bet ($6) returned to AzureCaper
AzureCaper collected $41.50 from pot
AzureCaper: doesn't show hand
*** SUMMARY ***
Total pot $42 | Rake $0.50
Board [9c 8c 3c 2s 7h]
Seat 4: AzureCaper (button) (small blind) collected ($41.50)
Seat 6: onewayback (big blind) folded on the River


PokerStars Hand #145512550904:  Hold'em Limit ($3/$6 USD) - 2015/12/17 21:15:26 ET
Table 'Kalliope' 6-max Seat #6 is the button
Seat 4: AzureCaper ($72 in chips)
Seat 6: onewayback ($164.27 in chips)
onewayback: posts small blind $1
AzureCaper: posts big blind $3
*** HOLE CARDS ***
onewayback: folds
Uncalled bet ($2) returned to AzureCaper
AzureCaper collected $2 from pot
AzureCaper: doesn't show hand
*** SUMMARY ***
Total pot $2 | Rake $0
Seat 4: AzureCaper (big blind) collected ($2)
Seat 6: onewayback (button) (small blind) folded before Flop


PokerStars Hand #145512598607:  Hold'em Limit ($3/$6 USD) - 2015/12/17 21:17:10 ET
Table 'Kalliope' 6-max Seat #4 is the button
Seat 4: AzureCaper ($122.50 in chips)
Seat 6: onewayback ($111.79 in chips)
AzureCaper: posts small blind $1
onewayback: posts big blind $3
*** HOLE CARDS ***
AzureCaper: raises $3 to $6
onewayback: raises $3 to $9
AzureCaper: calls $3
*** FLOP *** [6c Ac Ks]
onewayback: bets $3
AzureCaper: calls $3
*** TURN *** [6c Ac Ks] [2h]
onewayback: bets $6
AzureCaper: calls $6
*** RIVER *** [6c Ac Ks 2h] [Kh]
onewayback: bets $6
AzureCaper: calls $6
*** SHOW DOWN ***
onewayback: shows [9d Ah] (two pair, Aces and Kings)
AzureCaper: mucks hand
onewayback collected $47.50 from pot
*** SUMMARY ***
Total pot $48 | Rake $0.50
Board [6c Ac Ks 2h Kh]
Seat 4: AzureCaper (button) (small blind) mucked
Seat 6: onewayback (big blind) showed [9d Ah] and won ($47.50) with two pair, Aces and Kings


PokerStars Hand #145512596535:  Hold'em Limit ($3/$6 USD) - 2015/12/17 21:17:05 ET
Table 'Kalliope' 6-max Seat #6 is the button
Seat 4: AzureCaper ($121.50 in chips)
Seat 6: onewayback ($112.79 in chips)
onewayback: posts small blind $1
AzureCaper: posts big blind $3
*** HOLE CARDS ***
onewayback: folds
Uncalled bet ($2) returned to AzureCaper
AzureCaper collected $2 from pot
AzureCaper: doesn't show hand
*** SUMMARY ***
Total pot $2 | Rake $0
Seat 4: AzureCaper (big blind) collected ($2)
Seat 6: onewayback (button) (small blind) folded before Flop


PokerStars Hand #145512591298:  Hold'em Limit ($3/$6 USD) - 2015/12/17 21:16:54 ET
Table 'Kalliope' 6-max Seat #4 is the button
Seat 4: AzureCaper ($133.50 in chips)
Seat 6: onewayback ($101.27 in chips)
AzureCaper: posts small blind $1
onewayback: posts big blind $3
*** HOLE CARDS ***
AzureCaper: raises $3 to $6
onewayback: raises $3 to $9
AzureCaper: raises $3 to $12
Betting is capped
onewayback: calls $3
*** FLOP *** [2d Jh Kd]
onewayback: bets $3
AzureCaper: folds
Uncalled bet ($3) returned to onewayback
onewayback collected $23.52 from pot
onewayback: doesn't show hand
*** SUMMARY ***
Total pot $24 | Rake $0.48
Board [2d Jh Kd]
Seat 4: AzureCaper (button) (small blind) folded on the Flop
Seat 6: onewayback (big blind) collected ($23.52)


PokerStars Hand #145512589016:  Hold'em Limit ($3/$6 USD) - 2015/12/17 21:16:49 ET
Table 'Kalliope' 6-max Seat #6 is the button
Seat 4: AzureCaper ($132.50 in chips)
Seat 6: onewayback ($102.27 in chips)
onewayback: posts small blind $1
AzureCaper: posts big blind $3
*** HOLE CARDS ***
onewayback: folds
Uncalled bet ($2) returned to AzureCaper
AzureCaper collected $2 from pot
AzureCaper: doesn't show hand
*** SUMMARY ***
Total pot $2 | Rake $0
Seat 4: AzureCaper (big blind) collected ($2)
Seat 6: onewayback (button) (small blind) folded before Flop


PokerStars Hand #145512581070:  Hold'em Limit ($3/$6 USD) - 2015/12/17 21:16:31 ET
Table 'Kalliope' 6-max Seat #4 is the button
Seat 4: AzureCaper ($118 in chips)
Seat 6: onewayback ($117.27 in chips)
AzureCaper: posts small blind $1
onewayback: posts big blind $3
*** HOLE CARDS ***
AzureCaper: raises $3 to $6
onewayback: calls $3
*** FLOP *** [Kc Tc 6c]
onewayback: checks
AzureCaper: bets $3
onewayback: calls $3
*** TURN *** [Kc Tc 6c] [Jd]
onewayback: checks
AzureCaper: bets $6
onewayback: calls $6
*** RIVER *** [Kc Tc 6c Jd] [Qs]
onewayback: checks
AzureCaper: bets $6
onewayback: folds
Uncalled bet ($6) returned to AzureCaper
AzureCaper collected $29.50 from pot
AzureCaper: doesn't show hand
*** SUMMARY ***
Total pot $30 | Rake $0.50
Board [Kc Tc 6c Jd Qs]
Seat 4: AzureCaper (button) (small blind) collected ($29.50)
Seat 6: onewayback (big blind) folded on the River


PokerStars Hand #145512578955:  Hold'em Limit ($3/$6 USD) - 2015/12/17 21:16:27 ET
Table 'Kalliope' 6-max Seat #6 is the button
Seat 4: AzureCaper ($117 in chips)
Seat 6: onewayback ($118.27 in chips)
onewayback: posts small blind $1
AzureCaper: posts big blind $3
*** HOLE CARDS ***
onewayback: folds
Uncalled bet ($2) returned to AzureCaper
AzureCaper collected $2 from pot
AzureCaper: doesn't show hand
*** SUMMARY ***
Total pot $2 | Rake $0
Seat 4: AzureCaper (big blind) collected ($2)
Seat 6: onewayback (button) (small blind) folded before Flop


PokerStars Hand #145512625026:  Hold'em Limit ($3/$6 USD) - 2015/12/17 21:18:08 ET
Table 'Kalliope' 6-max Seat #6 is the button
Seat 4: AzureCaper ($90.50 in chips)
Seat 6: onewayback ($142.93 in chips)
onewayback: posts small blind $1
AzureCaper: posts big blind $3
*** HOLE CARDS ***
onewayback: raises $3 to $6
AzureCaper: folds
Uncalled bet ($3) returned to onewayback
onewayback collected $6 from pot
onewayback: doesn't show hand
*** SUMMARY ***
Total pot $6 | Rake $0
Seat 4: AzureCaper (big blind) folded before Flop
Seat 6: onewayback (button) (small blind) collected ($6)


PokerStars Hand #145512623103:  Hold'em Limit ($3/$6 USD) - 2015/12/17 21:18:03 ET
Table 'Kalliope' 6-max Seat #4 is the button
Seat 4: AzureCaper ($91.50 in chips)
Seat 6: onewayback ($141.93 in chips)
AzureCaper: posts small blind $1
onewayback: posts big blind $3
*** HOLE CARDS ***
AzureCaper: folds
Uncalled bet ($2) returned to onewayback
onewayback collected $2 from pot
onewayback: doesn't show hand
*** SUMMARY ***
Total pot $2 | Rake $0
Seat 4: AzureCaper (button) (small blind) folded before Flop
Seat 6: onewayback (big blind) collected ($2)


PokerStars Hand #145512621034:  Hold'em Limit ($3/$6 USD) - 2015/12/17 21:17:59 ET
Table 'Kalliope' 6-max Seat #6 is the button
Seat 4: AzureCaper ($90.50 in chips)
Seat 6: onewayback ($142.93 in chips)
onewayback: posts small blind $1
AzureCaper: posts big blind $3
*** HOLE CARDS ***
onewayback: folds
Uncalled bet ($2) returned to AzureCaper
AzureCaper collected $2 from pot
AzureCaper: doesn't show hand
*** SUMMARY ***
Total pot $2 | Rake $0
Seat 4: AzureCaper (big blind) collected ($2)
Seat 6: onewayback (button) (small blind) folded before Flop


PokerStars Hand #145512608828:  Hold'em Limit ($3/$6 USD) - 2015/12/17 21:17:32 ET
Table 'Kalliope' 6-max Seat #4 is the button
Seat 4: AzureCaper ($99.50 in chips)
Seat 6: onewayback ($134.29 in chips)
AzureCaper: posts small blind $1
onewayback: posts big blind $3
*** HOLE CARDS ***
AzureCaper: raises $3 to $6
onewayback: calls $3
*** FLOP *** [7h 2h Ts]
onewayback: checks
AzureCaper: bets $3
onewayback: calls $3
*** TURN *** [7h 2h Ts] [Jh]
onewayback: checks
AzureCaper: checks
*** RIVER *** [7h 2h Ts Jh] [6d]
onewayback: checks
AzureCaper: checks
*** SHOW DOWN ***
onewayback: shows [7s 4d] (a pair of Sevens)
AzureCaper: mucks hand
onewayback collected $17.64 from pot
*** SUMMARY ***
Total pot $18 | Rake $0.36
Board [7h 2h Ts Jh 6d]
Seat 4: AzureCaper (button) (small blind) mucked
Seat 6: onewayback (big blind) showed [7s 4d] and won ($17.64) with a pair of Sevens


PokerStars Hand #145512606776:  Hold'em Limit ($3/$6 USD) - 2015/12/17 21:17:28 ET
Table 'Kalliope' 6-max Seat #6 is the button
Seat 4: AzureCaper ($98.50 in chips)
Seat 6: onewayback ($135.29 in chips)
onewayback: posts small blind $1
AzureCaper: posts big blind $3
*** HOLE CARDS ***
onewayback: folds
Uncalled bet ($2) returned to AzureCaper
AzureCaper collected $2 from pot
AzureCaper: doesn't show hand
*** SUMMARY ***
Total pot $2 | Rake $0
Seat 4: AzureCaper (big blind) collected ($2)
Seat 6: onewayback (button) (small blind) folded before Flop


PokerStars Hand #145512659809:  Hold'em Limit ($3/$6 USD) - 2015/12/17 21:19:24 ET
Table 'Kalliope' 6-max Seat #4 is the button
Seat 4: AzureCaper ($111.50 in chips)
Seat 6: onewayback ($120.57 in chips)
AzureCaper: posts small blind $1
onewayback: posts big blind $3
*** HOLE CARDS ***
AzureCaper: folds
Uncalled bet ($2) returned to onewayback
onewayback collected $2 from pot
onewayback: doesn't show hand
*** SUMMARY ***
Total pot $2 | Rake $0
Seat 4: AzureCaper (button) (small blind) folded before Flop
Seat 6: onewayback (big blind) collected ($2)


PokerStars Hand #145512657627:  Hold'em Limit ($3/$6 USD) - 2015/12/17 21:19:20 ET
Table 'Kalliope' 6-max Seat #6 is the button
Seat 4: AzureCaper ($110.50 in chips)
Seat 6: onewayback ($121.57 in chips)
onewayback: posts small blind $1
AzureCaper: posts big blind $3
*** HOLE CARDS ***
onewayback: folds
Uncalled bet ($2) returned to AzureCaper
AzureCaper collected $2 from pot
AzureCaper: doesn't show hand
*** SUMMARY ***
Total pot $2 | Rake $0
Seat 4: AzureCaper (big blind) collected ($2)
Seat 6: onewayback (button) (small blind) folded before Flop


PokerStars Hand #145512655352:  Hold'em Limit ($3/$6 USD) - 2015/12/17 21:19:15 ET
Table 'Kalliope' 6-max Seat #4 is the button
Seat 4: AzureCaper ($111.50 in chips)
Seat 6: onewayback ($120.57 in chips)
AzureCaper: posts small blind $1
onewayback: posts big blind $3
*** HOLE CARDS ***
AzureCaper: folds
Uncalled bet ($2) returned to onewayback
onewayback collected $2 from pot
onewayback: doesn't show hand
*** SUMMARY ***
Total pot $2 | Rake $0
Seat 4: AzureCaper (button) (small blind) folded before Flop
Seat 6: onewayback (big blind) collected ($2)


PokerStars Hand #145512652489:  Hold'em Limit ($3/$6 USD) - 2015/12/17 21:19:08 ET
Table 'Kalliope' 6-max Seat #6 is the button
Seat 4: AzureCaper ($114.50 in chips)
Seat 6: onewayback ($117.57 in chips)
onewayback: posts small blind $1
AzureCaper: posts big blind $3
*** HOLE CARDS ***
onewayback: raises $3 to $6
AzureCaper: folds
Uncalled bet ($3) returned to onewayback
onewayback collected $6 from pot
onewayback: doesn't show hand
*** SUMMARY ***
Total pot $6 | Rake $0
Seat 4: AzureCaper (big blind) folded before Flop
Seat 6: onewayback (button) (small blind) collected ($6)


PokerStars Hand #145512650547:  Hold'em Limit ($3/$6 USD) - 2015/12/17 21:19:04 ET
Table 'Kalliope' 6-max Seat #4 is the button
Seat 4: AzureCaper ($115.50 in chips)
Seat 6: onewayback ($116.57 in chips)
AzureCaper: posts small blind $1
onewayback: posts big blind $3
*** HOLE CARDS ***
AzureCaper: folds
Uncalled bet ($2) returned to onewayback
onewayback collected $2 from pot
onewayback: doesn't show hand
*** SUMMARY ***
Total pot $2 | Rake $0
Seat 4: AzureCaper (button) (small blind) folded before Flop
Seat 6: onewayback (big blind) collected ($2)


PokerStars Hand #145512645201:  Hold'em Limit ($3/$6 USD) - 2015/12/17 21:18:52 ET
Table 'Kalliope' 6-max Seat #6 is the button
Seat 4: AzureCaper ($124.50 in chips)
Seat 6: onewayback ($107.93 in chips)
onewayback: posts small blind $1
AzureCaper: posts big blind $3
*** HOLE CARDS ***
onewayback: raises $3 to $6
AzureCaper: calls $3
*** FLOP *** [8s Kh 4d]
AzureCaper: checks
onewayback: bets $3
AzureCaper: calls $3
*** TURN *** [8s Kh 4d] [Kc]
AzureCaper: checks
onewayback: bets $6
AzureCaper: folds
Uncalled bet ($6) returned to onewayback
onewayback collected $17.64 from pot
onewayback: doesn't show hand
*** SUMMARY ***
Total pot $18 | Rake $0.36
Board [8s Kh 4d Kc]
Seat 4: AzureCaper (big blind) folded on the Turn
Seat 6: onewayback (button) (small blind) collected ($17.64)


PokerStars Hand #145512643230:  Hold'em Limit ($3/$6 USD) - 2015/12/17 21:18:48 ET
Table 'Kalliope' 6-max Seat #4 is the button
Seat 4: AzureCaper ($125.50 in chips)
Seat 6: onewayback ($106.93 in chips)
AzureCaper: posts small blind $1
onewayback: posts big blind $3
*** HOLE CARDS ***
AzureCaper: folds
Uncalled bet ($2) returned to onewayback
onewayback collected $2 from pot
onewayback: doesn't show hand
*** SUMMARY ***
Total pot $2 | Rake $0
Seat 4: AzureCaper (button) (small blind) folded before Flop
Seat 6: onewayback (big blind) collected ($2)


PokerStars Hand #145512635587:  Hold'em Limit ($3/$6 USD) - 2015/12/17 21:18:31 ET
Table 'Kalliope' 6-max Seat #6 is the button
Seat 4: AzureCaper ($111 in chips)
Seat 6: onewayback ($121.93 in chips)
onewayback: posts small blind $1
AzureCaper: posts big blind $3
*** HOLE CARDS ***
onewayback: raises $3 to $6
AzureCaper: calls $3
*** FLOP *** [3h 8c 7h]
AzureCaper: checks
onewayback: bets $3
AzureCaper: calls $3
*** TURN *** [3h 8c 7h] [8s]
AzureCaper: checks
onewayback: bets $6
AzureCaper: calls $6
*** RIVER *** [3h 8c 7h 8s] [Kh]
AzureCaper: checks
onewayback: checks
*** SHOW DOWN ***
AzureCaper: shows [5s 5h] (two pair, Eights and Fives)
onewayback: mucks hand
AzureCaper collected $29.50 from pot
*** SUMMARY ***
Total pot $30 | Rake $0.50
Board [3h 8c 7h 8s Kh]
Seat 4: AzureCaper (big blind) showed [5s 5h] and won ($29.50) with two pair, Eights and Fives
Seat 6: onewayback (button) (small blind) mucked


PokerStars Hand #145512628180:  Hold'em Limit ($3/$6 USD) - 2015/12/17 21:18:15 ET
Table 'Kalliope' 6-max Seat #4 is the button
Seat 4: AzureCaper ($87.50 in chips)
Seat 6: onewayback ($145.93 in chips)
AzureCaper: posts small blind $1
onewayback: posts big blind $3
*** HOLE CARDS ***
AzureCaper: raises $3 to $6
onewayback: raises $3 to $9
AzureCaper: calls $3
*** FLOP *** [3c 9h Jh]
onewayback: bets $3
AzureCaper: calls $3
*** TURN *** [3c 9h Jh] [2h]
onewayback: bets $6
AzureCaper: raises $6 to $12
onewayback: calls $6
*** RIVER *** [3c 9h Jh 2h] [8c]
onewayback: checks
AzureCaper: checks
*** SHOW DOWN ***
onewayback: shows [4d Ah] (high card Ace)
AzureCaper: shows [7s 9s] (a pair of Nines)
AzureCaper collected $47.50 from pot
*** SUMMARY ***
Total pot $48 | Rake $0.50
Board [3c 9h Jh 2h 8c]
Seat 4: AzureCaper (button) (small blind) showed [7s 9s] and won ($47.50) with a pair of Nines
Seat 6: onewayback (big blind) showed [4d Ah] and lost with high card Ace


PokerStars Hand #145512682685:  Hold'em Limit ($3/$6 USD) - 2015/12/17 21:20:16 ET
Table 'Kalliope' 6-max Seat #4 is the button
Seat 4: AzureCaper ($108.14 in chips)
Seat 6: onewayback ($123.09 in chips)
AzureCaper: posts small blind $1
onewayback: posts big blind $3
*** HOLE CARDS ***
AzureCaper: folds
Uncalled bet ($2) returned to onewayback
onewayback collected $2 from pot
onewayback: doesn't show hand
*** SUMMARY ***
Total pot $2 | Rake $0
Seat 4: AzureCaper (button) (small blind) folded before Flop
Seat 6: onewayback (big blind) collected ($2)


PokerStars Hand #145512674859:  Hold'em Limit ($3/$6 USD) - 2015/12/17 21:19:58 ET
Table 'Kalliope' 6-max Seat #6 is the button
Seat 4: AzureCaper ($120.14 in chips)
Seat 6: onewayback ($111.57 in chips)
onewayback: posts small blind $1
AzureCaper: posts big blind $3
*** HOLE CARDS ***
onewayback: raises $3 to $6
AzureCaper: raises $3 to $9
onewayback: calls $3
*** FLOP *** [3s 7h 8h]
AzureCaper: bets $3
onewayback: calls $3
*** TURN *** [3s 7h 8h] [Kd]
AzureCaper: checks
onewayback: checks
*** RIVER *** [3s 7h 8h Kd] [4d]
AzureCaper: checks
onewayback: checks
*** SHOW DOWN ***
AzureCaper: shows [9c Ad] (high card Ace)
onewayback: shows [4c 5s] (a pair of Fours)
onewayback collected $23.52 from pot
*** SUMMARY ***
Total pot $24 | Rake $0.48
Board [3s 7h 8h Kd 4d]
Seat 4: AzureCaper (big blind) showed [9c Ad] and lost with high card Ace
Seat 6: onewayback (button) (small blind) showed [4c 5s] and won ($23.52) with a pair of Fours


PokerStars Hand #145512672730:  Hold'em Limit ($3/$6 USD) - 2015/12/17 21:19:54 ET
Table 'Kalliope' 6-max Seat #4 is the button
Seat 4: AzureCaper ($121.14 in chips)
Seat 6: onewayback ($110.57 in chips)
AzureCaper: posts small blind $1
onewayback: posts big blind $3
*** HOLE CARDS ***
AzureCaper: folds
Uncalled bet ($2) returned to onewayback
onewayback collected $2 from pot
onewayback: doesn't show hand
*** SUMMARY ***
Total pot $2 | Rake $0
Seat 4: AzureCaper (button) (small blind) folded before Flop
Seat 6: onewayback (big blind) collected ($2)


PokerStars Hand #145512670899:  Hold'em Limit ($3/$6 USD) - 2015/12/17 21:19:50 ET
Table 'Kalliope' 6-max Seat #6 is the button
Seat 4: AzureCaper ($120.14 in chips)
Seat 6: onewayback ($111.57 in chips)
onewayback: posts small blind $1
AzureCaper: posts big blind $3
*** HOLE CARDS ***
onewayback: folds
Uncalled bet ($2) returned to AzureCaper
AzureCaper collected $2 from pot
AzureCaper: doesn't show hand
*** SUMMARY ***
Total pot $2 | Rake $0
Seat 4: AzureCaper (big blind) collected ($2)
Seat 6: onewayback (button) (small blind) folded before Flop


PokerStars Hand #145512663628:  Hold'em Limit ($3/$6 USD) - 2015/12/17 21:19:33 ET
Table 'Kalliope' 6-max Seat #4 is the button
Seat 4: AzureCaper ($111.50 in chips)
Seat 6: onewayback ($120.57 in chips)
AzureCaper: posts small blind $1
onewayback: posts big blind $3
*** HOLE CARDS ***
AzureCaper: raises $3 to $6
onewayback: calls $3
*** FLOP *** [5d 8h 3h]
onewayback: checks
AzureCaper: bets $3
onewayback: calls $3
*** TURN *** [5d 8h 3h] [3d]
onewayback: checks
AzureCaper: bets $6
onewayback: folds
Uncalled bet ($6) returned to AzureCaper
AzureCaper collected $17.64 from pot
AzureCaper: doesn't show hand
*** SUMMARY ***
Total pot $18 | Rake $0.36
Board [5d 8h 3h 3d]
Seat 4: AzureCaper (button) (small blind) collected ($17.64)
Seat 6: onewayback (big blind) folded on the Turn


PokerStars Hand #145512661728:  Hold'em Limit ($3/$6 USD) - 2015/12/17 21:19:29 ET
Table 'Kalliope' 6-max Seat #6 is the button
Seat 4: AzureCaper ($110.50 in chips)
Seat 6: onewayback ($121.57 in chips)
onewayback: posts small blind $1
AzureCaper: posts big blind $3
*** HOLE CARDS ***
onewayback: folds
Uncalled bet ($2) returned to AzureCaper
AzureCaper collected $2 from pot
AzureCaper: doesn't show hand
*** SUMMARY ***
Total pot $2 | Rake $0
Seat 4: AzureCaper (big blind) collected ($2)
Seat 6: onewayback (button) (small blind) folded before Flop


PokerStars Hand #145512713363:  Hold'em Limit ($3/$6 USD) - 2015/12/17 21:21:24 ET
Table 'Kalliope' 6-max Seat #6 is the button
Seat 4: AzureCaper ($138.14 in chips)
Seat 6: onewayback ($91.85 in chips)
onewayback: posts small blind $1
AzureCaper: posts big blind $3
*** HOLE CARDS ***
onewayback: folds
Uncalled bet ($2) returned to AzureCaper
AzureCaper collected $2 from pot
*** SUMMARY ***
Total pot $2 | Rake $0
Seat 4: AzureCaper (big blind) collected ($2)
Seat 6: onewayback (button) (small blind) folded before Flop


PokerStars Hand #145512704935:  Hold'em Limit ($3/$6 USD) - 2015/12/17 21:21:05 ET
Table 'Kalliope' 6-max Seat #4 is the button
Seat 4: AzureCaper ($123.64 in chips)
Seat 6: onewayback ($106.85 in chips)
AzureCaper: posts small blind $1
onewayback: posts big blind $3
*** HOLE CARDS ***
AzureCaper: raises $3 to $6
onewayback: calls $3
*** FLOP *** [Th 9c Kc]
onewayback: checks
AzureCaper: bets $3
onewayback: calls $3
*** TURN *** [Th 9c Kc] [3h]
onewayback: checks
AzureCaper: bets $6
onewayback: calls $6
*** RIVER *** [Th 9c Kc 3h] [2h]
onewayback: checks
AzureCaper: bets $6
onewayback: folds
Uncalled bet ($6) returned to AzureCaper
AzureCaper collected $29.50 from pot
AzureCaper: doesn't show hand
*** SUMMARY ***
Total pot $30 | Rake $0.50
Board [Th 9c Kc 3h 2h]
Seat 4: AzureCaper (button) (small blind) collected ($29.50)
Seat 6: onewayback (big blind) folded on the River


PokerStars Hand #145512700790:  Hold'em Limit ($3/$6 USD) - 2015/12/17 21:20:56 ET
Table 'Kalliope' 6-max Seat #6 is the button
Seat 4: AzureCaper ($126.64 in chips)
Seat 6: onewayback ($103.85 in chips)
onewayback: posts small blind $1
AzureCaper: posts big blind $3
*** HOLE CARDS ***
onewayback: raises $3 to $6
AzureCaper: folds
Uncalled bet ($3) returned to onewayback
onewayback collected $6 from pot
onewayback: doesn't show hand
*** SUMMARY ***
Total pot $6 | Rake $0
Seat 4: AzureCaper (big blind) folded before Flop
Seat 6: onewayback (button) (small blind) collected ($6)


PokerStars Hand #145512698876:  Hold'em Limit ($3/$6 USD) - 2015/12/17 21:20:52 ET
Table 'Kalliope' 6-max Seat #4 is the button
Seat 4: AzureCaper ($127.64 in chips)
Seat 6: onewayback ($102.85 in chips)
AzureCaper: posts small blind $1
onewayback: posts big blind $3
*** HOLE CARDS ***
AzureCaper: folds
Uncalled bet ($2) returned to onewayback
onewayback collected $2 from pot
onewayback: doesn't show hand
*** SUMMARY ***
Total pot $2 | Rake $0
Seat 4: AzureCaper (button) (small blind) folded before Flop
Seat 6: onewayback (big blind) collected ($2)


PokerStars Hand #145512694367:  Hold'em Limit ($3/$6 USD) - 2015/12/17 21:20:42 ET
Table 'Kalliope' 6-max Seat #6 is the button
Seat 4: AzureCaper ($133.64 in chips)
Seat 6: onewayback ($97.09 in chips)
onewayback: posts small blind $1
AzureCaper: posts big blind $3
*** HOLE CARDS ***
onewayback: raises $3 to $6
AzureCaper: calls $3
*** FLOP *** [Jc Kd Tc]
AzureCaper: checks
onewayback: bets $3
AzureCaper: folds
Uncalled bet ($3) returned to onewayback
onewayback collected $11.76 from pot
onewayback: doesn't show hand
*** SUMMARY ***
Total pot $12 | Rake $0.24
Board [Jc Kd Tc]
Seat 4: AzureCaper (big blind) folded on the Flop
Seat 6: onewayback (button) (small blind) collected ($11.76)


PokerStars Hand #145512691694:  Hold'em Limit ($3/$6 USD) - 2015/12/17 21:20:36 ET
Table 'Kalliope' 6-max Seat #4 is the button
Seat 4: AzureCaper ($130.64 in chips)
Seat 6: onewayback ($100.09 in chips)
AzureCaper: posts small blind $1
onewayback: posts big blind $3
*** HOLE CARDS ***
AzureCaper: raises $3 to $6
onewayback: folds
Uncalled bet ($3) returned to AzureCaper
AzureCaper collected $6 from pot
AzureCaper: doesn't show hand
*** SUMMARY ***
Total pot $6 | Rake $0
Seat 4: AzureCaper (button) (small blind) collected ($6)
Seat 6: onewayback (big blind) folded before Flop


PokerStars Hand #145512684526:  Hold'em Limit ($3/$6 USD) - 2015/12/17 21:20:20 ET
Table 'Kalliope' 6-max Seat #6 is the button
Seat 4: AzureCaper ($107.14 in chips)
Seat 6: onewayback ($124.09 in chips)
onewayback: posts small blind $1
AzureCaper: posts big blind $3
*** HOLE CARDS ***
onewayback: raises $3 to $6
AzureCaper: raises $3 to $9
onewayback: calls $3
*** FLOP *** [Ts 5d 3d]
AzureCaper: bets $3
onewayback: calls $3
*** TURN *** [Ts 5d 3d] [Ad]
AzureCaper: bets $6
onewayback: calls $6
*** RIVER *** [Ts 5d 3d Ad] [Tc]
AzureCaper: checks
onewayback: bets $6
AzureCaper: calls $6
*** SHOW DOWN ***
onewayback: shows [6s 4s] (a pair of Tens)
AzureCaper: shows [Qc Qs] (two pair, Queens and Tens)
AzureCaper collected $47.50 from pot
*** SUMMARY ***
Total pot $48 | Rake $0.50
Board [Ts 5d 3d Ad Tc]
Seat 4: AzureCaper (big blind) showed [Qc Qs] and won ($47.50) with two pair, Queens and Tens
Seat 6: onewayback (button) (small blind) showed [6s 4s] and lost with a pair of Tens


PokerStars Hand #145512738780:  Hold'em Limit ($3/$6 USD) - 2015/12/17 21:22:21 ET
Table 'Kalliope' 6-max Seat #4 is the button
Seat 4: AzureCaper ($113.14 in chips)
Seat 6: onewayback ($116.13 in chips)
AzureCaper: posts small blind $1
onewayback: posts big blind $3
*** HOLE CARDS ***
AzureCaper: folds
Uncalled bet ($2) returned to onewayback
onewayback collected $2 from pot
onewayback: doesn't show hand
*** SUMMARY ***
Total pot $2 | Rake $0
Seat 4: AzureCaper (button) (small blind) folded before Flop
Seat 6: onewayback (big blind) collected ($2)


PokerStars Hand #145512732117:  Hold'em Limit ($3/$6 USD) - 2015/12/17 21:22:06 ET
Table 'Kalliope' 6-max Seat #6 is the button
Seat 4: AzureCaper ($116.14 in chips)
Seat 6: onewayback ($113.13 in chips)
onewayback: posts small blind $1
AzureCaper: posts big blind $3
*** HOLE CARDS ***
onewayback: raises $3 to $6
AzureCaper: folds
Uncalled bet ($3) returned to onewayback
onewayback collected $6 from pot
onewayback: doesn't show hand
*** SUMMARY ***
Total pot $6 | Rake $0
Seat 4: AzureCaper (big blind) folded before Flop
Seat 6: onewayback (button) (small blind) collected ($6)


PokerStars Hand #145512730259:  Hold'em Limit ($3/$6 USD) - 2015/12/17 21:22:02 ET
Table 'Kalliope' 6-max Seat #4 is the button
Seat 4: AzureCaper ($117.14 in chips)
Seat 6: onewayback ($112.13 in chips)
AzureCaper: posts small blind $1
onewayback: posts big blind $3
*** HOLE CARDS ***
AzureCaper: folds
Uncalled bet ($2) returned to onewayback
onewayback collected $2 from pot
onewayback: doesn't show hand
*** SUMMARY ***
Total pot $2 | Rake $0
Seat 4: AzureCaper (button) (small blind) folded before Flop
Seat 6: onewayback (big blind) collected ($2)


PokerStars Hand #145512725429:  Hold'em Limit ($3/$6 USD) - 2015/12/17 21:21:51 ET
Table 'Kalliope' 6-max Seat #6 is the button
Seat 4: AzureCaper ($126.14 in chips)
Seat 6: onewayback ($103.49 in chips)
onewayback: posts small blind $1
AzureCaper: posts big blind $3
*** HOLE CARDS ***
onewayback: raises $3 to $6
AzureCaper: calls $3
*** FLOP *** [Jc 3d 2h]
AzureCaper: checks
onewayback: bets $3
AzureCaper: calls $3
*** TURN *** [Jc 3d 2h] [5c]
AzureCaper: checks
onewayback: bets $6
AzureCaper: folds
Uncalled bet ($6) returned to onewayback
onewayback collected $17.64 from pot
onewayback: doesn't show hand
*** SUMMARY ***
Total pot $18 | Rake $0.36
Board [Jc 3d 2h 5c]
Seat 4: AzureCaper (big blind) folded on the Turn
Seat 6: onewayback (button) (small blind) collected ($17.64)


PokerStars Hand #145512720355:  Hold'em Limit ($3/$6 USD) - 2015/12/17 21:21:40 ET
Table 'Kalliope' 6-max Seat #4 is the button
Seat 4: AzureCaper ($135.14 in chips)
Seat 6: onewayback ($94.85 in chips)
AzureCaper: posts small blind $1
onewayback: posts big blind $3
*** HOLE CARDS ***
AzureCaper: raises $3 to $6
onewayback: raises $3 to $9
AzureCaper: calls $3
*** FLOP *** [7c Qs Ac]
onewayback: bets $3
AzureCaper: folds
Uncalled bet ($3) returned to onewayback
onewayback collected $17.64 from pot
onewayback: doesn't show hand
*** SUMMARY ***
Total pot $18 | Rake $0.36
Board [7c Qs Ac]
Seat 4: AzureCaper (button) (small blind) folded on the Flop
Seat 6: onewayback (big blind) collected ($17.64)


PokerStars Hand #145512717509:  Hold'em Limit ($3/$6 USD) - 2015/12/17 21:21:34 ET
Table 'Kalliope' 6-max Seat #6 is the button
Seat 4: AzureCaper ($138.14 in chips)
Seat 6: onewayback ($91.85 in chips)
onewayback: posts small blind $1
AzureCaper: posts big blind $3
*** HOLE CARDS ***
onewayback: raises $3 to $6
AzureCaper: folds
Uncalled bet ($3) returned to onewayback
onewayback collected $6 from pot
*** SUMMARY ***
Total pot $6 | Rake $0
Seat 4: AzureCaper (big blind) folded before Flop
Seat 6: onewayback (button) (small blind) collected ($6)


PokerStars Hand #145512715190:  Hold'em Limit ($3/$6 USD) - 2015/12/17 21:21:29 ET
Table 'Kalliope' 6-max Seat #4 is the button
Seat 4: AzureCaper ($139.14 in chips)
Seat 6: onewayback ($90.85 in chips)
AzureCaper: posts small blind $1
onewayback: posts big blind $3
*** HOLE CARDS ***
AzureCaper: folds
Uncalled bet ($2) returned to onewayback
onewayback collected $2 from pot
onewayback: doesn't show hand
*** SUMMARY ***
Total pot $2 | Rake $0
Seat 4: AzureCaper (button) (small blind) folded before Flop
Seat 6: onewayback (big blind) collected ($2)


PokerStars Hand #145512765077:  Hold'em Limit ($3/$6 USD) - 2015/12/17 21:23:20 ET
Table 'Kalliope' 6-max Seat #6 is the button
Seat 4: AzureCaper ($117.64 in chips)
Seat 6: onewayback ($111.13 in chips)
onewayback: posts small blind $1
AzureCaper: posts big blind $3
*** HOLE CARDS ***
onewayback: raises $3 to $6
AzureCaper: raises $3 to $9
onewayback: calls $3
*** FLOP *** [Js 9s Th]
AzureCaper: bets $3
onewayback: calls $3
*** TURN *** [Js 9s Th] [6c]
AzureCaper: bets $6
onewayback: folds
Uncalled bet ($6) returned to AzureCaper
AzureCaper collected $23.52 from pot
AzureCaper: doesn't show hand
*** SUMMARY ***
Total pot $24 | Rake $0.48
Board [Js 9s Th 6c]
Seat 4: AzureCaper (big blind) collected ($23.52)
Seat 6: onewayback (button) (small blind) folded on the Turn


PokerStars Hand #145512762753:  Hold'em Limit ($3/$6 USD) - 2015/12/17 21:23:15 ET
Table 'Kalliope' 6-max Seat #4 is the button
Seat 4: AzureCaper ($114.64 in chips)
Seat 6: onewayback ($114.13 in chips)
AzureCaper: posts small blind $1
onewayback: posts big blind $3
*** HOLE CARDS ***
AzureCaper: raises $3 to $6
onewayback: folds
Uncalled bet ($3) returned to AzureCaper
AzureCaper collected $6 from pot
AzureCaper: doesn't show hand
*** SUMMARY ***
Total pot $6 | Rake $0
Seat 4: AzureCaper (button) (small blind) collected ($6)
Seat 6: onewayback (big blind) folded before Flop


PokerStars Hand #145512760437:  Hold'em Limit ($3/$6 USD) - 2015/12/17 21:23:10 ET
Table 'Kalliope' 6-max Seat #6 is the button
Seat 4: AzureCaper ($117.64 in chips)
Seat 6: onewayback ($111.13 in chips)
onewayback: posts small blind $1
AzureCaper: posts big blind $3
*** HOLE CARDS ***
onewayback: raises $3 to $6
AzureCaper: folds
Uncalled bet ($3) returned to onewayback
onewayback collected $6 from pot
onewayback: doesn't show hand
*** SUMMARY ***
Total pot $6 | Rake $0
Seat 4: AzureCaper (big blind) folded before Flop
Seat 6: onewayback (button) (small blind) collected ($6)


PokerStars Hand #145512758464:  Hold'em Limit ($3/$6 USD) - 2015/12/17 21:23:06 ET
Table 'Kalliope' 6-max Seat #4 is the button
Seat 4: AzureCaper ($118.64 in chips)
Seat 6: onewayback ($110.13 in chips)
AzureCaper: posts small blind $1
onewayback: posts big blind $3
*** HOLE CARDS ***
AzureCaper: folds
Uncalled bet ($2) returned to onewayback
onewayback collected $2 from pot
onewayback: doesn't show hand
*** SUMMARY ***
Total pot $2 | Rake $0
Seat 4: AzureCaper (button) (small blind) folded before Flop
Seat 6: onewayback (big blind) collected ($2)


PokerStars Hand #145512755670:  Hold'em Limit ($3/$6 USD) - 2015/12/17 21:22:59 ET
Table 'Kalliope' 6-max Seat #6 is the button
Seat 4: AzureCaper ($121.64 in chips)
Seat 6: onewayback ($107.13 in chips)
onewayback: posts small blind $1
AzureCaper: posts big blind $3
*** HOLE CARDS ***
onewayback: raises $3 to $6
AzureCaper: folds
Uncalled bet ($3) returned to onewayback
onewayback collected $6 from pot
onewayback: doesn't show hand
*** SUMMARY ***
Total pot $6 | Rake $0
Seat 4: AzureCaper (big blind) folded before Flop
Seat 6: onewayback (button) (small blind) collected ($6)


PokerStars Hand #145512753677:  Hold'em Limit ($3/$6 USD) - 2015/12/17 21:22:55 ET
Table 'Kalliope' 6-max Seat #4 is the button
Seat 4: AzureCaper ($122.64 in chips)
Seat 6: onewayback ($106.13 in chips)
AzureCaper: posts small blind $1
onewayback: posts big blind $3
*** HOLE CARDS ***
AzureCaper: folds
Uncalled bet ($2) returned to onewayback
onewayback collected $2 from pot
onewayback: doesn't show hand
*** SUMMARY ***
Total pot $2 | Rake $0
Seat 4: AzureCaper (button) (small blind) folded before Flop
Seat 6: onewayback (big blind) collected ($2)


PokerStars Hand #145512747637:  Hold'em Limit ($3/$6 USD) - 2015/12/17 21:22:41 ET
Table 'Kalliope' 6-max Seat #6 is the button
Seat 4: AzureCaper ($108.14 in chips)
Seat 6: onewayback ($121.13 in chips)
onewayback: posts small blind $1
AzureCaper: posts big blind $3
*** HOLE CARDS ***
onewayback: raises $3 to $6
AzureCaper: calls $3
*** FLOP *** [2d Ac 7s]
AzureCaper: checks
onewayback: bets $3
AzureCaper: calls $3
*** TURN *** [2d Ac 7s] [Ah]
AzureCaper: checks
onewayback: bets $6
AzureCaper: calls $6
*** RIVER *** [2d Ac 7s Ah] [Qs]
AzureCaper: checks
onewayback: checks
*** SHOW DOWN ***
AzureCaper: shows [7h Jc] (two pair, Aces and Sevens)
onewayback: mucks hand
AzureCaper collected $29.50 from pot
*** SUMMARY ***
Total pot $30 | Rake $0.50
Board [2d Ac 7s Ah Qs]
Seat 4: AzureCaper (big blind) showed [7h Jc] and won ($29.50) with two pair, Aces and Sevens
Seat 6: onewayback (button) (small blind) mucked


PokerStars Hand #145512743934:  Hold'em Limit ($3/$6 USD) - 2015/12/17 21:22:33 ET
Table 'Kalliope' 6-max Seat #4 is the button
Seat 4: AzureCaper ($109.14 in chips)
Seat 6: onewayback ($120.13 in chips)
AzureCaper: posts small blind $1
onewayback: posts big blind $3
*** HOLE CARDS ***
AzureCaper: folds
Uncalled bet ($2) returned to onewayback
onewayback collected $2 from pot
onewayback: doesn't show hand
*** SUMMARY ***
Total pot $2 | Rake $0
Seat 4: AzureCaper (button) (small blind) folded before Flop
Seat 6: onewayback (big blind) collected ($2)


PokerStars Hand #145512741139:  Hold'em Limit ($3/$6 USD) - 2015/12/17 21:22:27 ET
Table 'Kalliope' 6-max Seat #6 is the button
Seat 4: AzureCaper ($112.14 in chips)
Seat 6: onewayback ($117.13 in chips)
onewayback: posts small blind $1
AzureCaper: posts big blind $3
*** HOLE CARDS ***
onewayback: raises $3 to $6
AzureCaper: folds
Uncalled bet ($3) returned to onewayback
onewayback collected $6 from pot
onewayback: doesn't show hand
*** SUMMARY ***
Total pot $6 | Rake $0
Seat 4: AzureCaper (big blind) folded before Flop
Seat 6: onewayback (button) (small blind) collected ($6)


PokerStars Hand #145512792573:  Hold'em Limit ($3/$6 USD) - 2015/12/17 21:24:23 ET
Table 'Kalliope' 6-max Seat #6 is the button
Seat 4: AzureCaper ($136.56 in chips)
Seat 6: onewayback ($90.77 in chips)
onewayback: posts small blind $1
AzureCaper: posts big blind $3
*** HOLE CARDS ***
onewayback: raises $3 to $6
AzureCaper: folds
Uncalled bet ($3) returned to onewayback
onewayback collected $6 from pot
onewayback: doesn't show hand
*** SUMMARY ***
Total pot $6 | Rake $0
Seat 4: AzureCaper (big blind) folded before Flop
Seat 6: onewayback (button) (small blind) collected ($6)


PokerStars Hand #145512788242:  Hold'em Limit ($3/$6 USD) - 2015/12/17 21:24:13 ET
Table 'Kalliope' 6-max Seat #4 is the button
Seat 4: AzureCaper ($130.80 in chips)
Seat 6: onewayback ($96.77 in chips)
AzureCaper: posts small blind $1
onewayback: posts big blind $3
*** HOLE CARDS ***
AzureCaper: raises $3 to $6
onewayback: calls $3
*** FLOP *** [Jc 2c 7h]
onewayback: checks
AzureCaper: bets $3
onewayback: folds
Uncalled bet ($3) returned to AzureCaper
AzureCaper collected $11.76 from pot
AzureCaper: doesn't show hand
*** SUMMARY ***
Total pot $12 | Rake $0.24
Board [Jc 2c 7h]
Seat 4: AzureCaper (button) (small blind) collected ($11.76)
Seat 6: onewayback (big blind) folded on the Flop


PokerStars Hand #145512786297:  Hold'em Limit ($3/$6 USD) - 2015/12/17 21:24:09 ET
Table 'Kalliope' 6-max Seat #6 is the button
Seat 4: AzureCaper ($129.80 in chips)
Seat 6: onewayback ($97.77 in chips)
onewayback: posts small blind $1
AzureCaper: posts big blind $3
*** HOLE CARDS ***
onewayback: folds
Uncalled bet ($2) returned to AzureCaper
AzureCaper collected $2 from pot
AzureCaper: doesn't show hand
*** SUMMARY ***
Total pot $2 | Rake $0
Seat 4: AzureCaper (big blind) collected ($2)
Seat 6: onewayback (button) (small blind) folded before Flop


PokerStars Hand #145512777730:  Hold'em Limit ($3/$6 USD) - 2015/12/17 21:23:49 ET
Table 'Kalliope' 6-max Seat #4 is the button
Seat 4: AzureCaper ($138.80 in chips)
Seat 6: onewayback ($89.13 in chips)
AzureCaper: posts small blind $1
onewayback: posts big blind $3
*** HOLE CARDS ***
AzureCaper: raises $3 to $6
onewayback: calls $3
*** FLOP *** [Kh 9h 7s]
onewayback: checks
AzureCaper: bets $3
onewayback: calls $3
*** TURN *** [Kh 9h 7s] [Qh]
onewayback: checks
AzureCaper: checks
*** RIVER *** [Kh 9h 7s Qh] [Qd]
onewayback: bets $6
AzureCaper: folds
Uncalled bet ($6) returned to onewayback
onewayback collected $17.64 from pot
onewayback: doesn't show hand
*** SUMMARY ***
Total pot $18 | Rake $0.36
Board [Kh 9h 7s Qh Qd]
Seat 4: AzureCaper (button) (small blind) folded on the River
Seat 6: onewayback (big blind) collected ($17.64)


PokerStars Hand #145512775564:  Hold'em Limit ($3/$6 USD) - 2015/12/17 21:23:44 ET
Table 'Kalliope' 6-max Seat #6 is the button
Seat 4: AzureCaper ($137.80 in chips)
Seat 6: onewayback ($90.13 in chips)
onewayback: posts small blind $1
AzureCaper: posts big blind $3
*** HOLE CARDS ***
onewayback: folds
Uncalled bet ($2) returned to AzureCaper
AzureCaper collected $2 from pot
AzureCaper: doesn't show hand
*** SUMMARY ***
Total pot $2 | Rake $0
Seat 4: AzureCaper (big blind) collected ($2)
Seat 6: onewayback (button) (small blind) folded before Flop


PokerStars Hand #145512769798:  Hold'em Limit ($3/$6 USD) - 2015/12/17 21:23:31 ET
Table 'Kalliope' 6-max Seat #4 is the button
Seat 4: AzureCaper ($129.16 in chips)
Seat 6: onewayback ($99.13 in chips)
AzureCaper: posts small blind $1
onewayback: posts big blind $3
*** HOLE CARDS ***
AzureCaper: raises $3 to $6
onewayback: calls $3
*** FLOP *** [2h Ks Ac]
onewayback: checks
AzureCaper: bets $3
onewayback: calls $3
*** TURN *** [2h Ks Ac] [7s]
onewayback: checks
AzureCaper: bets $6
onewayback: folds
Uncalled bet ($6) returned to AzureCaper
AzureCaper collected $17.64 from pot
AzureCaper: doesn't show hand
*** SUMMARY ***
Total pot $18 | Rake $0.36
Board [2h Ks Ac 7s]
Seat 4: AzureCaper (button) (small blind) collected ($17.64)
Seat 6: onewayback (big blind) folded on the Turn


PokerStars Hand #145512820608:  Hold'em Limit ($3/$6 USD) - 2015/12/17 21:25:26 ET
Table 'Kalliope' 6-max Seat #6 is the button
Seat 4: AzureCaper ($136.06 in chips)
Seat 6: onewayback ($90.05 in chips)
onewayback: posts small blind $1
AzureCaper: posts big blind $3
*** HOLE CARDS ***
onewayback: folds
Uncalled bet ($2) returned to AzureCaper
AzureCaper collected $2 from pot
AzureCaper: doesn't show hand
*** SUMMARY ***
Total pot $2 | Rake $0
Seat 4: AzureCaper (big blind) collected ($2)
Seat 6: onewayback (button) (small blind) folded before Flop


PokerStars Hand #145512818527:  Hold'em Limit ($3/$6 USD) - 2015/12/17 21:25:22 ET
Table 'Kalliope' 6-max Seat #4 is the button
Seat 4: AzureCaper ($137.06 in chips)
Seat 6: onewayback ($89.05 in chips)
AzureCaper: posts small blind $1
onewayback: posts big blind $3
*** HOLE CARDS ***
AzureCaper: folds
Uncalled bet ($2) returned to onewayback
onewayback collected $2 from pot
onewayback: doesn't show hand
*** SUMMARY ***
Total pot $2 | Rake $0
Seat 4: AzureCaper (button) (small blind) folded before Flop
Seat 6: onewayback (big blind) collected ($2)


PokerStars Hand #145512813726:  Hold'em Limit ($3/$6 USD) - 2015/12/17 21:25:11 ET
Table 'Kalliope' 6-max Seat #6 is the button
Seat 4: AzureCaper ($146.06 in chips)
Seat 6: onewayback ($80.41 in chips)
onewayback: posts small blind $1
AzureCaper: posts big blind $3
*** HOLE CARDS ***
onewayback: raises $3 to $6
AzureCaper: calls $3
*** FLOP *** [Ts 6c 6s]
AzureCaper: checks
onewayback: bets $3
AzureCaper: calls $3
*** TURN *** [Ts 6c 6s] [6d]
AzureCaper: checks
onewayback: bets $6
AzureCaper: folds
Uncalled bet ($6) returned to onewayback
onewayback collected $17.64 from pot
onewayback: doesn't show hand
*** SUMMARY ***
Total pot $18 | Rake $0.36
Board [Ts 6c 6s 6d]
Seat 4: AzureCaper (big blind) folded on the Turn
Seat 6: onewayback (button) (small blind) collected ($17.64)


PokerStars Hand #145512806323:  Hold'em Limit ($3/$6 USD) - 2015/12/17 21:24:54 ET
Table 'Kalliope' 6-max Seat #4 is the button
Seat 4: AzureCaper ($125.56 in chips)
Seat 6: onewayback ($101.41 in chips)
AzureCaper: posts small blind $1
onewayback: posts big blind $3
*** HOLE CARDS ***
AzureCaper: raises $3 to $6
onewayback: calls $3
*** FLOP *** [4h Qd Kh]
onewayback: checks
AzureCaper: bets $3
onewayback: calls $3
*** TURN *** [4h Qd Kh] [Td]
onewayback: checks
AzureCaper: checks
*** RIVER *** [4h Qd Kh Td] [6s]
onewayback: bets $6
AzureCaper: raises $6 to $12
onewayback: calls $6
*** SHOW DOWN ***
AzureCaper: shows [Tc 6c] (two pair, Tens and Sixes)
onewayback: mucks hand
AzureCaper collected $41.50 from pot
*** SUMMARY ***
Total pot $42 | Rake $0.50
Board [4h Qd Kh Td 6s]
Seat 4: AzureCaper (button) (small blind) showed [Tc 6c] and won ($41.50) with two pair, Tens and Sixes
Seat 6: onewayback (big blind) mucked


PokerStars Hand #145512804244:  Hold'em Limit ($3/$6 USD) - 2015/12/17 21:24:49 ET
Table 'Kalliope' 6-max Seat #6 is the button
Seat 4: AzureCaper ($124.56 in chips)
Seat 6: onewayback ($102.41 in chips)
onewayback: posts small blind $1
AzureCaper: posts big blind $3
*** HOLE CARDS ***
onewayback: folds
Uncalled bet ($2) returned to AzureCaper
AzureCaper collected $2 from pot
AzureCaper: doesn't show hand
*** SUMMARY ***
Total pot $2 | Rake $0
Seat 4: AzureCaper (big blind) collected ($2)
Seat 6: onewayback (button) (small blind) folded before Flop


PokerStars Hand #145512795165:  Hold'em Limit ($3/$6 USD) - 2015/12/17 21:24:29 ET
Table 'Kalliope' 6-max Seat #4 is the button
Seat 4: AzureCaper ($133.56 in chips)
Seat 6: onewayback ($93.77 in chips)
AzureCaper: posts small blind $1
onewayback: posts big blind $3
*** HOLE CARDS ***
AzureCaper: raises $3 to $6
onewayback: calls $3
*** FLOP *** [7d 4h Jc]
onewayback: checks
AzureCaper: bets $3
onewayback: calls $3
*** TURN *** [7d 4h Jc] [Qd]
onewayback: checks
AzureCaper: checks
*** RIVER *** [7d 4h Jc Qd] [2d]
onewayback: bets $6
AzureCaper: folds
Uncalled bet ($6) returned to onewayback
onewayback collected $17.64 from pot
onewayback: doesn't show hand
*** SUMMARY ***
Total pot $18 | Rake $0.36
Board [7d 4h Jc Qd 2d]
Seat 4: AzureCaper (button) (small blind) folded on the River
Seat 6: onewayback (big blind) collected ($17.64)


PokerStars Hand #145512822480:  Hold'em Limit ($3/$6 USD) - 2015/12/17 21:25:30 ET
Table 'Kalliope' 6-max Seat #4 is the button
Seat 4: AzureCaper ($137.06 in chips)
Seat 6: onewayback ($89.05 in chips)
AzureCaper: posts small blind $1
onewayback: posts big blind $3
*** HOLE CARDS ***
AzureCaper: raises $3 to $6
onewayback: calls $3
*** FLOP *** [Js 6h 2s]
onewayback: checks
AzureCaper: bets $3
onewayback: folds
Uncalled bet ($3) returned to AzureCaper
AzureCaper collected $11.76 from pot
AzureCaper: doesn't show hand
*** SUMMARY ***
Total pot $12 | Rake $0.24
Board [Js 6h 2s]
Seat 4: AzureCaper (button) (small blind) collected ($11.76)
Seat 6: onewayback (big blind) folded on the Flop


PokerStars Hand #145512841522:  Hold'em Limit ($3/$6 USD) - 2015/12/17 21:26:13 ET
Table 'Kalliope' 6-max Seat #6 is the button
Seat 4: AzureCaper ($139.57 in chips)
Seat 6: onewayback ($85.80 in chips)
onewayback: posts small blind $1
AzureCaper: posts big blind $3
*** HOLE CARDS ***
onewayback: raises $3 to $6
AzureCaper: calls $3
*** FLOP *** [6d 9d 3h]
AzureCaper: checks
onewayback: bets $3
AzureCaper: calls $3
*** TURN *** [6d 9d 3h] [As]
AzureCaper: checks
onewayback: bets $6
AzureCaper: folds
Uncalled bet ($6) returned to onewayback
onewayback collected $17.64 from pot
onewayback: doesn't show hand
*** SUMMARY ***
Total pot $18 | Rake $0.36
Board [6d 9d 3h As]
Seat 4: AzureCaper (big blind) folded on the Turn
Seat 6: onewayback (button) (small blind) collected ($17.64)


PokerStars Hand #145512831079:  Hold'em Limit ($3/$6 USD) - 2015/12/17 21:25:50 ET
Table 'Kalliope' 6-max Seat #6 is the button
Seat 4: AzureCaper ($142.82 in chips)
Seat 6: onewayback ($83.05 in chips)
onewayback: posts small blind $1
AzureCaper: posts big blind $3
*** HOLE CARDS ***
onewayback: raises $3 to $6
AzureCaper: folds
Uncalled bet ($3) returned to onewayback
onewayback collected $6 from pot
onewayback: doesn't show hand
*** SUMMARY ***
Total pot $6 | Rake $0
Seat 4: AzureCaper (big blind) folded before Flop
Seat 6: onewayback (button) (small blind) collected ($6)


PokerStars Hand #145512829240:  Hold'em Limit ($3/$6 USD) - 2015/12/17 21:25:46 ET
Table 'Kalliope' 6-max Seat #4 is the button
Seat 4: AzureCaper ($143.82 in chips)
Seat 6: onewayback ($82.05 in chips)
AzureCaper: posts small blind $1
onewayback: posts big blind $3
*** HOLE CARDS ***
AzureCaper: folds
Uncalled bet ($2) returned to onewayback
onewayback collected $2 from pot
onewayback: doesn't show hand
*** SUMMARY ***
Total pot $2 | Rake $0
Seat 4: AzureCaper (button) (small blind) folded before Flop
Seat 6: onewayback (big blind) collected ($2)


PokerStars Hand #145512827309:  Hold'em Limit ($3/$6 USD) - 2015/12/17 21:25:42 ET
Table 'Kalliope' 6-max Seat #6 is the button
Seat 4: AzureCaper ($142.82 in chips)
Seat 6: onewayback ($83.05 in chips)
onewayback: posts small blind $1
AzureCaper: posts big blind $3
*** HOLE CARDS ***
onewayback: folds
Uncalled bet ($2) returned to AzureCaper
AzureCaper collected $2 from pot
AzureCaper: doesn't show hand
*** SUMMARY ***
Total pot $2 | Rake $0
Seat 4: AzureCaper (big blind) collected ($2)
Seat 6: onewayback (button) (small blind) folded before Flop


PokerStars Hand #145512867813:  Hold'em Limit ($3/$6 USD) - 2015/12/17 21:27:14 ET
Table 'Kalliope' 6-max Seat #6 is the button
Seat 4: AzureCaper ($106.07 in chips)
Seat 6: onewayback ($117.44 in chips)
onewayback: posts small blind $1
AzureCaper: posts big blind $3
*** HOLE CARDS ***
onewayback: raises $3 to $6
AzureCaper: calls $3
*** FLOP *** [7s 6s Td]
AzureCaper: checks
onewayback: checks
*** TURN *** [7s 6s Td] [Ad]
AzureCaper: checks
onewayback: checks
*** RIVER *** [7s 6s Td Ad] [4h]
AzureCaper: checks
onewayback: checks
*** SHOW DOWN ***
AzureCaper: shows [Kc 8c] (high card Ace)
onewayback: mucks hand
AzureCaper collected $11.76 from pot
*** SUMMARY ***
Total pot $12 | Rake $0.24
Board [7s 6s Td Ad 4h]
Seat 4: AzureCaper (big blind) showed [Kc 8c] and won ($11.76) with high card Ace
Seat 6: onewayback (button) (small blind) mucked


PokerStars Hand #145512861301:  Hold'em Limit ($3/$6 USD) - 2015/12/17 21:26:59 ET
Table 'Kalliope' 6-max Seat #4 is the button
Seat 4: AzureCaper ($91.57 in chips)
Seat 6: onewayback ($132.44 in chips)
AzureCaper: posts small blind $1
onewayback: posts big blind $3
*** HOLE CARDS ***
AzureCaper: raises $3 to $6
onewayback: calls $3
*** FLOP *** [Ac 4s 3s]
onewayback: checks
AzureCaper: bets $3
onewayback: calls $3
*** TURN *** [Ac 4s 3s] [Jc]
onewayback: checks
AzureCaper: checks
*** RIVER *** [Ac 4s 3s Jc] [5d]
onewayback: bets $6
AzureCaper: raises $6 to $12
onewayback: folds
Uncalled bet ($6) returned to AzureCaper
AzureCaper collected $29.50 from pot
AzureCaper: doesn't show hand
*** SUMMARY ***
Total pot $30 | Rake $0.50
Board [Ac 4s 3s Jc 5d]
Seat 4: AzureCaper (button) (small blind) collected ($29.50)
Seat 6: onewayback (big blind) folded on the River


PokerStars Hand #145512854953:  Hold'em Limit ($3/$6 USD) - 2015/12/17 21:26:44 ET
Table 'Kalliope' 6-max Seat #6 is the button
Seat 4: AzureCaper ($112.57 in chips)
Seat 6: onewayback ($111.94 in chips)
onewayback: posts small blind $1
AzureCaper: posts big blind $3
*** HOLE CARDS ***
onewayback: raises $3 to $6
AzureCaper: calls $3
*** FLOP *** [7h 4s Kc]
AzureCaper: checks
onewayback: bets $3
AzureCaper: calls $3
*** TURN *** [7h 4s Kc] [3s]
AzureCaper: checks
onewayback: bets $6
AzureCaper: calls $6
*** RIVER *** [7h 4s Kc 3s] [6d]
AzureCaper: checks
onewayback: bets $6
AzureCaper: calls $6
*** SHOW DOWN ***
onewayback: shows [8s 6s] (a pair of Sixes)
AzureCaper: mucks hand
onewayback collected $41.50 from pot
*** SUMMARY ***
Total pot $42 | Rake $0.50
Board [7h 4s Kc 3s 6d]
Seat 4: AzureCaper (big blind) mucked
Seat 6: onewayback (button) (small blind) showed [8s 6s] and won ($41.50) with a pair of Sixes


PokerStars Hand #145512847267:  Hold'em Limit ($3/$6 USD) - 2015/12/17 21:26:27 ET
Table 'Kalliope' 6-max Seat #4 is the button
Seat 4: AzureCaper ($130.57 in chips)
Seat 6: onewayback ($94.44 in chips)
AzureCaper: posts small blind $1
onewayback: posts big blind $3
*** HOLE CARDS ***
AzureCaper: raises $3 to $6
onewayback: raises $3 to $9
AzureCaper: calls $3
*** FLOP *** [3h Th 4d]
onewayback: bets $3
AzureCaper: calls $3
*** TURN *** [3h Th 4d] [8c]
onewayback: bets $6
AzureCaper: calls $6
*** RIVER *** [3h Th 4d 8c] [3c]
onewayback: bets $6
AzureCaper: folds
Uncalled bet ($6) returned to onewayback
onewayback collected $35.50 from pot
onewayback: doesn't show hand
*** SUMMARY ***
Total pot $36 | Rake $0.50
Board [3h Th 4d 8c 3c]
Seat 4: AzureCaper (button) (small blind) folded on the River
Seat 6: onewayback (big blind) collected ($35.50)


PokerStars Hand #145512873828:  Hold'em Limit ($3/$6 USD) - 2015/12/17 21:27:28 ET
Table 'Kalliope' 6-max Seat #4 is the button
Seat 4: AzureCaper ($111.83 in chips)
Seat 6: onewayback ($111.44 in chips)
AzureCaper: posts small blind $1
onewayback: posts big blind $3
*** HOLE CARDS ***
AzureCaper: raises $3 to $6
onewayback: calls $3
*** FLOP *** [4h 6h 8h]
onewayback: checks
AzureCaper: bets $3
onewayback: calls $3
*** TURN *** [4h 6h 8h] [Qd]
onewayback: checks
AzureCaper: checks
*** RIVER *** [4h 6h 8h Qd] [8d]
onewayback: bets $6
AzureCaper: calls $6
*** SHOW DOWN ***
onewayback: shows [6d Qs] (two pair, Queens and Eights)
AzureCaper: mucks hand
onewayback collected $29.50 from pot
*** SUMMARY ***
Total pot $30 | Rake $0.50
Board [4h 6h 8h Qd 8d]
Seat 4: AzureCaper (button) (small blind) mucked
Seat 6: onewayback (big blind) showed [6d Qs] and won ($29.50) with two pair, Queens and Eights


PokerStars Hand #145512898798:  Hold'em Limit ($3/$6 USD) - 2015/12/17 21:28:25 ET
Table 'Kalliope' 6-max Seat #6 is the button
Seat 4: AzureCaper ($111.33 in chips)
Seat 6: onewayback ($110.70 in chips)
onewayback: posts small blind $1
AzureCaper: posts big blind $3
*** HOLE CARDS ***
onewayback: folds
Uncalled bet ($2) returned to AzureCaper
AzureCaper collected $2 from pot
AzureCaper: doesn't show hand
*** SUMMARY ***
Total pot $2 | Rake $0
Seat 4: AzureCaper (big blind) collected ($2)
Seat 6: onewayback (button) (small blind) folded before Flop


PokerStars Hand #145512883186:  Hold'em Limit ($3/$6 USD) - 2015/12/17 21:27:49 ET
Table 'Kalliope' 6-max Seat #4 is the button
Seat 4: AzureCaper ($90.83 in chips)
Seat 6: onewayback ($131.70 in chips)
AzureCaper: posts small blind $1
onewayback is disconnected
onewayback is connected
onewayback: posts big blind $3
*** HOLE CARDS ***
AzureCaper: raises $3 to $6
onewayback: calls $3
*** FLOP *** [Jh As 7h]
onewayback: checks
AzureCaper: bets $3
onewayback: calls $3
*** TURN *** [Jh As 7h] [9c]
onewayback: checks
AzureCaper: bets $6
onewayback: calls $6
*** RIVER *** [Jh As 7h 9c] [5s]
onewayback: checks
AzureCaper: bets $6
onewayback: calls $6
*** SHOW DOWN ***
AzureCaper: shows [Jd Ks] (a pair of Jacks)
onewayback: mucks hand
AzureCaper collected $41.50 from pot
*** SUMMARY ***
Total pot $42 | Rake $0.50
Board [Jh As 7h 9c 5s]
Seat 4: AzureCaper (button) (small blind) showed [Jd Ks] and won ($41.50) with a pair of Jacks
Seat 6: onewayback (big blind) mucked


PokerStars Hand #145512879624:  Hold'em Limit ($3/$6 USD) - 2015/12/17 21:27:41 ET
Table 'Kalliope' 6-max Seat #6 is the button
Seat 4: AzureCaper ($96.83 in chips)
Seat 6: onewayback ($125.94 in chips)
onewayback: posts small blind $1
AzureCaper: posts big blind $3
*** HOLE CARDS ***
onewayback: raises $3 to $6
AzureCaper: calls $3
*** FLOP *** [Jc Td 2h]
AzureCaper: checks
onewayback: bets $3
AzureCaper: folds
Uncalled bet ($3) returned to onewayback
onewayback collected $11.76 from pot
*** SUMMARY ***
Total pot $12 | Rake $0.24
Board [Jc Td 2h]
Seat 4: AzureCaper (big blind) folded on the Flop
Seat 6: onewayback (button) (small blind) collected ($11.76)


PokerStars Hand #145512900722:  Hold'em Limit ($3/$6 USD) - 2015/12/17 21:28:30 ET
Table 'Kalliope' 6-max Seat #4 is the button
Seat 4: AzureCaper ($112.33 in chips)
Seat 6: onewayback ($109.70 in chips)
AzureCaper: posts small blind $1
onewayback: posts big blind $3
*** HOLE CARDS ***
AzureCaper: folds
Uncalled bet ($2) returned to onewayback
onewayback collected $2 from pot
onewayback: doesn't show hand
factor725 joins the table at seat #3
*** SUMMARY ***
Total pot $2 | Rake $0
Seat 4: AzureCaper (button) (small blind) folded before Flop
Seat 6: onewayback (big blind) collected ($2)


PokerStars Hand #145512984652:  Hold'em Limit ($3/$6 USD) - 2015/12/17 21:31:44 ET
Table 'Kalliope' 6-max Seat #6 is the button
Seat 4: AzureCaper ($164.92 in chips)
Seat 6: onewayback ($108.10 in chips)
onewayback: posts small blind $1
AzureCaper: posts big blind $3
*** HOLE CARDS ***
onewayback: raises $3 to $6
AzureCaper: folds
Uncalled bet ($3) returned to onewayback
onewayback collected $6 from pot
onewayback: doesn't show hand
*** SUMMARY ***
Total pot $6 | Rake $0
Seat 4: AzureCaper (big blind) folded before Flop
Seat 6: onewayback (button) (small blind) collected ($6)


PokerStars Hand #145512990570:  Hold'em Limit ($3/$6 USD) - 2015/12/17 21:31:58 ET
Table 'Kalliope' 6-max Seat #6 is the button
Seat 4: AzureCaper ($160.92 in chips)
Seat 6: onewayback ($112.10 in chips)
onewayback: posts small blind $1
AzureCaper: posts big blind $3
*** HOLE CARDS ***
onewayback: raises $3 to $6
AzureCaper: folds
Uncalled bet ($3) returned to onewayback
onewayback collected $6 from pot
onewayback: doesn't show hand
*** SUMMARY ***
Total pot $6 | Rake $0
Seat 4: AzureCaper (big blind) folded before Flop
Seat 6: onewayback (button) (small blind) collected ($6)


PokerStars Hand #145512987747:  Hold'em Limit ($3/$6 USD) - 2015/12/17 21:31:51 ET
Table 'Kalliope' 6-max Seat #4 is the button
Seat 4: AzureCaper ($161.92 in chips)
Seat 6: onewayback ($111.10 in chips)
AzureCaper: posts small blind $1
onewayback: posts big blind $3
*** HOLE CARDS ***
AzureCaper: folds
Uncalled bet ($2) returned to onewayback
onewayback collected $2 from pot
onewayback: doesn't show hand
*** SUMMARY ***
Total pot $2 | Rake $0
Seat 4: AzureCaper (button) (small blind) folded before Flop
Seat 6: onewayback (big blind) collected ($2)


PokerStars Hand #145512998830:  Hold'em Limit ($3/$6 USD) - 2015/12/17 21:32:16 ET
Table 'Kalliope' 6-max Seat #6 is the button
Seat 4: AzureCaper ($163.68 in chips)
Seat 6: onewayback ($109.10 in chips)
onewayback: posts small blind $1
AzureCaper: posts big blind $3
*** HOLE CARDS ***
onewayback: folds
Uncalled bet ($2) returned to AzureCaper
AzureCaper collected $2 from pot
AzureCaper: doesn't show hand
*** SUMMARY ***
Total pot $2 | Rake $0
Seat 4: AzureCaper (big blind) collected ($2)
Seat 6: onewayback (button) (small blind) folded before Flop


PokerStars Hand #145512993265:  Hold'em Limit ($3/$6 USD) - 2015/12/17 21:32:04 ET
Table 'Kalliope' 6-max Seat #4 is the button
Seat 4: AzureCaper ($157.92 in chips)
Seat 6: onewayback ($115.10 in chips)
AzureCaper: posts small blind $1
onewayback: posts big blind $3
*** HOLE CARDS ***
AzureCaper: raises $3 to $6
onewayback: calls $3
*** FLOP *** [Qs Qd 8h]
onewayback: checks
AzureCaper: bets $3
onewayback: folds
Uncalled bet ($3) returned to AzureCaper
AzureCaper collected $11.76 from pot
AzureCaper: doesn't show hand
*** SUMMARY ***
Total pot $12 | Rake $0.24
Board [Qs Qd 8h]
Seat 4: AzureCaper (button) (small blind) collected ($11.76)
Seat 6: onewayback (big blind) folded on the Flop


PokerStars Hand #145513000703:  Hold'em Limit ($3/$6 USD) - 2015/12/17 21:32:21 ET
Table 'Kalliope' 6-max Seat #4 is the button
Seat 4: AzureCaper ($164.68 in chips)
Seat 6: onewayback ($108.10 in chips)
AzureCaper: posts small blind $1
onewayback: posts big blind $3
*** HOLE CARDS ***
AzureCaper: raises $3 to $6
onewayback: raises $3 to $9
AzureCaper: calls $3
*** FLOP *** [6c 4d 9h]
onewayback: bets $3
AzureCaper: calls $3
*** TURN *** [6c 4d 9h] [Jd]
onewayback: bets $6
AzureCaper: calls $6
*** RIVER *** [6c 4d 9h Jd] [Qs]
onewayback: bets $6
AzureCaper: folds
Uncalled bet ($6) returned to onewayback
onewayback collected $35.50 from pot
onewayback: doesn't show hand
*** SUMMARY ***
Total pot $36 | Rake $0.50
Board [6c 4d 9h Jd Qs]
Seat 4: AzureCaper (button) (small blind) folded on the River
Seat 6: onewayback (big blind) collected ($35.50)


PokerStars Hand #145513010640:  Hold'em Limit ($3/$6 USD) - 2015/12/17 21:32:44 ET
Table 'Kalliope' 6-max Seat #6 is the button
Seat 4: AzureCaper ($146.68 in chips)
Seat 6: onewayback ($125.60 in chips)
onewayback: posts small blind $1
AzureCaper: posts big blind $3
*** HOLE CARDS ***
onewayback: folds
Uncalled bet ($2) returned to AzureCaper
AzureCaper collected $2 from pot
AzureCaper: doesn't show hand
*** SUMMARY ***
Total pot $2 | Rake $0
Seat 4: AzureCaper (big blind) collected ($2)
Seat 6: onewayback (button) (small blind) folded before Flop


PokerStars Hand #145513015548:  Hold'em Limit ($3/$6 USD) - 2015/12/17 21:32:55 ET
Table 'Kalliope' 6-max Seat #6 is the button
Seat 4: AzureCaper ($146.68 in chips)
Seat 6: onewayback ($125.60 in chips)
onewayback: posts small blind $1
AzureCaper: posts big blind $3
*** HOLE CARDS ***
onewayback: raises $3 to $6
AzureCaper: folds
Uncalled bet ($3) returned to onewayback
onewayback collected $6 from pot
onewayback: doesn't show hand
*** SUMMARY ***
Total pot $6 | Rake $0
Seat 4: AzureCaper (big blind) folded before Flop
Seat 6: onewayback (button) (small blind) collected ($6)


PokerStars Hand #145513012574:  Hold'em Limit ($3/$6 USD) - 2015/12/17 21:32:48 ET
Table 'Kalliope' 6-max Seat #4 is the button
Seat 4: AzureCaper ($147.68 in chips)
Seat 6: onewayback ($124.60 in chips)
AzureCaper: posts small blind $1
onewayback: posts big blind $3
*** HOLE CARDS ***
AzureCaper: folds
Uncalled bet ($2) returned to onewayback
onewayback collected $2 from pot
onewayback: doesn't show hand
*** SUMMARY ***
Total pot $2 | Rake $0
Seat 4: AzureCaper (button) (small blind) folded before Flop
Seat 6: onewayback (big blind) collected ($2)


PokerStars Hand #145513021752:  Hold'em Limit ($3/$6 USD) - 2015/12/17 21:33:10 ET
Table 'Kalliope' 6-max Seat #4 is the button
Seat 4: AzureCaper ($139.68 in chips)
Seat 6: onewayback ($132.60 in chips)
AzureCaper: posts small blind $1
onewayback: posts big blind $3
*** HOLE CARDS ***
AzureCaper: folds
Uncalled bet ($2) returned to onewayback
onewayback collected $2 from pot
onewayback: doesn't show hand
*** SUMMARY ***
Total pot $2 | Rake $0
Seat 4: AzureCaper (button) (small blind) folded before Flop
Seat 6: onewayback (big blind) collected ($2)


PokerStars Hand #145513019615:  Hold'em Limit ($3/$6 USD) - 2015/12/17 21:33:05 ET
Table 'Kalliope' 6-max Seat #6 is the button
Seat 4: AzureCaper ($142.68 in chips)
Seat 6: onewayback ($129.60 in chips)
onewayback: posts small blind $1
AzureCaper: posts big blind $3
*** HOLE CARDS ***
onewayback: raises $3 to $6
AzureCaper: folds
Uncalled bet ($3) returned to onewayback
onewayback collected $6 from pot
onewayback: doesn't show hand
*** SUMMARY ***
Total pot $6 | Rake $0
Seat 4: AzureCaper (big blind) folded before Flop
Seat 6: onewayback (button) (small blind) collected ($6)


PokerStars Hand #145513017740:  Hold'em Limit ($3/$6 USD) - 2015/12/17 21:33:00 ET
Table 'Kalliope' 6-max Seat #4 is the button
Seat 4: AzureCaper ($143.68 in chips)
Seat 6: onewayback ($128.60 in chips)
AzureCaper: posts small blind $1
onewayback: posts big blind $3
*** HOLE CARDS ***
AzureCaper: folds
Uncalled bet ($2) returned to onewayback
onewayback collected $2 from pot
onewayback: doesn't show hand
*** SUMMARY ***
Total pot $2 | Rake $0
Seat 4: AzureCaper (button) (small blind) folded before Flop
Seat 6: onewayback (big blind) collected ($2)


PokerStars Hand #145513029813:  Hold'em Limit ($3/$6 USD) - 2015/12/17 21:33:29 ET
Table 'Kalliope' 6-max Seat #4 is the button
Seat 4: AzureCaper ($138.50 in chips)
Seat 6: onewayback ($133.42 in chips)
AzureCaper: posts small blind $1
onewayback: posts big blind $3
*** HOLE CARDS ***
AzureCaper: folds
Uncalled bet ($2) returned to onewayback
onewayback collected $2 from pot
onewayback: doesn't show hand
*** SUMMARY ***
Total pot $2 | Rake $0
Seat 4: AzureCaper (button) (small blind) folded before Flop
Seat 6: onewayback (big blind) collected ($2)


PokerStars Hand #145513023638:  Hold'em Limit ($3/$6 USD) - 2015/12/17 21:33:14 ET
Table 'Kalliope' 6-max Seat #6 is the button
Seat 4: AzureCaper ($138.68 in chips)
Seat 6: onewayback ($133.60 in chips)
onewayback: posts small blind $1
AzureCaper: posts big blind $3
*** HOLE CARDS ***
onewayback: raises $3 to $6
AzureCaper: calls $3
*** FLOP *** [5d Qh Jd]
AzureCaper: checks
onewayback: bets $3
AzureCaper: calls $3
*** TURN *** [5d Qh Jd] [9s]
AzureCaper: checks
onewayback: checks
*** RIVER *** [5d Qh Jd 9s] [Qd]
AzureCaper: checks
onewayback: checks
*** SHOW DOWN ***
AzureCaper: shows [7c Ah] (a pair of Queens)
onewayback: shows [4s As] (a pair of Queens)
AzureCaper collected $8.82 from pot
onewayback collected $8.82 from pot
*** SUMMARY ***
Total pot $18 | Rake $0.36
Board [5d Qh Jd 9s Qd]
Seat 4: AzureCaper (big blind) showed [7c Ah] and won ($8.82) with a pair of Queens
Seat 6: onewayback (button) (small blind) showed [4s As] and won ($8.82) with a pair of Queens


PokerStars Hand #145513031665:  Hold'em Limit ($3/$6 USD) - 2015/12/17 21:33:33 ET
Table 'Kalliope' 6-max Seat #6 is the button
Seat 4: AzureCaper ($137.50 in chips)
Seat 6: onewayback ($134.42 in chips)
onewayback: posts small blind $1
AzureCaper: posts big blind $3
*** HOLE CARDS ***
onewayback: raises $3 to $6
AzureCaper: folds
Uncalled bet ($3) returned to onewayback
onewayback collected $6 from pot
onewayback: doesn't show hand
*** SUMMARY ***
Total pot $6 | Rake $0
Seat 4: AzureCaper (big blind) folded before Flop
Seat 6: onewayback (button) (small blind) collected ($6)


PokerStars Hand #145513034111:  Hold'em Limit ($3/$6 USD) - 2015/12/17 21:33:39 ET
Table 'Kalliope' 6-max Seat #4 is the button
Seat 4: AzureCaper ($134.50 in chips)
Seat 6: onewayback ($137.42 in chips)
AzureCaper: posts small blind $1
onewayback: posts big blind $3
*** HOLE CARDS ***
AzureCaper: folds
Uncalled bet ($2) returned to onewayback
onewayback collected $2 from pot
*** SUMMARY ***
Total pot $2 | Rake $0
Seat 4: AzureCaper (button) (small blind) folded before Flop
Seat 6: onewayback (big blind) collected ($2)


PokerStars Hand #145513036671:  Hold'em Limit ($3/$6 USD) - 2015/12/17 21:33:45 ET
Table 'Kalliope' 6-max Seat #6 is the button
Seat 4: AzureCaper ($133.50 in chips)
Seat 6: onewayback ($138.42 in chips)
onewayback: posts small blind $1
AzureCaper: posts big blind $3
*** HOLE CARDS ***
onewayback: raises $3 to $6
AzureCaper: calls $3
*** FLOP *** [4s 4h 5h]
AzureCaper: checks
onewayback: bets $3
AzureCaper: calls $3
*** TURN *** [4s 4h 5h] [8h]
AzureCaper: checks
onewayback: bets $6
AzureCaper: calls $6
*** RIVER *** [4s 4h 5h 8h] [Jc]
AzureCaper: checks
onewayback: checks
*** SHOW DOWN ***
AzureCaper: shows [3c 3d] (two pair, Fours and Threes)
onewayback: mucks hand
AzureCaper collected $29.50 from pot
*** SUMMARY ***
Total pot $30 | Rake $0.50
Board [4s 4h 5h 8h Jc]
Seat 4: AzureCaper (big blind) showed [3c 3d] and won ($29.50) with two pair, Fours and Threes
Seat 6: onewayback (button) (small blind) mucked


PokerStars Hand #145513044538:  Hold'em Limit ($3/$6 USD) - 2015/12/17 21:34:03 ET
Table 'Kalliope' 6-max Seat #4 is the button
Seat 4: AzureCaper ($148 in chips)
Seat 6: onewayback ($123.42 in chips)
AzureCaper: posts small blind $1
onewayback: posts big blind $3
*** HOLE CARDS ***
AzureCaper: raises $3 to $6
onewayback: raises $3 to $9
AzureCaper: raises $3 to $12
Betting is capped
onewayback: calls $3
*** FLOP *** [Qh 6c 8c]
onewayback: checks
AzureCaper: bets $3
onewayback: calls $3
*** TURN *** [Qh 6c 8c] [Js]
onewayback: checks
AzureCaper: checks
*** RIVER *** [Qh 6c 8c Js] [Ts]
onewayback: bets $6
AzureCaper: raises $6 to $12
onewayback: calls $6
*** SHOW DOWN ***
AzureCaper: shows [Ah Kh] (a straight, Ten to Ace)
onewayback: mucks hand
AzureCaper collected $53.50 from pot
*** SUMMARY ***
Total pot $54 | Rake $0.50
Board [Qh 6c 8c Js Ts]
Seat 4: AzureCaper (button) (small blind) showed [Ah Kh] and won ($53.50) with a straight, Ten to Ace
Seat 6: onewayback (big blind) mucked


PokerStars Hand #145513052407:  Hold'em Limit ($3/$6 USD) - 2015/12/17 21:34:22 ET
Table 'Kalliope' 6-max Seat #6 is the button
Seat 4: AzureCaper ($174.50 in chips)
Seat 6: onewayback ($96.42 in chips)
onewayback: posts small blind $1
AzureCaper: posts big blind $3
*** HOLE CARDS ***
onewayback: raises $3 to $6
AzureCaper: calls $3
*** FLOP *** [2h Ks Jc]
AzureCaper: checks
onewayback: bets $3
AzureCaper: calls $3
*** TURN *** [2h Ks Jc] [Qs]
AzureCaper: checks
onewayback: checks
*** RIVER *** [2h Ks Jc Qs] [As]
AzureCaper: checks
onewayback: bets $6
AzureCaper: folds
Uncalled bet ($6) returned to onewayback
onewayback collected $17.64 from pot
onewayback: doesn't show hand
*** SUMMARY ***
Total pot $18 | Rake $0.36
Board [2h Ks Jc Qs As]
Seat 4: AzureCaper (big blind) folded on the River
Seat 6: onewayback (button) (small blind) collected ($17.64)


PokerStars Hand #145513062361:  Hold'em Limit ($3/$6 USD) - 2015/12/17 21:34:45 ET
Table 'Kalliope' 6-max Seat #6 is the button
Seat 4: AzureCaper ($164.50 in chips)
Seat 6: onewayback ($106.06 in chips)
onewayback: posts small blind $1
AzureCaper: posts big blind $3
*** HOLE CARDS ***
onewayback: raises $3 to $6
AzureCaper: folds
Uncalled bet ($3) returned to onewayback
onewayback collected $6 from pot
onewayback: doesn't show hand
*** SUMMARY ***
Total pot $6 | Rake $0
Seat 4: AzureCaper (big blind) folded before Flop
Seat 6: onewayback (button) (small blind) collected ($6)


PokerStars Hand #145513060587:  Hold'em Limit ($3/$6 USD) - 2015/12/17 21:34:41 ET
Table 'Kalliope' 6-max Seat #4 is the button
Seat 4: AzureCaper ($165.50 in chips)
Seat 6: onewayback ($105.06 in chips)
AzureCaper: posts small blind $1
onewayback: posts big blind $3
*** HOLE CARDS ***
AzureCaper: folds
Uncalled bet ($2) returned to onewayback
onewayback collected $2 from pot
onewayback: doesn't show hand
*** SUMMARY ***
Total pot $2 | Rake $0
Seat 4: AzureCaper (button) (small blind) folded before Flop
Seat 6: onewayback (big blind) collected ($2)


PokerStars Hand #145513064929:  Hold'em Limit ($3/$6 USD) - 2015/12/17 21:34:51 ET
Table 'Kalliope' 6-max Seat #4 is the button
Seat 4: AzureCaper ($161.50 in chips)
Seat 6: onewayback ($109.06 in chips)
AzureCaper: posts small blind $1
onewayback: posts big blind $3
*** HOLE CARDS ***
AzureCaper: raises $3 to $6
onewayback: calls $3
*** FLOP *** [3d Jh 4h]
onewayback: checks
AzureCaper: bets $3
onewayback: calls $3
*** TURN *** [3d Jh 4h] [Ks]
onewayback: checks
AzureCaper: bets $6
onewayback: raises $6 to $12
AzureCaper: folds
Uncalled bet ($6) returned to onewayback
onewayback collected $29.50 from pot
onewayback: doesn't show hand
*** SUMMARY ***
Total pot $30 | Rake $0.50
Board [3d Jh 4h Ks]
Seat 4: AzureCaper (button) (small blind) folded on the Turn
Seat 6: onewayback (big blind) collected ($29.50)


PokerStars Hand #145513071839:  Hold'em Limit ($3/$6 USD) - 2015/12/17 21:35:07 ET
Table 'Kalliope' 6-max Seat #6 is the button
Seat 4: AzureCaper ($146.50 in chips)
Seat 6: onewayback ($123.56 in chips)
onewayback: posts small blind $1
AzureCaper: posts big blind $3
*** HOLE CARDS ***
onewayback: raises $3 to $6
AzureCaper: calls $3
*** FLOP *** [4h 6h Qs]
AzureCaper: checks
onewayback: bets $3
AzureCaper: calls $3
*** TURN *** [4h 6h Qs] [3d]
AzureCaper: checks
onewayback: checks
*** RIVER *** [4h 6h Qs 3d] [Kh]
AzureCaper: checks
onewayback: checks
*** SHOW DOWN ***
AzureCaper: shows [Ad 3h] (a pair of Threes)
onewayback: mucks hand
AzureCaper collected $17.64 from pot
*** SUMMARY ***
Total pot $18 | Rake $0.36
Board [4h 6h Qs 3d Kh]
Seat 4: AzureCaper (big blind) showed [Ad 3h] and won ($17.64) with a pair of Threes
Seat 6: onewayback (button) (small blind) mucked


PokerStars Hand #145513077472:  Hold'em Limit ($3/$6 USD) - 2015/12/17 21:35:20 ET
Table 'Kalliope' 6-max Seat #4 is the button
Seat 4: AzureCaper ($155.14 in chips)
Seat 6: onewayback ($114.56 in chips)
AzureCaper: posts small blind $1
onewayback: posts big blind $3
*** HOLE CARDS ***
AzureCaper: raises $3 to $6
onewayback: calls $3
*** FLOP *** [2d Kc 5h]
onewayback: checks
AzureCaper: bets $3
onewayback: calls $3
*** TURN *** [2d Kc 5h] [2c]
onewayback: checks
AzureCaper: bets $6
onewayback: folds
Uncalled bet ($6) returned to AzureCaper
AzureCaper collected $17.64 from pot
AzureCaper: doesn't show hand
*** SUMMARY ***
Total pot $18 | Rake $0.36
Board [2d Kc 5h 2c]
Seat 4: AzureCaper (button) (small blind) collected ($17.64)
Seat 6: onewayback (big blind) folded on the Turn


PokerStars Hand #145513083334:  Hold'em Limit ($3/$6 USD) - 2015/12/17 21:35:34 ET
Table 'Kalliope' 6-max Seat #6 is the button
Seat 4: AzureCaper ($163.78 in chips)
Seat 6: onewayback ($105.56 in chips)
onewayback: posts small blind $1
AzureCaper: posts big blind $3
*** HOLE CARDS ***
onewayback: raises $3 to $6
AzureCaper: folds
Uncalled bet ($3) returned to onewayback
onewayback collected $6 from pot
onewayback: doesn't show hand
*** SUMMARY ***
Total pot $6 | Rake $0
Seat 4: AzureCaper (big blind) folded before Flop
Seat 6: onewayback (button) (small blind) collected ($6)


PokerStars Hand #145513086865:  Hold'em Limit ($3/$6 USD) - 2015/12/17 21:35:42 ET
Table 'Kalliope' 6-max Seat #4 is the button
Seat 4: AzureCaper ($160.78 in chips)
Seat 6: onewayback ($108.56 in chips)
AzureCaper: posts small blind $1
onewayback: posts big blind $3
*** HOLE CARDS ***
AzureCaper: folds
Uncalled bet ($2) returned to onewayback
onewayback collected $2 from pot
onewayback: doesn't show hand
*** SUMMARY ***
Total pot $2 | Rake $0
Seat 4: AzureCaper (button) (small blind) folded before Flop
Seat 6: onewayback (big blind) collected ($2)


PokerStars Hand #145513088829:  Hold'em Limit ($3/$6 USD) - 2015/12/17 21:35:47 ET
Table 'Kalliope' 6-max Seat #6 is the button
Seat 4: AzureCaper ($159.78 in chips)
Seat 6: onewayback ($109.56 in chips)
onewayback: posts small blind $1
AzureCaper: posts big blind $3
*** HOLE CARDS ***
onewayback: raises $3 to $6
AzureCaper: calls $3
*** FLOP *** [7s 2d 3s]
AzureCaper: checks
onewayback: bets $3
AzureCaper: raises $3 to $6
onewayback: calls $3
*** TURN *** [7s 2d 3s] [7d]
AzureCaper: bets $6
onewayback: calls $6
*** RIVER *** [7s 2d 3s 7d] [Kd]
AzureCaper: checks
onewayback: checks
*** SHOW DOWN ***
AzureCaper: shows [5s 2s] (two pair, Sevens and Deuces)
onewayback: mucks hand
AzureCaper collected $35.50 from pot
*** SUMMARY ***
Total pot $36 | Rake $0.50
Board [7s 2d 3s 7d Kd]
Seat 4: AzureCaper (big blind) showed [5s 2s] and won ($35.50) with two pair, Sevens and Deuces
Seat 6: onewayback (button) (small blind) mucked


PokerStars Hand #145513096252:  Hold'em Limit ($3/$6 USD) - 2015/12/17 21:36:04 ET
Table 'Kalliope' 6-max Seat #4 is the button
Seat 4: AzureCaper ($177.28 in chips)
Seat 6: onewayback ($91.56 in chips)
AzureCaper: posts small blind $1
onewayback: posts big blind $3
*** HOLE CARDS ***
AzureCaper: raises $3 to $6
onewayback: raises $3 to $9
AzureCaper: calls $3
*** FLOP *** [7h Qh 5s]
onewayback: bets $3
AzureCaper: calls $3
*** TURN *** [7h Qh 5s] [Tc]
onewayback: bets $6
AzureCaper: calls $6
*** RIVER *** [7h Qh 5s Tc] [8s]
onewayback: bets $6
AzureCaper: folds
Uncalled bet ($6) returned to onewayback
onewayback collected $35.50 from pot
onewayback: doesn't show hand
*** SUMMARY ***
Total pot $36 | Rake $0.50
Board [7h Qh 5s Tc 8s]
Seat 4: AzureCaper (button) (small blind) folded on the River
Seat 6: onewayback (big blind) collected ($35.50)


PokerStars Hand #145513103429:  Hold'em Limit ($3/$6 USD) - 2015/12/17 21:36:21 ET
Table 'Kalliope' 6-max Seat #6 is the button
Seat 4: AzureCaper ($159.28 in chips)
Seat 6: onewayback ($109.06 in chips)
onewayback: posts small blind $1
AzureCaper: posts big blind $3
*** HOLE CARDS ***
onewayback: raises $3 to $6
AzureCaper: calls $3
*** FLOP *** [5h 5d 7c]
AzureCaper: checks
onewayback: bets $3
AzureCaper: calls $3
*** TURN *** [5h 5d 7c] [3c]
AzureCaper: checks
onewayback: bets $6
AzureCaper: calls $6
*** RIVER *** [5h 5d 7c 3c] [As]
AzureCaper: checks
onewayback: bets $6
AzureCaper: calls $6
*** SHOW DOWN ***
onewayback: shows [4c Ah] (two pair, Aces and Fives)
AzureCaper: shows [2s Ac] (two pair, Aces and Fives)
AzureCaper collected $20.75 from pot
onewayback collected $20.75 from pot
*** SUMMARY ***
Total pot $42 | Rake $0.50
Board [5h 5d 7c 3c As]
Seat 4: AzureCaper (big blind) showed [2s Ac] and won ($20.75) with two pair, Aces and Fives
Seat 6: onewayback (button) (small blind) showed [4c Ah] and won ($20.75) with two pair, Aces and Fives


PokerStars Hand #145513109093:  Hold'em Limit ($3/$6 USD) - 2015/12/17 21:36:34 ET
Table 'Kalliope' 6-max Seat #4 is the button
Seat 4: AzureCaper ($159.03 in chips)
Seat 6: onewayback ($108.81 in chips)
AzureCaper: posts small blind $1
onewayback: posts big blind $3
*** HOLE CARDS ***
AzureCaper: raises $3 to $6
onewayback: calls $3
*** FLOP *** [7d 2h 7c]
onewayback: checks
AzureCaper: bets $3
onewayback: calls $3
*** TURN *** [7d 2h 7c] [8d]
onewayback: checks
AzureCaper: bets $6
onewayback: calls $6
*** RIVER *** [7d 2h 7c 8d] [Jd]
onewayback: bets $6
AzureCaper: calls $6
*** SHOW DOWN ***
onewayback: shows [7s Jc] (a full house, Sevens full of Jacks)
AzureCaper: mucks hand
onewayback collected $41.50 from pot
*** SUMMARY ***
Total pot $42 | Rake $0.50
Board [7d 2h 7c 8d Jd]
Seat 4: AzureCaper (button) (small blind) mucked
Seat 6: onewayback (big blind) showed [7s Jc] and won ($41.50) with a full house, Sevens full of Jacks


PokerStars Hand #145513116383:  Hold'em Limit ($3/$6 USD) - 2015/12/17 21:36:51 ET
Table 'Kalliope' 6-max Seat #6 is the button
Seat 4: AzureCaper ($138.03 in chips)
Seat 6: onewayback ($129.31 in chips)
onewayback: posts small blind $1
AzureCaper: posts big blind $3
*** HOLE CARDS ***
onewayback: raises $3 to $6
AzureCaper: calls $3
*** FLOP *** [Jc 6d Jh]
AzureCaper: checks
onewayback: bets $3
AzureCaper: raises $3 to $6
onewayback: folds
Uncalled bet ($3) returned to AzureCaper
AzureCaper collected $17.64 from pot
AzureCaper: doesn't show hand
*** SUMMARY ***
Total pot $18 | Rake $0.36
Board [Jc 6d Jh]
Seat 4: AzureCaper (big blind) collected ($17.64)
Seat 6: onewayback (button) (small blind) folded on the Flop


PokerStars Hand #145513123144:  Hold'em Limit ($3/$6 USD) - 2015/12/17 21:37:07 ET
Table 'Kalliope' 6-max Seat #6 is the button
Seat 4: AzureCaper ($149.67 in chips)
Seat 6: onewayback ($117.31 in chips)
onewayback: posts small blind $1
AzureCaper: posts big blind $3
*** HOLE CARDS ***
onewayback: folds
Uncalled bet ($2) returned to AzureCaper
AzureCaper collected $2 from pot
AzureCaper: doesn't show hand
*** SUMMARY ***
Total pot $2 | Rake $0
Seat 4: AzureCaper (big blind) collected ($2)
Seat 6: onewayback (button) (small blind) folded before Flop


PokerStars Hand #145513120724:  Hold'em Limit ($3/$6 USD) - 2015/12/17 21:37:02 ET
Table 'Kalliope' 6-max Seat #4 is the button
Seat 4: AzureCaper ($146.67 in chips)
Seat 6: onewayback ($120.31 in chips)
AzureCaper: posts small blind $1
onewayback: posts big blind $3
*** HOLE CARDS ***
AzureCaper: raises $3 to $6
onewayback: folds
Uncalled bet ($3) returned to AzureCaper
AzureCaper collected $6 from pot
AzureCaper: doesn't show hand
*** SUMMARY ***
Total pot $6 | Rake $0
Seat 4: AzureCaper (button) (small blind) collected ($6)
Seat 6: onewayback (big blind) folded before Flop


PokerStars Hand #145513125194:  Hold'em Limit ($3/$6 USD) - 2015/12/17 21:37:12 ET
Table 'Kalliope' 6-max Seat #4 is the button
Seat 4: AzureCaper ($150.67 in chips)
Seat 6: onewayback ($116.31 in chips)
AzureCaper: posts small blind $1
onewayback: posts big blind $3
*** HOLE CARDS ***
AzureCaper: raises $3 to $6
onewayback: calls $3
*** FLOP *** [Js 3s Ts]
onewayback: checks
AzureCaper: bets $3
onewayback: calls $3
*** TURN *** [Js 3s Ts] [4h]
onewayback: checks
AzureCaper: checks
*** RIVER *** [Js 3s Ts 4h] [Jc]
onewayback: bets $6
AzureCaper: calls $6
*** SHOW DOWN ***
onewayback: shows [6d Th] (two pair, Jacks and Tens)
AzureCaper: mucks hand
onewayback collected $29.50 from pot
*** SUMMARY ***
Total pot $30 | Rake $0.50
Board [Js 3s Ts 4h Jc]
Seat 4: AzureCaper (button) (small blind) mucked
Seat 6: onewayback (big blind) showed [6d Th] and won ($29.50) with two pair, Jacks and Tens


PokerStars Hand #145513140726:  Hold'em Limit ($3/$6 USD) - 2015/12/17 21:37:49 ET
Table 'Kalliope' 6-max Seat #4 is the button
Seat 4: AzureCaper ($123.67 in chips)
Seat 6: onewayback ($142.33 in chips)
AzureCaper: posts small blind $1
onewayback: posts big blind $3
*** HOLE CARDS ***
AzureCaper: folds
Uncalled bet ($2) returned to onewayback
onewayback collected $2 from pot
onewayback: doesn't show hand
*** SUMMARY ***
Total pot $2 | Rake $0
Seat 4: AzureCaper (button) (small blind) folded before Flop
Seat 6: onewayback (big blind) collected ($2)


PokerStars Hand #145513131207:  Hold'em Limit ($3/$6 USD) - 2015/12/17 21:37:27 ET
Table 'Kalliope' 6-max Seat #6 is the button
Seat 4: AzureCaper ($135.67 in chips)
Seat 6: onewayback ($130.81 in chips)
onewayback: posts small blind $1
AzureCaper: posts big blind $3
*** HOLE CARDS ***
onewayback: raises $3 to $6
AzureCaper: raises $3 to $9
onewayback: calls $3
*** FLOP *** [Tc 9h 6s]
AzureCaper: bets $3
onewayback: calls $3
*** TURN *** [Tc 9h 6s] [2c]
AzureCaper: checks
onewayback: checks
*** RIVER *** [Tc 9h 6s 2c] [Kd]
AzureCaper: checks
onewayback: checks
*** SHOW DOWN ***
AzureCaper: shows [5h As] (high card Ace)
onewayback: shows [7h 6h] (a pair of Sixes)
onewayback collected $23.52 from pot
*** SUMMARY ***
Total pot $24 | Rake $0.48
Board [Tc 9h 6s 2c Kd]
Seat 4: AzureCaper (big blind) showed [5h As] and lost with high card Ace
Seat 6: onewayback (button) (small blind) showed [7h 6h] and won ($23.52) with a pair of Sixes


PokerStars Hand #145513142531:  Hold'em Limit ($3/$6 USD) - 2015/12/17 21:37:53 ET
Table 'Kalliope' 6-max Seat #6 is the button
Seat 4: AzureCaper ($122.67 in chips)
Seat 6: onewayback ($143.33 in chips)
onewayback: posts small blind $1
AzureCaper: posts big blind $3
*** HOLE CARDS ***
onewayback: raises $3 to $6
AzureCaper: calls $3
*** FLOP *** [5h Ts 6d]
AzureCaper: checks
onewayback: bets $3
AzureCaper: raises $3 to $6
onewayback: calls $3
*** TURN *** [5h Ts 6d] [5d]
AzureCaper: bets $6
onewayback: calls $6
*** RIVER *** [5h Ts 6d 5d] [7h]
AzureCaper: bets $6
onewayback: folds
Uncalled bet ($6) returned to AzureCaper
AzureCaper collected $35.50 from pot
AzureCaper: doesn't show hand
*** SUMMARY ***
Total pot $36 | Rake $0.50
Board [5h Ts 6d 5d 7h]
Seat 4: AzureCaper (big blind) collected ($35.50)
Seat 6: onewayback (button) (small blind) folded on the River


PokerStars Hand #145513159286:  Hold'em Limit ($3/$6 USD) - 2015/12/17 21:38:33 ET
Table 'Kalliope' 6-max Seat #6 is the button
Seat 4: AzureCaper ($139.99 in chips)
Seat 6: onewayback ($125.15 in chips)
onewayback: posts small blind $1
AzureCaper: posts big blind $3
*** HOLE CARDS ***
onewayback: raises $3 to $6
AzureCaper: folds
Uncalled bet ($3) returned to onewayback
onewayback collected $6 from pot
onewayback: doesn't show hand
*** SUMMARY ***
Total pot $6 | Rake $0
Seat 4: AzureCaper (big blind) folded before Flop
Seat 6: onewayback (button) (small blind) collected ($6)


PokerStars Hand #145513162393:  Hold'em Limit ($3/$6 USD) - 2015/12/17 21:38:40 ET
Table 'Kalliope' 6-max Seat #4 is the button
Seat 4: AzureCaper ($136.99 in chips)
Seat 6: onewayback ($128.15 in chips)
AzureCaper: posts small blind $1
onewayback: posts big blind $3
*** HOLE CARDS ***
AzureCaper: folds
Uncalled bet ($2) returned to onewayback
onewayback collected $2 from pot
onewayback: doesn't show hand
*** SUMMARY ***
Total pot $2 | Rake $0
Seat 4: AzureCaper (button) (small blind) folded before Flop
Seat 6: onewayback (big blind) collected ($2)


PokerStars Hand #145513165743:  Hold'em Limit ($3/$6 USD) - 2015/12/17 21:38:48 ET
Table 'Kalliope' 6-max Seat #6 is the button
Seat 4: AzureCaper ($135.99 in chips)
Seat 6: onewayback ($129.15 in chips)
onewayback: posts small blind $1
AzureCaper: posts big blind $3
*** HOLE CARDS ***
onewayback: raises $3 to $6
AzureCaper: calls $3
*** FLOP *** [6d 3h 4s]
AzureCaper: checks
onewayback: bets $3
AzureCaper: raises $3 to $6
onewayback: calls $3
*** TURN *** [6d 3h 4s] [8d]
AzureCaper: bets $6
onewayback: folds
Uncalled bet ($6) returned to AzureCaper
AzureCaper collected $23.52 from pot
AzureCaper: doesn't show hand
*** SUMMARY ***
Total pot $24 | Rake $0.48
Board [6d 3h 4s 8d]
Seat 4: AzureCaper (big blind) collected ($23.52)
Seat 6: onewayback (button) (small blind) folded on the Turn


PokerStars Hand #145513173364:  Hold'em Limit ($3/$6 USD) - 2015/12/17 21:39:06 ET
Table 'Kalliope' 6-max Seat #4 is the button
Seat 4: AzureCaper ($147.51 in chips)
Seat 6: onewayback ($117.15 in chips)
AzureCaper: posts small blind $1
onewayback: posts big blind $3
*** HOLE CARDS ***
AzureCaper: folds
Uncalled bet ($2) returned to onewayback
onewayback collected $2 from pot
onewayback: doesn't show hand
*** SUMMARY ***
Total pot $2 | Rake $0
Seat 4: AzureCaper (button) (small blind) folded before Flop
Seat 6: onewayback (big blind) collected ($2)


PokerStars Hand #145513175284:  Hold'em Limit ($3/$6 USD) - 2015/12/17 21:39:11 ET
Table 'Kalliope' 6-max Seat #6 is the button
Seat 4: AzureCaper ($146.51 in chips)
Seat 6: onewayback ($118.15 in chips)
onewayback: posts small blind $1
AzureCaper: posts big blind $3
*** HOLE CARDS ***
onewayback: raises $3 to $6
AzureCaper: calls $3
*** FLOP *** [2h 4d Jh]
AzureCaper: checks
onewayback: bets $3
AzureCaper: folds
Uncalled bet ($3) returned to onewayback
onewayback collected $11.76 from pot
onewayback: doesn't show hand
*** SUMMARY ***
Total pot $12 | Rake $0.24
Board [2h 4d Jh]
Seat 4: AzureCaper (big blind) folded on the Flop
Seat 6: onewayback (button) (small blind) collected ($11.76)


PokerStars Hand #145513186407:  Hold'em Limit ($3/$6 USD) - 2015/12/17 21:39:37 ET
Table 'Kalliope' 6-max Seat #6 is the button
Seat 4: AzureCaper ($125.51 in chips)
Seat 6: onewayback ($138.41 in chips)
onewayback: posts small blind $1
AzureCaper: posts big blind $3
*** HOLE CARDS ***
onewayback: folds
Uncalled bet ($2) returned to AzureCaper
AzureCaper collected $2 from pot
AzureCaper: doesn't show hand
*** SUMMARY ***
Total pot $2 | Rake $0
Seat 4: AzureCaper (big blind) collected ($2)
Seat 6: onewayback (button) (small blind) folded before Flop


PokerStars Hand #145513180594:  Hold'em Limit ($3/$6 USD) - 2015/12/17 21:39:23 ET
Table 'Kalliope' 6-max Seat #4 is the button
Seat 4: AzureCaper ($140.51 in chips)
Seat 6: onewayback ($123.91 in chips)
AzureCaper: posts small blind $1
onewayback: posts big blind $3
*** HOLE CARDS ***
AzureCaper: raises $3 to $6
onewayback: calls $3
*** FLOP *** [Jh Qc 6c]
onewayback: checks
AzureCaper: bets $3
onewayback: calls $3
*** TURN *** [Jh Qc 6c] [9h]
onewayback: checks
AzureCaper: bets $6
onewayback: calls $6
*** RIVER *** [Jh Qc 6c 9h] [2d]
onewayback: checks
AzureCaper: checks
*** SHOW DOWN ***
onewayback: shows [6d Kd] (a pair of Sixes)
AzureCaper: mucks hand
onewayback collected $29.50 from pot
*** SUMMARY ***
Total pot $30 | Rake $0.50
Board [Jh Qc 6c 9h 2d]
Seat 4: AzureCaper (button) (small blind) mucked
Seat 6: onewayback (big blind) showed [6d Kd] and won ($29.50) with a pair of Sixes


PokerStars Hand #145513188392:  Hold'em Limit ($3/$6 USD) - 2015/12/17 21:39:42 ET
Table 'Kalliope' 6-max Seat #4 is the button
Seat 4: AzureCaper ($126.51 in chips)
Seat 6: onewayback ($137.41 in chips)
AzureCaper: posts small blind $1
onewayback: posts big blind $3
*** HOLE CARDS ***
AzureCaper: raises $3 to $6
onewayback: calls $3
*** FLOP *** [2c 3c 9s]
onewayback: checks
AzureCaper: bets $3
onewayback: calls $3
*** TURN *** [2c 3c 9s] [Kc]
onewayback: checks
AzureCaper: bets $6
onewayback: calls $6
*** RIVER *** [2c 3c 9s Kc] [Th]
onewayback: checks
AzureCaper: checks
*** SHOW DOWN ***
onewayback: shows [As 6d] (high card Ace)
AzureCaper: mucks hand
onewayback collected $29.50 from pot
*** SUMMARY ***
Total pot $30 | Rake $0.50
Board [2c 3c 9s Kc Th]
Seat 4: AzureCaper (button) (small blind) mucked
Seat 6: onewayback (big blind) showed [As 6d] and won ($29.50) with high card Ace


PokerStars Hand #145513195115:  Hold'em Limit ($3/$6 USD) - 2015/12/17 21:39:58 ET
Table 'Kalliope' 6-max Seat #6 is the button
Seat 4: AzureCaper ($111.51 in chips)
Seat 6: onewayback ($151.91 in chips)
onewayback: posts small blind $1
AzureCaper: posts big blind $3
*** HOLE CARDS ***
onewayback: raises $3 to $6
AzureCaper: calls $3
*** FLOP *** [3s 6s Tc]
AzureCaper: checks
onewayback: bets $3
AzureCaper: calls $3
*** TURN *** [3s 6s Tc] [3h]
AzureCaper: checks
onewayback: bets $6
AzureCaper: folds
Uncalled bet ($6) returned to onewayback
onewayback collected $17.64 from pot
onewayback: doesn't show hand
*** SUMMARY ***
Total pot $18 | Rake $0.36
Board [3s 6s Tc 3h]
Seat 4: AzureCaper (big blind) folded on the Turn
Seat 6: onewayback (button) (small blind) collected ($17.64)


PokerStars Hand #145513200047:  Hold'em Limit ($3/$6 USD) - 2015/12/17 21:40:09 ET
Table 'Kalliope' 6-max Seat #4 is the button
Seat 4: AzureCaper ($102.51 in chips)
Seat 6: onewayback ($160.55 in chips)
AzureCaper: posts small blind $1
onewayback: posts big blind $3
*** HOLE CARDS ***
AzureCaper: raises $3 to $6
onewayback: calls $3
*** FLOP *** [Qh 7s 3d]
onewayback: checks
AzureCaper: checks
*** TURN *** [Qh 7s 3d] [4s]
onewayback: bets $6
AzureCaper: raises $6 to $12
onewayback: raises $6 to $18
AzureCaper: folds
Uncalled bet ($6) returned to onewayback
onewayback collected $35.50 from pot
onewayback: doesn't show hand
*** SUMMARY ***
Total pot $36 | Rake $0.50
Board [Qh 7s 3d 4s]
Seat 4: AzureCaper (button) (small blind) folded on the Turn
Seat 6: onewayback (big blind) collected ($35.50)


PokerStars Hand #145513207469:  Hold'em Limit ($3/$6 USD) - 2015/12/17 21:40:28 ET
Table 'Kalliope' 6-max Seat #6 is the button
Seat 4: AzureCaper ($84.51 in chips)
Seat 6: onewayback ($178.05 in chips)
onewayback: posts small blind $1
AzureCaper: posts big blind $3
*** HOLE CARDS ***
onewayback: raises $3 to $6
AzureCaper: raises $3 to $9
onewayback: calls $3
*** FLOP *** [9c 2d 7s]
AzureCaper: bets $3
onewayback: calls $3
*** TURN *** [9c 2d 7s] [7d]
AzureCaper: bets $6
onewayback: calls $6
*** RIVER *** [9c 2d 7s 7d] [Qc]
AzureCaper: checks
onewayback: checks
*** SHOW DOWN ***
AzureCaper: shows [Jd As] (a pair of Sevens)
onewayback: mucks hand
AzureCaper collected $35.50 from pot
*** SUMMARY ***
Total pot $36 | Rake $0.50
Board [9c 2d 7s 7d Qc]
Seat 4: AzureCaper (big blind) showed [Jd As] and won ($35.50) with a pair of Sevens
Seat 6: onewayback (button) (small blind) mucked


PokerStars Hand #145513213870:  Hold'em Limit ($3/$6 USD) - 2015/12/17 21:40:43 ET
Table 'Kalliope' 6-max Seat #4 is the button
Seat 4: AzureCaper ($102.01 in chips)
Seat 6: onewayback ($160.05 in chips)
AzureCaper: posts small blind $1
onewayback: posts big blind $3
*** HOLE CARDS ***
AzureCaper: raises $3 to $6
onewayback: calls $3
*** FLOP *** [5s Qs 5h]
onewayback: checks
AzureCaper: bets $3
onewayback: folds
Uncalled bet ($3) returned to AzureCaper
AzureCaper collected $11.76 from pot
AzureCaper: doesn't show hand
*** SUMMARY ***
Total pot $12 | Rake $0.24
Board [5s Qs 5h]
Seat 4: AzureCaper (button) (small blind) collected ($11.76)
Seat 6: onewayback (big blind) folded on the Flop


PokerStars Hand #145513221697:  Hold'em Limit ($3/$6 USD) - 2015/12/17 21:41:01 ET
Table 'Kalliope' 6-max Seat #4 is the button
Seat 4: AzureCaper ($104.77 in chips)
Seat 6: onewayback ($157.05 in chips)
AzureCaper: posts small blind $1
onewayback: posts big blind $3
*** HOLE CARDS ***
AzureCaper: folds
Uncalled bet ($2) returned to onewayback
onewayback collected $2 from pot
onewayback: doesn't show hand
*** SUMMARY ***
Total pot $2 | Rake $0
Seat 4: AzureCaper (button) (small blind) folded before Flop
Seat 6: onewayback (big blind) collected ($2)


PokerStars Hand #145513219233:  Hold'em Limit ($3/$6 USD) - 2015/12/17 21:40:55 ET
Table 'Kalliope' 6-max Seat #6 is the button
Seat 4: AzureCaper ($107.77 in chips)
Seat 6: onewayback ($154.05 in chips)
onewayback: posts small blind $1
AzureCaper: posts big blind $3
*** HOLE CARDS ***
onewayback: raises $3 to $6
AzureCaper: folds
Uncalled bet ($3) returned to onewayback
onewayback collected $6 from pot
onewayback: doesn't show hand
*** SUMMARY ***
Total pot $6 | Rake $0
Seat 4: AzureCaper (big blind) folded before Flop
Seat 6: onewayback (button) (small blind) collected ($6)


PokerStars Hand #145513223901:  Hold'em Limit ($3/$6 USD) - 2015/12/17 21:41:06 ET
Table 'Kalliope' 6-max Seat #6 is the button
Seat 4: AzureCaper ($103.77 in chips)
Seat 6: onewayback ($158.05 in chips)
onewayback: posts small blind $1
AzureCaper: posts big blind $3
*** HOLE CARDS ***
onewayback: raises $3 to $6
AzureCaper: raises $3 to $9
onewayback: calls $3
*** FLOP *** [9c 6c Kh]
AzureCaper: bets $3
onewayback: folds
Uncalled bet ($3) returned to AzureCaper
AzureCaper collected $17.64 from pot
AzureCaper: doesn't show hand
*** SUMMARY ***
Total pot $18 | Rake $0.36
Board [9c 6c Kh]
Seat 4: AzureCaper (big blind) collected ($17.64)
Seat 6: onewayback (button) (small blind) folded on the Flop


PokerStars Hand #145513228030:  Hold'em Limit ($3/$6 USD) - 2015/12/17 21:41:16 ET
Table 'Kalliope' 6-max Seat #4 is the button
Seat 4: AzureCaper ($112.41 in chips)
Seat 6: onewayback ($149.05 in chips)
AzureCaper: posts small blind $1
onewayback: posts big blind $3
*** HOLE CARDS ***
AzureCaper: folds
Uncalled bet ($2) returned to onewayback
onewayback collected $2 from pot
onewayback: doesn't show hand
*** SUMMARY ***
Total pot $2 | Rake $0
Seat 4: AzureCaper (button) (small blind) folded before Flop
Seat 6: onewayback (big blind) collected ($2)


PokerStars Hand #145513257663:  Hold'em Limit ($3/$6 USD) - 2015/12/17 21:42:27 ET
Table 'Kalliope' 6-max Seat #6 is the button
Seat 4: AzureCaper ($138.55 in chips)
Seat 6: onewayback ($121.81 in chips)
onewayback: posts small blind $1
AzureCaper: posts big blind $3
*** HOLE CARDS ***
onewayback: raises $3 to $6
AzureCaper: folds
Uncalled bet ($3) returned to onewayback
onewayback collected $6 from pot
onewayback: doesn't show hand
*** SUMMARY ***
Total pot $6 | Rake $0
Seat 4: AzureCaper (big blind) folded before Flop
Seat 6: onewayback (button) (small blind) collected ($6)


PokerStars Hand #145513237530:  Hold'em Limit ($3/$6 USD) - 2015/12/17 21:41:39 ET
Table 'Kalliope' 6-max Seat #4 is the button
Seat 4: AzureCaper ($120.05 in chips)
Seat 6: onewayback ($141.05 in chips)
AzureCaper: posts small blind $1
onewayback: posts big blind $3
*** HOLE CARDS ***
AzureCaper: folds
Uncalled bet ($2) returned to onewayback
onewayback collected $2 from pot
onewayback: doesn't show hand
*** SUMMARY ***
Total pot $2 | Rake $0
Seat 4: AzureCaper (button) (small blind) folded before Flop
Seat 6: onewayback (big blind) collected ($2)


PokerStars Hand #145513229820:  Hold'em Limit ($3/$6 USD) - 2015/12/17 21:41:20 ET
Table 'Kalliope' 6-max Seat #6 is the button
Seat 4: AzureCaper ($111.41 in chips)
Seat 6: onewayback ($150.05 in chips)
onewayback: posts small blind $1
AzureCaper: posts big blind $3
*** HOLE CARDS ***
onewayback: raises $3 to $6
AzureCaper: calls $3
*** FLOP *** [4c 8c Qs]
AzureCaper: checks
onewayback: bets $3
AzureCaper: calls $3
*** TURN *** [4c 8c Qs] [Js]
AzureCaper: checks
onewayback: checks
*** RIVER *** [4c 8c Qs Js] [Ah]
AzureCaper: checks
onewayback: checks
*** SHOW DOWN ***
AzureCaper: shows [3d 4d] (a pair of Fours)
onewayback: mucks hand
AzureCaper collected $17.64 from pot
*** SUMMARY ***
Total pot $18 | Rake $0.36
Board [4c 8c Qs Js Ah]
Seat 4: AzureCaper (big blind) showed [3d 4d] and won ($17.64) with a pair of Fours
Seat 6: onewayback (button) (small blind) mucked


PokerStars Hand #145513239399:  Hold'em Limit ($3/$6 USD) - 2015/12/17 21:41:43 ET
Table 'Kalliope' 6-max Seat #6 is the button
Seat 4: AzureCaper ($119.05 in chips)
Seat 6: onewayback ($142.05 in chips)
onewayback: posts small blind $1
AzureCaper: posts big blind $3
*** HOLE CARDS ***
onewayback: raises $3 to $6
AzureCaper: calls $3
*** FLOP *** [8d 2c 9d]
AzureCaper: checks
onewayback: bets $3
AzureCaper: raises $3 to $6
onewayback: calls $3
*** TURN *** [8d 2c 9d] [Tc]
AzureCaper: bets $6
onewayback: calls $6
*** RIVER *** [8d 2c 9d Tc] [5h]
AzureCaper: bets $6
onewayback: calls $6
*** SHOW DOWN ***
AzureCaper: shows [Qc 9c] (a pair of Nines)
onewayback: mucks hand
AzureCaper collected $47.50 from pot
*** SUMMARY ***
Total pot $48 | Rake $0.50
Board [8d 2c 9d Tc 5h]
Seat 4: AzureCaper (big blind) showed [Qc 9c] and won ($47.50) with a pair of Nines
Seat 6: onewayback (button) (small blind) mucked


PokerStars Hand #145513248958:  Hold'em Limit ($3/$6 USD) - 2015/12/17 21:42:06 ET
Table 'Kalliope' 6-max Seat #4 is the button
Seat 4: AzureCaper ($142.55 in chips)
Seat 6: onewayback ($118.05 in chips)
AzureCaper: posts small blind $1
onewayback: posts big blind $3
*** HOLE CARDS ***
AzureCaper: folds
Uncalled bet ($2) returned to onewayback
onewayback collected $2 from pot
onewayback: doesn't show hand
*** SUMMARY ***
Total pot $2 | Rake $0
Seat 4: AzureCaper (button) (small blind) folded before Flop
Seat 6: onewayback (big blind) collected ($2)


PokerStars Hand #145513254903:  Hold'em Limit ($3/$6 USD) - 2015/12/17 21:42:20 ET
Table 'Kalliope' 6-max Seat #4 is the button
Seat 4: AzureCaper ($135.55 in chips)
Seat 6: onewayback ($124.81 in chips)
AzureCaper: posts small blind $1
onewayback: posts big blind $3
*** HOLE CARDS ***
AzureCaper: raises $3 to $6
onewayback: folds
Uncalled bet ($3) returned to AzureCaper
AzureCaper collected $6 from pot
AzureCaper: doesn't show hand
*** SUMMARY ***
Total pot $6 | Rake $0
Seat 4: AzureCaper (button) (small blind) collected ($6)
Seat 6: onewayback (big blind) folded before Flop


PokerStars Hand #145513250760:  Hold'em Limit ($3/$6 USD) - 2015/12/17 21:42:10 ET
Table 'Kalliope' 6-max Seat #6 is the button
Seat 4: AzureCaper ($141.55 in chips)
Seat 6: onewayback ($119.05 in chips)
onewayback: posts small blind $1
AzureCaper: posts big blind $3
*** HOLE CARDS ***
onewayback: raises $3 to $6
AzureCaper: calls $3
*** FLOP *** [Ad Ts As]
AzureCaper: checks
onewayback: bets $3
AzureCaper: folds
Uncalled bet ($3) returned to onewayback
onewayback collected $11.76 from pot
onewayback: doesn't show hand
*** SUMMARY ***
Total pot $12 | Rake $0.24
Board [Ad Ts As]
Seat 4: AzureCaper (big blind) folded on the Flop
Seat 6: onewayback (button) (small blind) collected ($11.76)


PokerStars Hand #145513277508:  Hold'em Limit ($3/$6 USD) - 2015/12/17 21:43:14 ET
Table 'Kalliope' 6-max Seat #4 is the button
Seat 4: AzureCaper ($128.05 in chips)
Seat 6: onewayback ($131.31 in chips)
AzureCaper: posts small blind $1
onewayback: posts big blind $3
*** HOLE CARDS ***
AzureCaper: raises $3 to $6
onewayback: calls $3
*** FLOP *** [Jh Ad Qc]
onewayback: checks
AzureCaper: bets $3
onewayback: calls $3
*** TURN *** [Jh Ad Qc] [4c]
onewayback: checks
AzureCaper: checks
*** RIVER *** [Jh Ad Qc 4c] [Td]
onewayback: checks
AzureCaper: bets $6
onewayback: calls $6
*** SHOW DOWN ***
AzureCaper: shows [8h 3h] (high card Ace)
onewayback: shows [Ah 6s] (a pair of Aces)
onewayback collected $29.50 from pot
*** SUMMARY ***
Total pot $30 | Rake $0.50
Board [Jh Ad Qc 4c Td]
Seat 4: AzureCaper (button) (small blind) showed [8h 3h] and lost with high card Ace
Seat 6: onewayback (big blind) showed [Ah 6s] and won ($29.50) with a pair of Aces


PokerStars Hand #145513260275:  Hold'em Limit ($3/$6 USD) - 2015/12/17 21:42:33 ET
Table 'Kalliope' 6-max Seat #4 is the button
Seat 4: AzureCaper ($135.55 in chips)
Seat 6: onewayback ($124.81 in chips)
AzureCaper: posts small blind $1
onewayback: posts big blind $3
*** HOLE CARDS ***
AzureCaper: raises $3 to $6
onewayback: calls $3
*** FLOP *** [6c Qd 7d]
onewayback: checks
AzureCaper: bets $3
onewayback: calls $3
*** TURN *** [6c Qd 7d] [8h]
onewayback: checks
AzureCaper: bets $6
onewayback: calls $6
*** RIVER *** [6c Qd 7d 8h] [Jh]
onewayback: checks
AzureCaper: checks
*** SHOW DOWN ***
onewayback: shows [3c 3s] (a pair of Threes)
AzureCaper: shows [As 6s] (a pair of Sixes)
AzureCaper collected $29.50 from pot
*** SUMMARY ***
Total pot $30 | Rake $0.50
Board [6c Qd 7d 8h Jh]
Seat 4: AzureCaper (button) (small blind) showed [As 6s] and won ($29.50) with a pair of Sixes
Seat 6: onewayback (big blind) showed [3c 3s] and lost with a pair of Threes


PokerStars Hand #145513266009:  Hold'em Limit ($3/$6 USD) - 2015/12/17 21:42:47 ET
Table 'Kalliope' 6-max Seat #6 is the button
Seat 4: AzureCaper ($150.05 in chips)
Seat 6: onewayback ($109.81 in chips)
onewayback: posts small blind $1
AzureCaper: posts big blind $3
*** HOLE CARDS ***
onewayback: raises $3 to $6
AzureCaper: raises $3 to $9
onewayback: calls $3
*** FLOP *** [5c Kd Jc]
AzureCaper: bets $3
onewayback: calls $3
*** TURN *** [5c Kd Jc] [2s]
AzureCaper: checks
onewayback: bets $6
AzureCaper: calls $6
*** RIVER *** [5c Kd Jc 2s] [9d]
AzureCaper: checks
onewayback: bets $6
AzureCaper: folds
Uncalled bet ($6) returned to onewayback
onewayback collected $35.50 from pot
onewayback: doesn't show hand
*** SUMMARY ***
Total pot $36 | Rake $0.50
Board [5c Kd Jc 2s 9d]
Seat 4: AzureCaper (big blind) folded on the River
Seat 6: onewayback (button) (small blind) collected ($35.50)


PokerStars Hand #145513275208:  Hold'em Limit ($3/$6 USD) - 2015/12/17 21:43:09 ET
Table 'Kalliope' 6-max Seat #6 is the button
Seat 4: AzureCaper ($131.05 in chips)
Seat 6: onewayback ($128.31 in chips)
onewayback: posts small blind $1
AzureCaper: posts big blind $3
*** HOLE CARDS ***
onewayback: raises $3 to $6
AzureCaper: folds
Uncalled bet ($3) returned to onewayback
onewayback collected $6 from pot
onewayback: doesn't show hand
*** SUMMARY ***
Total pot $6 | Rake $0
Seat 4: AzureCaper (big blind) folded before Flop
Seat 6: onewayback (button) (small blind) collected ($6)


PokerStars Hand #145513273152:  Hold'em Limit ($3/$6 USD) - 2015/12/17 21:43:04 ET
Table 'Kalliope' 6-max Seat #4 is the button
Seat 4: AzureCaper ($132.05 in chips)
Seat 6: onewayback ($127.31 in chips)
AzureCaper: posts small blind $1
onewayback: posts big blind $3
*** HOLE CARDS ***
AzureCaper: folds
Uncalled bet ($2) returned to onewayback
onewayback collected $2 from pot
onewayback: doesn't show hand
*** SUMMARY ***
Total pot $2 | Rake $0
Seat 4: AzureCaper (button) (small blind) folded before Flop
Seat 6: onewayback (big blind) collected ($2)


PokerStars Hand #145513303563:  Hold'em Limit ($3/$6 USD) - 2015/12/17 21:44:16 ET
Table 'Kalliope' 6-max Seat #4 is the button
Seat 4: AzureCaper ($84.81 in chips)
Seat 6: onewayback ($172.81 in chips)
AzureCaper: posts small blind $1
onewayback: posts big blind $3
*** HOLE CARDS ***
AzureCaper: raises $3 to $6
onewayback: folds
Uncalled bet ($3) returned to AzureCaper
AzureCaper collected $6 from pot
AzureCaper: doesn't show hand
*** SUMMARY ***
Total pot $6 | Rake $0
Seat 4: AzureCaper (button) (small blind) collected ($6)
Seat 6: onewayback (big blind) folded before Flop


PokerStars Hand #145513301487:  Hold'em Limit ($3/$6 USD) - 2015/12/17 21:44:11 ET
Table 'Kalliope' 6-max Seat #6 is the button
Seat 4: AzureCaper ($83.81 in chips)
Seat 6: onewayback ($173.81 in chips)
onewayback: posts small blind $1
AzureCaper: posts big blind $3
*** HOLE CARDS ***
onewayback: folds
Uncalled bet ($2) returned to AzureCaper
AzureCaper collected $2 from pot
AzureCaper: doesn't show hand
*** SUMMARY ***
Total pot $2 | Rake $0
Seat 4: AzureCaper (big blind) collected ($2)
Seat 6: onewayback (button) (small blind) folded before Flop


PokerStars Hand #145513297721:  Hold'em Limit ($3/$6 USD) - 2015/12/17 21:44:03 ET
Table 'Kalliope' 6-max Seat #4 is the button
Seat 4: AzureCaper ($78.05 in chips)
Seat 6: onewayback ($179.81 in chips)
AzureCaper: posts small blind $1
onewayback: posts big blind $3
*** HOLE CARDS ***
AzureCaper: raises $3 to $6
onewayback: calls $3
*** FLOP *** [Jh 4s 9d]
onewayback: checks
AzureCaper: bets $3
onewayback: folds
Uncalled bet ($3) returned to AzureCaper
AzureCaper collected $11.76 from pot
AzureCaper: doesn't show hand
*** SUMMARY ***
Total pot $12 | Rake $0.24
Board [Jh 4s 9d]
Seat 4: AzureCaper (button) (small blind) collected ($11.76)
Seat 6: onewayback (big blind) folded on the Flop


PokerStars Hand #145513295826:  Hold'em Limit ($3/$6 USD) - 2015/12/17 21:43:58 ET
Table 'Kalliope' 6-max Seat #6 is the button
Seat 4: AzureCaper ($77.05 in chips)
Seat 6: onewayback ($180.81 in chips)
onewayback: posts small blind $1
AzureCaper: posts big blind $3
*** HOLE CARDS ***
onewayback: folds
Uncalled bet ($2) returned to AzureCaper
AzureCaper collected $2 from pot
AzureCaper: doesn't show hand
*** SUMMARY ***
Total pot $2 | Rake $0
Seat 4: AzureCaper (big blind) collected ($2)
Seat 6: onewayback (button) (small blind) folded before Flop


PokerStars Hand #145513289657:  Hold'em Limit ($3/$6 USD) - 2015/12/17 21:43:43 ET
Table 'Kalliope' 6-max Seat #4 is the button
Seat 4: AzureCaper ($98.05 in chips)
Seat 6: onewayback ($160.31 in chips)
AzureCaper: posts small blind $1
onewayback: posts big blind $3
*** HOLE CARDS ***
AzureCaper: raises $3 to $6
onewayback: calls $3
*** FLOP *** [Jc 9c Ad]
onewayback: checks
AzureCaper: bets $3
onewayback: calls $3
*** TURN *** [Jc 9c Ad] [6h]
onewayback: checks
AzureCaper: bets $6
onewayback: raises $6 to $12
AzureCaper: calls $6
*** RIVER *** [Jc 9c Ad 6h] [Kd]
onewayback: bets $6
AzureCaper: folds
Uncalled bet ($6) returned to onewayback
onewayback collected $41.50 from pot
onewayback: doesn't show hand
*** SUMMARY ***
Total pot $42 | Rake $0.50
Board [Jc 9c Ad 6h Kd]
Seat 4: AzureCaper (button) (small blind) folded on the River
Seat 6: onewayback (big blind) collected ($41.50)


PokerStars Hand #145513283782:  Hold'em Limit ($3/$6 USD) - 2015/12/17 21:43:29 ET
Table 'Kalliope' 6-max Seat #6 is the button
Seat 4: AzureCaper ($113.05 in chips)
Seat 6: onewayback ($145.81 in chips)
onewayback: posts small blind $1
AzureCaper: posts big blind $3
*** HOLE CARDS ***
onewayback: raises $3 to $6
AzureCaper: calls $3
*** FLOP *** [7h Qc Jh]
AzureCaper: checks
onewayback: bets $3
AzureCaper: calls $3
*** TURN *** [7h Qc Jh] [Ad]
AzureCaper: checks
onewayback: checks
*** RIVER *** [7h Qc Jh Ad] [Jc]
AzureCaper: bets $6
onewayback: calls $6
*** SHOW DOWN ***
AzureCaper: shows [7c Td] (two pair, Jacks and Sevens)
onewayback: shows [Ts Qh] (two pair, Queens and Jacks)
onewayback collected $29.50 from pot
*** SUMMARY ***
Total pot $30 | Rake $0.50
Board [7h Qc Jh Ad Jc]
Seat 4: AzureCaper (big blind) showed [7c Td] and lost with two pair, Jacks and Sevens
Seat 6: onewayback (button) (small blind) showed [Ts Qh] and won ($29.50) with two pair, Queens and Jacks


PokerStars Hand #145513309204:  Hold'em Limit ($3/$6 USD) - 2015/12/17 21:44:30 ET
Table 'Kalliope' 6-max Seat #4 is the button
Seat 4: AzureCaper ($96.45 in chips)
Seat 6: onewayback ($160.81 in chips)
AzureCaper: posts small blind $1
onewayback: posts big blind $3
*** HOLE CARDS ***
AzureCaper: raises $3 to $6
onewayback: calls $3
*** FLOP *** [9d 9h 2h]
onewayback: checks
AzureCaper: bets $3
onewayback: folds
Uncalled bet ($3) returned to AzureCaper
AzureCaper collected $11.76 from pot
AzureCaper: doesn't show hand
*** SUMMARY ***
Total pot $12 | Rake $0.24
Board [9d 9h 2h]
Seat 4: AzureCaper (button) (small blind) collected ($11.76)
Seat 6: onewayback (big blind) folded on the Flop


PokerStars Hand #145513305521:  Hold'em Limit ($3/$6 USD) - 2015/12/17 21:44:21 ET
Table 'Kalliope' 6-max Seat #6 is the button
Seat 4: AzureCaper ($87.81 in chips)
Seat 6: onewayback ($169.81 in chips)
onewayback: posts small blind $1
AzureCaper: posts big blind $3
*** HOLE CARDS ***
onewayback: raises $3 to $6
AzureCaper: raises $3 to $9
onewayback: calls $3
*** FLOP *** [Ah 2c 6d]
AzureCaper: bets $3
onewayback: folds
Uncalled bet ($3) returned to AzureCaper
AzureCaper collected $17.64 from pot
AzureCaper: doesn't show hand
*** SUMMARY ***
Total pot $18 | Rake $0.36
Board [Ah 2c 6d]
Seat 4: AzureCaper (big blind) collected ($17.64)
Seat 6: onewayback (button) (small blind) folded on the Flop


PokerStars Hand #145513326235:  Hold'em Limit ($3/$6 USD) - 2015/12/17 21:45:11 ET
Table 'Kalliope' 6-max Seat #6 is the button
Seat 4: AzureCaper ($117.71 in chips)
Seat 6: onewayback ($138.81 in chips)
onewayback: posts small blind $1
AzureCaper: posts big blind $3
*** HOLE CARDS ***
onewayback: raises $3 to $6
AzureCaper: raises $3 to $9
onewayback: calls $3
*** FLOP *** [2c Ks Js]
AzureCaper: bets $3
onewayback: calls $3
*** TURN *** [2c Ks Js] [As]
AzureCaper: bets $6
onewayback: calls $6
*** RIVER *** [2c Ks Js As] [5s]
AzureCaper: bets $6
onewayback: calls $6
*** SHOW DOWN ***
AzureCaper: shows [5h Ac] (two pair, Aces and Fives)
onewayback: shows [8s Tc] (a flush, Ace high)
onewayback collected $47.50 from pot
*** SUMMARY ***
Total pot $48 | Rake $0.50
Board [2c Ks Js As 5s]
Seat 4: AzureCaper (big blind) showed [5h Ac] and lost with two pair, Aces and Fives
Seat 6: onewayback (button) (small blind) showed [8s Tc] and won ($47.50) with a flush, Ace high


PokerStars Hand #145513324339:  Hold'em Limit ($3/$6 USD) - 2015/12/17 21:45:06 ET
Table 'Kalliope' 6-max Seat #4 is the button
Seat 4: AzureCaper ($114.71 in chips)
Seat 6: onewayback ($141.81 in chips)
AzureCaper: posts small blind $1
onewayback: posts big blind $3
*** HOLE CARDS ***
AzureCaper: raises $3 to $6
onewayback: folds
Uncalled bet ($3) returned to AzureCaper
AzureCaper collected $6 from pot
AzureCaper: doesn't show hand
*** SUMMARY ***
Total pot $6 | Rake $0
Seat 4: AzureCaper (button) (small blind) collected ($6)
Seat 6: onewayback (big blind) folded before Flop


PokerStars Hand #145513322159:  Hold'em Limit ($3/$6 USD) - 2015/12/17 21:45:01 ET
Table 'Kalliope' 6-max Seat #6 is the button
Seat 4: AzureCaper ($113.71 in chips)
Seat 6: onewayback ($142.81 in chips)
onewayback: posts small blind $1
AzureCaper: posts big blind $3
*** HOLE CARDS ***
onewayback: folds
Uncalled bet ($2) returned to AzureCaper
AzureCaper collected $2 from pot
AzureCaper: doesn't show hand
*** SUMMARY ***
Total pot $2 | Rake $0
Seat 4: AzureCaper (big blind) collected ($2)
Seat 6: onewayback (button) (small blind) folded before Flop


PokerStars Hand #145513314797:  Hold'em Limit ($3/$6 USD) - 2015/12/17 21:44:43 ET
Table 'Kalliope' 6-max Seat #4 is the button
Seat 4: AzureCaper ($99.21 in chips)
Seat 6: onewayback ($157.81 in chips)
AzureCaper: posts small blind $1
onewayback: posts big blind $3
*** HOLE CARDS ***
AzureCaper: raises $3 to $6
onewayback: raises $3 to $9
AzureCaper: calls $3
*** FLOP *** [Td 9c 5h]
onewayback: bets $3
AzureCaper: raises $3 to $6
onewayback: calls $3
*** TURN *** [Td 9c 5h] [Kh]
onewayback: checks
AzureCaper: checks
*** RIVER *** [Td 9c 5h Kh] [9d]
onewayback: checks
AzureCaper: checks
*** SHOW DOWN ***
onewayback: shows [Ad 8d] (a pair of Nines)
AzureCaper: shows [2h 2c] (two pair, Nines and Deuces)
AzureCaper collected $29.50 from pot
*** SUMMARY ***
Total pot $30 | Rake $0.50
Board [Td 9c 5h Kh 9d]
Seat 4: AzureCaper (button) (small blind) showed [2h 2c] and won ($29.50) with two pair, Nines and Deuces
Seat 6: onewayback (big blind) showed [Ad 8d] and lost with a pair of Nines


PokerStars Hand #145513312529:  Hold'em Limit ($3/$6 USD) - 2015/12/17 21:44:38 ET
Table 'Kalliope' 6-max Seat #6 is the button
Seat 4: AzureCaper ($102.21 in chips)
Seat 6: onewayback ($154.81 in chips)
onewayback: posts small blind $1
AzureCaper: posts big blind $3
*** HOLE CARDS ***
onewayback: raises $3 to $6
AzureCaper: folds
Uncalled bet ($3) returned to onewayback
onewayback collected $6 from pot
onewayback: doesn't show hand
*** SUMMARY ***
Total pot $6 | Rake $0
Seat 4: AzureCaper (big blind) folded before Flop
Seat 6: onewayback (button) (small blind) collected ($6)


PokerStars Hand #145513331880:  Hold'em Limit ($3/$6 USD) - 2015/12/17 21:45:24 ET
Table 'Kalliope' 6-max Seat #4 is the button
Seat 4: AzureCaper ($93.71 in chips)
Seat 6: onewayback ($162.31 in chips)
AzureCaper: posts small blind $1
onewayback: posts big blind $3
*** HOLE CARDS ***
AzureCaper: raises $3 to $6
onewayback: calls $3
*** FLOP *** [4d Ks 9h]
onewayback: checks
AzureCaper: bets $3
onewayback: folds
Uncalled bet ($3) returned to AzureCaper
AzureCaper collected $11.76 from pot
AzureCaper: doesn't show hand
*** SUMMARY ***
Total pot $12 | Rake $0.24
Board [4d Ks 9h]
Seat 4: AzureCaper (button) (small blind) collected ($11.76)
Seat 6: onewayback (big blind) folded on the Flop


PokerStars Hand #145513352112:  Hold'em Limit ($3/$6 USD) - 2015/12/17 21:46:13 ET
Table 'Kalliope' 6-max Seat #4 is the button
Seat 4: AzureCaper ($106.99 in chips)
Seat 6: onewayback ($148.31 in chips)
AzureCaper: posts small blind $1
onewayback: posts big blind $3
*** HOLE CARDS ***
AzureCaper: raises $3 to $6
onewayback: calls $3
*** FLOP *** [Jd 2s Ah]
onewayback: checks
AzureCaper: bets $3
onewayback: calls $3
*** TURN *** [Jd 2s Ah] [6d]
onewayback: checks
AzureCaper: checks
*** RIVER *** [Jd 2s Ah 6d] [Th]
onewayback: bets $6
AzureCaper: calls $6
*** SHOW DOWN ***
onewayback: shows [4h Ad] (a pair of Aces)
AzureCaper: mucks hand
onewayback collected $29.50 from pot
*** SUMMARY ***
Total pot $30 | Rake $0.50
Board [Jd 2s Ah 6d Th]
Seat 4: AzureCaper (button) (small blind) mucked
Seat 6: onewayback (big blind) showed [4h Ad] and won ($29.50) with a pair of Aces


PokerStars Hand #145513344076:  Hold'em Limit ($3/$6 USD) - 2015/12/17 21:45:53 ET
Table 'Kalliope' 6-max Seat #6 is the button
Seat 4: AzureCaper ($95.47 in chips)
Seat 6: onewayback ($160.31 in chips)
onewayback: posts small blind $1
AzureCaper: posts big blind $3
*** HOLE CARDS ***
onewayback: raises $3 to $6
AzureCaper: calls $3
*** FLOP *** [Ah 3h Qd]
AzureCaper: checks
onewayback: bets $3
AzureCaper: raises $3 to $6
onewayback: calls $3
*** TURN *** [Ah 3h Qd] [Kh]
AzureCaper: checks
onewayback: checks
*** RIVER *** [Ah 3h Qd Kh] [Th]
AzureCaper: bets $6
onewayback: folds
Uncalled bet ($6) returned to AzureCaper
AzureCaper collected $23.52 from pot
AzureCaper: doesn't show hand
*** SUMMARY ***
Total pot $24 | Rake $0.48
Board [Ah 3h Qd Kh Th]
Seat 4: AzureCaper (big blind) collected ($23.52)
Seat 6: onewayback (button) (small blind) folded on the River


PokerStars Hand #145513342052:  Hold'em Limit ($3/$6 USD) - 2015/12/17 21:45:48 ET
Table 'Kalliope' 6-max Seat #4 is the button
Seat 4: AzureCaper ($96.47 in chips)
Seat 6: onewayback ($159.31 in chips)
AzureCaper: posts small blind $1
onewayback: posts big blind $3
*** HOLE CARDS ***
AzureCaper: folds
Uncalled bet ($2) returned to onewayback
onewayback collected $2 from pot
onewayback: doesn't show hand
*** SUMMARY ***
Total pot $2 | Rake $0
Seat 4: AzureCaper (button) (small blind) folded before Flop
Seat 6: onewayback (big blind) collected ($2)


PokerStars Hand #145513340197:  Hold'em Limit ($3/$6 USD) - 2015/12/17 21:45:44 ET
Table 'Kalliope' 6-max Seat #6 is the button
Seat 4: AzureCaper ($95.47 in chips)
Seat 6: onewayback ($160.31 in chips)
onewayback: posts small blind $1
AzureCaper: posts big blind $3
*** HOLE CARDS ***
onewayback: folds
Uncalled bet ($2) returned to AzureCaper
AzureCaper collected $2 from pot
AzureCaper: doesn't show hand
*** SUMMARY ***
Total pot $2 | Rake $0
Seat 4: AzureCaper (big blind) collected ($2)
Seat 6: onewayback (button) (small blind) folded before Flop


PokerStars Hand #145513338103:  Hold'em Limit ($3/$6 USD) - 2015/12/17 21:45:39 ET
Table 'Kalliope' 6-max Seat #4 is the button
Seat 4: AzureCaper ($96.47 in chips)
Seat 6: onewayback ($159.31 in chips)
AzureCaper: posts small blind $1
onewayback: posts big blind $3
*** HOLE CARDS ***
AzureCaper: folds
Uncalled bet ($2) returned to onewayback
onewayback collected $2 from pot
onewayback: doesn't show hand
*** SUMMARY ***
Total pot $2 | Rake $0
Seat 4: AzureCaper (button) (small blind) folded before Flop
Seat 6: onewayback (big blind) collected ($2)


PokerStars Hand #145513335583:  Hold'em Limit ($3/$6 USD) - 2015/12/17 21:45:33 ET
Table 'Kalliope' 6-max Seat #6 is the button
Seat 4: AzureCaper ($99.47 in chips)
Seat 6: onewayback ($156.31 in chips)
onewayback: posts small blind $1
AzureCaper: posts big blind $3
*** HOLE CARDS ***
onewayback: raises $3 to $6
AzureCaper: folds
Uncalled bet ($3) returned to onewayback
onewayback collected $6 from pot
onewayback: doesn't show hand
*** SUMMARY ***
Total pot $6 | Rake $0
Seat 4: AzureCaper (big blind) folded before Flop
Seat 6: onewayback (button) (small blind) collected ($6)


PokerStars Hand #145513358129:  Hold'em Limit ($3/$6 USD) - 2015/12/17 21:46:27 ET
Table 'Kalliope' 6-max Seat #6 is the button
Seat 4: AzureCaper ($91.99 in chips)
Seat 6: onewayback ($162.81 in chips)
onewayback: posts small blind $1
AzureCaper: posts big blind $3
*** HOLE CARDS ***
onewayback: raises $3 to $6
AzureCaper: calls $3
*** FLOP *** [3d 7s Qs]
AzureCaper: checks
onewayback: bets $3
AzureCaper: folds
Uncalled bet ($3) returned to onewayback
onewayback collected $11.76 from pot
onewayback: doesn't show hand
*** SUMMARY ***
Total pot $12 | Rake $0.24
Board [3d 7s Qs]
Seat 4: AzureCaper (big blind) folded on the Flop
Seat 6: onewayback (button) (small blind) collected ($11.76)


PokerStars Hand #145513383057:  Hold'em Limit ($3/$6 USD) - 2015/12/17 21:47:26 ET
Table 'Kalliope' 6-max Seat #6 is the button
Seat 4: AzureCaper ($97.27 in chips)
Seat 6: onewayback ($156.33 in chips)
onewayback: posts small blind $1
AzureCaper: posts big blind $3
*** HOLE CARDS ***
onewayback: raises $3 to $6
AzureCaper: calls $3
*** FLOP *** [Ts 6s Th]
AzureCaper: checks
onewayback: bets $3
AzureCaper: folds
Uncalled bet ($3) returned to onewayback
onewayback collected $11.76 from pot
onewayback: doesn't show hand
*** SUMMARY ***
Total pot $12 | Rake $0.24
Board [Ts 6s Th]
Seat 4: AzureCaper (big blind) folded on the Flop
Seat 6: onewayback (button) (small blind) collected ($11.76)


PokerStars Hand #145513374593:  Hold'em Limit ($3/$6 USD) - 2015/12/17 21:47:06 ET
Table 'Kalliope' 6-max Seat #4 is the button
Seat 4: AzureCaper ($88.63 in chips)
Seat 6: onewayback ($165.33 in chips)
AzureCaper: posts small blind $1
onewayback: posts big blind $3
*** HOLE CARDS ***
AzureCaper: raises $3 to $6
onewayback: calls $3
*** FLOP *** [Js 2c 4s]
onewayback: checks
AzureCaper: bets $3
onewayback: calls $3
*** TURN *** [Js 2c 4s] [7s]
onewayback: checks
AzureCaper: checks
*** RIVER *** [Js 2c 4s 7s] [2s]
onewayback: checks
AzureCaper: bets $6
onewayback: folds
Uncalled bet ($6) returned to AzureCaper
AzureCaper collected $17.64 from pot
AzureCaper: doesn't show hand
*** SUMMARY ***
Total pot $18 | Rake $0.36
Board [Js 2c 4s 7s 2s]
Seat 4: AzureCaper (button) (small blind) collected ($17.64)
Seat 6: onewayback (big blind) folded on the River


PokerStars Hand #145513367424:  Hold'em Limit ($3/$6 USD) - 2015/12/17 21:46:49 ET
Table 'Kalliope' 6-max Seat #6 is the button
Seat 4: AzureCaper ($94.63 in chips)
Seat 6: onewayback ($159.57 in chips)
onewayback: posts small blind $1
AzureCaper: posts big blind $3
*** HOLE CARDS ***
onewayback: raises $3 to $6
AzureCaper: calls $3
*** FLOP *** [3h Jd 9h]
AzureCaper: checks
onewayback: checks
*** TURN *** [3h Jd 9h] [4h]
AzureCaper: checks
onewayback: checks
*** RIVER *** [3h Jd 9h 4h] [8h]
AzureCaper: checks
onewayback: checks
*** SHOW DOWN ***
AzureCaper: shows [8c As] (a pair of Eights)
onewayback: shows [Qs 6h] (a flush, Nine high)
onewayback collected $11.76 from pot
*** SUMMARY ***
Total pot $12 | Rake $0.24
Board [3h Jd 9h 4h 8h]
Seat 4: AzureCaper (big blind) showed [8c As] and lost with a pair of Eights
Seat 6: onewayback (button) (small blind) showed [Qs 6h] and won ($11.76) with a flush, Nine high


PokerStars Hand #145513361852:  Hold'em Limit ($3/$6 USD) - 2015/12/17 21:46:36 ET
Table 'Kalliope' 6-max Seat #4 is the button
Seat 4: AzureCaper ($85.99 in chips)
Seat 6: onewayback ($168.57 in chips)
AzureCaper: posts small blind $1
onewayback: posts big blind $3
*** HOLE CARDS ***
AzureCaper: raises $3 to $6
onewayback: calls $3
*** FLOP *** [4d Th 2h]
onewayback: checks
AzureCaper: bets $3
onewayback: calls $3
*** TURN *** [4d Th 2h] [Qh]
onewayback: checks
AzureCaper: checks
*** RIVER *** [4d Th 2h Qh] [2s]
onewayback: checks
AzureCaper: checks
*** SHOW DOWN ***
onewayback: shows [3c 5s] (a pair of Deuces)
AzureCaper: shows [6c 7d] (a pair of Deuces - Queen+Ten+Seven kicker)
AzureCaper collected $17.64 from pot
*** SUMMARY ***
Total pot $18 | Rake $0.36
Board [4d Th 2h Qh 2s]
Seat 4: AzureCaper (button) (small blind) showed [6c 7d] and won ($17.64) with a pair of Deuces
Seat 6: onewayback (big blind) showed [3c 5s] and lost with a pair of Deuces


PokerStars Hand #145513405486:  Hold'em Limit ($3/$6 USD) - 2015/12/17 21:48:21 ET
Table 'Kalliope' 6-max Seat #6 is the button
Seat 4: AzureCaper ($121.17 in chips)
Seat 6: onewayback ($131.09 in chips)
onewayback: posts small blind $1
AzureCaper: posts big blind $3
*** HOLE CARDS ***
onewayback: raises $3 to $6
AzureCaper: folds
Uncalled bet ($3) returned to onewayback
onewayback collected $6 from pot
onewayback: doesn't show hand
*** SUMMARY ***
Total pot $6 | Rake $0
Seat 4: AzureCaper (big blind) folded before Flop
Seat 6: onewayback (button) (small blind) collected ($6)


PokerStars Hand #145513403492:  Hold'em Limit ($3/$6 USD) - 2015/12/17 21:48:16 ET
Table 'Kalliope' 6-max Seat #4 is the button
Seat 4: AzureCaper ($122.17 in chips)
Seat 6: onewayback ($130.09 in chips)
AzureCaper: posts small blind $1
onewayback: posts big blind $3
*** HOLE CARDS ***
AzureCaper: folds
Uncalled bet ($2) returned to onewayback
onewayback collected $2 from pot
onewayback: doesn't show hand
*** SUMMARY ***
Total pot $2 | Rake $0
Seat 4: AzureCaper (button) (small blind) folded before Flop
Seat 6: onewayback (big blind) collected ($2)


PokerStars Hand #145513396039:  Hold'em Limit ($3/$6 USD) - 2015/12/17 21:47:58 ET
Table 'Kalliope' 6-max Seat #6 is the button
Seat 4: AzureCaper ($104.67 in chips)
Seat 6: onewayback ($148.09 in chips)
onewayback: posts small blind $1
AzureCaper: posts big blind $3
*** HOLE CARDS ***
onewayback: raises $3 to $6
AzureCaper: raises $3 to $9
onewayback: calls $3
*** FLOP *** [5c 4h 2h]
AzureCaper: bets $3
onewayback: calls $3
*** TURN *** [5c 4h 2h] [3d]
AzureCaper: bets $6
onewayback: calls $6
*** RIVER *** [5c 4h 2h 3d] [3s]
AzureCaper: checks
onewayback: checks
*** SHOW DOWN ***
AzureCaper: shows [6c Ad] (a straight, Deuce to Six)
onewayback: mucks hand
AzureCaper collected $35.50 from pot
*** SUMMARY ***
Total pot $36 | Rake $0.50
Board [5c 4h 2h 3d 3s]
Seat 4: AzureCaper (big blind) showed [6c Ad] and won ($35.50) with a straight, Deuce to Six
Seat 6: onewayback (button) (small blind) mucked


PokerStars Hand #145513392711:  Hold'em Limit ($3/$6 USD) - 2015/12/17 21:47:50 ET
Table 'Kalliope' 6-max Seat #4 is the button
Seat 4: AzureCaper ($98.91 in chips)
Seat 6: onewayback ($154.09 in chips)
AzureCaper: posts small blind $1
onewayback: posts big blind $3
*** HOLE CARDS ***
AzureCaper: raises $3 to $6
onewayback: calls $3
*** FLOP *** [Kc Kd 6d]
onewayback: checks
AzureCaper: bets $3
onewayback: folds
Uncalled bet ($3) returned to AzureCaper
AzureCaper collected $11.76 from pot
AzureCaper: doesn't show hand
*** SUMMARY ***
Total pot $12 | Rake $0.24
Board [Kc Kd 6d]
Seat 4: AzureCaper (button) (small blind) collected ($11.76)
Seat 6: onewayback (big blind) folded on the Flop


PokerStars Hand #145513388357:  Hold'em Limit ($3/$6 USD) - 2015/12/17 21:47:39 ET
Table 'Kalliope' 6-max Seat #6 is the button
Seat 4: AzureCaper ($90.27 in chips)
Seat 6: onewayback ($163.09 in chips)
onewayback: posts small blind $1
AzureCaper: posts big blind $3
*** HOLE CARDS ***
onewayback: raises $3 to $6
AzureCaper: calls $3
*** FLOP *** [Jc Jh 3h]
AzureCaper: checks
onewayback: bets $3
AzureCaper: raises $3 to $6
onewayback: folds
Uncalled bet ($3) returned to AzureCaper
AzureCaper collected $17.64 from pot
AzureCaper: doesn't show hand
*** SUMMARY ***
Total pot $18 | Rake $0.36
Board [Jc Jh 3h]
Seat 4: AzureCaper (big blind) collected ($17.64)
Seat 6: onewayback (button) (small blind) folded on the Flop


PokerStars Hand #145513386482:  Hold'em Limit ($3/$6 USD) - 2015/12/17 21:47:35 ET
Table 'Kalliope' 6-max Seat #4 is the button
Seat 4: AzureCaper ($91.27 in chips)
Seat 6: onewayback ($162.09 in chips)
AzureCaper: posts small blind $1
onewayback: posts big blind $3
*** HOLE CARDS ***
AzureCaper: folds
Uncalled bet ($2) returned to onewayback
onewayback collected $2 from pot
onewayback: doesn't show hand
*** SUMMARY ***
Total pot $2 | Rake $0
Seat 4: AzureCaper (button) (small blind) folded before Flop
Seat 6: onewayback (big blind) collected ($2)


PokerStars Hand #145513430512:  Hold'em Limit ($3/$6 USD) - 2015/12/17 21:49:22 ET
Table 'Kalliope' 6-max Seat #4 is the button
Seat 4: AzureCaper ($138.31 in chips)
Seat 6: onewayback ($112.85 in chips)
AzureCaper: posts small blind $1
onewayback: posts big blind $3
*** HOLE CARDS ***
AzureCaper: raises $3 to $6
onewayback: calls $3
*** FLOP *** [4d Jd 8s]
onewayback: checks
AzureCaper: bets $3
onewayback: calls $3
*** TURN *** [4d Jd 8s] [As]
onewayback: checks
AzureCaper: bets $6
onewayback: calls $6
*** RIVER *** [4d Jd 8s As] [6c]
onewayback: checks
AzureCaper: bets $6
onewayback: calls $6
*** SHOW DOWN ***
AzureCaper: shows [Ah 7c] (a pair of Aces)
onewayback: mucks hand
AzureCaper collected $41.50 from pot
*** SUMMARY ***
Total pot $42 | Rake $0.50
Board [4d Jd 8s As 6c]
Seat 4: AzureCaper (button) (small blind) showed [Ah 7c] and won ($41.50) with a pair of Aces
Seat 6: onewayback (big blind) mucked


PokerStars Hand #145513426273:  Hold'em Limit ($3/$6 USD) - 2015/12/17 21:49:11 ET
Table 'Kalliope' 6-max Seat #6 is the button
Seat 4: AzureCaper ($144.31 in chips)
Seat 6: onewayback ($107.09 in chips)
onewayback: posts small blind $1
AzureCaper: posts big blind $3
*** HOLE CARDS ***
onewayback: raises $3 to $6
AzureCaper: calls $3
*** FLOP *** [4h 3d 9c]
AzureCaper: checks
onewayback: bets $3
AzureCaper: folds
Uncalled bet ($3) returned to onewayback
onewayback collected $11.76 from pot
onewayback: doesn't show hand
*** SUMMARY ***
Total pot $12 | Rake $0.24
Board [4h 3d 9c]
Seat 4: AzureCaper (big blind) folded on the Flop
Seat 6: onewayback (button) (small blind) collected ($11.76)


PokerStars Hand #145513419990:  Hold'em Limit ($3/$6 USD) - 2015/12/17 21:48:56 ET
Table 'Kalliope' 6-max Seat #4 is the button
Seat 4: AzureCaper ($123.81 in chips)
Seat 6: onewayback ($128.09 in chips)
AzureCaper: posts small blind $1
onewayback: posts big blind $3
*** HOLE CARDS ***
AzureCaper: raises $3 to $6
onewayback: calls $3
*** FLOP *** [4h 8c 7s]
onewayback: checks
AzureCaper: bets $3
onewayback: calls $3
*** TURN *** [4h 8c 7s] [Ah]
onewayback: checks
AzureCaper: bets $6
onewayback: calls $6
*** RIVER *** [4h 8c 7s Ah] [6s]
onewayback: checks
AzureCaper: bets $6
onewayback: calls $6
*** SHOW DOWN ***
AzureCaper: shows [8h 7c] (two pair, Eights and Sevens)
onewayback: mucks hand
AzureCaper collected $41.50 from pot
*** SUMMARY ***
Total pot $42 | Rake $0.50
Board [4h 8c 7s Ah 6s]
Seat 4: AzureCaper (button) (small blind) showed [8h 7c] and won ($41.50) with two pair, Eights and Sevens
Seat 6: onewayback (big blind) mucked


PokerStars Hand #145513416454:  Hold'em Limit ($3/$6 USD) - 2015/12/17 21:48:47 ET
Table 'Kalliope' 6-max Seat #6 is the button
Seat 4: AzureCaper ($126.81 in chips)
Seat 6: onewayback ($125.09 in chips)
onewayback: posts small blind $1
AzureCaper: posts big blind $3
*** HOLE CARDS ***
onewayback: raises $3 to $6
AzureCaper: folds
Uncalled bet ($3) returned to onewayback
onewayback collected $6 from pot
onewayback: doesn't show hand
*** SUMMARY ***
Total pot $6 | Rake $0
Seat 4: AzureCaper (big blind) folded before Flop
Seat 6: onewayback (button) (small blind) collected ($6)


PokerStars Hand #145513409622:  Hold'em Limit ($3/$6 USD) - 2015/12/17 21:48:31 ET
Table 'Kalliope' 6-max Seat #4 is the button
Seat 4: AzureCaper ($118.17 in chips)
Seat 6: onewayback ($134.09 in chips)
AzureCaper: posts small blind $1
onewayback: posts big blind $3
*** HOLE CARDS ***
AzureCaper: raises $3 to $6
onewayback: calls $3
*** FLOP *** [Js 4c Ks]
onewayback: checks
AzureCaper: bets $3
onewayback: calls $3
*** TURN *** [Js 4c Ks] [3c]
onewayback: checks
AzureCaper: checks
*** RIVER *** [Js 4c Ks 3c] [2c]
onewayback: checks
AzureCaper: bets $6
onewayback: folds
Uncalled bet ($6) returned to AzureCaper
AzureCaper collected $17.64 from pot
AzureCaper: doesn't show hand
*** SUMMARY ***
Total pot $18 | Rake $0.36
Board [Js 4c Ks 3c 2c]
Seat 4: AzureCaper (button) (small blind) collected ($17.64)
Seat 6: onewayback (big blind) folded on the River


PokerStars Hand #145513453895:  Hold'em Limit ($3/$6 USD) - 2015/12/17 21:50:19 ET
Table 'Kalliope' 6-max Seat #4 is the button
Seat 4: AzureCaper ($141.81 in chips)
Seat 6: onewayback ($108.35 in chips)
AzureCaper: posts small blind $1
onewayback: posts big blind $3
*** HOLE CARDS ***
AzureCaper: raises $3 to $6
onewayback: raises $3 to $9
AzureCaper: calls $3
*** FLOP *** [4s 7h Ad]
onewayback: bets $3
AzureCaper: calls $3
*** TURN *** [4s 7h Ad] [8s]
onewayback: bets $6
AzureCaper: raises $6 to $12
onewayback: calls $6
*** RIVER *** [4s 7h Ad 8s] [7d]
onewayback: checks
AzureCaper: bets $6
onewayback: calls $6
*** SHOW DOWN ***
AzureCaper: shows [Ac 7s] (a full house, Sevens full of Aces)
onewayback: mucks hand
AzureCaper collected $59.50 from pot
*** SUMMARY ***
Total pot $60 | Rake $0.50
Board [4s 7h Ad 8s 7d]
Seat 4: AzureCaper (button) (small blind) showed [Ac 7s] and won ($59.50) with a full house, Sevens full of Aces
Seat 6: onewayback (big blind) mucked


PokerStars Hand #145513446873:  Hold'em Limit ($3/$6 USD) - 2015/12/17 21:50:02 ET
Table 'Kalliope' 6-max Seat #6 is the button
Seat 4: AzureCaper ($162.81 in chips)
Seat 6: onewayback ($87.85 in chips)
onewayback: posts small blind $1
AzureCaper: posts big blind $3
*** HOLE CARDS ***
onewayback: raises $3 to $6
AzureCaper: calls $3
*** FLOP *** [5d Jd 8d]
AzureCaper: checks
onewayback: bets $3
AzureCaper: calls $3
*** TURN *** [5d Jd 8d] [Qc]
AzureCaper: checks
onewayback: bets $6
AzureCaper: calls $6
*** RIVER *** [5d Jd 8d Qc] [As]
AzureCaper: checks
onewayback: bets $6
AzureCaper: calls $6
*** SHOW DOWN ***
onewayback: shows [6d 3d] (a flush, Jack high)
AzureCaper: mucks hand
onewayback collected $41.50 from pot
*** SUMMARY ***
Total pot $42 | Rake $0.50
Board [5d Jd 8d Qc As]
Seat 4: AzureCaper (big blind) mucked
Seat 6: onewayback (button) (small blind) showed [6d 3d] and won ($41.50) with a flush, Jack high


PokerStars Hand #145513442844:  Hold'em Limit ($3/$6 USD) - 2015/12/17 21:49:52 ET
Table 'Kalliope' 6-max Seat #4 is the button
Seat 4: AzureCaper ($163.81 in chips)
Seat 6: onewayback ($86.85 in chips)
AzureCaper: posts small blind $1
onewayback: posts big blind $3
*** HOLE CARDS ***
AzureCaper: folds
Uncalled bet ($2) returned to onewayback
onewayback collected $2 from pot
onewayback: doesn't show hand
*** SUMMARY ***
Total pot $2 | Rake $0
Seat 4: AzureCaper (button) (small blind) folded before Flop
Seat 6: onewayback (big blind) collected ($2)


PokerStars Hand #145513440905:  Hold'em Limit ($3/$6 USD) - 2015/12/17 21:49:47 ET
Table 'Kalliope' 6-max Seat #6 is the button
Seat 4: AzureCaper ($162.81 in chips)
Seat 6: onewayback ($87.85 in chips)
onewayback: posts small blind $1
AzureCaper: posts big blind $3
*** HOLE CARDS ***
onewayback: folds
Uncalled bet ($2) returned to AzureCaper
AzureCaper collected $2 from pot
AzureCaper: doesn't show hand
*** SUMMARY ***
Total pot $2 | Rake $0
Seat 4: AzureCaper (big blind) collected ($2)
Seat 6: onewayback (button) (small blind) folded before Flop


PokerStars Hand #145513438718:  Hold'em Limit ($3/$6 USD) - 2015/12/17 21:49:42 ET
Table 'Kalliope' 6-max Seat #4 is the button
Seat 4: AzureCaper ($159.81 in chips)
Seat 6: onewayback ($90.85 in chips)
AzureCaper: posts small blind $1
onewayback: posts big blind $3
*** HOLE CARDS ***
AzureCaper: raises $3 to $6
onewayback: folds
Uncalled bet ($3) returned to AzureCaper
AzureCaper collected $6 from pot
AzureCaper: doesn't show hand
*** SUMMARY ***
Total pot $6 | Rake $0
Seat 4: AzureCaper (button) (small blind) collected ($6)
Seat 6: onewayback (big blind) folded before Flop


PokerStars Hand #145513436880:  Hold'em Limit ($3/$6 USD) - 2015/12/17 21:49:38 ET
Table 'Kalliope' 6-max Seat #6 is the button
Seat 4: AzureCaper ($158.81 in chips)
Seat 6: onewayback ($91.85 in chips)
onewayback: posts small blind $1
AzureCaper: posts big blind $3
*** HOLE CARDS ***
onewayback: folds
Uncalled bet ($2) returned to AzureCaper
AzureCaper collected $2 from pot
AzureCaper: doesn't show hand
*** SUMMARY ***
Total pot $2 | Rake $0
Seat 4: AzureCaper (big blind) collected ($2)
Seat 6: onewayback (button) (small blind) folded before Flop


PokerStars Hand #145513482045:  Hold'em Limit ($3/$6 USD) - 2015/12/17 21:51:29 ET
Table 'Kalliope' 6-max Seat #4 is the button
Seat 4: AzureCaper ($133.95 in chips)
Seat 6: onewayback ($114.13 in chips)
AzureCaper: posts small blind $1
onewayback: posts big blind $3
*** HOLE CARDS ***
AzureCaper: raises $3 to $6
onewayback: folds
Uncalled bet ($3) returned to AzureCaper
AzureCaper collected $6 from pot
AzureCaper: doesn't show hand
*** SUMMARY ***
Total pot $6 | Rake $0
Seat 4: AzureCaper (button) (small blind) collected ($6)
Seat 6: onewayback (big blind) folded before Flop


PokerStars Hand #145513478612:  Hold'em Limit ($3/$6 USD) - 2015/12/17 21:51:20 ET
Table 'Kalliope' 6-max Seat #6 is the button
Seat 4: AzureCaper ($139.95 in chips)
Seat 6: onewayback ($108.37 in chips)
onewayback: posts small blind $1
AzureCaper: posts big blind $3
*** HOLE CARDS ***
onewayback: raises $3 to $6
AzureCaper: calls $3
*** FLOP *** [8h 2d 8d]
AzureCaper: checks
onewayback: bets $3
AzureCaper: folds
Uncalled bet ($3) returned to onewayback
onewayback collected $11.76 from pot
onewayback: doesn't show hand
*** SUMMARY ***
Total pot $12 | Rake $0.24
Board [8h 2d 8d]
Seat 4: AzureCaper (big blind) folded on the Flop
Seat 6: onewayback (button) (small blind) collected ($11.76)


PokerStars Hand #145513476828:  Hold'em Limit ($3/$6 USD) - 2015/12/17 21:51:16 ET
Table 'Kalliope' 6-max Seat #4 is the button
Seat 4: AzureCaper ($140.95 in chips)
Seat 6: onewayback ($107.37 in chips)
AzureCaper: posts small blind $1
onewayback: posts big blind $3
*** HOLE CARDS ***
AzureCaper: folds
Uncalled bet ($2) returned to onewayback
onewayback collected $2 from pot
onewayback: doesn't show hand
*** SUMMARY ***
Total pot $2 | Rake $0
Seat 4: AzureCaper (button) (small blind) folded before Flop
Seat 6: onewayback (big blind) collected ($2)


PokerStars Hand #145513469721:  Hold'em Limit ($3/$6 USD) - 2015/12/17 21:50:58 ET
Table 'Kalliope' 6-max Seat #6 is the button
Seat 4: AzureCaper ($167.95 in chips)
Seat 6: onewayback ($80.87 in chips)
onewayback: posts small blind $1
AzureCaper: posts big blind $3
*** HOLE CARDS ***
onewayback: raises $3 to $6
AzureCaper: raises $3 to $9
onewayback: raises $3 to $12
Betting is capped
AzureCaper: calls $3
*** FLOP *** [As Qs 5s]
AzureCaper: checks
onewayback: bets $3
AzureCaper: calls $3
*** TURN *** [As Qs 5s] [7d]
AzureCaper: checks
onewayback: bets $6
AzureCaper: calls $6
*** RIVER *** [As Qs 5s 7d] [Kd]
AzureCaper: checks
onewayback: bets $6
AzureCaper: calls $6
*** SHOW DOWN ***
onewayback: shows [Jd Td] (a straight, Ten to Ace)
AzureCaper: mucks hand
onewayback collected $53.50 from pot
*** SUMMARY ***
Total pot $54 | Rake $0.50
Board [As Qs 5s 7d Kd]
Seat 4: AzureCaper (big blind) mucked
Seat 6: onewayback (button) (small blind) showed [Jd Td] and won ($53.50) with a straight, Ten to Ace


PokerStars Hand #145513465297:  Hold'em Limit ($3/$6 USD) - 2015/12/17 21:50:47 ET
Table 'Kalliope' 6-max Seat #4 is the button
Seat 4: AzureCaper ($179.95 in chips)
Seat 6: onewayback ($69.35 in chips)
AzureCaper: posts small blind $1
onewayback: posts big blind $3
*** HOLE CARDS ***
AzureCaper: raises $3 to $6
onewayback: raises $3 to $9
AzureCaper: calls $3
*** FLOP *** [9d 6h As]
onewayback: bets $3
AzureCaper: calls $3
*** TURN *** [9d 6h As] [6c]
onewayback: bets $6
AzureCaper: folds
Uncalled bet ($6) returned to onewayback
onewayback collected $23.52 from pot
onewayback: doesn't show hand
*** SUMMARY ***
Total pot $24 | Rake $0.48
Board [9d 6h As 6c]
Seat 4: AzureCaper (button) (small blind) folded on the Turn
Seat 6: onewayback (big blind) collected ($23.52)


PokerStars Hand #145513460183:  Hold'em Limit ($3/$6 USD) - 2015/12/17 21:50:35 ET
Table 'Kalliope' 6-max Seat #6 is the button
Seat 4: AzureCaper ($171.31 in chips)
Seat 6: onewayback ($78.35 in chips)
onewayback: posts small blind $1
AzureCaper: posts big blind $3
*** HOLE CARDS ***
onewayback: raises $3 to $6
AzureCaper: calls $3
*** FLOP *** [3s 2s 3c]
AzureCaper: checks
onewayback: bets $3
AzureCaper: calls $3
*** TURN *** [3s 2s 3c] [Ks]
AzureCaper: checks
onewayback: checks
*** RIVER *** [3s 2s 3c Ks] [2d]
AzureCaper: bets $6
onewayback: folds
Uncalled bet ($6) returned to AzureCaper
AzureCaper collected $17.64 from pot
AzureCaper: doesn't show hand
*** SUMMARY ***
Total pot $18 | Rake $0.36
Board [3s 2s 3c Ks 2d]
Seat 4: AzureCaper (big blind) collected ($17.64)
Seat 6: onewayback (button) (small blind) folded on the River


PokerStars Hand #145513495073:  Hold'em Limit ($3/$6 USD) - 2015/12/17 21:52:01 ET
Table 'Kalliope' 6-max Seat #4 is the button
Seat 4: AzureCaper ($161.09 in chips)
Seat 6: onewayback ($86.13 in chips)
AzureCaper: posts small blind $1
onewayback: posts big blind $3
*** HOLE CARDS ***
AzureCaper: raises $3 to $6
onewayback: calls $3
*** FLOP *** [4d 8c 2s]
onewayback: checks
AzureCaper: bets $3
onewayback: calls $3
*** TURN *** [4d 8c 2s] [Kc]
onewayback: checks
AzureCaper: bets $6
onewayback: calls $6
*** RIVER *** [4d 8c 2s Kc] [Js]
onewayback: checks
AzureCaper: bets $6
onewayback: folds
Uncalled bet ($6) returned to AzureCaper
AzureCaper collected $29.50 from pot
AzureCaper: doesn't show hand
*** SUMMARY ***
Total pot $30 | Rake $0.50
Board [4d 8c 2s Kc Js]
Seat 4: AzureCaper (button) (small blind) collected ($29.50)
Seat 6: onewayback (big blind) folded on the River


PokerStars Hand #145513493213:  Hold'em Limit ($3/$6 USD) - 2015/12/17 21:51:56 ET
Table 'Kalliope' 6-max Seat #6 is the button
Seat 4: AzureCaper ($160.09 in chips)
Seat 6: onewayback ($87.13 in chips)
onewayback: posts small blind $1
AzureCaper: posts big blind $3
*** HOLE CARDS ***
onewayback: folds
Uncalled bet ($2) returned to AzureCaper
AzureCaper collected $2 from pot
AzureCaper: doesn't show hand
*** SUMMARY ***
Total pot $2 | Rake $0
Seat 4: AzureCaper (big blind) collected ($2)
Seat 6: onewayback (button) (small blind) folded before Flop


PokerStars Hand #145513487534:  Hold'em Limit ($3/$6 USD) - 2015/12/17 21:51:42 ET
Table 'Kalliope' 6-max Seat #4 is the button
Seat 4: AzureCaper ($145.59 in chips)
Seat 6: onewayback ($102.13 in chips)
AzureCaper: posts small blind $1
onewayback: posts big blind $3
*** HOLE CARDS ***
AzureCaper: raises $3 to $6
onewayback: calls $3
*** FLOP *** [8d Tc 6c]
onewayback: checks
AzureCaper: bets $3
onewayback: calls $3
*** TURN *** [8d Tc 6c] [Kc]
onewayback: checks
AzureCaper: checks
*** RIVER *** [8d Tc 6c Kc] [Ah]
onewayback: checks
AzureCaper: bets $6
onewayback: calls $6
*** SHOW DOWN ***
AzureCaper: shows [Ad 5d] (a pair of Aces)
onewayback: mucks hand
AzureCaper collected $29.50 from pot
*** SUMMARY ***
Total pot $30 | Rake $0.50
Board [8d Tc 6c Kc Ah]
Seat 4: AzureCaper (button) (small blind) showed [Ad 5d] and won ($29.50) with a pair of Aces
Seat 6: onewayback (big blind) mucked


PokerStars Hand #145513484065:  Hold'em Limit ($3/$6 USD) - 2015/12/17 21:51:34 ET
Table 'Kalliope' 6-max Seat #6 is the button
Seat 4: AzureCaper ($136.95 in chips)
Seat 6: onewayback ($111.13 in chips)
onewayback: posts small blind $1
AzureCaper: posts big blind $3
*** HOLE CARDS ***
onewayback: raises $3 to $6
AzureCaper: raises $3 to $9
onewayback: calls $3
*** FLOP *** [Ac 5h 2c]
AzureCaper: bets $3
onewayback: folds
Uncalled bet ($3) returned to AzureCaper
AzureCaper collected $17.64 from pot
AzureCaper: doesn't show hand
*** SUMMARY ***
Total pot $18 | Rake $0.36
Board [Ac 5h 2c]
Seat 4: AzureCaper (big blind) collected ($17.64)
Seat 6: onewayback (button) (small blind) folded on the Flop


PokerStars Hand #145513525414:  Hold'em Limit ($3/$6 USD) - 2015/12/17 21:53:15 ET
Table 'Kalliope' 6-max Seat #4 is the button
Seat 4: AzureCaper ($160.35 in chips)
Seat 6: onewayback ($85.17 in chips)
AzureCaper: posts small blind $1
onewayback: posts big blind $3
*** HOLE CARDS ***
AzureCaper: raises $3 to $6
onewayback: calls $3
*** FLOP *** [Qs 6d 6s]
onewayback: checks
AzureCaper: bets $3
onewayback: folds
Uncalled bet ($3) returned to AzureCaper
AzureCaper collected $11.76 from pot
AzureCaper: doesn't show hand
*** SUMMARY ***
Total pot $12 | Rake $0.24
Board [Qs 6d 6s]
Seat 4: AzureCaper (button) (small blind) collected ($11.76)
Seat 6: onewayback (big blind) folded on the Flop


PokerStars Hand #145513523515:  Hold'em Limit ($3/$6 USD) - 2015/12/17 21:53:11 ET
Table 'Kalliope' 6-max Seat #6 is the button
Seat 4: AzureCaper ($159.35 in chips)
Seat 6: onewayback ($86.17 in chips)
onewayback: posts small blind $1
AzureCaper: posts big blind $3
*** HOLE CARDS ***
onewayback: folds
Uncalled bet ($2) returned to AzureCaper
AzureCaper collected $2 from pot
AzureCaper: doesn't show hand
*** SUMMARY ***
Total pot $2 | Rake $0
Seat 4: AzureCaper (big blind) collected ($2)
Seat 6: onewayback (button) (small blind) folded before Flop


PokerStars Hand #145513520033:  Hold'em Limit ($3/$6 USD) - 2015/12/17 21:53:02 ET
Table 'Kalliope' 6-max Seat #4 is the button
Seat 4: AzureCaper ($168.35 in chips)
Seat 6: onewayback ($77.53 in chips)
AzureCaper: posts small blind $1
onewayback: posts big blind $3
*** HOLE CARDS ***
AzureCaper: raises $3 to $6
onewayback: raises $3 to $9
AzureCaper: calls $3
*** FLOP *** [Ts Ac 9h]
onewayback: bets $3
AzureCaper: folds
Uncalled bet ($3) returned to onewayback
onewayback collected $17.64 from pot
onewayback: doesn't show hand
*** SUMMARY ***
Total pot $18 | Rake $0.36
Board [Ts Ac 9h]
Seat 4: AzureCaper (button) (small blind) folded on the Flop
Seat 6: onewayback (big blind) collected ($17.64)


PokerStars Hand #145513518324:  Hold'em Limit ($3/$6 USD) - 2015/12/17 21:52:58 ET
Table 'Kalliope' 6-max Seat #6 is the button
Seat 4: AzureCaper ($167.35 in chips)
Seat 6: onewayback ($78.53 in chips)
onewayback: posts small blind $1
AzureCaper: posts big blind $3
*** HOLE CARDS ***
onewayback: folds
Uncalled bet ($2) returned to AzureCaper
AzureCaper collected $2 from pot
AzureCaper: doesn't show hand
*** SUMMARY ***
Total pot $2 | Rake $0
Seat 4: AzureCaper (big blind) collected ($2)
Seat 6: onewayback (button) (small blind) folded before Flop


PokerStars Hand #145513514888:  Hold'em Limit ($3/$6 USD) - 2015/12/17 21:52:50 ET
Table 'Kalliope' 6-max Seat #4 is the button
Seat 4: AzureCaper ($161.59 in chips)
Seat 6: onewayback ($84.53 in chips)
AzureCaper: posts small blind $1
onewayback: posts big blind $3
*** HOLE CARDS ***
AzureCaper: raises $3 to $6
onewayback: calls $3
*** FLOP *** [5h Ac 6d]
onewayback: checks
AzureCaper: bets $3
onewayback: folds
Uncalled bet ($3) returned to AzureCaper
AzureCaper collected $11.76 from pot
AzureCaper: doesn't show hand
*** SUMMARY ***
Total pot $12 | Rake $0.24
Board [5h Ac 6d]
Seat 4: AzureCaper (button) (small blind) collected ($11.76)
Seat 6: onewayback (big blind) folded on the Flop


PokerStars Hand #145513513165:  Hold'em Limit ($3/$6 USD) - 2015/12/17 21:52:45 ET
Table 'Kalliope' 6-max Seat #6 is the button
Seat 4: AzureCaper ($160.59 in chips)
Seat 6: onewayback ($85.53 in chips)
onewayback: posts small blind $1
AzureCaper: posts big blind $3
*** HOLE CARDS ***
onewayback: folds
Uncalled bet ($2) returned to AzureCaper
AzureCaper collected $2 from pot
AzureCaper: doesn't show hand
*** SUMMARY ***
Total pot $2 | Rake $0
Seat 4: AzureCaper (big blind) collected ($2)
Seat 6: onewayback (button) (small blind) folded before Flop


PokerStars Hand #145513506150:  Hold'em Limit ($3/$6 USD) - 2015/12/17 21:52:28 ET
Table 'Kalliope' 6-max Seat #4 is the button
Seat 4: AzureCaper ($169.59 in chips)
Seat 6: onewayback ($76.89 in chips)
AzureCaper: posts small blind $1
onewayback: posts big blind $3
*** HOLE CARDS ***
AzureCaper: raises $3 to $6
onewayback: calls $3
*** FLOP *** [8s 5d 4s]
onewayback: checks
AzureCaper: bets $3
onewayback: calls $3
*** TURN *** [8s 5d 4s] [Jh]
onewayback: checks
AzureCaper: checks
*** RIVER *** [8s 5d 4s Jh] [As]
onewayback: bets $6
AzureCaper: folds
Uncalled bet ($6) returned to onewayback
onewayback collected $17.64 from pot
onewayback: doesn't show hand
*** SUMMARY ***
Total pot $18 | Rake $0.36
Board [8s 5d 4s Jh As]
Seat 4: AzureCaper (button) (small blind) folded on the River
Seat 6: onewayback (big blind) collected ($17.64)


PokerStars Hand #145513536054:  Hold'em Limit ($3/$6 USD) - 2015/12/17 21:53:42 ET
Table 'Kalliope' 6-max Seat #4 is the button
Seat 4: AzureCaper ($142.11 in chips)
Seat 6: onewayback ($102.67 in chips)
AzureCaper: posts small blind $1
onewayback: posts big blind $3
*** HOLE CARDS ***
AzureCaper: raises $3 to $6
onewayback: calls $3
*** FLOP *** [Ad 3d Jh]
onewayback: checks
AzureCaper: bets $3
onewayback: calls $3
*** TURN *** [Ad 3d Jh] [Qc]
onewayback: checks
AzureCaper: bets $6
onewayback: calls $6
*** RIVER *** [Ad 3d Jh Qc] [Kc]
onewayback: checks
AzureCaper: bets $6
onewayback: folds
Uncalled bet ($6) returned to AzureCaper
AzureCaper collected $29.50 from pot
AzureCaper: doesn't show hand
*** SUMMARY ***
Total pot $30 | Rake $0.50
Board [Ad 3d Jh Qc Kc]
Seat 4: AzureCaper (button) (small blind) collected ($29.50)
Seat 6: onewayback (big blind) folded on the River


PokerStars Hand #145513529616:  Hold'em Limit ($3/$6 USD) - 2015/12/17 21:53:26 ET
Table 'Kalliope' 6-max Seat #6 is the button
Seat 4: AzureCaper ($166.11 in chips)
Seat 6: onewayback ($79.17 in chips)
onewayback: posts small blind $1
AzureCaper: posts big blind $3
*** HOLE CARDS ***
onewayback: raises $3 to $6
AzureCaper: raises $3 to $9
onewayback: calls $3
*** FLOP *** [4c 8s 4h]
AzureCaper: bets $3
onewayback: calls $3
*** TURN *** [4c 8s 4h] [7h]
AzureCaper: bets $6
onewayback: calls $6
*** RIVER *** [4c 8s 4h 7h] [7c]
AzureCaper: checks
onewayback: bets $6
AzureCaper: calls $6
*** SHOW DOWN ***
onewayback: shows [5s 4s] (a full house, Fours full of Sevens)
scorpio04 joins the table at seat #1
AzureCaper: mucks hand
onewayback collected $47.50 from pot
*** SUMMARY ***
Total pot $48 | Rake $0.50
Board [4c 8s 4h 7h 7c]
Seat 4: AzureCaper (big blind) mucked
Seat 6: onewayback (button) (small blind) showed [5s 4s] and won ($47.50) with a full house, Fours full of Sevens


