PokerStars Hand #163751162408:  Hold'em Limit ($3/$6 USD) - 2016/12/29 23:10:51 ET
Table 'Kalliope' 6-max Seat #1 is the button
Seat 1: ToDaFelt ($120 in chips)
Seat 4: Smyley12345 ($120 in chips)
ToDaFelt: posts small blind $1
Smyley12345: posts big blind $3
*** HOLE CARDS ***
ToDaFelt: raises $3 to $6
Smyley12345: raises $3 to $9
ToDaFelt: calls $3
*** FLOP *** [3h Qc 4s]
Smyley12345: bets $3
ToDaFelt: calls $3
*** TURN *** [3h Qc 4s] [Ks]
Smyley12345: bets $6
ToDaFelt: calls $6
*** RIVER *** [3h Qc 4s Ks] [6c]
Smyley12345: bets $6
ToDaFelt: calls $6
*** SHOW DOWN ***
Smyley12345: shows [Kh 6d] (two pair, Kings and Sixes)
ToDaFelt: mucks hand
Smyley12345 collected $47.50 from pot
*** SUMMARY ***
Total pot $48 | Rake $0.50
Board [3h Qc 4s Ks 6c]
Seat 1: ToDaFelt (button) (small blind) mucked
Seat 4: Smyley12345 (big blind) showed [Kh 6d] and won ($47.50) with two pair, Kings and Sixes


PokerStars Hand #163751188469:  Hold'em Limit ($3/$6 USD) - 2016/12/29 23:12:05 ET
Table 'Kalliope' 6-max Seat #4 is the button
Seat 1: ToDaFelt ($96 in chips)
Seat 4: Smyley12345 ($143.50 in chips)
Smyley12345: posts small blind $1
ToDaFelt: posts big blind $3
*** HOLE CARDS ***
Smyley12345: raises $3 to $6
ToDaFelt: calls $3
*** FLOP *** [7c Qh 4s]
ToDaFelt: checks
Smyley12345: bets $3
ToDaFelt: calls $3
*** TURN *** [7c Qh 4s] [9d]
ToDaFelt: checks
Smyley12345: checks
*** RIVER *** [7c Qh 4s 9d] [4c]
ToDaFelt: bets $6
Smyley12345: folds
Uncalled bet ($6) returned to ToDaFelt
ToDaFelt collected $17.64 from pot
ToDaFelt: doesn't show hand
*** SUMMARY ***
Total pot $18 | Rake $0.36
Board [7c Qh 4s 9d 4c]
Seat 1: ToDaFelt (big blind) collected ($17.64)
Seat 4: Smyley12345 (button) (small blind) folded on the River


PokerStars Hand #163751205781:  Hold'em Limit ($3/$6 USD) - 2016/12/29 23:12:53 ET
Table 'Kalliope' 6-max Seat #1 is the button
Seat 1: ToDaFelt ($104.64 in chips)
Seat 4: Smyley12345 ($134.50 in chips)
ToDaFelt: posts small blind $1
Smyley12345: posts big blind $3
*** HOLE CARDS ***
ToDaFelt: raises $3 to $6
Smyley12345: calls $3
*** FLOP *** [5d 4h Jc]
Smyley12345: checks
ToDaFelt: bets $3
Smyley12345: calls $3
*** TURN *** [5d 4h Jc] [9d]
Smyley12345: checks
ToDaFelt: checks
*** RIVER *** [5d 4h Jc 9d] [5c]
Smyley12345: bets $6
ToDaFelt: calls $6
*** SHOW DOWN ***
Smyley12345: shows [6d Tc] (a pair of Fives)
ToDaFelt: shows [2c Ks] (a pair of Fives - King kicker)
ToDaFelt collected $29.50 from pot
*** SUMMARY ***
Total pot $30 | Rake $0.50
Board [5d 4h Jc 9d 5c]
Seat 1: ToDaFelt (button) (small blind) showed [2c Ks] and won ($29.50) with a pair of Fives
Seat 4: Smyley12345 (big blind) showed [6d Tc] and lost with a pair of Fives


PokerStars Hand #163751220276:  Hold'em Limit ($3/$6 USD) - 2016/12/29 23:13:34 ET
Table 'Kalliope' 6-max Seat #4 is the button
Seat 1: ToDaFelt ($119.14 in chips)
Seat 4: Smyley12345 ($119.50 in chips)
Smyley12345: posts small blind $1
ToDaFelt: posts big blind $3
*** HOLE CARDS ***
krytalex joins the table at seat #5
Smyley12345: raises $3 to $6
ToDaFelt: raises $3 to $9
karambakilla joins the table at seat #2
Smyley12345: calls $3
*** FLOP *** [Qc 9h 2s]
ToDaFelt: bets $3
Smyley12345: calls $3
*** TURN *** [Qc 9h 2s] [4c]
ToDaFelt: bets $6
Smyley12345: raises $6 to $12
ToDaFelt: folds
Uncalled bet ($6) returned to Smyley12345
Smyley12345 collected $35.50 from pot
Smyley12345: doesn't show hand
*** SUMMARY ***
Total pot $36 | Rake $0.50
Board [Qc 9h 2s 4c]
Seat 1: ToDaFelt (big blind) folded on the Turn
Seat 4: Smyley12345 (button) (small blind) collected ($35.50)


PokerStars Hand #163751696298:  Hold'em Limit ($3/$6 USD) - 2016/12/29 23:36:58 ET
Table 'Kalliope' 6-max Seat #1 is the button
Seat 1: ToDaFelt ($148.35 in chips)
Seat 4: fire852181 ($94 in chips)
ToDaFelt: posts small blind $1
fire852181: posts big blind $3
*** HOLE CARDS ***
ToDaFelt: raises $3 to $6
fire852181: calls $3
*** FLOP *** [2d Qd 6s]
fire852181: checks
ToDaFelt: bets $3
fire852181: folds
Uncalled bet ($3) returned to ToDaFelt
ToDaFelt collected $11.76 from pot
ToDaFelt: doesn't show hand
*** SUMMARY ***
Total pot $12 | Rake $0.24
Board [2d Qd 6s]
Seat 1: ToDaFelt (button) (small blind) collected ($11.76)
Seat 4: fire852181 (big blind) folded on the Flop


PokerStars Hand #163751705297:  Hold'em Limit ($3/$6 USD) - 2016/12/29 23:37:25 ET
Table 'Kalliope' 6-max Seat #4 is the button
Seat 1: ToDaFelt ($154.11 in chips)
Seat 4: fire852181 ($88 in chips)
fire852181: posts small blind $1
ToDaFelt: posts big blind $3
*** HOLE CARDS ***
fire852181: raises $3 to $6
ToDaFelt: calls $3
*** FLOP *** [9s 4h 4d]
ToDaFelt: checks
fire852181: bets $3
ToDaFelt: raises $3 to $6
fire852181: calls $3
*** TURN *** [9s 4h 4d] [Ks]
ToDaFelt: bets $6
fire852181: raises $6 to $12
ToDaFelt: raises $6 to $18
fire852181: folds
Uncalled bet ($6) returned to ToDaFelt
ToDaFelt collected $47.50 from pot
ToDaFelt: doesn't show hand
*** SUMMARY ***
Total pot $48 | Rake $0.50
Board [9s 4h 4d Ks]
Seat 1: ToDaFelt (big blind) collected ($47.50)
Seat 4: fire852181 (button) (small blind) folded on the Turn


PokerStars Hand #163751718207:  Hold'em Limit ($3/$6 USD) - 2016/12/29 23:38:05 ET
Table 'Kalliope' 6-max Seat #1 is the button
Seat 1: ToDaFelt ($177.61 in chips)
Seat 4: fire852181 ($64 in chips)
ToDaFelt: posts small blind $1
fire852181: posts big blind $3
*** HOLE CARDS ***
ToDaFelt: raises $3 to $6
fire852181: calls $3
*** FLOP *** [As 7s 6s]
fire852181: checks
ToDaFelt: bets $3
fire852181: raises $3 to $6
ToDaFelt: folds
Uncalled bet ($3) returned to fire852181
fire852181 collected $17.64 from pot
fire852181: doesn't show hand
*** SUMMARY ***
Total pot $18 | Rake $0.36
Board [As 7s 6s]
Seat 1: ToDaFelt (button) (small blind) folded on the Flop
Seat 4: fire852181 (big blind) collected ($17.64)


PokerStars Hand #163751725010:  Hold'em Limit ($3/$6 USD) - 2016/12/29 23:38:26 ET
Table 'Kalliope' 6-max Seat #4 is the button
Seat 1: ToDaFelt ($168.61 in chips)
Seat 4: fire852181 ($72.64 in chips)
fire852181: posts small blind $1
ToDaFelt: posts big blind $3
*** HOLE CARDS ***
fire852181: raises $3 to $6
ToDaFelt: raises $3 to $9
fire852181: calls $3
*** FLOP *** [7d 5d 5s]
ToDaFelt: bets $3
fire852181: raises $3 to $6
ToDaFelt: calls $3
*** TURN *** [7d 5d 5s] [5c]
ToDaFelt: checks
fire852181: bets $6
ToDaFelt: folds
Uncalled bet ($6) returned to fire852181
fire852181 collected $29.50 from pot
fire852181: doesn't show hand
*** SUMMARY ***
Total pot $30 | Rake $0.50
Board [7d 5d 5s 5c]
Seat 1: ToDaFelt (big blind) folded on the Turn
Seat 4: fire852181 (button) (small blind) collected ($29.50)


PokerStars Hand #163751757424:  Hold'em Limit ($3/$6 USD) - 2016/12/29 23:39:49 ET
Table 'Kalliope' 6-max Seat #1 is the button
Seat 1: ToDaFelt ($153.61 in chips)
Seat 4: fire852181 ($87.14 in chips)
ToDaFelt: posts small blind $1
fire852181: posts big blind $3
*** HOLE CARDS ***
ToDaFelt: raises $3 to $6
fire852181: calls $3
*** FLOP *** [4d 2h Ks]
fire852181: checks
ToDaFelt: bets $3
fire852181: folds
Uncalled bet ($3) returned to ToDaFelt
ToDaFelt collected $11.76 from pot
ToDaFelt: doesn't show hand
*** SUMMARY ***
Total pot $12 | Rake $0.24
Board [4d 2h Ks]
Seat 1: ToDaFelt (button) (small blind) collected ($11.76)
Seat 4: fire852181 (big blind) folded on the Flop


PokerStars Hand #163751764745:  Hold'em Limit ($3/$6 USD) - 2016/12/29 23:40:12 ET
Table 'Kalliope' 6-max Seat #4 is the button
Seat 1: ToDaFelt ($159.37 in chips)
Seat 4: fire852181 ($81.14 in chips)
fire852181: posts small blind $1
ToDaFelt: posts big blind $3
*** HOLE CARDS ***
fire852181: raises $3 to $6
ToDaFelt: calls $3
*** FLOP *** [5d Kc 8d]
Snuffymo joins the table at seat #3
ToDaFelt: checks
fire852181: bets $3
ToDaFelt: raises $3 to $6
fire852181: raises $3 to $9
ToDaFelt: calls $3
*** TURN *** [5d Kc 8d] [Td]
ToDaFelt: checks
fire852181: checks
*** RIVER *** [5d Kc 8d Td] [5s]
ToDaFelt: bets $6
fire852181: calls $6
*** SHOW DOWN ***
ToDaFelt: shows [5c 6d] (three of a kind, Fives)
fire852181: mucks hand
ToDaFelt collected $41.50 from pot
*** SUMMARY ***
Total pot $42 | Rake $0.50
Board [5d Kc 8d Td 5s]
Seat 1: ToDaFelt (big blind) showed [5c 6d] and won ($41.50) with three of a kind, Fives
Seat 4: fire852181 (button) (small blind) mucked


PokerStars Hand #163751928518:  Hold'em Limit ($3/$6 USD) - 2016/12/29 23:48:40 ET
Table 'Kalliope' 6-max Seat #6 is the button
Seat 1: ToDaFelt ($188.98 in chips)
Seat 6: iphone6161 ($68 in chips)
iphone6161: posts small blind $1
ToDaFelt: posts big blind $3
*** HOLE CARDS ***
iphone6161: folds
Uncalled bet ($2) returned to ToDaFelt
ToDaFelt collected $2 from pot
ToDaFelt: doesn't show hand
*** SUMMARY ***
Total pot $2 | Rake $0
Seat 1: ToDaFelt (big blind) collected ($2)
Seat 6: iphone6161 (button) (small blind) folded before Flop


PokerStars Hand #163751916704:  Hold'em Limit ($3/$6 USD) - 2016/12/29 23:48:02 ET
Table 'Kalliope' 6-max Seat #1 is the button
Seat 1: ToDaFelt ($171.48 in chips)
Seat 6: iphone6161 ($86 in chips)
ToDaFelt: posts small blind $1
iphone6161: posts big blind $3
*** HOLE CARDS ***
ToDaFelt: raises $3 to $6
iphone6161: calls $3
*** FLOP *** [2d Th 4s]
iphone6161: checks
ToDaFelt: bets $3
iphone6161: raises $3 to $6
jiajia88 joins the table at seat #5
ToDaFelt: calls $3
*** TURN *** [2d Th 4s] [Js]
iphone6161: bets $6
ToDaFelt: raises $6 to $12
iphone6161: folds
Uncalled bet ($6) returned to ToDaFelt
ToDaFelt collected $35.50 from pot
ToDaFelt: doesn't show hand
*** SUMMARY ***
Total pot $36 | Rake $0.50
Board [2d Th 4s Js]
Seat 1: ToDaFelt (button) (small blind) collected ($35.50)
Seat 6: iphone6161 (big blind) folded on the Turn


PokerStars Hand #163751915093:  Hold'em Limit ($3/$6 USD) - 2016/12/29 23:47:57 ET
Table 'Kalliope' 6-max Seat #6 is the button
Seat 1: ToDaFelt ($170.48 in chips)
Seat 6: iphone6161 ($87 in chips)
iphone6161: posts small blind $1
ToDaFelt: posts big blind $3
*** HOLE CARDS ***
fire852181 is disconnected
iphone6161: folds
Uncalled bet ($2) returned to ToDaFelt
ToDaFelt collected $2 from pot
ToDaFelt: doesn't show hand
*** SUMMARY ***
Total pot $2 | Rake $0
Seat 1: ToDaFelt (big blind) collected ($2)
Seat 6: iphone6161 (button) (small blind) folded before Flop


PokerStars Hand #163751900842:  Hold'em Limit ($3/$6 USD) - 2016/12/29 23:47:13 ET
Table 'Kalliope' 6-max Seat #1 is the button
Seat 1: ToDaFelt ($146.98 in chips)
Seat 6: iphone6161 ($111 in chips)
ToDaFelt: posts small blind $1
fire852181: is sitting out
iphone6161: posts big blind $3
*** HOLE CARDS ***
ToDaFelt: raises $3 to $6
iphone6161: calls $3
*** FLOP *** [Td Ts 3d]
iphone6161: checks
ToDaFelt: bets $3
iphone6161: raises $3 to $6
ToDaFelt: calls $3
*** TURN *** [Td Ts 3d] [Qd]
iphone6161: bets $6
ToDaFelt: calls $6
*** RIVER *** [Td Ts 3d Qd] [5s]
iphone6161: bets $6
ToDaFelt: calls $6
*** SHOW DOWN ***
iphone6161: shows [Jh 3c] (two pair, Tens and Threes)
ToDaFelt: shows [Jc Jd] (two pair, Jacks and Tens)
ToDaFelt collected $47.50 from pot
*** SUMMARY ***
Total pot $48 | Rake $0.50
Board [Td Ts 3d Qd 5s]
Seat 1: ToDaFelt (button) (small blind) showed [Jc Jd] and won ($47.50) with two pair, Jacks and Tens
Seat 6: iphone6161 (big blind) showed [Jh 3c] and lost with two pair, Tens and Threes


PokerStars Hand #163754086063:  Hold'em Limit ($3/$6 USD) - 2016/12/30 1:52:29 ET
Table 'Kalliope' 6-max Seat #1 is the button
Seat 1: ToDaFelt ($213.65 in chips)
Seat 2: krytalex ($72 in chips)
ToDaFelt: posts small blind $1
krytalex: posts big blind $3
*** HOLE CARDS ***
ToDaFelt: raises $3 to $6
krytalex: calls $3
*** FLOP *** [6c Qd Th]
krytalex: checks
ToDaFelt: bets $3
krytalex: calls $3
*** TURN *** [6c Qd Th] [2h]
krytalex: checks
ToDaFelt: checks
*** RIVER *** [6c Qd Th 2h] [3c]
krytalex: bets $6
ToDaFelt: calls $6
*** SHOW DOWN ***
krytalex: shows [6h 5d] (a pair of Sixes)
ToDaFelt: mucks hand
krytalex collected $29.50 from pot
*** SUMMARY ***
Total pot $30 | Rake $0.50
Board [6c Qd Th 2h 3c]
Seat 1: ToDaFelt (button) (small blind) mucked
Seat 2: krytalex (big blind) showed [6h 5d] and won ($29.50) with a pair of Sixes


