PokerStars Hand #163535029248:  Hold'em Limit ($3/$6 USD) - 2016/12/26 3:50:05 ET
Table 'Kalm' 6-max Seat #1 is the button
Seat 1: LifeisagameX ($85 in chips)
Seat 4: kingj1978 ($93.50 in chips)
LifeisagameX: posts small blind $1
kingj1978: posts big blind $3
*** HOLE CARDS ***
LifeisagameX: raises $3 to $6
kingj1978: calls $3
*** FLOP *** [7d Jc 2h]
kingj1978: bets $3
LifeisagameX: calls $3
*** TURN *** [7d Jc 2h] [5d]
kingj1978: bets $6
LifeisagameX: calls $6
*** RIVER *** [7d Jc 2h 5d] [Ks]
kingj1978: checks
LifeisagameX: bets $6
kingj1978: calls $6
*** SHOW DOWN ***
LifeisagameX: shows [Jd 4h] (a pair of Jacks)
kingj1978: mucks hand
LifeisagameX collected $41.50 from pot
*** SUMMARY ***
Total pot $42 | Rake $0.50
Board [7d Jc 2h 5d Ks]
Seat 1: LifeisagameX (button) (small blind) showed [Jd 4h] and won ($41.50) with a pair of Jacks
Seat 4: kingj1978 (big blind) mucked


PokerStars Hand #163535027586:  Hold'em Limit ($3/$6 USD) - 2016/12/26 3:50:00 ET
Table 'Kalm' 6-max Seat #4 is the button
Seat 1: LifeisagameX ($84 in chips)
Seat 4: kingj1978 ($94.50 in chips)
kingj1978: posts small blind $1
LifeisagameX: posts big blind $3
*** HOLE CARDS ***
kingj1978: folds
Uncalled bet ($2) returned to LifeisagameX
LifeisagameX collected $2 from pot
LifeisagameX: doesn't show hand
*** SUMMARY ***
Total pot $2 | Rake $0
Seat 1: LifeisagameX (big blind) collected ($2)
Seat 4: kingj1978 (button) (small blind) folded before Flop


PokerStars Hand #163535014549:  Hold'em Limit ($3/$6 USD) - 2016/12/26 3:49:22 ET
Table 'Kalm' 6-max Seat #1 is the button
Seat 1: LifeisagameX ($84 in chips)
Seat 4: kingj1978 ($80 in chips)
LifeisagameX: posts small blind $1
kingj1978: posts big blind $3
*** HOLE CARDS ***
LifeisagameX: raises $3 to $6
kingj1978: calls $3
*** FLOP *** [7s 4s 3c]
kingj1978: checks
LifeisagameX: bets $3
kingj1978: calls $3
*** TURN *** [7s 4s 3c] [3d]
kingj1978: checks
LifeisagameX: checks
*** RIVER *** [7s 4s 3c 3d] [Qh]
kingj1978: bets $6
LifeisagameX: calls $6
*** SHOW DOWN ***
kingj1978: shows [6h 3h] (three of a kind, Threes)
LifeisagameX: mucks hand
kingj1978 collected $29.50 from pot
*** SUMMARY ***
Total pot $30 | Rake $0.50
Board [7s 4s 3c 3d Qh]
Seat 1: LifeisagameX (button) (small blind) mucked
Seat 4: kingj1978 (big blind) showed [6h 3h] and won ($29.50) with three of a kind, Threes


PokerStars Hand #163535041543:  Hold'em Limit ($3/$6 USD) - 2016/12/26 3:50:40 ET
Table 'Kalm' 6-max Seat #4 is the button
Seat 1: LifeisagameX ($105.50 in chips)
Seat 4: kingj1978 ($72.50 in chips)
kingj1978: posts small blind $1
LifeisagameX: posts big blind $3
*** HOLE CARDS ***
kingj1978: raises $3 to $6
LifeisagameX: raises $3 to $9
kingj1978: calls $3
*** FLOP *** [Qc Qs 5h]
LifeisagameX: bets $3
kingj1978: calls $3
*** TURN *** [Qc Qs 5h] [Th]
LifeisagameX: checks
kingj1978: bets $6
LifeisagameX: calls $6
*** RIVER *** [Qc Qs 5h Th] [3d]
LifeisagameX: checks
kingj1978: bets $6
LifeisagameX: calls $6
*** SHOW DOWN ***
kingj1978: shows [Jh 9h] (a pair of Queens)
LifeisagameX: shows [5c 7c] (two pair, Queens and Fives)
LifeisagameX collected $47.50 from pot
*** SUMMARY ***
Total pot $48 | Rake $0.50
Board [Qc Qs 5h Th 3d]
Seat 1: LifeisagameX (big blind) showed [5c 7c] and won ($47.50) with two pair, Queens and Fives
Seat 4: kingj1978 (button) (small blind) showed [Jh 9h] and lost with a pair of Queens


PokerStars Hand #163535057839:  Hold'em Limit ($3/$6 USD) - 2016/12/26 3:51:27 ET
Table 'Kalm' 6-max Seat #1 is the button
Seat 1: LifeisagameX ($129 in chips)
Seat 4: kingj1978 ($48.50 in chips)
LifeisagameX: posts small blind $1
kingj1978: posts big blind $3
*** HOLE CARDS ***
LifeisagameX: raises $3 to $6
kingj1978: calls $3
*** FLOP *** [2c Js Jd]
kingj1978: checks
LifeisagameX: checks
*** TURN *** [2c Js Jd] [6c]
kingj1978: checks
LifeisagameX: checks
*** RIVER *** [2c Js Jd 6c] [8c]
kingj1978: bets $6
LifeisagameX: folds
Uncalled bet ($6) returned to kingj1978
kingj1978 collected $11.76 from pot
*** SUMMARY ***
Total pot $12 | Rake $0.24
Board [2c Js Jd 6c 8c]
Seat 1: LifeisagameX (button) (small blind) folded on the River
Seat 4: kingj1978 (big blind) collected ($11.76)


PokerStars Hand #163535069042:  Hold'em Limit ($3/$6 USD) - 2016/12/26 3:51:59 ET
Table 'Kalm' 6-max Seat #4 is the button
Seat 1: LifeisagameX ($123 in chips)
Seat 4: kingj1978 ($54.26 in chips)
kingj1978: posts small blind $1
LifeisagameX: posts big blind $3
*** HOLE CARDS ***
kingj1978: calls $2
LifeisagameX: checks
*** FLOP *** [7c 8h 2s]
LifeisagameX: checks
kingj1978: bets $3
LifeisagameX: raises $3 to $6
kingj1978: calls $3
*** TURN *** [7c 8h 2s] [Td]
LifeisagameX: bets $6
kingj1978: calls $6
*** RIVER *** [7c 8h 2s Td] [Jc]
LifeisagameX: checks
kingj1978: bets $6
LifeisagameX: folds
Uncalled bet ($6) returned to kingj1978
kingj1978 collected $29.50 from pot
*** SUMMARY ***
Total pot $30 | Rake $0.50
Board [7c 8h 2s Td Jc]
Seat 1: LifeisagameX (big blind) folded on the River
Seat 4: kingj1978 (button) (small blind) collected ($29.50)


PokerStars Hand #163535086008:  Hold'em Limit ($3/$6 USD) - 2016/12/26 3:52:48 ET
Table 'Kalm' 6-max Seat #1 is the button
Seat 1: LifeisagameX ($108 in chips)
Seat 4: kingj1978 ($68.76 in chips)
LifeisagameX: posts small blind $1
kingj1978: posts big blind $3
*** HOLE CARDS ***
LifeisagameX: raises $3 to $6
kingj1978: calls $3
*** FLOP *** [2c Jc 4h]
kingj1978: checks
LifeisagameX: bets $3
kingj1978: raises $3 to $6
LifeisagameX: calls $3
*** TURN *** [2c Jc 4h] [3s]
kingj1978: bets $6
LifeisagameX: raises $6 to $12
kingj1978: raises $6 to $18
LifeisagameX: calls $6
*** RIVER *** [2c Jc 4h 3s] [Js]
kingj1978: bets $6
LifeisagameX: calls $6
*** SHOW DOWN ***
kingj1978: shows [5c 6s] (a straight, Deuce to Six)
LifeisagameX: shows [2h 2s] (a full house, Deuces full of Jacks)
LifeisagameX collected $71.50 from pot
*** SUMMARY ***
Total pot $72 | Rake $0.50
Board [2c Jc 4h 3s Js]
Seat 1: LifeisagameX (button) (small blind) showed [2h 2s] and won ($71.50) with a full house, Deuces full of Jacks
Seat 4: kingj1978 (big blind) showed [5c 6s] and lost with a straight, Deuce to Six


PokerStars Hand #163535101803:  Hold'em Limit ($3/$6 USD) - 2016/12/26 3:53:34 ET
Table 'Kalm' 6-max Seat #4 is the button
Seat 1: LifeisagameX ($143.50 in chips)
Seat 4: kingj1978 ($32.76 in chips)
kingj1978: posts small blind $1
LifeisagameX: posts big blind $3
*** HOLE CARDS ***
kingj1978: raises $3 to $6
LifeisagameX: calls $3
*** FLOP *** [Th 6s 3h]
LifeisagameX: checks
kingj1978: bets $3
LifeisagameX: calls $3
*** TURN *** [Th 6s 3h] [8h]
LifeisagameX: checks
kingj1978: bets $6
LifeisagameX: calls $6
*** RIVER *** [Th 6s 3h 8h] [Ad]
LifeisagameX: checks
kingj1978: bets $6
LifeisagameX: folds
Uncalled bet ($6) returned to kingj1978
kingj1978 collected $29.50 from pot
*** SUMMARY ***
Total pot $30 | Rake $0.50
Board [Th 6s 3h 8h Ad]
Seat 1: LifeisagameX (big blind) folded on the River
Seat 4: kingj1978 (button) (small blind) collected ($29.50)


PokerStars Hand #163535116529:  Hold'em Limit ($3/$6 USD) - 2016/12/26 3:54:16 ET
Table 'Kalm' 6-max Seat #1 is the button
Seat 1: LifeisagameX ($128.50 in chips)
Seat 4: kingj1978 ($47.26 in chips)
LifeisagameX: posts small blind $1
kingj1978: posts big blind $3
*** HOLE CARDS ***
LifeisagameX: raises $3 to $6
kingj1978: folds
Uncalled bet ($3) returned to LifeisagameX
LifeisagameX collected $6 from pot
LifeisagameX: doesn't show hand
*** SUMMARY ***
Total pot $6 | Rake $0
Seat 1: LifeisagameX (button) (small blind) collected ($6)
Seat 4: kingj1978 (big blind) folded before Flop


PokerStars Hand #163535121514:  Hold'em Limit ($3/$6 USD) - 2016/12/26 3:54:30 ET
Table 'Kalm' 6-max Seat #4 is the button
Seat 1: LifeisagameX ($131.50 in chips)
Seat 4: kingj1978 ($44.26 in chips)
kingj1978: posts small blind $1
LifeisagameX: posts big blind $3
*** HOLE CARDS ***
kingj1978: raises $3 to $6
LifeisagameX: raises $3 to $9
kingj1978: calls $3
*** FLOP *** [7d Jc 3s]
LifeisagameX: bets $3
kingj1978: calls $3
*** TURN *** [7d Jc 3s] [5s]
LifeisagameX: bets $6
kingj1978: folds
Uncalled bet ($6) returned to LifeisagameX
LifeisagameX collected $23.52 from pot
LifeisagameX: doesn't show hand
*** SUMMARY ***
Total pot $24 | Rake $0.48
Board [7d Jc 3s 5s]
Seat 1: LifeisagameX (big blind) collected ($23.52)
Seat 4: kingj1978 (button) (small blind) folded on the Turn


PokerStars Hand #163535136420:  Hold'em Limit ($3/$6 USD) - 2016/12/26 3:55:12 ET
Table 'Kalm' 6-max Seat #1 is the button
Seat 1: LifeisagameX ($143.02 in chips)
Seat 4: kingj1978 ($32.26 in chips)
LifeisagameX: posts small blind $1
kingj1978: posts big blind $3
*** HOLE CARDS ***
LifeisagameX: raises $3 to $6
kingj1978: calls $3
*** FLOP *** [Kc As 8s]
kingj1978: checks
LifeisagameX: bets $3
kingj1978: folds
Uncalled bet ($3) returned to LifeisagameX
LifeisagameX collected $11.76 from pot
LifeisagameX: doesn't show hand
*** SUMMARY ***
Total pot $12 | Rake $0.24
Board [Kc As 8s]
Seat 1: LifeisagameX (button) (small blind) collected ($11.76)
Seat 4: kingj1978 (big blind) folded on the Flop


PokerStars Hand #163535148244:  Hold'em Limit ($3/$6 USD) - 2016/12/26 3:55:49 ET
Table 'Kalm' 6-max Seat #4 is the button
Seat 1: LifeisagameX ($148.78 in chips)
Seat 4: kingj1978 ($26.26 in chips)
kingj1978: posts small blind $1
LifeisagameX: posts big blind $3
*** HOLE CARDS ***
kingj1978: raises $3 to $6
LifeisagameX: calls $3
*** FLOP *** [Qd 9c 4h]
LifeisagameX: checks
kingj1978: bets $3
LifeisagameX: calls $3
*** TURN *** [Qd 9c 4h] [8d]
LifeisagameX: checks
kingj1978: bets $6
LifeisagameX: calls $6
*** RIVER *** [Qd 9c 4h 8d] [2s]
LifeisagameX: checks
kingj1978: bets $6
LifeisagameX: calls $6
*** SHOW DOWN ***
kingj1978: shows [7c 9s] (a pair of Nines)
LifeisagameX: mucks hand
kingj1978 collected $41.50 from pot
*** SUMMARY ***
Total pot $42 | Rake $0.50
Board [Qd 9c 4h 8d 2s]
Seat 1: LifeisagameX (big blind) mucked
Seat 4: kingj1978 (button) (small blind) showed [7c 9s] and won ($41.50) with a pair of Nines


PokerStars Hand #163535166401:  Hold'em Limit ($3/$6 USD) - 2016/12/26 3:56:45 ET
Table 'Kalm' 6-max Seat #4 is the button
Seat 1: LifeisagameX ($126.78 in chips)
Seat 4: kingj1978 ($47.76 in chips)
kingj1978: posts small blind $1
LifeisagameX: posts big blind $3
*** HOLE CARDS ***
kingj1978: folds
Uncalled bet ($2) returned to LifeisagameX
LifeisagameX collected $2 from pot
LifeisagameX: doesn't show hand
*** SUMMARY ***
Total pot $2 | Rake $0
Seat 1: LifeisagameX (big blind) collected ($2)
Seat 4: kingj1978 (button) (small blind) folded before Flop


PokerStars Hand #163535188128:  Hold'em Limit ($3/$6 USD) - 2016/12/26 3:57:51 ET
Table 'Kalm' 6-max Seat #4 is the button
Seat 1: LifeisagameX ($140.28 in chips)
Seat 4: kingj1978 ($33.28 in chips)
kingj1978: posts small blind $1
LifeisagameX: posts big blind $3
*** HOLE CARDS ***
kingj1978: folds
Uncalled bet ($2) returned to LifeisagameX
LifeisagameX collected $2 from pot
LifeisagameX: doesn't show hand
*** SUMMARY ***
Total pot $2 | Rake $0
Seat 1: LifeisagameX (big blind) collected ($2)
Seat 4: kingj1978 (button) (small blind) folded before Flop


PokerStars Hand #163535178544:  Hold'em Limit ($3/$6 USD) - 2016/12/26 3:57:22 ET
Table 'Kalm' 6-max Seat #4 is the button
Seat 1: LifeisagameX ($151.28 in chips)
Seat 4: kingj1978 ($22.76 in chips)
kingj1978: posts small blind $1
LifeisagameX: posts big blind $3
*** HOLE CARDS ***
kingj1978: folds
Uncalled bet ($2) returned to LifeisagameX
LifeisagameX collected $2 from pot
LifeisagameX: doesn't show hand
*** SUMMARY ***
Total pot $2 | Rake $0
Seat 1: LifeisagameX (big blind) collected ($2)
Seat 4: kingj1978 (button) (small blind) folded before Flop


PokerStars Hand #163535167897:  Hold'em Limit ($3/$6 USD) - 2016/12/26 3:56:50 ET
Table 'Kalm' 6-max Seat #1 is the button
Seat 1: LifeisagameX ($127.78 in chips)
Seat 4: kingj1978 ($46.76 in chips)
LifeisagameX: posts small blind $1
kingj1978: posts big blind $3
*** HOLE CARDS ***
LifeisagameX: raises $3 to $6
kingj1978: raises $3 to $9
LifeisagameX: calls $3
*** FLOP *** [2d Kh 8d]
kingj1978: bets $3
LifeisagameX: calls $3
*** TURN *** [2d Kh 8d] [9s]
kingj1978: bets $6
LifeisagameX: calls $6
*** RIVER *** [2d Kh 8d 9s] [3d]
kingj1978: bets $6
LifeisagameX: calls $6
*** SHOW DOWN ***
kingj1978: shows [Jd Qc] (high card King)
LifeisagameX: shows [Th 8h] (a pair of Eights)
LifeisagameX collected $47.50 from pot
*** SUMMARY ***
Total pot $48 | Rake $0.50
Board [2d Kh 8d 9s 3d]
Seat 1: LifeisagameX (button) (small blind) showed [Th 8h] and won ($47.50) with a pair of Eights
Seat 4: kingj1978 (big blind) showed [Jd Qc] and lost with high card King


PokerStars Hand #163535180124:  Hold'em Limit ($3/$6 USD) - 2016/12/26 3:57:27 ET
Table 'Kalm' 6-max Seat #1 is the button
Seat 1: LifeisagameX ($152.28 in chips)
Seat 4: kingj1978 ($21.76 in chips)
LifeisagameX: posts small blind $1
kingj1978: posts big blind $3
*** HOLE CARDS ***
LifeisagameX: raises $3 to $6
kingj1978: calls $3
*** FLOP *** [3c 7s 6h]
kingj1978: checks
LifeisagameX: checks
*** TURN *** [3c 7s 6h] [Qs]
kingj1978: bets $6
LifeisagameX: calls $6
*** RIVER *** [3c 7s 6h Qs] [9h]
kingj1978: checks
LifeisagameX: checks
*** SHOW DOWN ***
kingj1978: shows [6d 8d] (a pair of Sixes)
LifeisagameX: mucks hand
kingj1978 collected $23.52 from pot
*** SUMMARY ***
Total pot $24 | Rake $0.48
Board [3c 7s 6h Qs 9h]
Seat 1: LifeisagameX (button) (small blind) mucked
Seat 4: kingj1978 (big blind) showed [6d 8d] and won ($23.52) with a pair of Sixes


PokerStars Hand #163535189635:  Hold'em Limit ($3/$6 USD) - 2016/12/26 3:57:56 ET
Table 'Kalm' 6-max Seat #1 is the button
Seat 1: LifeisagameX ($141.28 in chips)
Seat 4: kingj1978 ($32.28 in chips)
LifeisagameX: posts small blind $1
kingj1978: posts big blind $3
*** HOLE CARDS ***
LifeisagameX: raises $3 to $6
kingj1978: calls $3
*** FLOP *** [4d 3d 8h]
kingj1978: checks
LifeisagameX: checks
*** TURN *** [4d 3d 8h] [9d]
kingj1978: checks
LifeisagameX: bets $6
kingj1978: folds
Uncalled bet ($6) returned to LifeisagameX
LifeisagameX collected $11.76 from pot
LifeisagameX: doesn't show hand
*** SUMMARY ***
Total pot $12 | Rake $0.24
Board [4d 3d 8h 9d]
Seat 1: LifeisagameX (button) (small blind) collected ($11.76)
Seat 4: kingj1978 (big blind) folded on the Turn


PokerStars Hand #163535198448:  Hold'em Limit ($3/$6 USD) - 2016/12/26 3:58:23 ET
Table 'Kalm' 6-max Seat #4 is the button
Seat 1: LifeisagameX ($147.04 in chips)
Seat 4: kingj1978 ($26.28 in chips)
kingj1978: posts small blind $1
LifeisagameX: posts big blind $3
*** HOLE CARDS ***
kingj1978: raises $3 to $6
LifeisagameX: calls $3
*** FLOP *** [Ah 2d 5d]
LifeisagameX: checks
kingj1978: bets $3
LifeisagameX: folds
Uncalled bet ($3) returned to kingj1978
kingj1978 collected $11.76 from pot
*** SUMMARY ***
Total pot $12 | Rake $0.24
Board [Ah 2d 5d]
Seat 1: LifeisagameX (big blind) folded on the Flop
Seat 4: kingj1978 (button) (small blind) collected ($11.76)


PokerStars Hand #163535202054:  Hold'em Limit ($3/$6 USD) - 2016/12/26 3:58:34 ET
Table 'Kalm' 6-max Seat #1 is the button
Seat 1: LifeisagameX ($141.04 in chips)
Seat 4: kingj1978 ($32.04 in chips)
LifeisagameX: posts small blind $1
kingj1978: posts big blind $3
*** HOLE CARDS ***
LifeisagameX: raises $3 to $6
kingj1978: calls $3
*** FLOP *** [Kd 6d 6c]
kingj1978: checks
LifeisagameX: checks
*** TURN *** [Kd 6d 6c] [Ts]
kingj1978: checks
LifeisagameX: checks
*** RIVER *** [Kd 6d 6c Ts] [9c]
kingj1978: checks
LifeisagameX: bets $6
kingj1978: folds
Uncalled bet ($6) returned to LifeisagameX
LifeisagameX collected $11.76 from pot
LifeisagameX: doesn't show hand
*** SUMMARY ***
Total pot $12 | Rake $0.24
Board [Kd 6d 6c Ts 9c]
Seat 1: LifeisagameX (button) (small blind) collected ($11.76)
Seat 4: kingj1978 (big blind) folded on the River


PokerStars Hand #163535213753:  Hold'em Limit ($3/$6 USD) - 2016/12/26 3:59:10 ET
Table 'Kalm' 6-max Seat #4 is the button
Seat 1: LifeisagameX ($146.80 in chips)
Seat 4: kingj1978 ($26.04 in chips)
kingj1978: posts small blind $1
LifeisagameX: posts big blind $3
*** HOLE CARDS ***
kingj1978: raises $3 to $6
LifeisagameX: calls $3
*** FLOP *** [8h Qd 9h]
LifeisagameX: checks
kingj1978: bets $3
LifeisagameX: calls $3
*** TURN *** [8h Qd 9h] [As]
LifeisagameX: checks
kingj1978: bets $6
LifeisagameX: raises $6 to $12
kingj1978: calls $6
*** RIVER *** [8h Qd 9h As] [Qs]
LifeisagameX: bets $6
kingj1978: calls $5.04 and is all-in
Uncalled bet ($0.96) returned to LifeisagameX
*** SHOW DOWN ***
LifeisagameX: shows [Ad 8s] (two pair, Aces and Queens)
kingj1978: shows [9d 7h] (two pair, Queens and Nines)
LifeisagameX collected $51.58 from pot
*** SUMMARY ***
Total pot $52.08 | Rake $0.50
Board [8h Qd 9h As Qs]
Seat 1: LifeisagameX (big blind) showed [Ad 8s] and won ($51.58) with two pair, Aces and Queens
Seat 4: kingj1978 (button) (small blind) showed [9d 7h] and lost with two pair, Queens and Nines


PokerStars Hand #163535210091:  Hold'em Limit ($3/$6 USD) - 2016/12/26 3:58:58 ET
Table 'Kalm' 6-max Seat #4 is the button
Seat 1: LifeisagameX ($146.80 in chips)
Seat 4: kingj1978 ($26.04 in chips)
kingj1978: posts small blind $1
LifeisagameX: posts big blind $3
*** HOLE CARDS ***
kingj1978: folds
Uncalled bet ($2) returned to LifeisagameX
LifeisagameX collected $2 from pot
LifeisagameX: doesn't show hand
*** SUMMARY ***
Total pot $2 | Rake $0
Seat 1: LifeisagameX (big blind) collected ($2)
Seat 4: kingj1978 (button) (small blind) folded before Flop


PokerStars Hand #163535234676:  Hold'em Limit ($3/$6 USD) - 2016/12/26 4:00:13 ET
Table 'Kalm' 6-max Seat #1 is the button
Seat 1: LifeisagameX ($172.34 in chips)
Seat 6: BeaGarcia505 ($120 in chips)
LifeisagameX: posts small blind $1
BeaGarcia505: posts big blind $3
*** HOLE CARDS ***
Krazy90 joins the table at seat #2
LifeisagameX: raises $3 to $6
BeaGarcia505: calls $3
*** FLOP *** [3h 2c Tc]
BeaGarcia505: checks
LifeisagameX: bets $3
BeaGarcia505: calls $3
*** TURN *** [3h 2c Tc] [2h]
BeaGarcia505: checks
LifeisagameX: bets $6
BeaGarcia505: calls $6
*** RIVER *** [3h 2c Tc 2h] [4h]
BeaGarcia505: checks
LifeisagameX: bets $6
BeaGarcia505: calls $6
*** SHOW DOWN ***
LifeisagameX: shows [5d Th] (two pair, Tens and Deuces)
BeaGarcia505: mucks hand
LifeisagameX collected $41.50 from pot
*** SUMMARY ***
Total pot $42 | Rake $0.50
Board [3h 2c Tc 2h 4h]
Seat 1: LifeisagameX (button) (small blind) showed [5d Th] and won ($41.50) with two pair, Tens and Deuces
Seat 6: BeaGarcia505 (big blind) mucked


PokerStars Hand #163535249944:  Hold'em Limit ($3/$6 USD) - 2016/12/26 4:00:58 ET
Table 'Kalm' 6-max Seat #6 is the button
Seat 1: LifeisagameX ($192.84 in chips)
Seat 6: BeaGarcia505 ($99 in chips)
BeaGarcia505: posts small blind $1
LifeisagameX: posts big blind $3
*** HOLE CARDS ***
BeaGarcia505: folds
Uncalled bet ($2) returned to LifeisagameX
LifeisagameX collected $2 from pot
LifeisagameX: doesn't show hand
*** SUMMARY ***
Total pot $2 | Rake $0
Seat 1: LifeisagameX (big blind) collected ($2)
Seat 6: BeaGarcia505 (button) (small blind) folded before Flop


PokerStars Hand #163535264891:  Hold'em Limit ($3/$6 USD) - 2016/12/26 4:01:40 ET
Table 'Kalm' 6-max Seat #2 is the button
Seat 2: Krazy90 ($120 in chips)
Seat 6: BeaGarcia505 ($98 in chips)
Krazy90: posts small blind $1
BeaGarcia505: posts big blind $3
*** HOLE CARDS ***
Krazy90: raises $3 to $6
BeaGarcia505: raises $3 to $9
Krazy90: calls $3
*** FLOP *** [9s Jh 6s]
LifeisagameX leaves the table
BeaGarcia505: bets $3
Krazy90: calls $3
*** TURN *** [9s Jh 6s] [Kc]
BeaGarcia505: bets $6
Krazy90: raises $6 to $12
BeaGarcia505: calls $6
*** RIVER *** [9s Jh 6s Kc] [8c]
BeaGarcia505: checks
Krazy90: bets $6
BeaGarcia505: folds
Uncalled bet ($6) returned to Krazy90
BeaGarcia505 leaves the table
Krazy90 collected $47.50 from pot
Krazy90: doesn't show hand
*** SUMMARY ***
Total pot $48 | Rake $0.50
Board [9s Jh 6s Kc 8c]
Seat 2: Krazy90 (button) (small blind) collected ($47.50)
Seat 6: BeaGarcia505 (big blind) folded on the River


