PokerStars Hand #170027310457:  Hold'em Limit ($3/$6 USD) - 2017/05/06 8:01:26 ET
Table 'Kalyke' 6-max Seat #2 is the button
Seat 2: parnishka11 ($26 in chips)
Seat 4: Agrotait ($76 in chips)
parnishka11: posts small blind $1
Agrotait: posts big blind $3
*** HOLE CARDS ***
parnishka11: raises $3 to $6
Agrotait: raises $3 to $9
parnishka11: calls $3
*** FLOP *** [3h 8s 7h]
Agrotait: bets $3
parnishka11: raises $3 to $6
Agrotait: raises $3 to $9
parnishka11: raises $3 to $12
Betting is capped
Agrotait: calls $3
*** TURN *** [3h 8s 7h] [6s]
Agrotait: bets $6
parnishka11: calls $5 and is all-in
Uncalled bet ($1) returned to Agrotait
*** RIVER *** [3h 8s 7h 6s] [Ks]
*** SHOW DOWN ***
Agrotait: shows [Ad Ah] (a pair of Aces)
parnishka11: shows [As 7c] (a pair of Sevens)
Agrotait collected $51.50 from pot
*** SUMMARY ***
Total pot $52 | Rake $0.50
Board [3h 8s 7h 6s Ks]
Seat 2: parnishka11 (button) (small blind) showed [As 7c] and lost with a pair of Sevens
Seat 4: Agrotait (big blind) showed [Ad Ah] and won ($51.50) with a pair of Aces


PokerStars Hand #170027301877:  Hold'em Limit ($3/$6 USD) - 2017/05/06 8:01:08 ET
Table 'Kalyke' 6-max Seat #4 is the button
Seat 2: parnishka11 ($29 in chips)
Seat 4: Agrotait ($73 in chips)
Agrotait: posts small blind $1
parnishka11: posts big blind $3
*** HOLE CARDS ***
Agrotait: raises $3 to $6
parnishka11: folds
Uncalled bet ($3) returned to Agrotait
Agrotait collected $6 from pot
Agrotait: doesn't show hand
*** SUMMARY ***
Total pot $6 | Rake $0
Seat 2: parnishka11 (big blind) folded before Flop
Seat 4: Agrotait (button) (small blind) collected ($6)


PokerStars Hand #170027295324:  Hold'em Limit ($3/$6 USD) - 2017/05/06 8:00:55 ET
Table 'Kalyke' 6-max Seat #2 is the button
Seat 2: parnishka11 ($30 in chips)
Seat 4: Agrotait ($72 in chips)
parnishka11: posts small blind $1
Agrotait: posts big blind $3
*** HOLE CARDS ***
parnishka11: folds
Uncalled bet ($2) returned to Agrotait
Agrotait collected $2 from pot
Agrotait: doesn't show hand
*** SUMMARY ***
Total pot $2 | Rake $0
Seat 2: parnishka11 (button) (small blind) folded before Flop
Seat 4: Agrotait (big blind) collected ($2)


