PokerStars Hand #145674209631:  Hold'em Limit ($3/$6 USD) - 2015/12/21 2:09:38 ET
Table 'Kalypso' 2-max Seat #2 is the button
Seat 1: Cah4ec1982 ($120 in chips)
Seat 2: cergei735 ($78 in chips)
cergei735: posts small blind $1
Cah4ec1982: posts big blind $3
*** HOLE CARDS ***
cergei735: calls $2
Cah4ec1982: checks
*** FLOP *** [Qc 3s 8h]
Cah4ec1982: checks
cergei735: bets $3
Cah4ec1982: calls $3
*** TURN *** [Qc 3s 8h] [6s]
Cah4ec1982: checks
cergei735: bets $6
Cah4ec1982: calls $6
*** RIVER *** [Qc 3s 8h 6s] [7s]
Cah4ec1982: checks
cergei735: bets $6
Cah4ec1982: calls $6
*** SHOW DOWN ***
cergei735: shows [6c Tc] (a pair of Sixes)
Cah4ec1982: mucks hand
cergei735 collected $35.50 from pot
*** SUMMARY ***
Total pot $36 | Rake $0.50
Board [Qc 3s 8h 6s 7s]
Seat 1: Cah4ec1982 (big blind) mucked
Seat 2: cergei735 (button) (small blind) showed [6c Tc] and won ($35.50) with a pair of Sixes


PokerStars Hand #145674228221:  Hold'em Limit ($3/$6 USD) - 2015/12/21 2:10:53 ET
Table 'Kalypso' 2-max Seat #2 is the button
Seat 1: Cah4ec1982 ($111.76 in chips)
Seat 2: cergei735 ($85.50 in chips)
cergei735: posts small blind $1
Cah4ec1982: posts big blind $3
*** HOLE CARDS ***
cergei735: calls $2
Cah4ec1982: checks
*** FLOP *** [Tc Td 5s]
Cah4ec1982: bets $3
cergei735: calls $3
*** TURN *** [Tc Td 5s] [6h]
Cah4ec1982: bets $6
cergei735: folds
Uncalled bet ($6) returned to Cah4ec1982
Cah4ec1982 collected $11.76 from pot
Cah4ec1982: doesn't show hand
*** SUMMARY ***
Total pot $12 | Rake $0.24
Board [Tc Td 5s 6h]
Seat 1: Cah4ec1982 (big blind) collected ($11.76)
Seat 2: cergei735 (button) (small blind) folded on the Turn


PokerStars Hand #145674232186:  Hold'em Limit ($3/$6 USD) - 2015/12/21 2:11:09 ET
Table 'Kalypso' 2-max Seat #1 is the button
Seat 1: Cah4ec1982 ($117.52 in chips)
Seat 2: cergei735 ($79.50 in chips)
Cah4ec1982: posts small blind $1
cergei735: posts big blind $3
*** HOLE CARDS ***
Cah4ec1982: raises $3 to $6
cergei735: calls $3
*** FLOP *** [9h Th 2c]
cergei735: bets $3
Cah4ec1982: calls $3
*** TURN *** [9h Th 2c] [3c]
cergei735: bets $6
Cah4ec1982: raises $6 to $12
cergei735: calls $6
*** RIVER *** [9h Th 2c 3c] [9d]
cergei735: bets $6
Cah4ec1982: calls $6
*** SHOW DOWN ***
cergei735: shows [Ac Qh] (a pair of Nines)
Cah4ec1982: shows [Kc Kh] (two pair, Kings and Nines)
Cah4ec1982 collected $53.50 from pot
*** SUMMARY ***
Total pot $54 | Rake $0.50
Board [9h Th 2c 3c 9d]
Seat 1: Cah4ec1982 (button) (small blind) showed [Kc Kh] and won ($53.50) with two pair, Kings and Nines
Seat 2: cergei735 (big blind) showed [Ac Qh] and lost with a pair of Nines


PokerStars Hand #145674226748:  Hold'em Limit ($3/$6 USD) - 2015/12/21 2:10:47 ET
Table 'Kalypso' 2-max Seat #1 is the button
Seat 1: Cah4ec1982 ($108.76 in chips)
Seat 2: cergei735 ($88.50 in chips)
Cah4ec1982: posts small blind $1
cergei735: posts big blind $3
*** HOLE CARDS ***
Cah4ec1982: raises $3 to $6
cergei735: folds
Uncalled bet ($3) returned to Cah4ec1982
Cah4ec1982 collected $6 from pot
Cah4ec1982: doesn't show hand
*** SUMMARY ***
Total pot $6 | Rake $0
Seat 1: Cah4ec1982 (button) (small blind) collected ($6)
Seat 2: cergei735 (big blind) folded before Flop


PokerStars Hand #145674225048:  Hold'em Limit ($3/$6 USD) - 2015/12/21 2:10:40 ET
Table 'Kalypso' 2-max Seat #2 is the button
Seat 1: Cah4ec1982 ($107.76 in chips)
Seat 2: cergei735 ($89.50 in chips)
cergei735: posts small blind $1
Cah4ec1982: posts big blind $3
*** HOLE CARDS ***
cergei735: folds
Uncalled bet ($2) returned to Cah4ec1982
Cah4ec1982 collected $2 from pot
Cah4ec1982: doesn't show hand
*** SUMMARY ***
Total pot $2 | Rake $0
Seat 1: Cah4ec1982 (big blind) collected ($2)
Seat 2: cergei735 (button) (small blind) folded before Flop


PokerStars Hand #145674220299:  Hold'em Limit ($3/$6 USD) - 2015/12/21 2:10:21 ET
Table 'Kalypso' 2-max Seat #1 is the button
Seat 1: Cah4ec1982 ($102 in chips)
Seat 2: cergei735 ($95.50 in chips)
Cah4ec1982: posts small blind $1
cergei735: posts big blind $3
*** HOLE CARDS ***
Cah4ec1982: raises $3 to $6
cergei735: calls $3
*** FLOP *** [3s Qs 5s]
cergei735: checks
Cah4ec1982: bets $3
cergei735: folds
Uncalled bet ($3) returned to Cah4ec1982
Cah4ec1982 collected $11.76 from pot
Cah4ec1982: doesn't show hand
*** SUMMARY ***
Total pot $12 | Rake $0.24
Board [3s Qs 5s]
Seat 1: Cah4ec1982 (button) (small blind) collected ($11.76)
Seat 2: cergei735 (big blind) folded on the Flop


PokerStars Hand #145674250583:  Hold'em Limit ($3/$6 USD) - 2015/12/21 2:12:22 ET
Table 'Kalypso' 2-max Seat #2 is the button
Seat 1: Cah4ec1982 ($164.52 in chips)
Seat 2: cergei735 ($31 in chips)
cergei735: posts small blind $1
Cah4ec1982: posts big blind $3
*** HOLE CARDS ***
cergei735: folds
Uncalled bet ($2) returned to Cah4ec1982
Cah4ec1982 collected $2 from pot
Cah4ec1982: doesn't show hand
*** SUMMARY ***
Total pot $2 | Rake $0
Seat 1: Cah4ec1982 (big blind) collected ($2)
Seat 2: cergei735 (button) (small blind) folded before Flop


PokerStars Hand #145674244451:  Hold'em Limit ($3/$6 USD) - 2015/12/21 2:11:58 ET
Table 'Kalypso' 2-max Seat #1 is the button
Seat 1: Cah4ec1982 ($123.02 in chips)
Seat 2: cergei735 ($73 in chips)
Cah4ec1982: posts small blind $1
cergei735: posts big blind $3
*** HOLE CARDS ***
Cah4ec1982: raises $3 to $6
cergei735: calls $3
*** FLOP *** [9s 8d 4d]
cergei735: bets $3
Cah4ec1982: raises $3 to $6
cergei735: calls $3
*** TURN *** [9s 8d 4d] [Jc]
cergei735: bets $6
Cah4ec1982: raises $6 to $12
cergei735: raises $6 to $18
Cah4ec1982: calls $6
*** RIVER *** [9s 8d 4d Jc] [Kh]
cergei735: bets $6
Cah4ec1982: raises $6 to $12
cergei735: calls $6
*** SHOW DOWN ***
Cah4ec1982: shows [8s 8c] (three of a kind, Eights)
cergei735: mucks hand
Cah4ec1982 collected $83.50 from pot
*** SUMMARY ***
Total pot $84 | Rake $0.50
Board [9s 8d 4d Jc Kh]
Seat 1: Cah4ec1982 (button) (small blind) showed [8s 8c] and won ($83.50) with three of a kind, Eights
Seat 2: cergei735 (big blind) mucked


PokerStars Hand #145674242211:  Hold'em Limit ($3/$6 USD) - 2015/12/21 2:11:49 ET
Table 'Kalypso' 2-max Seat #2 is the button
Seat 1: Cah4ec1982 ($126.02 in chips)
Seat 2: cergei735 ($70 in chips)
cergei735: posts small blind $1
Cah4ec1982: posts big blind $3
*** HOLE CARDS ***
cergei735: raises $3 to $6
Cah4ec1982: folds
Uncalled bet ($3) returned to cergei735
cergei735 collected $6 from pot
*** SUMMARY ***
Total pot $6 | Rake $0
Seat 1: Cah4ec1982 (big blind) folded before Flop
Seat 2: cergei735 (button) (small blind) collected ($6)


PokerStars Hand #145674240734:  Hold'em Limit ($3/$6 USD) - 2015/12/21 2:11:43 ET
Table 'Kalypso' 2-max Seat #1 is the button
Seat 1: Cah4ec1982 ($123.02 in chips)
Seat 2: cergei735 ($73 in chips)
Cah4ec1982: posts small blind $1
cergei735: posts big blind $3
*** HOLE CARDS ***
Cah4ec1982: raises $3 to $6
cergei735: folds
Uncalled bet ($3) returned to Cah4ec1982
Cah4ec1982 collected $6 from pot
Cah4ec1982: doesn't show hand
*** SUMMARY ***
Total pot $6 | Rake $0
Seat 1: Cah4ec1982 (button) (small blind) collected ($6)
Seat 2: cergei735 (big blind) folded before Flop


PokerStars Hand #145674237230:  Hold'em Limit ($3/$6 USD) - 2015/12/21 2:11:29 ET
Table 'Kalypso' 2-max Seat #2 is the button
Seat 1: Cah4ec1982 ($144.02 in chips)
Seat 2: cergei735 ($52.50 in chips)
cergei735: posts small blind $1
Cah4ec1982: posts big blind $3
*** HOLE CARDS ***
cergei735: raises $3 to $6
Cah4ec1982: calls $3
*** FLOP *** [2c 9c 7s]
Cah4ec1982: checks
cergei735: bets $3
Cah4ec1982: calls $3
*** TURN *** [2c 9c 7s] [6s]
Cah4ec1982: checks
cergei735: bets $6
Cah4ec1982: calls $6
*** RIVER *** [2c 9c 7s 6s] [Kd]
Cah4ec1982: checks
cergei735: bets $6
Cah4ec1982: calls $6
*** SHOW DOWN ***
cergei735: shows [Kc 8c] (a pair of Kings)
Cah4ec1982: mucks hand
cergei735 collected $41.50 from pot
*** SUMMARY ***
Total pot $42 | Rake $0.50
Board [2c 9c 7s 6s Kd]
Seat 1: Cah4ec1982 (big blind) mucked
Seat 2: cergei735 (button) (small blind) showed [Kc 8c] and won ($41.50) with a pair of Kings


PokerStars Hand #145674252318:  Hold'em Limit ($3/$6 USD) - 2015/12/21 2:12:29 ET
Table 'Kalypso' 2-max Seat #1 is the button
Seat 1: Cah4ec1982 ($165.52 in chips)
Seat 2: cergei735 ($37.48 in chips)
Cah4ec1982: posts small blind $1
cergei735: posts big blind $3
*** HOLE CARDS ***
Cah4ec1982: raises $3 to $6
cergei735: folds
Uncalled bet ($3) returned to Cah4ec1982
Cah4ec1982 collected $6 from pot
Cah4ec1982: doesn't show hand
*** SUMMARY ***
Total pot $6 | Rake $0
Seat 1: Cah4ec1982 (button) (small blind) collected ($6)
Seat 2: cergei735 (big blind) folded before Flop


PokerStars Hand #145674264769:  Hold'em Limit ($3/$6 USD) - 2015/12/21 2:13:18 ET
Table 'Kalypso' 2-max Seat #1 is the button
Seat 1: Cah4ec1982 ($147.52 in chips)
Seat 2: cergei735 ($54.98 in chips)
Cah4ec1982: posts small blind $1
cergei735: posts big blind $3
*** HOLE CARDS ***
Cah4ec1982: raises $3 to $6
cergei735: folds
Uncalled bet ($3) returned to Cah4ec1982
Cah4ec1982 collected $6 from pot
Cah4ec1982: doesn't show hand
*** SUMMARY ***
Total pot $6 | Rake $0
Seat 1: Cah4ec1982 (button) (small blind) collected ($6)
Seat 2: cergei735 (big blind) folded before Flop


PokerStars Hand #145674255346:  Hold'em Limit ($3/$6 USD) - 2015/12/21 2:12:41 ET
Table 'Kalypso' 2-max Seat #2 is the button
Seat 1: Cah4ec1982 ($168.52 in chips)
Seat 2: cergei735 ($34.48 in chips)
cergei735: posts small blind $1
Cah4ec1982: posts big blind $3
*** HOLE CARDS ***
cergei735: raises $3 to $6
Cah4ec1982: calls $3
*** FLOP *** [5s Qs 9s]
Cah4ec1982: checks
cergei735: bets $3
Cah4ec1982: calls $3
*** TURN *** [5s Qs 9s] [Th]
Cah4ec1982: checks
cergei735: bets $6
Cah4ec1982: calls $6
*** RIVER *** [5s Qs 9s Th] [Jh]
Cah4ec1982: checks
cergei735: bets $6
Cah4ec1982: calls $6
*** SHOW DOWN ***
cergei735: shows [Kc 8d] (a straight, Nine to King)
Cah4ec1982: mucks hand
cergei735 collected $41.50 from pot
*** SUMMARY ***
Total pot $42 | Rake $0.50
Board [5s Qs 9s Th Jh]
Seat 1: Cah4ec1982 (big blind) mucked
Seat 2: cergei735 (button) (small blind) showed [Kc 8d] and won ($41.50) with a straight, Nine to King


PokerStars Hand #145674270371:  Hold'em Limit ($3/$6 USD) - 2015/12/21 2:13:40 ET
Table 'Kalypso' 2-max Seat #1 is the button
Seat 1: Cah4ec1982 ($151.52 in chips)
Seat 2: cergei735 ($50.98 in chips)
Cah4ec1982: posts small blind $1
cergei735: posts big blind $3
*** HOLE CARDS ***
Cah4ec1982: raises $3 to $6
cergei735: folds
Uncalled bet ($3) returned to Cah4ec1982
Cah4ec1982 collected $6 from pot
Cah4ec1982: doesn't show hand
*** SUMMARY ***
Total pot $6 | Rake $0
Seat 1: Cah4ec1982 (button) (small blind) collected ($6)
Seat 2: cergei735 (big blind) folded before Flop


PokerStars Hand #145674266183:  Hold'em Limit ($3/$6 USD) - 2015/12/21 2:13:24 ET
Table 'Kalypso' 2-max Seat #2 is the button
Seat 1: Cah4ec1982 ($150.52 in chips)
Seat 2: cergei735 ($51.98 in chips)
cergei735: posts small blind $1
Cah4ec1982: posts big blind $3
*** HOLE CARDS ***
cergei735: folds
Uncalled bet ($2) returned to Cah4ec1982
Cah4ec1982 collected $2 from pot
Cah4ec1982: doesn't show hand
*** SUMMARY ***
Total pot $2 | Rake $0
Seat 1: Cah4ec1982 (big blind) collected ($2)
Seat 2: cergei735 (button) (small blind) folded before Flop


PokerStars Hand #145674280575:  Hold'em Limit ($3/$6 USD) - 2015/12/21 2:14:21 ET
Table 'Kalypso' 2-max Seat #2 is the button
Seat 1: Cah4ec1982 ($136.40 in chips)
Seat 2: cergei735 ($65.48 in chips)
cergei735: posts small blind $1
Cah4ec1982: posts big blind $3
*** HOLE CARDS ***
cergei735: folds
Uncalled bet ($2) returned to Cah4ec1982
Cah4ec1982 collected $2 from pot
Cah4ec1982: doesn't show hand
*** SUMMARY ***
Total pot $2 | Rake $0
Seat 1: Cah4ec1982 (big blind) collected ($2)
Seat 2: cergei735 (button) (small blind) folded before Flop


PokerStars Hand #145674275711:  Hold'em Limit ($3/$6 USD) - 2015/12/21 2:14:01 ET
Table 'Kalypso' 2-max Seat #1 is the button
Seat 1: Cah4ec1982 ($157.40 in chips)
Seat 2: cergei735 ($44.98 in chips)
Cah4ec1982: posts small blind $1
cergei735: posts big blind $3
*** HOLE CARDS ***
Cah4ec1982: raises $3 to $6
cergei735: calls $3
*** FLOP *** [Kd 2d As]
cergei735: checks
Cah4ec1982: bets $3
cergei735: calls $3
*** TURN *** [Kd 2d As] [6c]
cergei735: bets $6
Cah4ec1982: calls $6
*** RIVER *** [Kd 2d As 6c] [6s]
cergei735: bets $6
Cah4ec1982: calls $6
*** SHOW DOWN ***
cergei735: shows [Ac 6h] (a full house, Sixes full of Aces)
Cah4ec1982: mucks hand
cergei735 collected $41.50 from pot
*** SUMMARY ***
Total pot $42 | Rake $0.50
Board [Kd 2d As 6c 6s]
Seat 1: Cah4ec1982 (button) (small blind) mucked
Seat 2: cergei735 (big blind) showed [Ac 6h] and won ($41.50) with a full house, Sixes full of Aces


PokerStars Hand #145674282083:  Hold'em Limit ($3/$6 USD) - 2015/12/21 2:14:27 ET
Table 'Kalypso' 2-max Seat #1 is the button
Seat 1: Cah4ec1982 ($137.40 in chips)
Seat 2: cergei735 ($64.48 in chips)
Cah4ec1982: posts small blind $1
cergei735: posts big blind $3
*** HOLE CARDS ***
Cah4ec1982: raises $3 to $6
cergei735: folds
Uncalled bet ($3) returned to Cah4ec1982
Cah4ec1982 collected $6 from pot
Cah4ec1982: doesn't show hand
*** SUMMARY ***
Total pot $6 | Rake $0
Seat 1: Cah4ec1982 (button) (small blind) collected ($6)
Seat 2: cergei735 (big blind) folded before Flop


PokerStars Hand #145674292697:  Hold'em Limit ($3/$6 USD) - 2015/12/21 2:15:09 ET
Table 'Kalypso' 2-max Seat #1 is the button
Seat 1: Cah4ec1982 ($158.90 in chips)
Seat 2: cergei735 ($42.48 in chips)
Cah4ec1982: posts small blind $1
cergei735: posts big blind $3
*** HOLE CARDS ***
Cah4ec1982: raises $3 to $6
cergei735: folds
Uncalled bet ($3) returned to Cah4ec1982
Cah4ec1982 collected $6 from pot
Cah4ec1982: doesn't show hand
*** SUMMARY ***
Total pot $6 | Rake $0
Seat 1: Cah4ec1982 (button) (small blind) collected ($6)
Seat 2: cergei735 (big blind) folded before Flop


PokerStars Hand #145674287581:  Hold'em Limit ($3/$6 USD) - 2015/12/21 2:14:49 ET
Table 'Kalypso' 2-max Seat #2 is the button
Seat 1: Cah4ec1982 ($144.40 in chips)
Seat 2: cergei735 ($57.48 in chips)
cergei735: posts small blind $1
Cah4ec1982: posts big blind $3
*** HOLE CARDS ***
cergei735: calls $2
Cah4ec1982: raises $3 to $6
cergei735: calls $3
*** FLOP *** [Qc Qs 5c]
Cah4ec1982: bets $3
cergei735: raises $3 to $6
Cah4ec1982: raises $3 to $9
cergei735: calls $3
*** TURN *** [Qc Qs 5c] [3s]
Cah4ec1982: bets $6
cergei735: folds
Uncalled bet ($6) returned to Cah4ec1982
Cah4ec1982 collected $29.50 from pot
Cah4ec1982: doesn't show hand
*** SUMMARY ***
Total pot $30 | Rake $0.50
Board [Qc Qs 5c 3s]
Seat 1: Cah4ec1982 (big blind) collected ($29.50)
Seat 2: cergei735 (button) (small blind) folded on the Turn


PokerStars Hand #145674293986:  Hold'em Limit ($3/$6 USD) - 2015/12/21 2:15:14 ET
Table 'Kalypso' 2-max Seat #2 is the button
Seat 1: Cah4ec1982 ($161.90 in chips)
Seat 2: cergei735 ($39.48 in chips)
cergei735: posts small blind $1
Cah4ec1982: posts big blind $3
*** HOLE CARDS ***
cergei735: folds
Uncalled bet ($2) returned to Cah4ec1982
Cah4ec1982 collected $2 from pot
Cah4ec1982: doesn't show hand
*** SUMMARY ***
Total pot $2 | Rake $0
Seat 1: Cah4ec1982 (big blind) collected ($2)
Seat 2: cergei735 (button) (small blind) folded before Flop


PokerStars Hand #145674286073:  Hold'em Limit ($3/$6 USD) - 2015/12/21 2:14:43 ET
Table 'Kalypso' 2-max Seat #1 is the button
Seat 1: Cah4ec1982 ($141.40 in chips)
Seat 2: cergei735 ($60.48 in chips)
Cah4ec1982: posts small blind $1
cergei735: posts big blind $3
*** HOLE CARDS ***
Cah4ec1982: raises $3 to $6
cergei735: folds
Uncalled bet ($3) returned to Cah4ec1982
Cah4ec1982 collected $6 from pot
Cah4ec1982: doesn't show hand
*** SUMMARY ***
Total pot $6 | Rake $0
Seat 1: Cah4ec1982 (button) (small blind) collected ($6)
Seat 2: cergei735 (big blind) folded before Flop


PokerStars Hand #145674284270:  Hold'em Limit ($3/$6 USD) - 2015/12/21 2:14:35 ET
Table 'Kalypso' 2-max Seat #2 is the button
Seat 1: Cah4ec1982 ($140.40 in chips)
Seat 2: cergei735 ($61.48 in chips)
cergei735: posts small blind $1
Cah4ec1982: posts big blind $3
*** HOLE CARDS ***
cergei735: folds
Uncalled bet ($2) returned to Cah4ec1982
Cah4ec1982 collected $2 from pot
Cah4ec1982: doesn't show hand
*** SUMMARY ***
Total pot $2 | Rake $0
Seat 1: Cah4ec1982 (big blind) collected ($2)
Seat 2: cergei735 (button) (small blind) folded before Flop


PokerStars Hand #145674295556:  Hold'em Limit ($3/$6 USD) - 2015/12/21 2:15:20 ET
Table 'Kalypso' 2-max Seat #1 is the button
Seat 1: Cah4ec1982 ($162.90 in chips)
Seat 2: cergei735 ($38.48 in chips)
Cah4ec1982: posts small blind $1
cergei735: posts big blind $3
*** HOLE CARDS ***
Cah4ec1982: raises $3 to $6
cergei735: raises $3 to $9
Cah4ec1982: calls $3
*** FLOP *** [Js 2d 9s]
cergei735: checks
Cah4ec1982: checks
*** TURN *** [Js 2d 9s] [Kh]
cergei735: bets $6
Cah4ec1982: calls $6
*** RIVER *** [Js 2d 9s Kh] [2s]
cergei735: bets $6
Cah4ec1982: raises $6 to $12
cergei735: raises $6 to $18
Cah4ec1982: raises $6 to $24
Betting is capped
cergei735: calls $5.48 and is all-in
Uncalled bet ($0.52) returned to Cah4ec1982
*** SHOW DOWN ***
Cah4ec1982: shows [2c 4d] (three of a kind, Deuces)
cergei735: shows [7h 7d] (two pair, Sevens and Deuces)
Cah4ec1982 collected $76.46 from pot
*** SUMMARY ***
Total pot $76.96 | Rake $0.50
Board [Js 2d 9s Kh 2s]
Seat 1: Cah4ec1982 (button) (small blind) showed [2c 4d] and won ($76.46) with three of a kind, Deuces
Seat 2: cergei735 (big blind) showed [7h 7d] and lost with two pair, Sevens and Deuces


PokerStars Hand #145676009753:  Hold'em Limit ($3/$6 USD) - 2015/12/21 3:56:31 ET
Table 'Kalypso' 2-max Seat #2 is the button
Seat 1: Cah4ec1982 ($224.38 in chips)
Seat 2: pokr27 ($7.19 in chips)
pokr27: posts small blind $1
Cah4ec1982: posts big blind $3
*** HOLE CARDS ***
pokr27: raises $3 to $6
Cah4ec1982: raises $3 to $9
pokr27: calls $1.19 and is all-in
Uncalled bet ($1.81) returned to Cah4ec1982
*** FLOP *** [2h 4c 7s]
*** TURN *** [2h 4c 7s] [Qs]
*** RIVER *** [2h 4c 7s Qs] [6s]
*** SHOW DOWN ***
Cah4ec1982: shows [3s Jh] (high card Queen)
pokr27: shows [Th 6h] (a pair of Sixes)
pokr27 collected $14.09 from pot
*** SUMMARY ***
Total pot $14.38 | Rake $0.29
Board [2h 4c 7s Qs 6s]
Seat 1: Cah4ec1982 (big blind) showed [3s Jh] and lost with high card Queen
Seat 2: pokr27 (button) (small blind) showed [Th 6h] and won ($14.09) with a pair of Sixes


PokerStars Hand #145676013671:  Hold'em Limit ($3/$6 USD) - 2015/12/21 3:56:45 ET
Table 'Kalypso' 2-max Seat #1 is the button
Seat 1: Cah4ec1982 ($217.19 in chips)
Seat 2: pokr27 ($14.09 in chips)
Cah4ec1982: posts small blind $1
pokr27: posts big blind $3
*** HOLE CARDS ***
Cah4ec1982: raises $3 to $6
pokr27: calls $3
*** FLOP *** [5h 9d 4h]
pokr27: checks
Cah4ec1982: bets $3
pokr27: raises $3 to $6
Cah4ec1982: folds
Uncalled bet ($3) returned to pokr27
pokr27 collected $17.64 from pot
*** SUMMARY ***
Total pot $18 | Rake $0.36
Board [5h 9d 4h]
Seat 1: Cah4ec1982 (button) (small blind) folded on the Flop
Seat 2: pokr27 (big blind) collected ($17.64)


PokerStars Hand #145676029939:  Hold'em Limit ($3/$6 USD) - 2015/12/21 3:57:44 ET
Table 'Kalypso' 2-max Seat #2 is the button
Seat 1: Cah4ec1982 ($205.96 in chips)
Seat 2: pokr27 ($23.96 in chips)
pokr27: posts small blind $1
Cah4ec1982: posts big blind $3
*** HOLE CARDS ***
pokr27: raises $3 to $6
Cah4ec1982: folds
Uncalled bet ($3) returned to pokr27
pokr27 collected $6 from pot
*** SUMMARY ***
Total pot $6 | Rake $0
Seat 1: Cah4ec1982 (big blind) folded before Flop
Seat 2: pokr27 (button) (small blind) collected ($6)


PokerStars Hand #145676019049:  Hold'em Limit ($3/$6 USD) - 2015/12/21 3:57:05 ET
Table 'Kalypso' 2-max Seat #2 is the button
Seat 1: Cah4ec1982 ($208.19 in chips)
Seat 2: pokr27 ($22.73 in chips)
pokr27: posts small blind $1
Cah4ec1982: posts big blind $3
*** HOLE CARDS ***
pokr27: raises $3 to $6
Cah4ec1982: raises $3 to $9
pokr27: calls $3
*** FLOP *** [Qd Ks 9h]
Cah4ec1982: bets $3
pokr27: calls $3
*** TURN *** [Qd Ks 9h] [3h]
Cah4ec1982: bets $6
pokr27: raises $4.73 to $10.73 and is all-in
Cah4ec1982: calls $4.73
*** RIVER *** [Qd Ks 9h 3h] [5d]
*** SHOW DOWN ***
Cah4ec1982: shows [7h Ac] (high card Ace)
pokr27: shows [Kc Jd] (a pair of Kings)
pokr27 collected $44.96 from pot
*** SUMMARY ***
Total pot $45.46 | Rake $0.50
Board [Qd Ks 9h 3h 5d]
Seat 1: Cah4ec1982 (big blind) showed [7h Ac] and lost with high card Ace
Seat 2: pokr27 (button) (small blind) showed [Kc Jd] and won ($44.96) with a pair of Kings


PokerStars Hand #145676024793:  Hold'em Limit ($3/$6 USD) - 2015/12/21 3:57:25 ET
Table 'Kalypso' 2-max Seat #1 is the button
Seat 1: Cah4ec1982 ($185.46 in chips)
Seat 2: pokr27 ($44.96 in chips)
Cah4ec1982: posts small blind $1
pokr27: posts big blind $3
*** HOLE CARDS ***
Cah4ec1982: raises $3 to $6
pokr27: calls $3
*** FLOP *** [4c Ts 5h]
pokr27: checks
Cah4ec1982: bets $3
pokr27: calls $3
*** TURN *** [4c Ts 5h] [6s]
pokr27: checks
Cah4ec1982: bets $6
pokr27: calls $6
*** RIVER *** [4c Ts 5h 6s] [8c]
pokr27: checks
Cah4ec1982: bets $6
pokr27: calls $6
*** SHOW DOWN ***
Cah4ec1982: shows [8d 6d] (two pair, Eights and Sixes)
pokr27: mucks hand
Cah4ec1982 collected $41.50 from pot
*** SUMMARY ***
Total pot $42 | Rake $0.50
Board [4c Ts 5h 6s 8c]
Seat 1: Cah4ec1982 (button) (small blind) showed [8d 6d] and won ($41.50) with two pair, Eights and Sixes
Seat 2: pokr27 (big blind) mucked


PokerStars Hand #145676033190:  Hold'em Limit ($3/$6 USD) - 2015/12/21 3:57:56 ET
Table 'Kalypso' 2-max Seat #1 is the button
Seat 1: Cah4ec1982 ($202.96 in chips)
Seat 2: pokr27 ($26.96 in chips)
Cah4ec1982: posts small blind $1
pokr27: posts big blind $3
*** HOLE CARDS ***
Cah4ec1982: raises $3 to $6
pokr27: calls $3
*** FLOP *** [4d Js 7h]
pokr27: checks
Cah4ec1982: bets $3
pokr27: calls $3
*** TURN *** [4d Js 7h] [4s]
pokr27: checks
Cah4ec1982: bets $6
pokr27: raises $6 to $12
Cah4ec1982: calls $6
*** RIVER *** [4d Js 7h 4s] [3d]
pokr27: bets $5.96 and is all-in
Cah4ec1982: calls $5.96
*** SHOW DOWN ***
pokr27: shows [7c As] (two pair, Sevens and Fours)
Cah4ec1982: shows [Jc Ah] (two pair, Jacks and Fours)
Cah4ec1982 collected $53.42 from pot
*** SUMMARY ***
Total pot $53.92 | Rake $0.50
Board [4d Js 7h 4s 3d]
Seat 1: Cah4ec1982 (button) (small blind) showed [Jc Ah] and won ($53.42) with two pair, Jacks and Fours
Seat 2: pokr27 (big blind) showed [7c As] and lost with two pair, Sevens and Fours


PokerStars Hand #145686674252:  Hold'em Limit ($3/$6 USD) - 2015/12/21 9:50:24 ET
Table 'Kalypso' 2-max Seat #1 is the button
Seat 1: Cah4ec1982 ($241.42 in chips)
Seat 2: ShovingRags ($163.38 in chips)
Cah4ec1982: posts small blind $1
ShovingRags: posts big blind $3
*** HOLE CARDS ***
Cah4ec1982: raises $3 to $6
ShovingRags: folds
Uncalled bet ($3) returned to Cah4ec1982
Cah4ec1982 collected $6 from pot
Cah4ec1982: doesn't show hand
*** SUMMARY ***
Total pot $6 | Rake $0
Seat 1: Cah4ec1982 (button) (small blind) collected ($6)
Seat 2: ShovingRags (big blind) folded before Flop


