PokerStars Hand #145464865618:  Hold'em Limit ($3/$6 USD) - 2015/12/16 22:12:35 ET
Table 'Kalyke' 2-max Seat #2 is the button
Seat 1: nino451971 ($29.76 in chips)
Seat 2: Pandakey ($119.76 in chips)
Pandakey: posts small blind $1
nino451971: posts big blind $3
*** HOLE CARDS ***
Pandakey: folds
Uncalled bet ($2) returned to nino451971
nino451971 collected $2 from pot
nino451971: doesn't show hand
*** SUMMARY ***
Total pot $2 | Rake $0
Seat 1: nino451971 (big blind) collected ($2)
Seat 2: Pandakey (button) (small blind) folded before Flop


PokerStars Hand #145464856171:  Hold'em Limit ($3/$6 USD) - 2015/12/16 22:12:09 ET
Table 'Kalyke' 2-max Seat #1 is the button
Seat 1: nino451971 ($24 in chips)
Seat 2: Pandakey ($125.76 in chips)
nino451971: posts small blind $1
Pandakey: posts big blind $3
*** HOLE CARDS ***
nino451971: raises $3 to $6
Pandakey: calls $3
*** FLOP *** [8c Kc 8d]
Pandakey: checks
nino451971: bets $3
Pandakey: folds
Uncalled bet ($3) returned to nino451971
nino451971 collected $11.76 from pot
nino451971: doesn't show hand
*** SUMMARY ***
Total pot $12 | Rake $0.24
Board [8c Kc 8d]
Seat 1: nino451971 (button) (small blind) collected ($11.76)
Seat 2: Pandakey (big blind) folded on the Flop


PokerStars Hand #145464850701:  Hold'em Limit ($3/$6 USD) - 2015/12/16 22:11:53 ET
Table 'Kalyke' 2-max Seat #2 is the button
Seat 1: nino451971 ($30 in chips)
Seat 2: Pandakey ($120 in chips)
Pandakey: posts small blind $1
nino451971: posts big blind $3
*** HOLE CARDS ***
Pandakey: raises $3 to $6
nino451971: calls $3
*** FLOP *** [9h Qc Jc]
nino451971: checks
Pandakey: bets $3
nino451971: folds
Uncalled bet ($3) returned to Pandakey
Pandakey collected $11.76 from pot
Pandakey: doesn't show hand
*** SUMMARY ***
Total pot $12 | Rake $0.24
Board [9h Qc Jc]
Seat 1: nino451971 (big blind) folded on the Flop
Seat 2: Pandakey (button) (small blind) collected ($11.76)


PokerStars Hand #145464870805:  Hold'em Limit ($3/$6 USD) - 2015/12/16 22:12:49 ET
Table 'Kalyke' 2-max Seat #2 is the button
Seat 1: nino451971 ($29.76 in chips)
Seat 2: Pandakey ($119.76 in chips)
Pandakey: posts small blind $1
nino451971: posts big blind $3
*** HOLE CARDS ***
Pandakey: raises $3 to $6
nino451971: calls $3
*** FLOP *** [4c 2s 3d]
nino451971: checks
Pandakey: bets $3
nino451971: raises $3 to $6
Pandakey: calls $3
*** TURN *** [4c 2s 3d] [Qd]
nino451971: bets $6
Pandakey: calls $6
*** RIVER *** [4c 2s 3d Qd] [6c]
nino451971: bets $6
Pandakey: raises $6 to $12
nino451971: calls $5.76 and is all-in
Uncalled bet ($0.24) returned to Pandakey
*** SHOW DOWN ***
Pandakey: shows [7c 5h] (a straight, Three to Seven)
nino451971: shows [5c 4s] (a straight, Deuce to Six)
Pandakey collected $59.02 from pot
*** SUMMARY ***
Total pot $59.52 | Rake $0.50
Board [4c 2s 3d Qd 6c]
Seat 1: nino451971 (big blind) showed [5c 4s] and lost with a straight, Deuce to Six
Seat 2: Pandakey (button) (small blind) showed [7c 5h] and won ($59.02) with a straight, Three to Seven


PokerStars Hand #145464868788:  Hold'em Limit ($3/$6 USD) - 2015/12/16 22:12:43 ET
Table 'Kalyke' 2-max Seat #1 is the button
Seat 1: nino451971 ($30.76 in chips)
Seat 2: Pandakey ($118.76 in chips)
nino451971: posts small blind $1
Pandakey: posts big blind $3
*** HOLE CARDS ***
nino451971: folds
Uncalled bet ($2) returned to Pandakey
Pandakey collected $2 from pot
Pandakey: doesn't show hand
*** SUMMARY ***
Total pot $2 | Rake $0
Seat 1: nino451971 (button) (small blind) folded before Flop
Seat 2: Pandakey (big blind) collected ($2)


PokerStars Hand #145466472531:  Hold'em Limit ($3/$6 USD) - 2015/12/16 23:35:39 ET
Table 'Kalyke' 2-max Seat #1 is the button
Seat 1: permafrost07 ($49.47 in chips)
Seat 2: Pandakey ($149.02 in chips)
permafrost07: posts small blind $1
Pandakey: posts big blind $3
*** HOLE CARDS ***
permafrost07: raises $3 to $6
Pandakey has timed out
Pandakey: folds
Uncalled bet ($3) returned to permafrost07
permafrost07 collected $6 from pot
permafrost07: doesn't show hand
*** SUMMARY ***
Total pot $6 | Rake $0
Seat 1: permafrost07 (button) (small blind) collected ($6)
Seat 2: Pandakey (big blind) folded before Flop


