PokerStars Hand #170286827715:  Hold'em Limit ($3/$6 USD) - 2017/05/11 17:43:55 ET
Table 'Kalypso II' 6-max Seat #1 is the button
Seat 1: Allegro75 ($72 in chips)
Seat 2: Jeelsy ($68.95 in chips)
Allegro75: posts small blind $1
Jeelsy: posts big blind $3
*** HOLE CARDS ***
Allegro75: raises $3 to $6
Jeelsy: calls $3
*** FLOP *** [9h 5h 7c]
Jeelsy: checks
Allegro75: bets $3
Jeelsy: calls $3
*** TURN *** [9h 5h 7c] [8h]
Jeelsy: checks
Allegro75: bets $6
Jeelsy: folds
Uncalled bet ($6) returned to Allegro75
Allegro75 collected $17.64 from pot
Allegro75: doesn't show hand
*** SUMMARY ***
Total pot $18 | Rake $0.36
Board [9h 5h 7c 8h]
Seat 1: Allegro75 (button) (small blind) collected ($17.64)
Seat 2: Jeelsy (big blind) folded on the Turn


PokerStars Hand #170286856712:  Hold'em Limit ($3/$6 USD) - 2017/05/11 17:44:30 ET
Table 'Kalypso II' 6-max Seat #2 is the button
Seat 1: Allegro75 ($80.64 in chips)
Seat 2: Jeelsy ($83.39 in chips)
Jeelsy: posts small blind $1
Allegro75: posts big blind $3
*** HOLE CARDS ***
Jeelsy: raises $3 to $6
Allegro75: raises $3 to $9
Jeelsy: calls $3
*** FLOP *** [3c 8s Kh]
Allegro75: bets $3
Jeelsy: folds
Uncalled bet ($3) returned to Allegro75
Allegro75 collected $17.64 from pot
Allegro75: doesn't show hand
*** SUMMARY ***
Total pot $18 | Rake $0.36
Board [3c 8s Kh]
Seat 1: Allegro75 (big blind) collected ($17.64)
Seat 2: Jeelsy (button) (small blind) folded on the Flop


PokerStars Hand #170286877526:  Hold'em Limit ($3/$6 USD) - 2017/05/11 17:44:55 ET
Table 'Kalypso II' 6-max Seat #1 is the button
Seat 1: Allegro75 ($89.28 in chips)
Seat 2: Jeelsy ($74.39 in chips)
Allegro75: posts small blind $1
Jeelsy: posts big blind $3
*** HOLE CARDS ***
Allegro75: folds
Uncalled bet ($2) returned to Jeelsy
Jeelsy collected $2 from pot
*** SUMMARY ***
Total pot $2 | Rake $0
Seat 1: Allegro75 (button) (small blind) folded before Flop
Seat 2: Jeelsy (big blind) collected ($2)


PokerStars Hand #170286884359:  Hold'em Limit ($3/$6 USD) - 2017/05/11 17:45:04 ET
Table 'Kalypso II' 6-max Seat #2 is the button
Seat 1: Allegro75 ($88.28 in chips)
Seat 2: Jeelsy ($75.39 in chips)
Jeelsy: posts small blind $1
Allegro75: posts big blind $3
*** HOLE CARDS ***
Jeelsy: raises $3 to $6
Allegro75: raises $3 to $9
B_loJkl joins the table at seat #3
Jeelsy: calls $3
*** FLOP *** [5d Jh 8s]
Allegro75: bets $3
Jeelsy: calls $3
*** TURN *** [5d Jh 8s] [8h]
Allegro75: bets $6
Jeelsy: folds
Uncalled bet ($6) returned to Allegro75
Allegro75 collected $23.52 from pot
Allegro75: doesn't show hand
*** SUMMARY ***
Total pot $24 | Rake $0.48
Board [5d Jh 8s 8h]
Seat 1: Allegro75 (big blind) collected ($23.52)
Seat 2: Jeelsy (button) (small blind) folded on the Turn


PokerStars Hand #170286906639:  Hold'em Limit ($3/$6 USD) - 2017/05/11 17:45:30 ET
Table 'Kalypso II' 6-max Seat #1 is the button
Seat 1: Allegro75 ($99.80 in chips)
Seat 2: Jeelsy ($63.39 in chips)
Allegro75: posts small blind $1
Jeelsy: posts big blind $3
*** HOLE CARDS ***
Allegro75: folds
Uncalled bet ($2) returned to Jeelsy
Jeelsy collected $2 from pot
Jeelsy: doesn't show hand
*** SUMMARY ***
Total pot $2 | Rake $0
Seat 1: Allegro75 (button) (small blind) folded before Flop
Seat 2: Jeelsy (big blind) collected ($2)


PokerStars Hand #170287064766:  Hold'em Limit ($3/$6 USD) - 2017/05/11 17:48:44 ET
Table 'Kalypso II' 6-max Seat #3 is the button
Seat 2: Jeelsy ($4.39 in chips)
Seat 3: B_loJkl ($192.48 in chips)
B_loJkl: posts small blind $1
Allegro75: is sitting out
Jeelsy: posts big blind $3
*** HOLE CARDS ***
Allegro75 leaves the table
B_loJkl: raises $3 to $6
Jeelsy: calls $1.39 and is all-in
Uncalled bet ($1.61) returned to B_loJkl
*** FLOP *** [Qs Kc 3c]
*** TURN *** [Qs Kc 3c] [Qh]
*** RIVER *** [Qs Kc 3c Qh] [2s]
*** SHOW DOWN ***
Jeelsy: shows [Js 8c] (a pair of Queens)
B_loJkl: shows [Kh Jh] (two pair, Kings and Queens)
B_loJkl collected $8.60 from pot
Allegro75 joins the table at seat #4
*** SUMMARY ***
Total pot $8.78 | Rake $0.18
Board [Qs Kc 3c Qh 2s]
Seat 2: Jeelsy (big blind) showed [Js 8c] and lost with a pair of Queens
Seat 3: B_loJkl (button) (small blind) showed [Kh Jh] and won ($8.60) with two pair, Kings and Queens


