PokerStars Hand #174978761358:  Hold'em Limit ($3/$6 USD) - 2017/08/30 9:42:36 ET
Table 'Kalypso' 6-max Seat #1 is the button
Seat 1: aremom4e ($120 in chips)
Seat 3: Rus29APX ($120 in chips)
aremom4e: posts small blind $1
Rus29APX: posts big blind $3
*** HOLE CARDS ***
aremom4e: raises $3 to $6
Rus29APX: calls $3
*** FLOP *** [8s Qs 5h]
Rus29APX: checks
aremom4e: bets $3
Rus29APX: calls $3
*** TURN *** [8s Qs 5h] [Ad]
Rus29APX: checks
aremom4e: checks
*** RIVER *** [8s Qs 5h Ad] [Kc]
Rus29APX: bets $6
aremom4e: folds
Uncalled bet ($6) returned to Rus29APX
Rus29APX collected $17.64 from pot
Rus29APX: doesn't show hand
*** SUMMARY ***
Total pot $18 | Rake $0.36
Board [8s Qs 5h Ad Kc]
Seat 1: aremom4e (button) (small blind) folded on the River
Seat 3: Rus29APX (big blind) collected ($17.64)


PokerStars Hand #174978777905:  Hold'em Limit ($3/$6 USD) - 2017/08/30 9:43:06 ET
Table 'Kalypso' 6-max Seat #3 is the button
Seat 1: aremom4e ($111 in chips)
Seat 3: Rus29APX ($128.64 in chips)
Rus29APX: posts small blind $1
aremom4e: posts big blind $3
*** HOLE CARDS ***
Rus29APX: raises $3 to $6
aremom4e: calls $3
*** FLOP *** [5d 8d 8c]
aremom4e: checks
Rus29APX: bets $3
aremom4e: calls $3
*** TURN *** [5d 8d 8c] [Kc]
aremom4e: checks
Rus29APX: checks
*** RIVER *** [5d 8d 8c Kc] [7h]
aremom4e: bets $6
Rus29APX: calls $6
*** SHOW DOWN ***
aremom4e: shows [2d 3d] (a pair of Eights)
Rus29APX: shows [3s 7d] (two pair, Eights and Sevens)
Rus29APX collected $29.50 from pot
*** SUMMARY ***
Total pot $30 | Rake $0.50
Board [5d 8d 8c Kc 7h]
Seat 1: aremom4e (big blind) showed [2d 3d] and lost with a pair of Eights
Seat 3: Rus29APX (button) (small blind) showed [3s 7d] and won ($29.50) with two pair, Eights and Sevens


PokerStars Hand #174978789054:  Hold'em Limit ($3/$6 USD) - 2017/08/30 9:43:25 ET
Table 'Kalypso' 6-max Seat #1 is the button
Seat 1: aremom4e ($96 in chips)
Seat 3: Rus29APX ($143.14 in chips)
aremom4e: posts small blind $1
Rus29APX: posts big blind $3
*** HOLE CARDS ***
aremom4e: folds
Uncalled bet ($2) returned to Rus29APX
Rus29APX collected $2 from pot
Rus29APX: doesn't show hand
*** SUMMARY ***
Total pot $2 | Rake $0
Seat 1: aremom4e (button) (small blind) folded before Flop
Seat 3: Rus29APX (big blind) collected ($2)


PokerStars Hand #174978791737:  Hold'em Limit ($3/$6 USD) - 2017/08/30 9:43:30 ET
Table 'Kalypso' 6-max Seat #3 is the button
Seat 1: aremom4e ($95 in chips)
Seat 3: Rus29APX ($144.14 in chips)
Rus29APX: posts small blind $1
aremom4e: posts big blind $3
*** HOLE CARDS ***
Rus29APX: raises $3 to $6
aremom4e: calls $3
*** FLOP *** [2h 3h 4c]
aremom4e: checks
Rus29APX: bets $3
aremom4e: folds
Uncalled bet ($3) returned to Rus29APX
Rus29APX collected $11.76 from pot
Rus29APX: doesn't show hand
*** SUMMARY ***
Total pot $12 | Rake $0.24
Board [2h 3h 4c]
Seat 1: aremom4e (big blind) folded on the Flop
Seat 3: Rus29APX (button) (small blind) collected ($11.76)


PokerStars Hand #174978799001:  Hold'em Limit ($3/$6 USD) - 2017/08/30 9:43:43 ET
Table 'Kalypso' 6-max Seat #1 is the button
Seat 1: aremom4e ($89 in chips)
Seat 3: Rus29APX ($149.90 in chips)
aremom4e: posts small blind $1
Rus29APX: posts big blind $3
*** HOLE CARDS ***
aremom4e: raises $3 to $6
Rus29APX: calls $3
*** FLOP *** [Ts 5h Jd]
B_loJkl joins the table at seat #2
Rus29APX: checks
aremom4e: checks
*** TURN *** [Ts 5h Jd] [Ah]
Rus29APX: checks
aremom4e: checks
*** RIVER *** [Ts 5h Jd Ah] [2c]
Rus29APX: checks
aremom4e: checks
*** SHOW DOWN ***
Rus29APX: shows [8c 4d] (high card Ace)
aremom4e: shows [6d Qs] (high card Ace - Queen kicker)
aremom4e collected $11.76 from pot
*** SUMMARY ***
Total pot $12 | Rake $0.24
Board [Ts 5h Jd Ah 2c]
Seat 1: aremom4e (button) (small blind) showed [6d Qs] and won ($11.76) with high card Ace
Seat 3: Rus29APX (big blind) showed [8c 4d] and lost with high card Ace


PokerStars Hand #174978815357:  Hold'em Limit ($3/$6 USD) - 2017/08/30 9:44:12 ET
Table 'Kalypso' 6-max Seat #3 is the button
Seat 2: B_loJkl ($150 in chips)
Seat 3: Rus29APX ($143.90 in chips)
Rus29APX: posts small blind $1
B_loJkl: posts big blind $3
*** HOLE CARDS ***
Rus29APX: raises $3 to $6
aremom4e leaves the table
B_loJkl: calls $3
*** FLOP *** [7h Ts 3d]
B_loJkl: checks
Rus29APX: checks
*** TURN *** [7h Ts 3d] [As]
B_loJkl: bets $6
Rus29APX: calls $6
*** RIVER *** [7h Ts 3d As] [9s]
B_loJkl: checks
Rus29APX: checks
*** SHOW DOWN ***
B_loJkl: shows [Th 5s] (a pair of Tens)
Rus29APX: mucks hand
B_loJkl collected $23.52 from pot
*** SUMMARY ***
Total pot $24 | Rake $0.48
Board [7h Ts 3d As 9s]
Seat 2: B_loJkl (big blind) showed [Th 5s] and won ($23.52) with a pair of Tens
Seat 3: Rus29APX (button) (small blind) mucked


PokerStars Hand #174978843227:  Hold'em Limit ($3/$6 USD) - 2017/08/30 9:45:01 ET
Table 'Kalypso' 6-max Seat #2 is the button
Seat 2: B_loJkl ($161.52 in chips)
Seat 3: Rus29APX ($131.90 in chips)
B_loJkl: posts small blind $1
Rus29APX: posts big blind $3
*** HOLE CARDS ***
B_loJkl: raises $3 to $6
Rus29APX: raises $3 to $9
B_loJkl: calls $3
*** FLOP *** [Tc 9c 8d]
Rus29APX: bets $3
B_loJkl: calls $3
*** TURN *** [Tc 9c 8d] [5h]
Rus29APX: bets $6
B_loJkl: calls $6
*** RIVER *** [Tc 9c 8d 5h] [Ks]
Rus29APX: checks
B_loJkl: checks
*** SHOW DOWN ***
Rus29APX: shows [8c 7d] (a pair of Eights)
B_loJkl: shows [8h Ac] (a pair of Eights - Ace kicker)
B_loJkl collected $35.50 from pot
*** SUMMARY ***
Total pot $36 | Rake $0.50
Board [Tc 9c 8d 5h Ks]
Seat 2: B_loJkl (button) (small blind) showed [8h Ac] and won ($35.50) with a pair of Eights
Seat 3: Rus29APX (big blind) showed [8c 7d] and lost with a pair of Eights


