PokerStars Hand #175438786832:  Hold'em Limit ($3/$6 USD) - 2017/09/09 20:56:00 ET
Table 'Kalypso' 6-max Seat #4 is the button
Seat 4: xxPSRxx ($407.11 in chips)
Seat 6: Jesper0808 ($354.72 in chips)
xxPSRxx: posts small blind $1
axnesq777 joins the table at seat #2
KAKA1: is sitting out
Jesper0808: posts big blind $3
*** HOLE CARDS ***
KAKA1 leaves the table
xxPSRxx: raises $3 to $6
Jesper0808: calls $3
*** FLOP *** [8d 3d 3h]
Jesper0808: checks
xxPSRxx: bets $3
Jesper0808: calls $3
*** TURN *** [8d 3d 3h] [2h]
Jesper0808: checks
xxPSRxx: bets $6
Jesper0808: raises $6 to $12
xxPSRxx: folds
Uncalled bet ($6) returned to Jesper0808
Jesper0808 collected $29.50 from pot
Jesper0808: doesn't show hand
*** SUMMARY ***
Total pot $30 | Rake $0.50
Board [8d 3d 3h 2h]
Seat 4: xxPSRxx (button) (small blind) folded on the Turn
Seat 6: Jesper0808 (big blind) collected ($29.50)


PokerStars Hand #175441943122:  Hold'em Limit ($3/$6 USD) - 2017/09/09 23:19:29 ET
Table 'Kalypso' 6-max Seat #3 is the button
Seat 2: DirtyDouble2 ($232.55 in chips)
Seat 3: fleabaggs ($70.90 in chips)
fleabaggs: posts small blind $1
DirtyDouble2: posts big blind $3
*** HOLE CARDS ***
fleabaggs: folds
Uncalled bet ($2) returned to DirtyDouble2
DirtyDouble2 collected $2 from pot
*** SUMMARY ***
Total pot $2 | Rake $0
Seat 2: DirtyDouble2 (big blind) collected ($2)
Seat 3: fleabaggs (button) (small blind) folded before Flop


PokerStars Hand #175441952325:  Hold'em Limit ($3/$6 USD) - 2017/09/09 23:19:59 ET
Table 'Kalypso' 6-max Seat #2 is the button
Seat 2: DirtyDouble2 ($241.19 in chips)
Seat 3: fleabaggs ($61.90 in chips)
DirtyDouble2: posts small blind $1
fleabaggs: posts big blind $3
*** HOLE CARDS ***
DirtyDouble2: raises $3 to $6
fleabaggs: calls $3
*** FLOP *** [6d 6h 3h]
LeandroNSN leaves the table
fleabaggs: checks
DirtyDouble2: bets $3
fleabaggs: calls $3
*** TURN *** [6d 6h 3h] [9h]
fleabaggs: checks
DirtyDouble2: checks
*** RIVER *** [6d 6h 3h 9h] [Ts]
fleabaggs: bets $6
DirtyDouble2: calls $6
*** SHOW DOWN ***
fleabaggs: shows [Td 9c] (two pair, Tens and Nines)
DirtyDouble2: mucks hand
fleabaggs collected $29.50 from pot
*** SUMMARY ***
Total pot $30 | Rake $0.50
Board [6d 6h 3h 9h Ts]
Seat 2: DirtyDouble2 (button) (small blind) mucked
Seat 3: fleabaggs (big blind) showed [Td 9c] and won ($29.50) with two pair, Tens and Nines


PokerStars Hand #175441957710:  Hold'em Limit ($3/$6 USD) - 2017/09/09 23:20:17 ET
Table 'Kalypso' 6-max Seat #3 is the button
Seat 2: DirtyDouble2 ($226.19 in chips)
Seat 3: fleabaggs ($76.40 in chips)
fleabaggs: posts small blind $1
DirtyDouble2: posts big blind $3
*** HOLE CARDS ***
fleabaggs: folds
Uncalled bet ($2) returned to DirtyDouble2
DirtyDouble2 collected $2 from pot
*** SUMMARY ***
Total pot $2 | Rake $0
Seat 2: DirtyDouble2 (big blind) collected ($2)
Seat 3: fleabaggs (button) (small blind) folded before Flop


PokerStars Hand #175441959817:  Hold'em Limit ($3/$6 USD) - 2017/09/09 23:20:25 ET
Table 'Kalypso' 6-max Seat #2 is the button
Seat 2: DirtyDouble2 ($227.19 in chips)
Seat 3: fleabaggs ($75.40 in chips)
DirtyDouble2: posts small blind $1
fleabaggs: posts big blind $3
*** HOLE CARDS ***
DirtyDouble2: folds
Uncalled bet ($2) returned to fleabaggs
fleabaggs collected $2 from pot
fleabaggs: doesn't show hand
*** SUMMARY ***
Total pot $2 | Rake $0
Seat 2: DirtyDouble2 (button) (small blind) folded before Flop
Seat 3: fleabaggs (big blind) collected ($2)


PokerStars Hand #175441946371:  Hold'em Limit ($3/$6 USD) - 2017/09/09 23:19:40 ET
Table 'Kalypso' 6-max Seat #3 is the button
Seat 2: DirtyDouble2 ($232.55 in chips)
Seat 3: fleabaggs ($70.90 in chips)
fleabaggs: posts small blind $1
DirtyDouble2: posts big blind $3
*** HOLE CARDS ***
fleabaggs: raises $3 to $6
DirtyDouble2: calls $3
*** FLOP *** [2c Ah 5d]
DirtyDouble2: checks
fleabaggs: bets $3
DirtyDouble2: raises $3 to $6
fleabaggs: folds
Uncalled bet ($3) returned to DirtyDouble2
DirtyDouble2 collected $17.64 from pot
*** SUMMARY ***
Total pot $18 | Rake $0.36
Board [2c Ah 5d]
Seat 2: DirtyDouble2 (big blind) collected ($17.64)
Seat 3: fleabaggs (button) (small blind) folded on the Flop


PokerStars Hand #175441944794:  Hold'em Limit ($3/$6 USD) - 2017/09/09 23:19:34 ET
Table 'Kalypso' 6-max Seat #2 is the button
Seat 2: DirtyDouble2 ($233.55 in chips)
Seat 3: fleabaggs ($69.90 in chips)
DirtyDouble2: posts small blind $1
fleabaggs: posts big blind $3
*** HOLE CARDS ***
DirtyDouble2: folds
Uncalled bet ($2) returned to fleabaggs
fleabaggs collected $2 from pot
fleabaggs: doesn't show hand
*** SUMMARY ***
Total pot $2 | Rake $0
Seat 2: DirtyDouble2 (button) (small blind) folded before Flop
Seat 3: fleabaggs (big blind) collected ($2)


PokerStars Hand #175441968778:  Hold'em Limit ($3/$6 USD) - 2017/09/09 23:20:54 ET
Table 'Kalypso' 6-max Seat #2 is the button
Seat 2: DirtyDouble2 ($217.19 in chips)
Seat 3: fleabaggs ($85.04 in chips)
DirtyDouble2: posts small blind $1
fleabaggs: posts big blind $3
*** HOLE CARDS ***
Saloxidin leaves the table
DirtyDouble2: raises $3 to $6
LeandroNSN joins the table at seat #5
fleabaggs: folds
Uncalled bet ($3) returned to DirtyDouble2
DirtyDouble2 collected $6 from pot
*** SUMMARY ***
Total pot $6 | Rake $0
Seat 2: DirtyDouble2 (button) (small blind) collected ($6)
Seat 3: fleabaggs (big blind) folded before Flop


PokerStars Hand #175441961225:  Hold'em Limit ($3/$6 USD) - 2017/09/09 23:20:29 ET
Table 'Kalypso' 6-max Seat #3 is the button
Seat 2: DirtyDouble2 ($226.19 in chips)
Seat 3: fleabaggs ($76.40 in chips)
fleabaggs: posts small blind $1
DirtyDouble2: posts big blind $3
*** HOLE CARDS ***
fleabaggs: raises $3 to $6
DirtyDouble2: calls $3
*** FLOP *** [9d Qh 4c]
DirtyDouble2: checks
fleabaggs: bets $3
DirtyDouble2: calls $3
*** TURN *** [9d Qh 4c] [6s]
DirtyDouble2: checks
fleabaggs: bets $6
DirtyDouble2: folds
Uncalled bet ($6) returned to fleabaggs
fleabaggs collected $17.64 from pot
fleabaggs: doesn't show hand
*** SUMMARY ***
Total pot $18 | Rake $0.36
Board [9d Qh 4c 6s]
Seat 2: DirtyDouble2 (big blind) folded on the Turn
Seat 3: fleabaggs (button) (small blind) collected ($17.64)


PokerStars Hand #175441993656:  Hold'em Limit ($3/$6 USD) - 2017/09/09 23:22:18 ET
Table 'Kalypso' 6-max Seat #2 is the button
Seat 2: DirtyDouble2 ($199.19 in chips)
Seat 3: fleabaggs ($101.75 in chips)
DirtyDouble2: posts small blind $1
fleabaggs: posts big blind $3
*** HOLE CARDS ***
DirtyDouble2: folds
Uncalled bet ($2) returned to fleabaggs
fleabaggs collected $2 from pot
fleabaggs: doesn't show hand
*** SUMMARY ***
Total pot $2 | Rake $0
Seat 2: DirtyDouble2 (button) (small blind) folded before Flop
Seat 3: fleabaggs (big blind) collected ($2)


PokerStars Hand #175441991869:  Hold'em Limit ($3/$6 USD) - 2017/09/09 23:22:11 ET
Table 'Kalypso' 6-max Seat #3 is the button
Seat 2: DirtyDouble2 ($202.19 in chips)
Seat 3: fleabaggs ($98.75 in chips)
fleabaggs: posts small blind $1
DirtyDouble2: posts big blind $3
*** HOLE CARDS ***
fleabaggs: raises $3 to $6
DirtyDouble2: folds
Uncalled bet ($3) returned to fleabaggs
fleabaggs collected $6 from pot
fleabaggs: doesn't show hand
*** SUMMARY ***
Total pot $6 | Rake $0
Seat 2: DirtyDouble2 (big blind) folded before Flop
Seat 3: fleabaggs (button) (small blind) collected ($6)


PokerStars Hand #175442005501:  Hold'em Limit ($3/$6 USD) - 2017/09/09 23:22:58 ET
Table 'Kalypso' 6-max Seat #3 is the button
Seat 2: DirtyDouble2 ($210.69 in chips)
Seat 3: fleabaggs ($89.75 in chips)
fleabaggs: posts small blind $1
DirtyDouble2: posts big blind $3
*** HOLE CARDS ***
fleabaggs: raises $3 to $6
DirtyDouble2: calls $3
*** FLOP *** [Jd 5s 8d]
DirtyDouble2: bets $3
fleabaggs: raises $3 to $6
DirtyDouble2: calls $3
*** TURN *** [Jd 5s 8d] [Kh]
DirtyDouble2: checks
fleabaggs: bets $6
DirtyDouble2: folds
Uncalled bet ($6) returned to fleabaggs
fleabaggs collected $23.52 from pot
fleabaggs: doesn't show hand
*** SUMMARY ***
Total pot $24 | Rake $0.48
Board [Jd 5s 8d Kh]
Seat 2: DirtyDouble2 (big blind) folded on the Turn
Seat 3: fleabaggs (button) (small blind) collected ($23.52)


PokerStars Hand #175442004140:  Hold'em Limit ($3/$6 USD) - 2017/09/09 23:22:53 ET
Table 'Kalypso' 6-max Seat #2 is the button
Seat 2: DirtyDouble2 ($211.69 in chips)
Seat 3: fleabaggs ($88.75 in chips)
DirtyDouble2: posts small blind $1
fleabaggs: posts big blind $3
*** HOLE CARDS ***
DirtyDouble2: folds
Uncalled bet ($2) returned to fleabaggs
fleabaggs collected $2 from pot
fleabaggs: doesn't show hand
*** SUMMARY ***
Total pot $2 | Rake $0
Seat 2: DirtyDouble2 (button) (small blind) folded before Flop
Seat 3: fleabaggs (big blind) collected ($2)


PokerStars Hand #175442002381:  Hold'em Limit ($3/$6 USD) - 2017/09/09 23:22:47 ET
Table 'Kalypso' 6-max Seat #3 is the button
Seat 2: DirtyDouble2 ($214.69 in chips)
Seat 3: fleabaggs ($85.75 in chips)
fleabaggs: posts small blind $1
DirtyDouble2: posts big blind $3
*** HOLE CARDS ***
fleabaggs: raises $3 to $6
DirtyDouble2: folds
Uncalled bet ($3) returned to fleabaggs
fleabaggs collected $6 from pot
fleabaggs: doesn't show hand
*** SUMMARY ***
Total pot $6 | Rake $0
Seat 2: DirtyDouble2 (big blind) folded before Flop
Seat 3: fleabaggs (button) (small blind) collected ($6)


PokerStars Hand #175442010131:  Hold'em Limit ($3/$6 USD) - 2017/09/09 23:23:14 ET
Table 'Kalypso' 6-max Seat #2 is the button
Seat 2: DirtyDouble2 ($198.69 in chips)
Seat 3: fleabaggs ($101.27 in chips)
DirtyDouble2: posts small blind $1
fleabaggs: posts big blind $3
*** HOLE CARDS ***
DirtyDouble2: raises $3 to $6
ishibabii joins the table at seat #6
fleabaggs: raises $3 to $9
DirtyDouble2: calls $3
*** FLOP *** [3d 4s 8d]
fleabaggs: bets $3
DirtyDouble2: raises $3 to $6
fleabaggs: calls $3
*** TURN *** [3d 4s 8d] [5c]
fleabaggs: checks
tranduc joins the table at seat #4
DirtyDouble2: bets $6
fleabaggs: calls $6
*** RIVER *** [3d 4s 8d 5c] [6d]
fleabaggs: checks
DirtyDouble2: checks
*** SHOW DOWN ***
fleabaggs: shows [Ts Ah] (high card Ace)
DirtyDouble2: shows [Ks 4d] (a pair of Fours)
DirtyDouble2 collected $41.50 from pot
*** SUMMARY ***
Total pot $42 | Rake $0.50
Board [3d 4s 8d 5c 6d]
Seat 2: DirtyDouble2 (button) (small blind) showed [Ks 4d] and won ($41.50) with a pair of Fours
Seat 3: fleabaggs (big blind) showed [Ts Ah] and lost with high card Ace


PokerStars Hand #175442000865:  Hold'em Limit ($3/$6 USD) - 2017/09/09 23:22:42 ET
Table 'Kalypso' 6-max Seat #2 is the button
Seat 2: DirtyDouble2 ($215.69 in chips)
Seat 3: fleabaggs ($84.75 in chips)
DirtyDouble2: posts small blind $1
fleabaggs: posts big blind $3
*** HOLE CARDS ***
DirtyDouble2: folds
Uncalled bet ($2) returned to fleabaggs
fleabaggs collected $2 from pot
fleabaggs: doesn't show hand
*** SUMMARY ***
Total pot $2 | Rake $0
Seat 2: DirtyDouble2 (button) (small blind) folded before Flop
Seat 3: fleabaggs (big blind) collected ($2)


PokerStars Hand #175441995049:  Hold'em Limit ($3/$6 USD) - 2017/09/09 23:22:23 ET
Table 'Kalypso' 6-max Seat #3 is the button
Seat 2: DirtyDouble2 ($198.19 in chips)
Seat 3: fleabaggs ($102.75 in chips)
fleabaggs: posts small blind $1
DirtyDouble2: posts big blind $3
*** HOLE CARDS ***
fleabaggs: raises $3 to $6
DirtyDouble2: raises $3 to $9
fleabaggs: calls $3
*** FLOP *** [Js 3s 2h]
DirtyDouble2: bets $3
fleabaggs: calls $3
*** TURN *** [Js 3s 2h] [Ah]
DirtyDouble2: bets $6
fleabaggs: calls $6
*** RIVER *** [Js 3s 2h Ah] [6d]
DirtyDouble2: bets $6
fleabaggs: folds
Uncalled bet ($6) returned to DirtyDouble2
DirtyDouble2 collected $35.50 from pot
*** SUMMARY ***
Total pot $36 | Rake $0.50
Board [Js 3s 2h Ah 6d]
Seat 2: DirtyDouble2 (big blind) collected ($35.50)
Seat 3: fleabaggs (button) (small blind) folded on the River


PokerStars Hand #175442260931:  Hold'em Limit ($3/$6 USD) - 2017/09/09 23:37:37 ET
Table 'Kalypso' 6-max Seat #2 is the button
Seat 2: DirtyDouble2 ($216.23 in chips)
Seat 5: Snuffymo ($89.16 in chips)
DirtyDouble2: posts small blind $1
Snuffymo: posts big blind $3
*** HOLE CARDS ***
DirtyDouble2: folds
Uncalled bet ($2) returned to Snuffymo
Snuffymo collected $2 from pot
Samace10 joins the table at seat #6
*** SUMMARY ***
Total pot $2 | Rake $0
Seat 2: DirtyDouble2 (button) (small blind) folded before Flop
Seat 5: Snuffymo (big blind) collected ($2)


PokerStars Hand #175442257372:  Hold'em Limit ($3/$6 USD) - 2017/09/09 23:37:25 ET
Table 'Kalypso' 6-max Seat #5 is the button
Seat 2: DirtyDouble2 ($222.23 in chips)
Seat 5: Snuffymo ($83.40 in chips)
Snuffymo: posts small blind $1
DirtyDouble2: posts big blind $3
*** HOLE CARDS ***
Snuffymo: raises $3 to $6
DirtyDouble2: calls $3
*** FLOP *** [6d Ts 2c]
DirtyDouble2: checks
Snuffymo: bets $3
DirtyDouble2: folds
Uncalled bet ($3) returned to Snuffymo
Snuffymo collected $11.76 from pot
*** SUMMARY ***
Total pot $12 | Rake $0.24
Board [6d Ts 2c]
Seat 2: DirtyDouble2 (big blind) folded on the Flop
Seat 5: Snuffymo (button) (small blind) collected ($11.76)


PokerStars Hand #175442255391:  Hold'em Limit ($3/$6 USD) - 2017/09/09 23:37:18 ET
Table 'Kalypso' 6-max Seat #2 is the button
Seat 2: DirtyDouble2 ($219.23 in chips)
Seat 5: Snuffymo ($86.40 in chips)
DirtyDouble2: posts small blind $1
Snuffymo: posts big blind $3
*** HOLE CARDS ***
DirtyDouble2: raises $3 to $6
Snuffymo: folds
Uncalled bet ($3) returned to DirtyDouble2
DirtyDouble2 collected $6 from pot
*** SUMMARY ***
Total pot $6 | Rake $0
Seat 2: DirtyDouble2 (button) (small blind) collected ($6)
Seat 5: Snuffymo (big blind) folded before Flop


PokerStars Hand #175443591202:  Hold'em Limit ($3/$6 USD) - 2017/09/10 0:59:56 ET
Table 'Kalypso' 6-max Seat #6 is the button
Seat 5: samurai.ru ($131.34 in chips)
Seat 6: Samace10 ($247.17 in chips)
Samace10: posts small blind $1
samurai.ru: posts big blind $3
*** HOLE CARDS ***
Samace10: folds
Uncalled bet ($2) returned to samurai.ru
samurai.ru collected $2 from pot
jamie2000 leaves the table
samurai.ru: doesn't show hand
*** SUMMARY ***
Total pot $2 | Rake $0
Seat 5: samurai.ru (big blind) collected ($2)
Seat 6: Samace10 (button) (small blind) folded before Flop


PokerStars Hand #175443592475:  Hold'em Limit ($3/$6 USD) - 2017/09/10 1:00:01 ET
Table 'Kalypso' 6-max Seat #5 is the button
Seat 5: samurai.ru ($132.34 in chips)
Seat 6: Samace10 ($246.17 in chips)
samurai.ru: posts small blind $1
Samace10: posts big blind $3
*** HOLE CARDS ***
samurai.ru: raises $3 to $6
misslillady joins the table at seat #4
Samace10: folds
Uncalled bet ($3) returned to samurai.ru
samurai.ru collected $6 from pot
samurai.ru: doesn't show hand
*** SUMMARY ***
Total pot $6 | Rake $0
Seat 5: samurai.ru (button) (small blind) collected ($6)
Seat 6: Samace10 (big blind) folded before Flop


PokerStars Hand #175443843578:  Hold'em Limit ($3/$6 USD) - 2017/09/10 1:15:37 ET
Table 'Kalypso' 6-max Seat #2 is the button
Seat 1: KAKA1 ($120.63 in chips)
Seat 2: hehasnthashe ($76.75 in chips)
hehasnthashe: posts small blind $1
misslillady: is sitting out
yukiteam: is sitting out
KAKA1: posts big blind $3
*** HOLE CARDS ***
yukiteam leaves the table
hehasnthashe: folds
Uncalled bet ($2) returned to KAKA1
KAKA1 collected $2 from pot
misslillady leaves the table
KAKA1: doesn't show hand
*** SUMMARY ***
Total pot $2 | Rake $0
Seat 1: KAKA1 (big blind) collected ($2)
Seat 2: hehasnthashe (button) (small blind) folded before Flop


PokerStars Hand #175443845288:  Hold'em Limit ($3/$6 USD) - 2017/09/10 1:15:43 ET
Table 'Kalypso' 6-max Seat #1 is the button
Seat 1: KAKA1 ($121.63 in chips)
Seat 2: hehasnthashe ($75.75 in chips)
KAKA1: posts small blind $1
hehasnthashe: posts big blind $3
*** HOLE CARDS ***
KAKA1: calls $2
hehasnthashe: checks
*** FLOP *** [3c Js 7s]
hehasnthashe: checks
KAKA1: bets $3
hehasnthashe: folds
Uncalled bet ($3) returned to KAKA1
KAKA1 collected $5.88 from pot
KAKA1: doesn't show hand
*** SUMMARY ***
Total pot $6 | Rake $0.12
Board [3c Js 7s]
Seat 1: KAKA1 (button) (small blind) collected ($5.88)
Seat 2: hehasnthashe (big blind) folded on the Flop


