PokerStars Hand #176288159402:  Hold'em Limit ($3/$6 USD) - 2017/09/29 19:11:00 ET
Table 'Kalyke' 6-max Seat #3 is the button
Seat 2: libaikang ($159 in chips)
Seat 3: Ag3r0n ($72 in chips)
Ag3r0n: posts small blind $1
libaikang: posts big blind $3
*** HOLE CARDS ***
Ag3r0n: folds
Uncalled bet ($2) returned to libaikang
libaikang collected $2 from pot
libaikang: doesn't show hand
*** SUMMARY ***
Total pot $2 | Rake $0
Seat 2: libaikang (big blind) collected ($2)
Seat 3: Ag3r0n (button) (small blind) folded before Flop


PokerStars Hand #176288147005:  Hold'em Limit ($3/$6 USD) - 2017/09/29 19:10:39 ET
Table 'Kalyke' 6-max Seat #2 is the button
Seat 2: libaikang ($144.50 in chips)
Seat 3: Ag3r0n ($72 in chips)
libaikang: posts small blind $1
Ag3r0n: posts big blind $3
*** HOLE CARDS ***
libaikang: calls $2
Ag3r0n: checks
*** FLOP *** [Ts 8h 5s]
Ag3r0n: bets $3
libaikang: raises $3 to $6
Ag3r0n: calls $3
*** TURN *** [Ts 8h 5s] [7c]
Ag3r0n: checks
libaikang: bets $6
Ag3r0n: calls $6
*** RIVER *** [Ts 8h 5s 7c] [Kd]
Ag3r0n: checks
libaikang: bets $6
Ag3r0n: folds
Uncalled bet ($6) returned to libaikang
libaikang collected $29.50 from pot
libaikang: doesn't show hand
*** SUMMARY ***
Total pot $30 | Rake $0.50
Board [Ts 8h 5s 7c Kd]
Seat 2: libaikang (button) (small blind) collected ($29.50)
Seat 3: Ag3r0n (big blind) folded on the River


PokerStars Hand #176288176465:  Hold'em Limit ($3/$6 USD) - 2017/09/29 19:11:29 ET
Table 'Kalyke' 6-max Seat #2 is the button
Seat 2: libaikang ($146 in chips)
Seat 3: Ag3r0n ($85.50 in chips)
libaikang: posts small blind $1
Ag3r0n: posts big blind $3
*** HOLE CARDS ***
libaikang: raises $3 to $6
Ag3r0n: calls $3
*** FLOP *** [6h Kd Th]
Ag3r0n: checks
libaikang: bets $3
Ag3r0n: folds
Uncalled bet ($3) returned to libaikang
libaikang collected $11.76 from pot
libaikang: doesn't show hand
*** SUMMARY ***
Total pot $12 | Rake $0.24
Board [6h Kd Th]
Seat 2: libaikang (button) (small blind) collected ($11.76)
Seat 3: Ag3r0n (big blind) folded on the Flop


PokerStars Hand #176288173576:  Hold'em Limit ($3/$6 USD) - 2017/09/29 19:11:25 ET
Table 'Kalyke' 6-max Seat #3 is the button
Seat 2: libaikang ($145 in chips)
Seat 3: Ag3r0n ($86.50 in chips)
Ag3r0n: posts small blind $1
libaikang: posts big blind $3
*** HOLE CARDS ***
Ag3r0n: folds
Uncalled bet ($2) returned to libaikang
libaikang collected $2 from pot
libaikang: doesn't show hand
*** SUMMARY ***
Total pot $2 | Rake $0
Seat 2: libaikang (big blind) collected ($2)
Seat 3: Ag3r0n (button) (small blind) folded before Flop


PokerStars Hand #176288162578:  Hold'em Limit ($3/$6 USD) - 2017/09/29 19:11:06 ET
Table 'Kalyke' 6-max Seat #2 is the button
Seat 2: libaikang ($160 in chips)
Seat 3: Ag3r0n ($72 in chips)
libaikang: posts small blind $1
Ag3r0n: posts big blind $3
*** HOLE CARDS ***
libaikang: calls $2
Ag3r0n: raises $3 to $6
libaikang: calls $3
*** FLOP *** [2c 3s As]
Ag3r0n: bets $3
libaikang: calls $3
*** TURN *** [2c 3s As] [4d]
Ag3r0n: checks
libaikang: checks
*** RIVER *** [2c 3s As 4d] [9h]
Ag3r0n: bets $6
libaikang: calls $6
*** SHOW DOWN ***
Ag3r0n: shows [9c Tc] (a pair of Nines)
libaikang: mucks hand
Ag3r0n collected $29.50 from pot
*** SUMMARY ***
Total pot $30 | Rake $0.50
Board [2c 3s As 4d 9h]
Seat 2: libaikang (button) (small blind) mucked
Seat 3: Ag3r0n (big blind) showed [9c Tc] and won ($29.50) with a pair of Nines


PokerStars Hand #176288202482:  Hold'em Limit ($3/$6 USD) - 2017/09/29 19:12:14 ET
Table 'Kalyke' 6-max Seat #2 is the button
Seat 2: libaikang ($121.76 in chips)
Seat 3: Ag3r0n ($109 in chips)
libaikang: posts small blind $1
Ag3r0n: posts big blind $3
*** HOLE CARDS ***
libaikang: raises $3 to $6
Ag3r0n: raises $3 to $9
libaikang: raises $3 to $12
Betting is capped
Ag3r0n: calls $3
*** FLOP *** [Kd 8d Kh]
Ag3r0n: checks
libaikang: bets $3
Chessnok joins the table at seat #4
Ag3r0n: calls $3
*** TURN *** [Kd 8d Kh] [5d]
Ag3r0n: checks
libaikang: bets $6
Ag3r0n: calls $6
*** RIVER *** [Kd 8d Kh 5d] [7d]
Ag3r0n: checks
libaikang: bets $6
Ag3r0n: raises $6 to $12
libaikang: calls $6
*** SHOW DOWN ***
Ag3r0n: shows [Jd Qh] (a flush, King high)
libaikang: mucks hand
Ag3r0n collected $65.50 from pot
*** SUMMARY ***
Total pot $66 | Rake $0.50
Board [Kd 8d Kh 5d 7d]
Seat 2: libaikang (button) (small blind) mucked
Seat 3: Ag3r0n (big blind) showed [Jd Qh] and won ($65.50) with a flush, King high


PokerStars Hand #176288183469:  Hold'em Limit ($3/$6 USD) - 2017/09/29 19:11:41 ET
Table 'Kalyke' 6-max Seat #3 is the button
Seat 2: libaikang ($151.76 in chips)
Seat 3: Ag3r0n ($79.50 in chips)
Ag3r0n: posts small blind $1
libaikang: posts big blind $3
*** HOLE CARDS ***
Ag3r0n: raises $3 to $6
libaikang: raises $3 to $9
Ag3r0n: calls $3
*** FLOP *** [Qh Qd 8d]
libaikang: checks
Ag3r0n: bets $3
libaikang: calls $3
*** TURN *** [Qh Qd 8d] [5c]
libaikang: checks
Ag3r0n: bets $6
libaikang: calls $6
*** RIVER *** [Qh Qd 8d 5c] [4c]
libaikang: bets $6
Ag3r0n: raises $6 to $12
libaikang: calls $6
*** SHOW DOWN ***
Ag3r0n: shows [Qs Kh] (three of a kind, Queens)
libaikang: mucks hand
Ag3r0n collected $59.50 from pot
*** SUMMARY ***
Total pot $60 | Rake $0.50
Board [Qh Qd 8d 5c 4c]
Seat 2: libaikang (big blind) mucked
Seat 3: Ag3r0n (button) (small blind) showed [Qs Kh] and won ($59.50) with three of a kind, Queens


