PokerStars Hand #153043252930:  Hold'em Limit ($3/$6 USD) - 2016/05/08 17:51:56 ET
Table 'Kalypso' 6-max Seat #3 is the button
Seat 3: tangxueke ($50.52 in chips)
Seat 4: craaa ($120 in chips)
tangxueke: posts small blind $1
craaa: posts big blind $3
*** HOLE CARDS ***
tangxueke: folds
Uncalled bet ($2) returned to craaa
craaa collected $2 from pot
craaa: doesn't show hand
*** SUMMARY ***
Total pot $2 | Rake $0
Seat 3: tangxueke (button) (small blind) folded before Flop
Seat 4: craaa (big blind) collected ($2)


PokerStars Hand #153043201285:  Hold'em Limit ($3/$6 USD) - 2016/05/08 17:50:55 ET
Table 'Kalypso' 6-max Seat #4 is the button
Seat 3: tangxueke ($39 in chips)
Seat 4: vestimokrec ($125.64 in chips)
vestimokrec: posts small blind $1
tangxueke: posts big blind $3
*** HOLE CARDS ***
NiktheDon leaves the table
vestimokrec: raises $3 to $6
tangxueke: raises $3 to $9
vestimokrec: calls $3
*** FLOP *** [5c 4s 8d]
tangxueke: bets $3
vestimokrec: calls $3
*** TURN *** [5c 4s 8d] [5s]
tangxueke: bets $6
vestimokrec: folds
Uncalled bet ($6) returned to tangxueke
tangxueke collected $23.52 from pot
tangxueke: doesn't show hand
*** SUMMARY ***
Total pot $24 | Rake $0.48
Board [5c 4s 8d 5s]
Seat 3: tangxueke (big blind) collected ($23.52)
Seat 4: vestimokrec (button) (small blind) folded on the Turn


PokerStars Hand #153043270810:  Hold'em Limit ($3/$6 USD) - 2016/05/08 17:52:18 ET
Table 'Kalypso' 6-max Seat #4 is the button
Seat 3: tangxueke ($49.52 in chips)
Seat 4: craaa ($121 in chips)
craaa: posts small blind $1
tangxueke: posts big blind $3
*** HOLE CARDS ***
craaa: raises $3 to $6
tangxueke: raises $3 to $9
craaa: calls $3
*** FLOP *** [8c 9c Td]
tangxueke: bets $3
craaa: calls $3
*** TURN *** [8c 9c Td] [Ac]
tangxueke: bets $6
craaa: folds
Uncalled bet ($6) returned to tangxueke
tangxueke collected $23.52 from pot
tangxueke: doesn't show hand
*** SUMMARY ***
Total pot $24 | Rake $0.48
Board [8c 9c Td Ac]
Seat 3: tangxueke (big blind) collected ($23.52)
Seat 4: craaa (button) (small blind) folded on the Turn


PokerStars Hand #153043335809:  Hold'em Limit ($3/$6 USD) - 2016/05/08 17:53:36 ET
Table 'Kalypso' 6-max Seat #4 is the button
Seat 3: tangxueke ($90.54 in chips)
Seat 4: craaa ($79 in chips)
craaa: posts small blind $1
tangxueke: posts big blind $3
*** HOLE CARDS ***
craaa: raises $3 to $6
tangxueke: calls $3
*** FLOP *** [6s 8h 6d]
tangxueke: checks
craaa: bets $3
tangxueke: calls $3
*** TURN *** [6s 8h 6d] [Ts]
tangxueke: checks
craaa: checks
*** RIVER *** [6s 8h 6d Ts] [Js]
tangxueke: checks
craaa: checks
*** SHOW DOWN ***
tangxueke: shows [Ks 7h] (a pair of Sixes)
craaa: shows [Ad 9h] (a pair of Sixes - Ace kicker)
craaa collected $17.64 from pot
*** SUMMARY ***
Total pot $18 | Rake $0.36
Board [6s 8h 6d Ts Js]
Seat 3: tangxueke (big blind) showed [Ks 7h] and lost with a pair of Sixes
Seat 4: craaa (button) (small blind) showed [Ad 9h] and won ($17.64) with a pair of Sixes


PokerStars Hand #153043290538:  Hold'em Limit ($3/$6 USD) - 2016/05/08 17:52:42 ET
Table 'Kalypso' 6-max Seat #3 is the button
Seat 3: tangxueke ($61.04 in chips)
Seat 4: craaa ($109 in chips)
tangxueke: posts small blind $1
craaa: posts big blind $3
*** HOLE CARDS ***
tangxueke: raises $3 to $6
craaa: calls $3
*** FLOP *** [Qc 7s Jd]
craaa: checks
tangxueke: bets $3
craaa: raises $3 to $6
tangxueke: raises $3 to $9
craaa: raises $3 to $12
Betting is capped
tangxueke: calls $3
*** TURN *** [Qc 7s Jd] [5c]
craaa: bets $6
tangxueke: calls $6
*** RIVER *** [Qc 7s Jd 5c] [4c]
craaa: bets $6
tangxueke: calls $6
*** SHOW DOWN ***
craaa: shows [3s Qh] (a pair of Queens)
tangxueke: shows [Tc Qs] (a pair of Queens - Jack+Ten kicker)
tangxueke collected $59.50 from pot
*** SUMMARY ***
Total pot $60 | Rake $0.50
Board [Qc 7s Jd 5c 4c]
Seat 3: tangxueke (button) (small blind) showed [Tc Qs] and won ($59.50) with a pair of Queens
Seat 4: craaa (big blind) showed [3s Qh] and lost with a pair of Queens


PokerStars Hand #153043370394:  Hold'em Limit ($3/$6 USD) - 2016/05/08 17:54:18 ET
Table 'Kalypso' 6-max Seat #3 is the button
Seat 3: tangxueke ($81.54 in chips)
Seat 4: craaa ($87.64 in chips)
MMike1948 joins the table at seat #2
tangxueke: posts small blind $1
craaa: posts big blind $3
*** HOLE CARDS ***
tangxueke: folds
Uncalled bet ($2) returned to craaa
craaa collected $2 from pot
craaa: doesn't show hand
*** SUMMARY ***
Total pot $2 | Rake $0
Seat 3: tangxueke (button) (small blind) folded before Flop
Seat 4: craaa (big blind) collected ($2)


PokerStars Hand #153047513542:  Hold'em Limit ($3/$6 USD) - 2016/05/08 19:31:07 ET
Table 'Kalypso' 6-max Seat #4 is the button
Seat 4: ABATAPP ($137.56 in chips)
Seat 5: BIZE Terence ($157.95 in chips)
ABATAPP: posts small blind $1
BIZE Terence: posts big blind $3
*** HOLE CARDS ***
ABATAPP: raises $3 to $6
BIZE Terence: raises $3 to $9
ABATAPP: calls $3
*** FLOP *** [2h 3c 4c]
BIZE Terence: bets $3
ABATAPP: calls $3
*** TURN *** [2h 3c 4c] [Jc]
BIZE Terence: bets $6
ABATAPP: calls $6
*** RIVER *** [2h 3c 4c Jc] [9d]
BIZE Terence: bets $6
ABATAPP: calls $6
*** SHOW DOWN ***
BIZE Terence: shows [3d Jd] (two pair, Jacks and Threes)
ABATAPP: mucks hand
BIZE Terence collected $47.50 from pot
*** SUMMARY ***
Total pot $48 | Rake $0.50
Board [2h 3c 4c Jc 9d]
Seat 4: ABATAPP (button) (small blind) mucked
Seat 5: BIZE Terence (big blind) showed [3d Jd] and won ($47.50) with two pair, Jacks and Threes


