PokerStars Hand #155828462183:  Hold'em Limit ($3/$6 USD) - 2016/07/11 6:28:11 ET
Table 'Kalyke' 10-max Seat #5 is the button
Seat 5: BeerTorchok ($14 in chips)
Seat 7: VolkovDmitri ($135.64 in chips)
BeerTorchok: posts small blind $1
VolkovDmitri: posts big blind $3
*** HOLE CARDS ***
BeerTorchok: folds
Uncalled bet ($2) returned to VolkovDmitri
VolkovDmitri collected $2 from pot
VolkovDmitri: doesn't show hand
*** SUMMARY ***
Total pot $2 | Rake $0
Seat 5: BeerTorchok (button) (small blind) folded before Flop
Seat 7: VolkovDmitri (big blind) collected ($2)


PokerStars Hand #155828460241:  Hold'em Limit ($3/$6 USD) - 2016/07/11 6:28:05 ET
Table 'Kalyke' 10-max Seat #7 is the button
Seat 5: BeerTorchok ($17 in chips)
Seat 7: VolkovDmitri ($132.64 in chips)
VolkovDmitri: posts small blind $1
BeerTorchok: posts big blind $3
*** HOLE CARDS ***
VolkovDmitri: raises $3 to $6
BeerTorchok: folds
Uncalled bet ($3) returned to VolkovDmitri
VolkovDmitri collected $6 from pot
VolkovDmitri: doesn't show hand
*** SUMMARY ***
Total pot $6 | Rake $0
Seat 5: BeerTorchok (big blind) folded before Flop
Seat 7: VolkovDmitri (button) (small blind) collected ($6)


PokerStars Hand #155828452294:  Hold'em Limit ($3/$6 USD) - 2016/07/11 6:27:43 ET
Table 'Kalyke' 10-max Seat #5 is the button
Seat 5: BeerTorchok ($26 in chips)
Seat 7: VolkovDmitri ($124 in chips)
BeerTorchok: posts small blind $1
VolkovDmitri: posts big blind $3
*** HOLE CARDS ***
BeerTorchok: raises $3 to $6
VolkovDmitri: raises $3 to $9
BeerTorchok: calls $3
*** FLOP *** [8h 9s 5c]
VolkovDmitri: bets $3
BeerTorchok: folds
Uncalled bet ($3) returned to VolkovDmitri
VolkovDmitri collected $17.64 from pot
VolkovDmitri: doesn't show hand
*** SUMMARY ***
Total pot $18 | Rake $0.36
Board [8h 9s 5c]
Seat 5: BeerTorchok (button) (small blind) folded on the Flop
Seat 7: VolkovDmitri (big blind) collected ($17.64)


PokerStars Hand #155828448806:  Hold'em Limit ($3/$6 USD) - 2016/07/11 6:27:33 ET
Table 'Kalyke' 10-max Seat #7 is the button
Seat 5: BeerTorchok ($29 in chips)
Seat 7: VolkovDmitri ($121 in chips)
VolkovDmitri: posts small blind $1
BeerTorchok: posts big blind $3
*** HOLE CARDS ***
VolkovDmitri: raises $3 to $6
BeerTorchok: folds
Uncalled bet ($3) returned to VolkovDmitri
VolkovDmitri collected $6 from pot
VolkovDmitri: doesn't show hand
*** SUMMARY ***
Total pot $6 | Rake $0
Seat 5: BeerTorchok (big blind) folded before Flop
Seat 7: VolkovDmitri (button) (small blind) collected ($6)


PokerStars Hand #155828484542:  Hold'em Limit ($3/$6 USD) - 2016/07/11 6:29:14 ET
Table 'Kalyke' 10-max Seat #5 is the button
Seat 5: BeerTorchok ($18.50 in chips)
Seat 7: VolkovDmitri ($130.40 in chips)
BeerTorchok: posts small blind $1
VolkovDmitri: posts big blind $3
*** HOLE CARDS ***
BeerTorchok: folds
Uncalled bet ($2) returned to VolkovDmitri
VolkovDmitri collected $2 from pot
VolkovDmitri: doesn't show hand
*** SUMMARY ***
Total pot $2 | Rake $0
Seat 5: BeerTorchok (button) (small blind) folded before Flop
Seat 7: VolkovDmitri (big blind) collected ($2)


PokerStars Hand #155828475859:  Hold'em Limit ($3/$6 USD) - 2016/07/11 6:28:49 ET
Table 'Kalyke' 10-max Seat #7 is the button
Seat 5: BeerTorchok ($24.50 in chips)
Seat 7: VolkovDmitri ($124.64 in chips)
VolkovDmitri: posts small blind $1
BeerTorchok: posts big blind $3
*** HOLE CARDS ***
VolkovDmitri: raises $3 to $6
BeerTorchok: calls $3
*** FLOP *** [8d Ah 5d]
BeerTorchok: checks
VolkovDmitri: bets $3
BeerTorchok: folds
Uncalled bet ($3) returned to VolkovDmitri
VolkovDmitri collected $11.76 from pot
VolkovDmitri: doesn't show hand
*** SUMMARY ***
Total pot $12 | Rake $0.24
Board [8d Ah 5d]
Seat 5: BeerTorchok (big blind) folded on the Flop
Seat 7: VolkovDmitri (button) (small blind) collected ($11.76)


PokerStars Hand #155828474293:  Hold'em Limit ($3/$6 USD) - 2016/07/11 6:28:45 ET
Table 'Kalyke' 10-max Seat #5 is the button
Seat 5: BeerTorchok ($25.50 in chips)
Seat 7: VolkovDmitri ($123.64 in chips)
BeerTorchok: posts small blind $1
VolkovDmitri: posts big blind $3
*** HOLE CARDS ***
BeerTorchok: folds
Uncalled bet ($2) returned to VolkovDmitri
VolkovDmitri collected $2 from pot
VolkovDmitri: doesn't show hand
*** SUMMARY ***
Total pot $2 | Rake $0
Seat 5: BeerTorchok (button) (small blind) folded before Flop
Seat 7: VolkovDmitri (big blind) collected ($2)


PokerStars Hand #155828464062:  Hold'em Limit ($3/$6 USD) - 2016/07/11 6:28:16 ET
Table 'Kalyke' 10-max Seat #7 is the button
Seat 5: BeerTorchok ($13 in chips)
Seat 7: VolkovDmitri ($136.64 in chips)
VolkovDmitri: posts small blind $1
BeerTorchok: posts big blind $3
*** HOLE CARDS ***
VolkovDmitri: raises $3 to $6
BeerTorchok: raises $3 to $9
VolkovDmitri: calls $3
*** FLOP *** [3d Kc Kd]
BeerTorchok: bets $3
VolkovDmitri: raises $3 to $6
BeerTorchok: calls $1 and is all-in
Uncalled bet ($2) returned to VolkovDmitri
*** TURN *** [3d Kc Kd] [3h]
*** RIVER *** [3d Kc Kd 3h] [9s]
*** SHOW DOWN ***
BeerTorchok: shows [7d Qh] (two pair, Kings and Threes)
VolkovDmitri: shows [Tc 4c] (two pair, Kings and Threes - lower kicker)
BeerTorchok collected $25.50 from pot
*** SUMMARY ***
Total pot $26 | Rake $0.50
Board [3d Kc Kd 3h 9s]
Seat 5: BeerTorchok (big blind) showed [7d Qh] and won ($25.50) with two pair, Kings and Threes
Seat 7: VolkovDmitri (button) (small blind) showed [Tc 4c] and lost with two pair, Kings and Threes


PokerStars Hand #155828486244:  Hold'em Limit ($3/$6 USD) - 2016/07/11 6:29:18 ET
Table 'Kalyke' 10-max Seat #7 is the button
Seat 5: BeerTorchok ($17.50 in chips)
Seat 7: VolkovDmitri ($131.40 in chips)
VolkovDmitri: posts small blind $1
BeerTorchok: posts big blind $3
*** HOLE CARDS ***
VolkovDmitri: raises $3 to $6
BeerTorchok: raises $3 to $9
VolkovDmitri: raises $3 to $12
Betting is capped
BeerTorchok: calls $3
*** FLOP *** [3s 7h 5d]
BeerTorchok: bets $3
VolkovDmitri: raises $3 to $6
BeerTorchok: calls $2.50 and is all-in
Uncalled bet ($0.50) returned to VolkovDmitri
*** TURN *** [3s 7h 5d] [9h]
*** RIVER *** [3s 7h 5d 9h] [8c]
*** SHOW DOWN ***
BeerTorchok: shows [Qs 6h] (a straight, Five to Nine)
VolkovDmitri: shows [Kh 8h] (a pair of Eights)
BeerTorchok collected $34.50 from pot
*** SUMMARY ***
Total pot $35 | Rake $0.50
Board [3s 7h 5d 9h 8c]
Seat 5: BeerTorchok (big blind) showed [Qs 6h] and won ($34.50) with a straight, Five to Nine
Seat 7: VolkovDmitri (button) (small blind) showed [Kh 8h] and lost with a pair of Eights


PokerStars Hand #155828517146:  Hold'em Limit ($3/$6 USD) - 2016/07/11 6:30:45 ET
Table 'Kalyke' 10-max Seat #5 is the button
Seat 5: BeerTorchok ($25.14 in chips)
Seat 7: VolkovDmitri ($128.50 in chips)
BeerTorchok: posts small blind $1
VolkovDmitri: posts big blind $3
*** HOLE CARDS ***
BeerTorchok: folds
Uncalled bet ($2) returned to VolkovDmitri
VolkovDmitri collected $2 from pot
VolkovDmitri: doesn't show hand
*** SUMMARY ***
Total pot $2 | Rake $0
Seat 5: BeerTorchok (button) (small blind) folded before Flop
Seat 7: VolkovDmitri (big blind) collected ($2)


PokerStars Hand #155828511247:  Hold'em Limit ($3/$6 USD) - 2016/07/11 6:30:28 ET
Table 'Kalyke' 10-max Seat #7 is the button
Seat 5: BeerTorchok ($16.50 in chips)
Seat 7: VolkovDmitri ($137.50 in chips)
VolkovDmitri: posts small blind $1
BeerTorchok: posts big blind $3
*** HOLE CARDS ***
VolkovDmitri: raises $3 to $6
BeerTorchok: raises $3 to $9
VolkovDmitri: calls $3
*** FLOP *** [Kh Qh Tc]
BeerTorchok: bets $3
VolkovDmitri: folds
Uncalled bet ($3) returned to BeerTorchok
BeerTorchok collected $17.64 from pot
BeerTorchok: doesn't show hand
*** SUMMARY ***
Total pot $18 | Rake $0.36
Board [Kh Qh Tc]
Seat 5: BeerTorchok (big blind) collected ($17.64)
Seat 7: VolkovDmitri (button) (small blind) folded on the Flop


PokerStars Hand #155828545626:  Hold'em Limit ($3/$6 USD) - 2016/07/11 6:32:04 ET
Table 'Kalyke' 10-max Seat #7 is the button
Seat 5: BeerTorchok ($26.64 in chips)
Seat 7: VolkovDmitri ($140.50 in chips)
VolkovDmitri: posts small blind $1
BeerTorchok: posts big blind $3
*** HOLE CARDS ***
VolkovDmitri: raises $3 to $6
BeerTorchok: raises $3 to $9
VolkovDmitri: raises $3 to $12
Betting is capped
BeerTorchok: calls $3
*** FLOP *** [As Kh 9s]
BeerTorchok: bets $3
VolkovDmitri: calls $3
*** TURN *** [As Kh 9s] [3s]
BeerTorchok: bets $6
VolkovDmitri: folds
Uncalled bet ($6) returned to BeerTorchok
BeerTorchok collected $29.50 from pot
BeerTorchok: doesn't show hand
*** SUMMARY ***
Total pot $30 | Rake $0.50
Board [As Kh 9s 3s]
Seat 5: BeerTorchok (big blind) collected ($29.50)
Seat 7: VolkovDmitri (button) (small blind) folded on the Turn


PokerStars Hand #155828566874:  Hold'em Limit ($3/$6 USD) - 2016/07/11 6:33:03 ET
Table 'Kalyke' 10-max Seat #7 is the button
Seat 5: BeerTorchok ($46.90 in chips)
Seat 7: VolkovDmitri ($120 in chips)
VolkovDmitri: posts small blind $1
BeerTorchok: posts big blind $3
*** HOLE CARDS ***
VolkovDmitri: raises $3 to $6
BeerTorchok: raises $3 to $9
VolkovDmitri: calls $3
*** FLOP *** [Jh 4s 6c]
BeerTorchok: bets $3
VolkovDmitri: calls $3
*** TURN *** [Jh 4s 6c] [As]
BeerTorchok: bets $6
VolkovDmitri: folds
Uncalled bet ($6) returned to BeerTorchok
BeerTorchok collected $23.52 from pot
BeerTorchok: doesn't show hand
*** SUMMARY ***
Total pot $24 | Rake $0.48
Board [Jh 4s 6c As]
Seat 5: BeerTorchok (big blind) collected ($23.52)
Seat 7: VolkovDmitri (button) (small blind) folded on the Turn


PokerStars Hand #155828574750:  Hold'em Limit ($3/$6 USD) - 2016/07/11 6:33:25 ET
Table 'Kalyke' 10-max Seat #5 is the button
Seat 5: BeerTorchok ($58.42 in chips)
Seat 7: VolkovDmitri ($120 in chips)
BeerTorchok: posts small blind $1
VolkovDmitri: posts big blind $3
*** HOLE CARDS ***
BeerTorchok: calls $2
VolkovDmitri: raises $3 to $6
BeerTorchok: calls $3
*** FLOP *** [2d Ts Qd]
VolkovDmitri: bets $3
BeerTorchok: calls $3
*** TURN *** [2d Ts Qd] [Kd]
VolkovDmitri: bets $6
BeerTorchok: raises $6 to $12
VolkovDmitri: folds
Uncalled bet ($6) returned to BeerTorchok
BeerTorchok collected $29.50 from pot
BeerTorchok: doesn't show hand
*** SUMMARY ***
Total pot $30 | Rake $0.50
Board [2d Ts Qd Kd]
Seat 5: BeerTorchok (button) (small blind) collected ($29.50)
Seat 7: VolkovDmitri (big blind) folded on the Turn


PokerStars Hand #155828518884:  Hold'em Limit ($3/$6 USD) - 2016/07/11 6:30:50 ET
Table 'Kalyke' 10-max Seat #7 is the button
Seat 5: BeerTorchok ($24.14 in chips)
Seat 7: VolkovDmitri ($129.50 in chips)
VolkovDmitri: posts small blind $1
BeerTorchok: posts big blind $3
*** HOLE CARDS ***
VolkovDmitri: raises $3 to $6
BeerTorchok: raises $3 to $9
VolkovDmitri: calls $3
*** FLOP *** [Ks Th 5c]
BeerTorchok: bets $3
VolkovDmitri: calls $3
*** TURN *** [Ks Th 5c] [4d]
BeerTorchok: bets $6
VolkovDmitri: calls $6
*** RIVER *** [Ks Th 5c 4d] [Ts]
BeerTorchok: bets $6
VolkovDmitri: calls $6
*** SHOW DOWN ***
BeerTorchok: shows [5h Ah] (two pair, Tens and Fives)
VolkovDmitri: mucks hand
BeerTorchok collected $47.50 from pot
*** SUMMARY ***
Total pot $48 | Rake $0.50
Board [Ks Th 5c 4d Ts]
Seat 5: BeerTorchok (big blind) showed [5h Ah] and won ($47.50) with two pair, Tens and Fives
Seat 7: VolkovDmitri (button) (small blind) mucked


PokerStars Hand #155828602927:  Hold'em Limit ($3/$6 USD) - 2016/07/11 6:34:43 ET
Table 'Kalyke' 10-max Seat #7 is the button
Seat 5: BeerTorchok ($104.06 in chips)
Seat 7: VolkovDmitri ($121 in chips)
VolkovDmitri: posts small blind $1
BeerTorchok: posts big blind $3
*** HOLE CARDS ***
VolkovDmitri: raises $3 to $6
BeerTorchok: calls $3
*** FLOP *** [Qh 9d Tc]
BeerTorchok: checks
VolkovDmitri: bets $3
BeerTorchok: folds
Uncalled bet ($3) returned to VolkovDmitri
VolkovDmitri collected $11.76 from pot
VolkovDmitri: doesn't show hand
*** SUMMARY ***
Total pot $12 | Rake $0.24
Board [Qh 9d Tc]
Seat 5: BeerTorchok (big blind) folded on the Flop
Seat 7: VolkovDmitri (button) (small blind) collected ($11.76)


PokerStars Hand #155828601136:  Hold'em Limit ($3/$6 USD) - 2016/07/11 6:34:38 ET
Table 'Kalyke' 10-max Seat #5 is the button
Seat 5: BeerTorchok ($105.06 in chips)
Seat 7: VolkovDmitri ($120 in chips)
BeerTorchok: posts small blind $1
VolkovDmitri: posts big blind $3
*** HOLE CARDS ***
BeerTorchok: folds
Uncalled bet ($2) returned to VolkovDmitri
VolkovDmitri collected $2 from pot
VolkovDmitri: doesn't show hand
*** SUMMARY ***
Total pot $2 | Rake $0
Seat 5: BeerTorchok (button) (small blind) folded before Flop
Seat 7: VolkovDmitri (big blind) collected ($2)


PokerStars Hand #155828595638:  Hold'em Limit ($3/$6 USD) - 2016/07/11 6:34:23 ET
Table 'Kalyke' 10-max Seat #7 is the button
Seat 5: BeerTorchok ($96.42 in chips)
Seat 7: VolkovDmitri ($120 in chips)
VolkovDmitri: posts small blind $1
BeerTorchok: posts big blind $3
*** HOLE CARDS ***
VolkovDmitri: raises $3 to $6
BeerTorchok: raises $3 to $9
VolkovDmitri: calls $3
*** FLOP *** [Qh Tc Kd]
BeerTorchok: bets $3
VolkovDmitri: folds
Uncalled bet ($3) returned to BeerTorchok
BeerTorchok collected $17.64 from pot
BeerTorchok: doesn't show hand
*** SUMMARY ***
Total pot $18 | Rake $0.36
Board [Qh Tc Kd]
Seat 5: BeerTorchok (big blind) collected ($17.64)
Seat 7: VolkovDmitri (button) (small blind) folded on the Flop


PokerStars Hand #155828592733:  Hold'em Limit ($3/$6 USD) - 2016/07/11 6:34:15 ET
Table 'Kalyke' 10-max Seat #5 is the button
Seat 5: BeerTorchok ($93.42 in chips)
Seat 7: VolkovDmitri ($120 in chips)
BeerTorchok: posts small blind $1
VolkovDmitri: posts big blind $3
*** HOLE CARDS ***
BeerTorchok: raises $3 to $6
VolkovDmitri: folds
Uncalled bet ($3) returned to BeerTorchok
BeerTorchok collected $6 from pot
BeerTorchok: doesn't show hand
*** SUMMARY ***
Total pot $6 | Rake $0
Seat 5: BeerTorchok (button) (small blind) collected ($6)
Seat 7: VolkovDmitri (big blind) folded before Flop


PokerStars Hand #155828583008:  Hold'em Limit ($3/$6 USD) - 2016/07/11 6:33:48 ET
Table 'Kalyke' 10-max Seat #7 is the button
Seat 5: BeerTorchok ($72.92 in chips)
Seat 7: VolkovDmitri ($120 in chips)
VolkovDmitri: posts small blind $1
BeerTorchok: posts big blind $3
*** HOLE CARDS ***
VolkovDmitri: raises $3 to $6
BeerTorchok: raises $3 to $9
VolkovDmitri: calls $3
*** FLOP *** [4c Jh 5h]
BeerTorchok: bets $3
VolkovDmitri: raises $3 to $6
BeerTorchok: calls $3
*** TURN *** [4c Jh 5h] [Ts]
BeerTorchok: checks
VolkovDmitri: bets $6
BeerTorchok: calls $6
*** RIVER *** [4c Jh 5h Ts] [7h]
BeerTorchok: checks
VolkovDmitri: checks
*** SHOW DOWN ***
BeerTorchok: shows [6h 6s] (a pair of Sixes)
VolkovDmitri: mucks hand
BeerTorchok collected $41.50 from pot
*** SUMMARY ***
Total pot $42 | Rake $0.50
Board [4c Jh 5h Ts 7h]
Seat 5: BeerTorchok (big blind) showed [6h 6s] and won ($41.50) with a pair of Sixes
Seat 7: VolkovDmitri (button) (small blind) mucked


PokerStars Hand #155828624927:  Hold'em Limit ($3/$6 USD) - 2016/07/11 6:35:44 ET
Table 'Kalyke' 10-max Seat #5 is the button
Seat 5: BeerTorchok ($91.56 in chips)
Seat 7: VolkovDmitri ($132.26 in chips)
BeerTorchok: posts small blind $1
VolkovDmitri: posts big blind $3
*** HOLE CARDS ***
BeerTorchok: folds
Uncalled bet ($2) returned to VolkovDmitri
VolkovDmitri collected $2 from pot
VolkovDmitri: doesn't show hand
*** SUMMARY ***
Total pot $2 | Rake $0
Seat 5: BeerTorchok (button) (small blind) folded before Flop
Seat 7: VolkovDmitri (big blind) collected ($2)


PokerStars Hand #155828617005:  Hold'em Limit ($3/$6 USD) - 2016/07/11 6:35:22 ET
Table 'Kalyke' 10-max Seat #7 is the button
Seat 5: BeerTorchok ($77.06 in chips)
Seat 7: VolkovDmitri ($147.26 in chips)
VolkovDmitri: posts small blind $1
BeerTorchok: posts big blind $3
*** HOLE CARDS ***
VolkovDmitri: raises $3 to $6
BeerTorchok: calls $3
*** FLOP *** [4d Kh 3c]
BeerTorchok: bets $3
VolkovDmitri: calls $3
*** TURN *** [4d Kh 3c] [2h]
BeerTorchok: bets $6
VolkovDmitri: calls $6
*** RIVER *** [4d Kh 3c 2h] [Kd]
BeerTorchok: bets $6
VolkovDmitri: folds
Uncalled bet ($6) returned to BeerTorchok
BeerTorchok collected $29.50 from pot
BeerTorchok: doesn't show hand
*** SUMMARY ***
Total pot $30 | Rake $0.50
Board [4d Kh 3c 2h Kd]
Seat 5: BeerTorchok (big blind) collected ($29.50)
Seat 7: VolkovDmitri (button) (small blind) folded on the River


PokerStars Hand #155828608789:  Hold'em Limit ($3/$6 USD) - 2016/07/11 6:34:59 ET
Table 'Kalyke' 10-max Seat #5 is the button
Seat 5: BeerTorchok ($98.06 in chips)
Seat 7: VolkovDmitri ($126.76 in chips)
BeerTorchok: posts small blind $1
VolkovDmitri: posts big blind $3
*** HOLE CARDS ***
BeerTorchok: raises $3 to $6
VolkovDmitri: calls $3
*** FLOP *** [3h 2c 3d]
VolkovDmitri: checks
BeerTorchok: bets $3
VolkovDmitri: calls $3
*** TURN *** [3h 2c 3d] [6s]
VolkovDmitri: checks
BeerTorchok: bets $6
VolkovDmitri: raises $6 to $12
BeerTorchok: calls $6
*** RIVER *** [3h 2c 3d 6s] [8s]
VolkovDmitri: bets $6
BeerTorchok: folds
Uncalled bet ($6) returned to VolkovDmitri
VolkovDmitri collected $41.50 from pot
VolkovDmitri: doesn't show hand
*** SUMMARY ***
Total pot $42 | Rake $0.50
Board [3h 2c 3d 6s 8s]
Seat 5: BeerTorchok (button) (small blind) folded on the River
Seat 7: VolkovDmitri (big blind) collected ($41.50)


PokerStars Hand #155828626619:  Hold'em Limit ($3/$6 USD) - 2016/07/11 6:35:49 ET
Table 'Kalyke' 10-max Seat #7 is the button
Seat 5: BeerTorchok ($90.56 in chips)
Seat 7: VolkovDmitri ($133.26 in chips)
VolkovDmitri: posts small blind $1
BeerTorchok: posts big blind $3
*** HOLE CARDS ***
VolkovDmitri: raises $3 to $6
BeerTorchok: raises $3 to $9
VolkovDmitri: calls $3
*** FLOP *** [Js 5c Qs]
BeerTorchok: bets $3
VolkovDmitri: calls $3
*** TURN *** [Js 5c Qs] [Kd]
BeerTorchok: bets $6
VolkovDmitri: calls $6
*** RIVER *** [Js 5c Qs Kd] [7h]
BeerTorchok: bets $6
VolkovDmitri: calls $6
*** SHOW DOWN ***
BeerTorchok: shows [4c Ac] (high card Ace)
VolkovDmitri: shows [Qd 4d] (a pair of Queens)
VolkovDmitri collected $47.50 from pot
*** SUMMARY ***
Total pot $48 | Rake $0.50
Board [Js 5c Qs Kd 7h]
Seat 5: BeerTorchok (big blind) showed [4c Ac] and lost with high card Ace
Seat 7: VolkovDmitri (button) (small blind) showed [Qd 4d] and won ($47.50) with a pair of Queens


PokerStars Hand #155828646925:  Hold'em Limit ($3/$6 USD) - 2016/07/11 6:36:45 ET
Table 'Kalyke' 10-max Seat #7 is the button
Seat 5: BeerTorchok ($84.06 in chips)
Seat 7: VolkovDmitri ($138.76 in chips)
VolkovDmitri: posts small blind $1
BeerTorchok: posts big blind $3
*** HOLE CARDS ***
VolkovDmitri: raises $3 to $6
BeerTorchok: raises $3 to $9
VolkovDmitri: calls $3
*** FLOP *** [Kh 8c 2c]
BeerTorchok: checks
VolkovDmitri: bets $3
BeerTorchok: calls $3
*** TURN *** [Kh 8c 2c] [3d]
BeerTorchok: checks
VolkovDmitri: bets $6
BeerTorchok: calls $6
*** RIVER *** [Kh 8c 2c 3d] [Ah]
BeerTorchok: bets $6
VolkovDmitri: calls $6
*** SHOW DOWN ***
BeerTorchok: shows [Jh Tc] (high card Ace)
VolkovDmitri: shows [5c 8s] (a pair of Eights)
VolkovDmitri collected $47.50 from pot
*** SUMMARY ***
Total pot $48 | Rake $0.50
Board [Kh 8c 2c 3d Ah]
Seat 5: BeerTorchok (big blind) showed [Jh Tc] and lost with high card Ace
Seat 7: VolkovDmitri (button) (small blind) showed [5c 8s] and won ($47.50) with a pair of Eights


PokerStars Hand #155828664618:  Hold'em Limit ($3/$6 USD) - 2016/07/11 6:37:33 ET
Table 'Kalyke' 10-max Seat #5 is the button
Seat 5: BeerTorchok ($60.06 in chips)
Seat 7: VolkovDmitri ($162.26 in chips)
BeerTorchok: posts small blind $1
VolkovDmitri: posts big blind $3
*** HOLE CARDS ***
BeerTorchok: raises $3 to $6
VolkovDmitri: calls $3
*** FLOP *** [2d Ad 3s]
VolkovDmitri: checks
BeerTorchok: checks
*** TURN *** [2d Ad 3s] [Ks]
VolkovDmitri: checks
BeerTorchok: checks
*** RIVER *** [2d Ad 3s Ks] [7d]
VolkovDmitri: checks
BeerTorchok: bets $6
VolkovDmitri: folds
Uncalled bet ($6) returned to BeerTorchok
BeerTorchok collected $11.76 from pot
BeerTorchok: doesn't show hand
*** SUMMARY ***
Total pot $12 | Rake $0.24
Board [2d Ad 3s Ks 7d]
Seat 5: BeerTorchok (button) (small blind) collected ($11.76)
Seat 7: VolkovDmitri (big blind) folded on the River


PokerStars Hand #155828691664:  Hold'em Limit ($3/$6 USD) - 2016/07/11 6:38:47 ET
Table 'Kalyke' 10-max Seat #5 is the button
Seat 5: BeerTorchok ($56.82 in chips)
Seat 7: VolkovDmitri ($164.90 in chips)
BeerTorchok: posts small blind $1
VolkovDmitri: posts big blind $3
*** HOLE CARDS ***
BeerTorchok: folds
Uncalled bet ($2) returned to VolkovDmitri
VolkovDmitri collected $2 from pot
VolkovDmitri: doesn't show hand
*** SUMMARY ***
Total pot $2 | Rake $0
Seat 5: BeerTorchok (button) (small blind) folded before Flop
Seat 7: VolkovDmitri (big blind) collected ($2)


PokerStars Hand #155828679801:  Hold'em Limit ($3/$6 USD) - 2016/07/11 6:38:15 ET
Table 'Kalyke' 10-max Seat #7 is the button
Seat 5: BeerTorchok ($65.82 in chips)
Seat 7: VolkovDmitri ($156.26 in chips)
VolkovDmitri: posts small blind $1
BeerTorchok: posts big blind $3
*** HOLE CARDS ***
VolkovDmitri: raises $3 to $6
BeerTorchok: calls $3
*** FLOP *** [9h 6c 4d]
BeerTorchok: checks
VolkovDmitri: bets $3
BeerTorchok: calls $3
*** TURN *** [9h 6c 4d] [9s]
BeerTorchok: checks
VolkovDmitri: checks
*** RIVER *** [9h 6c 4d 9s] [Kd]
BeerTorchok: checks
VolkovDmitri: checks
*** SHOW DOWN ***
BeerTorchok: shows [Ah 2c] (a pair of Nines)
VolkovDmitri: shows [Ad 8d] (a pair of Nines - Ace+King+Eight kicker)
VolkovDmitri collected $17.64 from pot
*** SUMMARY ***
Total pot $18 | Rake $0.36
Board [9h 6c 4d 9s Kd]
Seat 5: BeerTorchok (big blind) showed [Ah 2c] and lost with a pair of Nines
Seat 7: VolkovDmitri (button) (small blind) showed [Ad 8d] and won ($17.64) with a pair of Nines


PokerStars Hand #155828693389:  Hold'em Limit ($3/$6 USD) - 2016/07/11 6:38:51 ET
Table 'Kalyke' 10-max Seat #7 is the button
Seat 5: BeerTorchok ($55.82 in chips)
Seat 7: VolkovDmitri ($165.90 in chips)
VolkovDmitri: posts small blind $1
BeerTorchok: posts big blind $3
*** HOLE CARDS ***
VolkovDmitri: raises $3 to $6
BeerTorchok: folds
Uncalled bet ($3) returned to VolkovDmitri
VolkovDmitri collected $6 from pot
VolkovDmitri: doesn't show hand
*** SUMMARY ***
Total pot $6 | Rake $0
Seat 5: BeerTorchok (big blind) folded before Flop
Seat 7: VolkovDmitri (button) (small blind) collected ($6)


PokerStars Hand #155828698151:  Hold'em Limit ($3/$6 USD) - 2016/07/11 6:39:05 ET
Table 'Kalyke' 10-max Seat #5 is the button
Seat 5: BeerTorchok ($52.82 in chips)
Seat 7: VolkovDmitri ($168.90 in chips)
BeerTorchok: posts small blind $1
VolkovDmitri: posts big blind $3
*** HOLE CARDS ***
BeerTorchok: raises $3 to $6
VolkovDmitri: raises $3 to $9
BeerTorchok: raises $3 to $12
Betting is capped
VolkovDmitri: calls $3
*** FLOP *** [6s As Jc]
VolkovDmitri: bets $3
BeerTorchok: raises $3 to $6
VolkovDmitri: raises $3 to $9
BeerTorchok: raises $3 to $12
Betting is capped
VolkovDmitri: calls $3
*** TURN *** [6s As Jc] [Qc]
VolkovDmitri: bets $6
BeerTorchok: raises $6 to $12
VolkovDmitri: calls $6
*** RIVER *** [6s As Jc Qc] [7s]
VolkovDmitri: checks
BeerTorchok: bets $6
VolkovDmitri: calls $6
*** SHOW DOWN ***
BeerTorchok: shows [Ad Jd] (two pair, Aces and Jacks)
VolkovDmitri: mucks hand
BeerTorchok collected $83.50 from pot
*** SUMMARY ***
Total pot $84 | Rake $0.50
Board [6s As Jc Qc 7s]
Seat 5: BeerTorchok (button) (small blind) showed [Ad Jd] and won ($83.50) with two pair, Aces and Jacks
Seat 7: VolkovDmitri (big blind) mucked


PokerStars Hand #155828722875:  Hold'em Limit ($3/$6 USD) - 2016/07/11 6:40:13 ET
Table 'Kalyke' 10-max Seat #7 is the button
Seat 5: BeerTorchok ($87.32 in chips)
Seat 7: VolkovDmitri ($133.66 in chips)
VolkovDmitri: posts small blind $1
BeerTorchok: posts big blind $3
*** HOLE CARDS ***
VolkovDmitri: raises $3 to $6
BeerTorchok: raises $3 to $9
VolkovDmitri: calls $3
*** FLOP *** [9h 8c 3c]
BeerTorchok: bets $3
VolkovDmitri: calls $3
*** TURN *** [9h 8c 3c] [5s]
BeerTorchok: bets $6
VolkovDmitri: calls $6
*** RIVER *** [9h 8c 3c 5s] [4c]
BeerTorchok: bets $6
VolkovDmitri: calls $6
*** SHOW DOWN ***
BeerTorchok: shows [As Ah] (a pair of Aces)
VolkovDmitri: mucks hand
BeerTorchok collected $47.50 from pot
*** SUMMARY ***
Total pot $48 | Rake $0.50
Board [9h 8c 3c 5s 4c]
Seat 5: BeerTorchok (big blind) showed [As Ah] and won ($47.50) with a pair of Aces
Seat 7: VolkovDmitri (button) (small blind) mucked


PokerStars Hand #155828721282:  Hold'em Limit ($3/$6 USD) - 2016/07/11 6:40:08 ET
Table 'Kalyke' 10-max Seat #5 is the button
Seat 5: BeerTorchok ($88.32 in chips)
Seat 7: VolkovDmitri ($132.66 in chips)
BeerTorchok: posts small blind $1
VolkovDmitri: posts big blind $3
*** HOLE CARDS ***
BeerTorchok: folds
Uncalled bet ($2) returned to VolkovDmitri
VolkovDmitri collected $2 from pot
VolkovDmitri: doesn't show hand
*** SUMMARY ***
Total pot $2 | Rake $0
Seat 5: BeerTorchok (button) (small blind) folded before Flop
Seat 7: VolkovDmitri (big blind) collected ($2)


PokerStars Hand #155828716782:  Hold'em Limit ($3/$6 USD) - 2016/07/11 6:39:56 ET
Table 'Kalyke' 10-max Seat #7 is the button
Seat 5: BeerTorchok ($94.32 in chips)
Seat 7: VolkovDmitri ($126.90 in chips)
VolkovDmitri: posts small blind $1
BeerTorchok: posts big blind $3
*** HOLE CARDS ***
VolkovDmitri: raises $3 to $6
BeerTorchok: calls $3
*** FLOP *** [7s As Ks]
BeerTorchok: checks
VolkovDmitri: bets $3
BeerTorchok: folds
Uncalled bet ($3) returned to VolkovDmitri
VolkovDmitri collected $11.76 from pot
VolkovDmitri: doesn't show hand
*** SUMMARY ***
Total pot $12 | Rake $0.24
Board [7s As Ks]
Seat 5: BeerTorchok (big blind) folded on the Flop
Seat 7: VolkovDmitri (button) (small blind) collected ($11.76)


PokerStars Hand #155828752574:  Hold'em Limit ($3/$6 USD) - 2016/07/11 6:41:35 ET
Table 'Kalyke' 10-max Seat #5 is the button
Seat 5: BeerTorchok ($101.58 in chips)
Seat 7: VolkovDmitri ($134.50 in chips)
BeerTorchok: posts small blind $1
VolkovDmitri: posts big blind $3
*** HOLE CARDS ***
BeerTorchok: folds
Uncalled bet ($2) returned to VolkovDmitri
VolkovDmitri collected $2 from pot
VolkovDmitri: doesn't show hand
*** SUMMARY ***
Total pot $2 | Rake $0
Seat 5: BeerTorchok (button) (small blind) folded before Flop
Seat 7: VolkovDmitri (big blind) collected ($2)


PokerStars Hand #155828745391:  Hold'em Limit ($3/$6 USD) - 2016/07/11 6:41:15 ET
Table 'Kalyke' 10-max Seat #7 is the button
Seat 5: BeerTorchok ($116.58 in chips)
Seat 7: VolkovDmitri ($120 in chips)
VolkovDmitri: posts small blind $1
BeerTorchok: posts big blind $3
*** HOLE CARDS ***
VolkovDmitri: raises $3 to $6
BeerTorchok: raises $3 to $9
VolkovDmitri: calls $3
*** FLOP *** [2h 7d 5s]
BeerTorchok: bets $3
VolkovDmitri: raises $3 to $6
BeerTorchok: calls $3
*** TURN *** [2h 7d 5s] [Th]
BeerTorchok: checks
VolkovDmitri: bets $6
BeerTorchok: folds
Uncalled bet ($6) returned to VolkovDmitri
VolkovDmitri collected $29.50 from pot
VolkovDmitri: doesn't show hand
*** SUMMARY ***
Total pot $30 | Rake $0.50
Board [2h 7d 5s Th]
Seat 5: BeerTorchok (big blind) folded on the Turn
Seat 7: VolkovDmitri (button) (small blind) collected ($29.50)


PokerStars Hand #155828739502:  Hold'em Limit ($3/$6 USD) - 2016/07/11 6:40:59 ET
Table 'Kalyke' 10-max Seat #5 is the button
Seat 5: BeerTorchok ($110.82 in chips)
Seat 7: VolkovDmitri ($120 in chips)
BeerTorchok: posts small blind $1
VolkovDmitri: posts big blind $3
*** HOLE CARDS ***
BeerTorchok: raises $3 to $6
VolkovDmitri: calls $3
*** FLOP *** [Js 4c Ts]
VolkovDmitri: checks
BeerTorchok: bets $3
VolkovDmitri: folds
Uncalled bet ($3) returned to BeerTorchok
BeerTorchok collected $11.76 from pot
BeerTorchok: doesn't show hand
*** SUMMARY ***
Total pot $12 | Rake $0.24
Board [Js 4c Ts]
Seat 5: BeerTorchok (button) (small blind) collected ($11.76)
Seat 7: VolkovDmitri (big blind) folded on the Flop


PokerStars Hand #155828754414:  Hold'em Limit ($3/$6 USD) - 2016/07/11 6:41:40 ET
Table 'Kalyke' 10-max Seat #7 is the button
Seat 5: BeerTorchok ($100.58 in chips)
Seat 7: VolkovDmitri ($135.50 in chips)
VolkovDmitri: posts small blind $1
BeerTorchok: posts big blind $3
*** HOLE CARDS ***
VolkovDmitri: raises $3 to $6
BeerTorchok: calls $3
*** FLOP *** [2c As 9c]
BeerTorchok: checks
VolkovDmitri: bets $3
BeerTorchok: folds
Uncalled bet ($3) returned to VolkovDmitri
VolkovDmitri collected $11.76 from pot
VolkovDmitri: doesn't show hand
*** SUMMARY ***
Total pot $12 | Rake $0.24
Board [2c As 9c]
Seat 5: BeerTorchok (big blind) folded on the Flop
Seat 7: VolkovDmitri (button) (small blind) collected ($11.76)


PokerStars Hand #155828759051:  Hold'em Limit ($3/$6 USD) - 2016/07/11 6:41:52 ET
Table 'Kalyke' 10-max Seat #5 is the button
Seat 5: BeerTorchok ($94.58 in chips)
Seat 7: VolkovDmitri ($141.26 in chips)
BeerTorchok: posts small blind $1
VolkovDmitri: posts big blind $3
*** HOLE CARDS ***
BeerTorchok: raises $3 to $6
VolkovDmitri: raises $3 to $9
BeerTorchok: raises $3 to $12
Betting is capped
VolkovDmitri: calls $3
*** FLOP *** [3c 2h 2d]
VolkovDmitri: checks
BeerTorchok: bets $3
VolkovDmitri: calls $3
*** TURN *** [3c 2h 2d] [Tc]
VolkovDmitri: checks
BeerTorchok: bets $6
VolkovDmitri: folds
Uncalled bet ($6) returned to BeerTorchok
BeerTorchok collected $29.50 from pot
BeerTorchok: doesn't show hand
*** SUMMARY ***
Total pot $30 | Rake $0.50
Board [3c 2h 2d Tc]
Seat 5: BeerTorchok (button) (small blind) collected ($29.50)
Seat 7: VolkovDmitri (big blind) folded on the Turn


PokerStars Hand #155828792312:  Hold'em Limit ($3/$6 USD) - 2016/07/11 6:43:22 ET
Table 'Kalyke' 10-max Seat #7 is the button
Seat 5: BeerTorchok ($116.72 in chips)
Seat 7: VolkovDmitri ($121 in chips)
VolkovDmitri: posts small blind $1
BeerTorchok: posts big blind $3
*** HOLE CARDS ***
VolkovDmitri: raises $3 to $6
BeerTorchok: raises $3 to $9
VolkovDmitri: raises $3 to $12
Betting is capped
BeerTorchok: calls $3
*** FLOP *** [7h Jc 7c]
BeerTorchok: checks
VolkovDmitri: bets $3
BeerTorchok: folds
Uncalled bet ($3) returned to VolkovDmitri
VolkovDmitri collected $23.52 from pot
VolkovDmitri: doesn't show hand
*** SUMMARY ***
Total pot $24 | Rake $0.48
Board [7h Jc 7c]
Seat 5: BeerTorchok (big blind) folded on the Flop
Seat 7: VolkovDmitri (button) (small blind) collected ($23.52)


PokerStars Hand #155828799173:  Hold'em Limit ($3/$6 USD) - 2016/07/11 6:43:41 ET
Table 'Kalyke' 10-max Seat #5 is the button
Seat 5: BeerTorchok ($104.72 in chips)
Seat 7: VolkovDmitri ($132.52 in chips)
BeerTorchok: posts small blind $1
VolkovDmitri: posts big blind $3
*** HOLE CARDS ***
BeerTorchok: folds
Uncalled bet ($2) returned to VolkovDmitri
VolkovDmitri collected $2 from pot
VolkovDmitri: doesn't show hand
*** SUMMARY ***
Total pot $2 | Rake $0
Seat 5: BeerTorchok (button) (small blind) folded before Flop
Seat 7: VolkovDmitri (big blind) collected ($2)


PokerStars Hand #155828804241:  Hold'em Limit ($3/$6 USD) - 2016/07/11 6:43:54 ET
Table 'Kalyke' 10-max Seat #5 is the button
Seat 5: BeerTorchok ($100.72 in chips)
Seat 7: VolkovDmitri ($136.52 in chips)
BeerTorchok: posts small blind $1
VolkovDmitri: posts big blind $3
*** HOLE CARDS ***
BeerTorchok: raises $3 to $6
VolkovDmitri: folds
Uncalled bet ($3) returned to BeerTorchok
BeerTorchok collected $6 from pot
BeerTorchok: doesn't show hand
*** SUMMARY ***
Total pot $6 | Rake $0
Seat 5: BeerTorchok (button) (small blind) collected ($6)
Seat 7: VolkovDmitri (big blind) folded before Flop


PokerStars Hand #155828801019:  Hold'em Limit ($3/$6 USD) - 2016/07/11 6:43:45 ET
Table 'Kalyke' 10-max Seat #7 is the button
Seat 5: BeerTorchok ($103.72 in chips)
Seat 7: VolkovDmitri ($133.52 in chips)
VolkovDmitri: posts small blind $1
BeerTorchok: posts big blind $3
*** HOLE CARDS ***
VolkovDmitri: raises $3 to $6
BeerTorchok: folds
Uncalled bet ($3) returned to VolkovDmitri
VolkovDmitri collected $6 from pot
VolkovDmitri: doesn't show hand
*** SUMMARY ***
Total pot $6 | Rake $0
Seat 5: BeerTorchok (big blind) folded before Flop
Seat 7: VolkovDmitri (button) (small blind) collected ($6)


PokerStars Hand #155828790521:  Hold'em Limit ($3/$6 USD) - 2016/07/11 6:43:17 ET
Table 'Kalyke' 10-max Seat #5 is the button
Seat 5: BeerTorchok ($117.72 in chips)
Seat 7: VolkovDmitri ($120 in chips)
BeerTorchok: posts small blind $1
VolkovDmitri: posts big blind $3
*** HOLE CARDS ***
BeerTorchok: folds
Uncalled bet ($2) returned to VolkovDmitri
VolkovDmitri collected $2 from pot
VolkovDmitri: doesn't show hand
*** SUMMARY ***
Total pot $2 | Rake $0
Seat 5: BeerTorchok (button) (small blind) folded before Flop
Seat 7: VolkovDmitri (big blind) collected ($2)


PokerStars Hand #155828779978:  Hold'em Limit ($3/$6 USD) - 2016/07/11 6:42:49 ET
Table 'Kalyke' 10-max Seat #7 is the button
Seat 5: BeerTorchok ($109.08 in chips)
Seat 7: VolkovDmitri ($126.26 in chips)
VolkovDmitri: posts small blind $1
BeerTorchok: posts big blind $3
*** HOLE CARDS ***
VolkovDmitri: raises $3 to $6
BeerTorchok: calls $3
*** FLOP *** [8d 4d 2c]
BeerTorchok: bets $3
VolkovDmitri: calls $3
*** TURN *** [8d 4d 2c] [4h]
BeerTorchok: bets $6
VolkovDmitri: folds
Uncalled bet ($6) returned to BeerTorchok
BeerTorchok collected $17.64 from pot
BeerTorchok: doesn't show hand
*** SUMMARY ***
Total pot $18 | Rake $0.36
Board [8d 4d 2c 4h]
Seat 5: BeerTorchok (big blind) collected ($17.64)
Seat 7: VolkovDmitri (button) (small blind) folded on the Turn


PokerStars Hand #155828819116:  Hold'em Limit ($3/$6 USD) - 2016/07/11 6:44:34 ET
Table 'Kalyke' 10-max Seat #5 is the button
Seat 5: BeerTorchok ($79.72 in chips)
Seat 7: VolkovDmitri ($157.02 in chips)
BeerTorchok: posts small blind $1
VolkovDmitri: posts big blind $3
*** HOLE CARDS ***
BeerTorchok: folds
Uncalled bet ($2) returned to VolkovDmitri
VolkovDmitri collected $2 from pot
VolkovDmitri: doesn't show hand
*** SUMMARY ***
Total pot $2 | Rake $0
Seat 5: BeerTorchok (button) (small blind) folded before Flop
Seat 7: VolkovDmitri (big blind) collected ($2)


PokerStars Hand #155828807211:  Hold'em Limit ($3/$6 USD) - 2016/07/11 6:44:02 ET
Table 'Kalyke' 10-max Seat #7 is the button
Seat 5: BeerTorchok ($103.72 in chips)
Seat 7: VolkovDmitri ($133.52 in chips)
VolkovDmitri: posts small blind $1
BeerTorchok: posts big blind $3
*** HOLE CARDS ***
VolkovDmitri: raises $3 to $6
BeerTorchok: raises $3 to $9
VolkovDmitri: calls $3
*** FLOP *** [Th Jc 2d]
BeerTorchok: bets $3
VolkovDmitri: calls $3
*** TURN *** [Th Jc 2d] [Ks]
BeerTorchok: bets $6
VolkovDmitri: raises $6 to $12
BeerTorchok: calls $6
*** RIVER *** [Th Jc 2d Ks] [3d]
BeerTorchok: checks
VolkovDmitri: bets $6
BeerTorchok: folds
Uncalled bet ($6) returned to VolkovDmitri
VolkovDmitri collected $47.50 from pot
VolkovDmitri: doesn't show hand
*** SUMMARY ***
Total pot $48 | Rake $0.50
Board [Th Jc 2d Ks 3d]
Seat 5: BeerTorchok (big blind) folded on the River
Seat 7: VolkovDmitri (button) (small blind) collected ($47.50)


PokerStars Hand #155828820901:  Hold'em Limit ($3/$6 USD) - 2016/07/11 6:44:39 ET
Table 'Kalyke' 10-max Seat #7 is the button
Seat 5: BeerTorchok ($78.72 in chips)
Seat 7: VolkovDmitri ($158.02 in chips)
VolkovDmitri: posts small blind $1
BeerTorchok: posts big blind $3
*** HOLE CARDS ***
VolkovDmitri: raises $3 to $6
BeerTorchok: raises $3 to $9
VolkovDmitri: calls $3
*** FLOP *** [Qh 9c 3c]
BeerTorchok: bets $3
VolkovDmitri: folds
Uncalled bet ($3) returned to BeerTorchok
BeerTorchok collected $17.64 from pot
BeerTorchok: doesn't show hand
*** SUMMARY ***
Total pot $18 | Rake $0.36
Board [Qh 9c 3c]
Seat 5: BeerTorchok (big blind) collected ($17.64)
Seat 7: VolkovDmitri (button) (small blind) folded on the Flop


PokerStars Hand #155828825639:  Hold'em Limit ($3/$6 USD) - 2016/07/11 6:44:52 ET
Table 'Kalyke' 10-max Seat #5 is the button
Seat 5: BeerTorchok ($87.36 in chips)
Seat 7: VolkovDmitri ($149.02 in chips)
BeerTorchok: posts small blind $1
VolkovDmitri: posts big blind $3
*** HOLE CARDS ***
BeerTorchok: folds
Uncalled bet ($2) returned to VolkovDmitri
VolkovDmitri collected $2 from pot
VolkovDmitri: doesn't show hand
*** SUMMARY ***
Total pot $2 | Rake $0
Seat 5: BeerTorchok (button) (small blind) folded before Flop
Seat 7: VolkovDmitri (big blind) collected ($2)


PokerStars Hand #155828830344:  Hold'em Limit ($3/$6 USD) - 2016/07/11 6:45:04 ET
Table 'Kalyke' 10-max Seat #5 is the button
Seat 5: BeerTorchok ($87.36 in chips)
Seat 7: VolkovDmitri ($149.02 in chips)
BeerTorchok: posts small blind $1
VolkovDmitri: posts big blind $3
*** HOLE CARDS ***
BeerTorchok: folds
Uncalled bet ($2) returned to VolkovDmitri
VolkovDmitri collected $2 from pot
VolkovDmitri: doesn't show hand
*** SUMMARY ***
Total pot $2 | Rake $0
Seat 5: BeerTorchok (button) (small blind) folded before Flop
Seat 7: VolkovDmitri (big blind) collected ($2)


PokerStars Hand #155828827491:  Hold'em Limit ($3/$6 USD) - 2016/07/11 6:44:57 ET
Table 'Kalyke' 10-max Seat #7 is the button
Seat 5: BeerTorchok ($86.36 in chips)
Seat 7: VolkovDmitri ($150.02 in chips)
VolkovDmitri: posts small blind $1
BeerTorchok: posts big blind $3
*** HOLE CARDS ***
VolkovDmitri: folds
Uncalled bet ($2) returned to BeerTorchok
BeerTorchok collected $2 from pot
BeerTorchok: doesn't show hand
*** SUMMARY ***
Total pot $2 | Rake $0
Seat 5: BeerTorchok (big blind) collected ($2)
Seat 7: VolkovDmitri (button) (small blind) folded before Flop


PokerStars Hand #155828834312:  Hold'em Limit ($3/$6 USD) - 2016/07/11 6:45:15 ET
Table 'Kalyke' 10-max Seat #5 is the button
Seat 5: BeerTorchok ($83.36 in chips)
Seat 7: VolkovDmitri ($153.02 in chips)
BeerTorchok: posts small blind $1
VolkovDmitri: posts big blind $3
*** HOLE CARDS ***
BeerTorchok: folds
Uncalled bet ($2) returned to VolkovDmitri
VolkovDmitri collected $2 from pot
VolkovDmitri: doesn't show hand
*** SUMMARY ***
Total pot $2 | Rake $0
Seat 5: BeerTorchok (button) (small blind) folded before Flop
Seat 7: VolkovDmitri (big blind) collected ($2)


PokerStars Hand #155828832190:  Hold'em Limit ($3/$6 USD) - 2016/07/11 6:45:09 ET
Table 'Kalyke' 10-max Seat #7 is the button
Seat 5: BeerTorchok ($86.36 in chips)
Seat 7: VolkovDmitri ($150.02 in chips)
VolkovDmitri: posts small blind $1
BeerTorchok: posts big blind $3
*** HOLE CARDS ***
VolkovDmitri: raises $3 to $6
BeerTorchok: folds
Uncalled bet ($3) returned to VolkovDmitri
VolkovDmitri collected $6 from pot
VolkovDmitri: doesn't show hand
*** SUMMARY ***
Total pot $6 | Rake $0
Seat 5: BeerTorchok (big blind) folded before Flop
Seat 7: VolkovDmitri (button) (small blind) collected ($6)


PokerStars Hand #155828836088:  Hold'em Limit ($3/$6 USD) - 2016/07/11 6:45:19 ET
Table 'Kalyke' 10-max Seat #7 is the button
Seat 5: BeerTorchok ($82.36 in chips)
Seat 7: VolkovDmitri ($154.02 in chips)
VolkovDmitri: posts small blind $1
BeerTorchok: posts big blind $3
*** HOLE CARDS ***
VolkovDmitri: raises $3 to $6
BeerTorchok: raises $3 to $9
VolkovDmitri: calls $3
*** FLOP *** [Js 8c 7s]
BeerTorchok: bets $3
VolkovDmitri: raises $3 to $6
BeerTorchok: raises $3 to $9
VolkovDmitri: calls $3
*** TURN *** [Js 8c 7s] [8d]
BeerTorchok: bets $6
VolkovDmitri: calls $6
*** RIVER *** [Js 8c 7s 8d] [Kh]
BeerTorchok: bets $6
VolkovDmitri: calls $6
*** SHOW DOWN ***
BeerTorchok: shows [Qh 2h] (a pair of Eights)
VolkovDmitri: shows [7c Qd] (two pair, Eights and Sevens)
VolkovDmitri collected $59.50 from pot
*** SUMMARY ***
Total pot $60 | Rake $0.50
Board [Js 8c 7s 8d Kh]
Seat 5: BeerTorchok (big blind) showed [Qh 2h] and lost with a pair of Eights
Seat 7: VolkovDmitri (button) (small blind) showed [7c Qd] and won ($59.50) with two pair, Eights and Sevens


PokerStars Hand #155828878492:  Hold'em Limit ($3/$6 USD) - 2016/07/11 6:47:13 ET
Table 'Kalyke' 10-max Seat #7 is the button
Seat 5: BeerTorchok ($37.36 in chips)
Seat 7: VolkovDmitri ($198.02 in chips)
VolkovDmitri: posts small blind $1
BeerTorchok: posts big blind $3
*** HOLE CARDS ***
VolkovDmitri: raises $3 to $6
BeerTorchok: raises $3 to $9
VolkovDmitri: calls $3
*** FLOP *** [5s 6c Ac]
BeerTorchok: bets $3
VolkovDmitri: calls $3
*** TURN *** [5s 6c Ac] [Qd]
BeerTorchok: bets $6
VolkovDmitri: folds
Uncalled bet ($6) returned to BeerTorchok
BeerTorchok collected $23.52 from pot
BeerTorchok: doesn't show hand
*** SUMMARY ***
Total pot $24 | Rake $0.48
Board [5s 6c Ac Qd]
Seat 5: BeerTorchok (big blind) collected ($23.52)
Seat 7: VolkovDmitri (button) (small blind) folded on the Turn


PokerStars Hand #155828859706:  Hold'em Limit ($3/$6 USD) - 2016/07/11 6:46:23 ET
Table 'Kalyke' 10-max Seat #5 is the button
Seat 5: BeerTorchok ($52.36 in chips)
Seat 7: VolkovDmitri ($183.52 in chips)
BeerTorchok: posts small blind $1
VolkovDmitri: posts big blind $3
*** HOLE CARDS ***
BeerTorchok: raises $3 to $6
VolkovDmitri: calls $3
*** FLOP *** [4h 8d Tc]
VolkovDmitri: bets $3
BeerTorchok: calls $3
*** TURN *** [4h 8d Tc] [3h]
VolkovDmitri: checks
BeerTorchok: checks
*** RIVER *** [4h 8d Tc 3h] [7c]
VolkovDmitri: checks
BeerTorchok: bets $6
VolkovDmitri: calls $6
*** SHOW DOWN ***
BeerTorchok: shows [Kh 5d] (high card King)
VolkovDmitri: shows [4s Kc] (a pair of Fours)
VolkovDmitri collected $29.50 from pot
*** SUMMARY ***
Total pot $30 | Rake $0.50
Board [4h 8d Tc 3h 7c]
Seat 5: BeerTorchok (button) (small blind) showed [Kh 5d] and lost with high card King
Seat 7: VolkovDmitri (big blind) showed [4s Kc] and won ($29.50) with a pair of Fours


PokerStars Hand #155828906818:  Hold'em Limit ($3/$6 USD) - 2016/07/11 6:48:29 ET
Table 'Kalyke' 10-max Seat #7 is the button
Seat 5: BeerTorchok ($36.88 in chips)
Seat 7: VolkovDmitri ($197.54 in chips)
VolkovDmitri: posts small blind $1
BeerTorchok: posts big blind $3
*** HOLE CARDS ***
VolkovDmitri: folds
Uncalled bet ($2) returned to BeerTorchok
BeerTorchok collected $2 from pot
BeerTorchok: doesn't show hand
*** SUMMARY ***
Total pot $2 | Rake $0
Seat 5: BeerTorchok (big blind) collected ($2)
Seat 7: VolkovDmitri (button) (small blind) folded before Flop


PokerStars Hand #155828911037:  Hold'em Limit ($3/$6 USD) - 2016/07/11 6:48:41 ET
Table 'Kalyke' 10-max Seat #5 is the button
Seat 5: BeerTorchok ($37.88 in chips)
Seat 7: VolkovDmitri ($196.54 in chips)
BeerTorchok: posts small blind $1
VolkovDmitri: posts big blind $3
*** HOLE CARDS ***
BeerTorchok: folds
Uncalled bet ($2) returned to VolkovDmitri
VolkovDmitri collected $2 from pot
VolkovDmitri: doesn't show hand
*** SUMMARY ***
Total pot $2 | Rake $0
Seat 5: BeerTorchok (button) (small blind) folded before Flop
Seat 7: VolkovDmitri (big blind) collected ($2)


PokerStars Hand #155828892451:  Hold'em Limit ($3/$6 USD) - 2016/07/11 6:47:51 ET
Table 'Kalyke' 10-max Seat #5 is the button
Seat 5: BeerTorchok ($48.88 in chips)
Seat 7: VolkovDmitri ($186.02 in chips)
BeerTorchok: posts small blind $1
VolkovDmitri: posts big blind $3
*** HOLE CARDS ***
BeerTorchok: raises $3 to $6
VolkovDmitri: calls $3
*** FLOP *** [Js 7c 2s]
VolkovDmitri: checks
BeerTorchok: checks
*** TURN *** [Js 7c 2s] [Qd]
VolkovDmitri: checks
BeerTorchok: checks
*** RIVER *** [Js 7c 2s Qd] [Ad]
VolkovDmitri: checks
BeerTorchok: bets $6
VolkovDmitri: calls $6
*** SHOW DOWN ***
BeerTorchok: shows [3h 6h] (high card Ace)
VolkovDmitri: shows [7s 5h] (a pair of Sevens)
VolkovDmitri collected $23.52 from pot
*** SUMMARY ***
Total pot $24 | Rake $0.48
Board [Js 7c 2s Qd Ad]
Seat 5: BeerTorchok (button) (small blind) showed [3h 6h] and lost with high card Ace
Seat 7: VolkovDmitri (big blind) showed [7s 5h] and won ($23.52) with a pair of Sevens


PokerStars Hand #155828912870:  Hold'em Limit ($3/$6 USD) - 2016/07/11 6:48:45 ET
Table 'Kalyke' 10-max Seat #7 is the button
Seat 5: BeerTorchok ($36.88 in chips)
Seat 7: VolkovDmitri ($197.54 in chips)
VolkovDmitri: posts small blind $1
BeerTorchok: posts big blind $3
*** HOLE CARDS ***
VolkovDmitri: raises $3 to $6
BeerTorchok: raises $3 to $9
VolkovDmitri: calls $3
*** FLOP *** [Qs 3c 4h]
BeerTorchok: bets $3
VolkovDmitri: calls $3
*** TURN *** [Qs 3c 4h] [Jc]
BeerTorchok: checks
VolkovDmitri: checks
*** RIVER *** [Qs 3c 4h Jc] [Tc]
BeerTorchok: bets $6
VolkovDmitri: folds
Uncalled bet ($6) returned to BeerTorchok
BeerTorchok collected $23.52 from pot
BeerTorchok: doesn't show hand
*** SUMMARY ***
Total pot $24 | Rake $0.48
Board [Qs 3c 4h Jc Tc]
Seat 5: BeerTorchok (big blind) collected ($23.52)
Seat 7: VolkovDmitri (button) (small blind) folded on the River


PokerStars Hand #155828946915:  Hold'em Limit ($3/$6 USD) - 2016/07/11 6:50:17 ET
Table 'Kalyke' 10-max Seat #7 is the button
Seat 5: BeerTorchok ($57.04 in chips)
Seat 7: VolkovDmitri ($176.54 in chips)
VolkovDmitri: posts small blind $1
BeerTorchok: posts big blind $3
*** HOLE CARDS ***
VolkovDmitri: raises $3 to $6
BeerTorchok: folds
Uncalled bet ($3) returned to VolkovDmitri
VolkovDmitri collected $6 from pot
VolkovDmitri: doesn't show hand
*** SUMMARY ***
Total pot $6 | Rake $0
Seat 5: BeerTorchok (big blind) folded before Flop
Seat 7: VolkovDmitri (button) (small blind) collected ($6)


PokerStars Hand #155828930728:  Hold'em Limit ($3/$6 USD) - 2016/07/11 6:49:33 ET
Table 'Kalyke' 10-max Seat #5 is the button
Seat 5: BeerTorchok ($48.40 in chips)
Seat 7: VolkovDmitri ($185.54 in chips)
BeerTorchok: posts small blind $1
VolkovDmitri: posts big blind $3
*** HOLE CARDS ***
BeerTorchok: raises $3 to $6
VolkovDmitri: calls $3
*** FLOP *** [Ad 5c 7h]
VolkovDmitri: checks
BeerTorchok: bets $3
VolkovDmitri: calls $3
*** TURN *** [Ad 5c 7h] [Ks]
VolkovDmitri: checks
BeerTorchok: checks
*** RIVER *** [Ad 5c 7h Ks] [Qh]
VolkovDmitri: checks
BeerTorchok: bets $6
VolkovDmitri: folds
Uncalled bet ($6) returned to BeerTorchok
BeerTorchok collected $17.64 from pot
BeerTorchok: doesn't show hand
*** SUMMARY ***
Total pot $18 | Rake $0.36
Board [Ad 5c 7h Ks Qh]
Seat 5: BeerTorchok (button) (small blind) collected ($17.64)
Seat 7: VolkovDmitri (big blind) folded on the River


PokerStars Hand #155828948826:  Hold'em Limit ($3/$6 USD) - 2016/07/11 6:50:22 ET
Table 'Kalyke' 10-max Seat #5 is the button
Seat 5: BeerTorchok ($54.04 in chips)
Seat 7: VolkovDmitri ($179.54 in chips)
BeerTorchok: posts small blind $1
VolkovDmitri: posts big blind $3
*** HOLE CARDS ***
BeerTorchok: raises $3 to $6
VolkovDmitri: calls $3
*** FLOP *** [7h 4h 9s]
VolkovDmitri: checks
BeerTorchok: bets $3
VolkovDmitri: calls $3
*** TURN *** [7h 4h 9s] [8d]
VolkovDmitri: bets $6
BeerTorchok: raises $6 to $12
VolkovDmitri: calls $6
*** RIVER *** [7h 4h 9s 8d] [2c]
VolkovDmitri: checks
BeerTorchok: bets $6
VolkovDmitri: calls $6
*** SHOW DOWN ***
BeerTorchok: shows [5s 6d] (a straight, Five to Nine)
VolkovDmitri: mucks hand
BeerTorchok collected $53.50 from pot
*** SUMMARY ***
Total pot $54 | Rake $0.50
Board [7h 4h 9s 8d 2c]
Seat 5: BeerTorchok (button) (small blind) showed [5s 6d] and won ($53.50) with a straight, Five to Nine
Seat 7: VolkovDmitri (big blind) mucked


PokerStars Hand #155828967432:  Hold'em Limit ($3/$6 USD) - 2016/07/11 6:51:12 ET
Table 'Kalyke' 10-max Seat #7 is the button
Seat 5: BeerTorchok ($80.54 in chips)
Seat 7: VolkovDmitri ($152.54 in chips)
VolkovDmitri: posts small blind $1
BeerTorchok: posts big blind $3
*** HOLE CARDS ***
VolkovDmitri: raises $3 to $6
BeerTorchok: calls $3
*** FLOP *** [Jd 3c Th]
BeerTorchok: checks
VolkovDmitri: bets $3
BeerTorchok: calls $3
*** TURN *** [Jd 3c Th] [2h]
BeerTorchok: checks
VolkovDmitri: checks
*** RIVER *** [Jd 3c Th 2h] [5h]
BeerTorchok: bets $6
VolkovDmitri: calls $6
*** SHOW DOWN ***
BeerTorchok: shows [Kc 3h] (a pair of Threes)
VolkovDmitri: shows [5c Kd] (a pair of Fives)
VolkovDmitri collected $29.50 from pot
*** SUMMARY ***
Total pot $30 | Rake $0.50
Board [Jd 3c Th 2h 5h]
Seat 5: BeerTorchok (big blind) showed [Kc 3h] and lost with a pair of Threes
Seat 7: VolkovDmitri (button) (small blind) showed [5c Kd] and won ($29.50) with a pair of Fives


PokerStars Hand #155828984399:  Hold'em Limit ($3/$6 USD) - 2016/07/11 6:51:57 ET
Table 'Kalyke' 10-max Seat #7 is the button
Seat 5: BeerTorchok ($41.54 in chips)
Seat 7: VolkovDmitri ($190.54 in chips)
VolkovDmitri: posts small blind $1
BeerTorchok: posts big blind $3
*** HOLE CARDS ***
VolkovDmitri: folds
Uncalled bet ($2) returned to BeerTorchok
BeerTorchok collected $2 from pot
BeerTorchok: doesn't show hand
*** SUMMARY ***
Total pot $2 | Rake $0
Seat 5: BeerTorchok (big blind) collected ($2)
Seat 7: VolkovDmitri (button) (small blind) folded before Flop


PokerStars Hand #155828976005:  Hold'em Limit ($3/$6 USD) - 2016/07/11 6:51:35 ET
Table 'Kalyke' 10-max Seat #5 is the button
Seat 5: BeerTorchok ($65.54 in chips)
Seat 7: VolkovDmitri ($167.04 in chips)
BeerTorchok: posts small blind $1
VolkovDmitri: posts big blind $3
*** HOLE CARDS ***
BeerTorchok: raises $3 to $6
VolkovDmitri: raises $3 to $9
BeerTorchok: raises $3 to $12
Betting is capped
VolkovDmitri: calls $3
*** FLOP *** [9d 6d 5s]
VolkovDmitri: checks
BeerTorchok: bets $3
VolkovDmitri: raises $3 to $6
BeerTorchok: calls $3
*** TURN *** [9d 6d 5s] [Th]
VolkovDmitri: bets $6
BeerTorchok: calls $6
*** RIVER *** [9d 6d 5s Th] [4s]
VolkovDmitri: bets $6
BeerTorchok: folds
Uncalled bet ($6) returned to VolkovDmitri
VolkovDmitri collected $47.50 from pot
VolkovDmitri: doesn't show hand
*** SUMMARY ***
Total pot $48 | Rake $0.50
Board [9d 6d 5s Th 4s]
Seat 5: BeerTorchok (button) (small blind) folded on the River
Seat 7: VolkovDmitri (big blind) collected ($47.50)


PokerStars Hand #155828986536:  Hold'em Limit ($3/$6 USD) - 2016/07/11 6:52:03 ET
Table 'Kalyke' 10-max Seat #5 is the button
Seat 5: BeerTorchok ($42.54 in chips)
Seat 7: VolkovDmitri ($189.54 in chips)
BeerTorchok: posts small blind $1
VolkovDmitri: posts big blind $3
*** HOLE CARDS ***
BeerTorchok: raises $3 to $6
VolkovDmitri: calls $3
*** FLOP *** [7c 9c 7d]
VolkovDmitri: checks
BeerTorchok: bets $3
VolkovDmitri: calls $3
*** TURN *** [7c 9c 7d] [2s]
VolkovDmitri: checks
BeerTorchok: bets $6
VolkovDmitri: folds
Uncalled bet ($6) returned to BeerTorchok
BeerTorchok collected $17.64 from pot
BeerTorchok: doesn't show hand
*** SUMMARY ***
Total pot $18 | Rake $0.36
Board [7c 9c 7d 2s]
Seat 5: BeerTorchok (button) (small blind) collected ($17.64)
Seat 7: VolkovDmitri (big blind) folded on the Turn


PokerStars Hand #155828998611:  Hold'em Limit ($3/$6 USD) - 2016/07/11 6:52:36 ET
Table 'Kalyke' 10-max Seat #5 is the button
Seat 5: BeerTorchok ($48.18 in chips)
Seat 7: VolkovDmitri ($183.54 in chips)
BeerTorchok: posts small blind $1
VolkovDmitri: posts big blind $3
*** HOLE CARDS ***
BeerTorchok: folds
Uncalled bet ($2) returned to VolkovDmitri
VolkovDmitri collected $2 from pot
VolkovDmitri: doesn't show hand
*** SUMMARY ***
Total pot $2 | Rake $0
Seat 5: BeerTorchok (button) (small blind) folded before Flop
Seat 7: VolkovDmitri (big blind) collected ($2)


PokerStars Hand #155828996211:  Hold'em Limit ($3/$6 USD) - 2016/07/11 6:52:29 ET
Table 'Kalyke' 10-max Seat #7 is the button
Seat 5: BeerTorchok ($51.18 in chips)
Seat 7: VolkovDmitri ($180.54 in chips)
VolkovDmitri: posts small blind $1
BeerTorchok: posts big blind $3
*** HOLE CARDS ***
VolkovDmitri: raises $3 to $6
BeerTorchok: folds
Uncalled bet ($3) returned to VolkovDmitri
VolkovDmitri collected $6 from pot
VolkovDmitri: doesn't show hand
*** SUMMARY ***
Total pot $6 | Rake $0
Seat 5: BeerTorchok (big blind) folded before Flop
Seat 7: VolkovDmitri (button) (small blind) collected ($6)


PokerStars Hand #155829000279:  Hold'em Limit ($3/$6 USD) - 2016/07/11 6:52:40 ET
Table 'Kalyke' 10-max Seat #7 is the button
Seat 5: BeerTorchok ($47.18 in chips)
Seat 7: VolkovDmitri ($184.54 in chips)
VolkovDmitri: posts small blind $1
BeerTorchok: posts big blind $3
*** HOLE CARDS ***
VolkovDmitri: folds
Uncalled bet ($2) returned to BeerTorchok
BeerTorchok collected $2 from pot
BeerTorchok: doesn't show hand
*** SUMMARY ***
Total pot $2 | Rake $0
Seat 5: BeerTorchok (big blind) collected ($2)
Seat 7: VolkovDmitri (button) (small blind) folded before Flop


PokerStars Hand #155829014739:  Hold'em Limit ($3/$6 USD) - 2016/07/11 6:53:20 ET
Table 'Kalyke' 10-max Seat #7 is the button
Seat 5: BeerTorchok ($47.93 in chips)
Seat 7: VolkovDmitri ($183.29 in chips)
VolkovDmitri: posts small blind $1
BeerTorchok: posts big blind $3
*** HOLE CARDS ***
VolkovDmitri: raises $3 to $6
BeerTorchok: raises $3 to $9
VolkovDmitri: calls $3
*** FLOP *** [3d Qd 8d]
BeerTorchok: bets $3
VolkovDmitri: folds
Uncalled bet ($3) returned to BeerTorchok
BeerTorchok collected $17.64 from pot
BeerTorchok: doesn't show hand
*** SUMMARY ***
Total pot $18 | Rake $0.36
Board [3d Qd 8d]
Seat 5: BeerTorchok (big blind) collected ($17.64)
Seat 7: VolkovDmitri (button) (small blind) folded on the Flop


PokerStars Hand #155829006507:  Hold'em Limit ($3/$6 USD) - 2016/07/11 6:52:57 ET
Table 'Kalyke' 10-max Seat #5 is the button
Seat 5: BeerTorchok ($48.18 in chips)
Seat 7: VolkovDmitri ($183.54 in chips)
BeerTorchok: posts small blind $1
VolkovDmitri: posts big blind $3
*** HOLE CARDS ***
BeerTorchok: raises $3 to $6
VolkovDmitri: raises $3 to $9
BeerTorchok: calls $3
*** FLOP *** [Ks 2h Ts]
VolkovDmitri: bets $3
BeerTorchok: calls $3
*** TURN *** [Ks 2h Ts] [9h]
VolkovDmitri: bets $6
BeerTorchok: calls $6
*** RIVER *** [Ks 2h Ts 9h] [Qc]
VolkovDmitri: bets $6
BeerTorchok: raises $6 to $12
VolkovDmitri: calls $6
*** SHOW DOWN ***
BeerTorchok: shows [Js 8h] (a straight, Nine to King)
VolkovDmitri: shows [8c Jc] (a straight, Nine to King)
VolkovDmitri collected $29.75 from pot
BeerTorchok collected $29.75 from pot
*** SUMMARY ***
Total pot $60 | Rake $0.50
Board [Ks 2h Ts 9h Qc]
Seat 5: BeerTorchok (button) (small blind) showed [Js 8h] and won ($29.75) with a straight, Nine to King
Seat 7: VolkovDmitri (big blind) showed [8c Jc] and won ($29.75) with a straight, Nine to King


PokerStars Hand #155829034411:  Hold'em Limit ($3/$6 USD) - 2016/07/11 6:54:12 ET
Table 'Kalyke' 10-max Seat #5 is the button
Seat 5: BeerTorchok ($35.57 in chips)
Seat 7: VolkovDmitri ($194.79 in chips)
BeerTorchok: posts small blind $1
VolkovDmitri: posts big blind $3
*** HOLE CARDS ***
BeerTorchok: raises $3 to $6
VolkovDmitri: calls $3
*** FLOP *** [6d 4d 9s]
VolkovDmitri: checks
BeerTorchok: bets $3
VolkovDmitri: raises $3 to $6
BeerTorchok: calls $3
*** TURN *** [6d 4d 9s] [5s]
VolkovDmitri: bets $6
BeerTorchok: calls $6
*** RIVER *** [6d 4d 9s 5s] [Jh]
VolkovDmitri: bets $6
BeerTorchok: folds
Uncalled bet ($6) returned to VolkovDmitri
VolkovDmitri collected $35.50 from pot
VolkovDmitri: doesn't show hand
*** SUMMARY ***
Total pot $36 | Rake $0.50
Board [6d 4d 9s 5s Jh]
Seat 5: BeerTorchok (button) (small blind) folded on the River
Seat 7: VolkovDmitri (big blind) collected ($35.50)


PokerStars Hand #155829041489:  Hold'em Limit ($3/$6 USD) - 2016/07/11 6:54:31 ET
Table 'Kalyke' 10-max Seat #7 is the button
Seat 5: BeerTorchok ($17.57 in chips)
Seat 7: VolkovDmitri ($212.29 in chips)
VolkovDmitri: posts small blind $1
BeerTorchok: posts big blind $3
*** HOLE CARDS ***
VolkovDmitri: raises $3 to $6
BeerTorchok: folds
Uncalled bet ($3) returned to VolkovDmitri
VolkovDmitri collected $6 from pot
VolkovDmitri: doesn't show hand
*** SUMMARY ***
Total pot $6 | Rake $0
Seat 5: BeerTorchok (big blind) folded before Flop
Seat 7: VolkovDmitri (button) (small blind) collected ($6)


PokerStars Hand #155829032614:  Hold'em Limit ($3/$6 USD) - 2016/07/11 6:54:07 ET
Table 'Kalyke' 10-max Seat #7 is the button
Seat 5: BeerTorchok ($38.57 in chips)
Seat 7: VolkovDmitri ($191.79 in chips)
VolkovDmitri: posts small blind $1
BeerTorchok: posts big blind $3
*** HOLE CARDS ***
VolkovDmitri: raises $3 to $6
BeerTorchok: folds
Uncalled bet ($3) returned to VolkovDmitri
VolkovDmitri collected $6 from pot
VolkovDmitri: doesn't show hand
*** SUMMARY ***
Total pot $6 | Rake $0
Seat 5: BeerTorchok (big blind) folded before Flop
Seat 7: VolkovDmitri (button) (small blind) collected ($6)


PokerStars Hand #155829020598:  Hold'em Limit ($3/$6 USD) - 2016/07/11 6:53:35 ET
Table 'Kalyke' 10-max Seat #5 is the button
Seat 5: BeerTorchok ($56.57 in chips)
Seat 7: VolkovDmitri ($174.29 in chips)
BeerTorchok: posts small blind $1
VolkovDmitri: posts big blind $3
*** HOLE CARDS ***
BeerTorchok: raises $3 to $6
VolkovDmitri: raises $3 to $9
BeerTorchok: calls $3
*** FLOP *** [3s Kd As]
VolkovDmitri: bets $3
BeerTorchok: calls $3
*** TURN *** [3s Kd As] [3h]
VolkovDmitri: checks
BeerTorchok: checks
*** RIVER *** [3s Kd As 3h] [Qc]
VolkovDmitri: checks
BeerTorchok: bets $6
VolkovDmitri: calls $6
*** SHOW DOWN ***
BeerTorchok: shows [9c 8s] (a pair of Threes)
VolkovDmitri: shows [8d 8c] (two pair, Eights and Threes)
VolkovDmitri collected $35.50 from pot
*** SUMMARY ***
Total pot $36 | Rake $0.50
Board [3s Kd As 3h Qc]
Seat 5: BeerTorchok (button) (small blind) showed [9c 8s] and lost with a pair of Threes
Seat 7: VolkovDmitri (big blind) showed [8d 8c] and won ($35.50) with two pair, Eights and Threes


PokerStars Hand #155829044280:  Hold'em Limit ($3/$6 USD) - 2016/07/11 6:54:38 ET
Table 'Kalyke' 10-max Seat #5 is the button
Seat 5: BeerTorchok ($14.57 in chips)
Seat 7: VolkovDmitri ($215.29 in chips)
BeerTorchok: posts small blind $1
VolkovDmitri: posts big blind $3
*** HOLE CARDS ***
BeerTorchok: raises $3 to $6
VolkovDmitri: folds
Uncalled bet ($3) returned to BeerTorchok
BeerTorchok collected $6 from pot
BeerTorchok: doesn't show hand
*** SUMMARY ***
Total pot $6 | Rake $0
Seat 5: BeerTorchok (button) (small blind) collected ($6)
Seat 7: VolkovDmitri (big blind) folded before Flop


PokerStars Hand #155829047742:  Hold'em Limit ($3/$6 USD) - 2016/07/11 6:54:48 ET
Table 'Kalyke' 10-max Seat #7 is the button
Seat 5: BeerTorchok ($17.57 in chips)
Seat 7: VolkovDmitri ($212.29 in chips)
VolkovDmitri: posts small blind $1
BeerTorchok: posts big blind $3
*** HOLE CARDS ***
VolkovDmitri: raises $3 to $6
BeerTorchok: raises $3 to $9
VolkovDmitri: calls $3
*** FLOP *** [9s 9h Ad]
BeerTorchok: bets $3
VolkovDmitri: calls $3
*** TURN *** [9s 9h Ad] [6d]
BeerTorchok: bets $5.57 and is all-in
VolkovDmitri: calls $5.57
*** RIVER *** [9s 9h Ad 6d] [5c]
*** SHOW DOWN ***
BeerTorchok: shows [Jh 7h] (a pair of Nines)
VolkovDmitri: shows [4c As] (two pair, Aces and Nines)
VolkovDmitri collected $34.64 from pot
*** SUMMARY ***
Total pot $35.14 | Rake $0.50
Board [9s 9h Ad 6d 5c]
Seat 5: BeerTorchok (big blind) showed [Jh 7h] and lost with a pair of Nines
Seat 7: VolkovDmitri (button) (small blind) showed [4c As] and won ($34.64) with two pair, Aces and Nines


