PokerStars Hand #144538041102:  Hold'em Limit ($3/$6 USD) - 2015/11/28 20:55:55 ET
Table 'Kama' 6-max Seat #4 is the button
Seat 1: Don_Alling ($393.98 in chips)
Seat 4: PycV ($179.40 in chips)
oj_pimpson will be allowed to play after the button
PycV: posts small blind $1
scorpio04: is sitting out
Don_Alling: posts big blind $3
*** HOLE CARDS ***
PycV: raises $3 to $6
Don_Alling: folds
Uncalled bet ($3) returned to PycV
PycV collected $6 from pot
PycV: doesn't show hand
*** SUMMARY ***
Total pot $6 | Rake $0
Seat 1: Don_Alling (big blind) folded before Flop
Seat 4: PycV (button) (small blind) collected ($6)


PokerStars Hand #144539521574:  Hold'em Limit ($3/$6 USD) - 2015/11/28 21:51:33 ET
Table 'Kama' 6-max Seat #6 is the button
Seat 5: scorpio04 ($145.76 in chips)
Seat 6: pool junkie ($276.74 in chips)
pool junkie: posts small blind $1
oj_pimpson: is sitting out
scorpio04: posts big blind $3
*** HOLE CARDS ***
pool junkie: raises $3 to $6
scorpio04: raises $3 to $9
pool junkie: calls $3
*** FLOP *** [7d 4d Qs]
scorpio04: bets $3
pool junkie: folds
Uncalled bet ($3) returned to scorpio04
scorpio04 collected $17.64 from pot
scorpio04: doesn't show hand
*** SUMMARY ***
Total pot $18 | Rake $0.36
Board [7d 4d Qs]
Seat 5: scorpio04 (big blind) collected ($17.64)
Seat 6: pool junkie (button) (small blind) folded on the Flop


