PokerStars Hand #156049013663:  Hold'em Limit ($3/$6 USD) - 2016/07/16 14:23:05 ET
Table 'Kama' 6-max Seat #3 is the button
Seat 2: ZinZar ($72 in chips)
Seat 3: Ultrafranke ($137.50 in chips)
Ultrafranke: posts small blind $1
ZinZar: posts big blind $3
*** HOLE CARDS ***
Ultrafranke: raises $3 to $6
ZinZar: calls $3
*** FLOP *** [Th Qs Js]
ZinZar: checks
Ultrafranke: checks
*** TURN *** [Th Qs Js] [Kc]
ZinZar: checks
Ultrafranke: checks
*** RIVER *** [Th Qs Js Kc] [Qh]
ZinZar: checks
Ultrafranke: bets $6
ZinZar: calls $6
*** SHOW DOWN ***
Ultrafranke: shows [Ks 5h] (two pair, Kings and Queens)
ZinZar: mucks hand
Ultrafranke collected $23.52 from pot
*** SUMMARY ***
Total pot $24 | Rake $0.48
Board [Th Qs Js Kc Qh]
Seat 2: ZinZar (big blind) mucked
Seat 3: Ultrafranke (button) (small blind) showed [Ks 5h] and won ($23.52) with two pair, Kings and Queens


PokerStars Hand #156049001205:  Hold'em Limit ($3/$6 USD) - 2016/07/16 14:22:47 ET
Table 'Kama' 6-max Seat #2 is the button
Seat 2: ZinZar ($72 in chips)
Seat 3: Ultrafranke ($120 in chips)
ZinZar: posts small blind $1
Ultrafranke: posts big blind $3
*** HOLE CARDS ***
ZinZar: raises $3 to $6
Ultrafranke: calls $3
*** FLOP *** [3s 4h 2d]
Ultrafranke: checks
ZinZar: checks
*** TURN *** [3s 4h 2d] [Jh]
Ultrafranke: bets $6
ZinZar: raises $6 to $12
Ultrafranke: calls $6
*** RIVER *** [3s 4h 2d Jh] [5h]
Ultrafranke: checks
ZinZar: checks
*** SHOW DOWN ***
Ultrafranke: shows [Jc 3c] (two pair, Jacks and Threes)
ZinZar: mucks hand
Ultrafranke collected $35.50 from pot
*** SUMMARY ***
Total pot $36 | Rake $0.50
Board [3s 4h 2d Jh 5h]
Seat 2: ZinZar (button) (small blind) mucked
Seat 3: Ultrafranke (big blind) showed [Jc 3c] and won ($35.50) with two pair, Jacks and Threes


PokerStars Hand #156049051411:  Hold'em Limit ($3/$6 USD) - 2016/07/16 14:24:02 ET
Table 'Kama' 6-max Seat #2 is the button
Seat 2: ZinZar ($78.39 in chips)
Seat 3: Ultrafranke ($141.77 in chips)
ZinZar: posts small blind $1
Ultrafranke: posts big blind $3
*** HOLE CARDS ***
ZinZar: folds
Uncalled bet ($2) returned to Ultrafranke
Ultrafranke collected $2 from pot
*** SUMMARY ***
Total pot $2 | Rake $0
Seat 2: ZinZar (button) (small blind) folded before Flop
Seat 3: Ultrafranke (big blind) collected ($2)


PokerStars Hand #156049048478:  Hold'em Limit ($3/$6 USD) - 2016/07/16 14:23:58 ET
Table 'Kama' 6-max Seat #3 is the button
Seat 2: ZinZar ($77.39 in chips)
Seat 3: Ultrafranke ($142.77 in chips)
Ultrafranke: posts small blind $1
ZinZar: posts big blind $3
*** HOLE CARDS ***
Ultrafranke: folds
Uncalled bet ($2) returned to ZinZar
ZinZar collected $2 from pot
ZinZar: doesn't show hand
*** SUMMARY ***
Total pot $2 | Rake $0
Seat 2: ZinZar (big blind) collected ($2)
Seat 3: Ultrafranke (button) (small blind) folded before Flop


PokerStars Hand #156049039619:  Hold'em Limit ($3/$6 USD) - 2016/07/16 14:23:44 ET
Table 'Kama' 6-max Seat #2 is the button
Seat 2: ZinZar ($77.64 in chips)
Seat 3: Ultrafranke ($143.02 in chips)
ZinZar: posts small blind $1
Ultrafranke: posts big blind $3
*** HOLE CARDS ***
ZinZar: raises $3 to $6
Ultrafranke: calls $3
*** FLOP *** [3h 5h 3s]
Ultrafranke: bets $3
ZinZar: calls $3
*** TURN *** [3h 5h 3s] [Ad]
Ultrafranke: bets $6
ZinZar: calls $6
*** RIVER *** [3h 5h 3s Ad] [Kd]
Ultrafranke: bets $6
ZinZar: calls $6
*** SHOW DOWN ***
Ultrafranke: shows [Ac 6h] (two pair, Aces and Threes)
ZinZar: shows [As 4s] (two pair, Aces and Threes)
Ultrafranke collected $20.75 from pot
ZinZar collected $20.75 from pot
*** SUMMARY ***
Total pot $42 | Rake $0.50
Board [3h 5h 3s Ad Kd]
Seat 2: ZinZar (button) (small blind) showed [As 4s] and won ($20.75) with two pair, Aces and Threes
Seat 3: Ultrafranke (big blind) showed [Ac 6h] and won ($20.75) with two pair, Aces and Threes


PokerStars Hand #156049035311:  Hold'em Limit ($3/$6 USD) - 2016/07/16 14:23:38 ET
Table 'Kama' 6-max Seat #3 is the button
Seat 2: ZinZar ($80.64 in chips)
Seat 3: Ultrafranke ($140.02 in chips)
Ultrafranke: posts small blind $1
ZinZar: posts big blind $3
*** HOLE CARDS ***
Ultrafranke: raises $3 to $6
ZinZar: folds
Uncalled bet ($3) returned to Ultrafranke
Ultrafranke collected $6 from pot
*** SUMMARY ***
Total pot $6 | Rake $0
Seat 2: ZinZar (big blind) folded before Flop
Seat 3: Ultrafranke (button) (small blind) collected ($6)


PokerStars Hand #156049023587:  Hold'em Limit ($3/$6 USD) - 2016/07/16 14:23:20 ET
Table 'Kama' 6-max Seat #2 is the button
Seat 2: ZinZar ($72 in chips)
Seat 3: Ultrafranke ($149.02 in chips)
ZinZar: posts small blind $1
Ultrafranke: posts big blind $3
*** HOLE CARDS ***
ZinZar: raises $3 to $6
Ultrafranke: calls $3
*** FLOP *** [6d 3h 5d]
Ultrafranke: checks
ZinZar: bets $3
Ultrafranke: calls $3
*** TURN *** [6d 3h 5d] [9d]
Ultrafranke: checks
ZinZar: checks
*** RIVER *** [6d 3h 5d 9d] [Ad]
Ultrafranke: checks
ZinZar: checks
*** SHOW DOWN ***
Ultrafranke: shows [5s 2s] (a pair of Fives)
ZinZar: shows [8s 5c] (a pair of Fives - Ace+Nine+Eight kicker)
ZinZar collected $17.64 from pot
*** SUMMARY ***
Total pot $18 | Rake $0.36
Board [6d 3h 5d 9d Ad]
Seat 2: ZinZar (button) (small blind) showed [8s 5c] and won ($17.64) with a pair of Fives
Seat 3: Ultrafranke (big blind) showed [5s 2s] and lost with a pair of Fives


PokerStars Hand #156049054198:  Hold'em Limit ($3/$6 USD) - 2016/07/16 14:24:06 ET
Table 'Kama' 6-max Seat #3 is the button
Seat 2: ZinZar ($77.39 in chips)
Seat 3: Ultrafranke ($142.77 in chips)
Ultrafranke: posts small blind $1
ZinZar: posts big blind $3
*** HOLE CARDS ***
Ultrafranke: raises $3 to $6
ZinZar: calls $3
*** FLOP *** [9c 6h As]
ZinZar: checks
Ultrafranke: bets $3
ZinZar: calls $3
*** TURN *** [9c 6h As] [Jh]
ZinZar: checks
Ultrafranke: bets $6
ZinZar: calls $6
*** RIVER *** [9c 6h As Jh] [Js]
ZinZar: checks
Ultrafranke: checks
*** SHOW DOWN ***
ZinZar: shows [5d 9h] (two pair, Jacks and Nines)
Ultrafranke: shows [9s Ts] (two pair, Jacks and Nines)
ZinZar collected $14.75 from pot
Ultrafranke collected $14.75 from pot
*** SUMMARY ***
Total pot $30 | Rake $0.50
Board [9c 6h As Jh Js]
Seat 2: ZinZar (big blind) showed [5d 9h] and won ($14.75) with two pair, Jacks and Nines
Seat 3: Ultrafranke (button) (small blind) showed [9s Ts] and won ($14.75) with two pair, Jacks and Nines


