PokerStars Hand #144525678470:  Hold'em Limit ($3/$6 USD) - 2015/11/28 16:06:26 ET
Table 'Kama' 6-max Seat #4 is the button
Seat 4: julenchu ($236.50 in chips)
Seat 5: BelSv ($78 in chips)
julenchu: posts small blind $1
BelSv: posts big blind $3
*** HOLE CARDS ***
julenchu: folds
Uncalled bet ($2) returned to BelSv
BelSv collected $2 from pot
BelSv: doesn't show hand
*** SUMMARY ***
Total pot $2 | Rake $0
Seat 4: julenchu (button) (small blind) folded before Flop
Seat 5: BelSv (big blind) collected ($2)


PokerStars Hand #144525674217:  Hold'em Limit ($3/$6 USD) - 2015/11/28 16:06:22 ET
Table 'Kama' 6-max Seat #5 is the button
Seat 4: julenchu ($235.50 in chips)
Seat 5: BelSv ($78 in chips)
BelSv: posts small blind $1
julenchu: posts big blind $3
*** HOLE CARDS ***
BelSv: folds
Uncalled bet ($2) returned to julenchu
julenchu collected $2 from pot
julenchu: doesn't show hand
*** SUMMARY ***
Total pot $2 | Rake $0
Seat 4: julenchu (big blind) collected ($2)
Seat 5: BelSv (button) (small blind) folded before Flop


PokerStars Hand #144525650359:  Hold'em Limit ($3/$6 USD) - 2015/11/28 16:05:57 ET
Table 'Kama' 6-max Seat #4 is the button
Seat 4: julenchu ($200 in chips)
Seat 5: BelSv ($78 in chips)
julenchu: posts small blind $1
BelSv: posts big blind $3
*** HOLE CARDS ***
julenchu: calls $2
BelSv: raises $3 to $6
julenchu: calls $3
*** FLOP *** [4c 6h As]
BelSv: bets $3
julenchu: raises $3 to $6
BelSv: raises $3 to $9
julenchu: raises $3 to $12
Betting is capped
BelSv: calls $3
*** TURN *** [4c 6h As] [7d]
BelSv: bets $6
julenchu: raises $6 to $12
BelSv: calls $6
*** RIVER *** [4c 6h As 7d] [Jh]
BelSv: checks
julenchu: bets $6
BelSv: calls $6
*** SHOW DOWN ***
julenchu: shows [8c 5c] (a straight, Four to Eight)
BelSv: mucks hand
julenchu collected $71.50 from pot
*** SUMMARY ***
Total pot $72 | Rake $0.50
Board [4c 6h As 7d Jh]
Seat 4: julenchu (button) (small blind) showed [8c 5c] and won ($71.50) with a straight, Four to Eight
Seat 5: BelSv (big blind) mucked


