PokerStars Hand #175067839001:  Hold'em Limit ($3/$6 USD) - 2017/09/01 12:22:22 ET
Table 'Kamenyar II' 6-max Seat #2 is the button
Seat 1: Madridistazi ($114 in chips)
Seat 2: zimin10 ($77.76 in chips)
zimin10: posts small blind $1
Madridistazi: posts big blind $3
*** HOLE CARDS ***
zimin10: raises $3 to $6
Madridistazi: folds
Uncalled bet ($3) returned to zimin10
zimin10 collected $6 from pot
*** SUMMARY ***
Total pot $6 | Rake $0
Seat 1: Madridistazi (big blind) folded before Flop
Seat 2: zimin10 (button) (small blind) collected ($6)


PokerStars Hand #175067845666:  Hold'em Limit ($3/$6 USD) - 2017/09/01 12:22:33 ET
Table 'Kamenyar II' 6-max Seat #1 is the button
Seat 1: Madridistazi ($111 in chips)
Seat 2: zimin10 ($80.76 in chips)
Madridistazi: posts small blind $1
zimin10: posts big blind $3
*** HOLE CARDS ***
Madridistazi: folds
Uncalled bet ($2) returned to zimin10
zimin10 collected $2 from pot
*** SUMMARY ***
Total pot $2 | Rake $0
Seat 1: Madridistazi (button) (small blind) folded before Flop
Seat 2: zimin10 (big blind) collected ($2)


PokerStars Hand #175067814564:  Hold'em Limit ($3/$6 USD) - 2017/09/01 12:21:43 ET
Table 'Kamenyar II' 6-max Seat #1 is the button
Seat 1: Madridistazi ($120 in chips)
Seat 2: zimin10 ($72 in chips)
Madridistazi: posts small blind $1
zimin10: posts big blind $3
*** HOLE CARDS ***
Madridistazi: calls $2
zimin10: raises $3 to $6
Madridistazi: calls $3
*** FLOP *** [5c Ts 6s]
zimin10: bets $3
Madridistazi: folds
Uncalled bet ($3) returned to zimin10
zimin10 collected $11.76 from pot
*** SUMMARY ***
Total pot $12 | Rake $0.24
Board [5c Ts 6s]
Seat 1: Madridistazi (button) (small blind) folded on the Flop
Seat 2: zimin10 (big blind) collected ($11.76)


PokerStars Hand #175067887238:  Hold'em Limit ($3/$6 USD) - 2017/09/01 12:23:39 ET
Table 'Kamenyar II' 6-max Seat #1 is the button
Seat 1: Madridistazi ($101 in chips)
Seat 2: zimin10 ($90.40 in chips)
Madridistazi: posts small blind $1
zimin10: posts big blind $3
*** HOLE CARDS ***
Madridistazi: calls $2
zimin10: raises $3 to $6
Madridistazi: calls $3
*** FLOP *** [3h 9s 7s]
zimin10: bets $3
Madridistazi: folds
Uncalled bet ($3) returned to zimin10
zimin10 collected $11.76 from pot
*** SUMMARY ***
Total pot $12 | Rake $0.24
Board [3h 9s 7s]
Seat 1: Madridistazi (button) (small blind) folded on the Flop
Seat 2: zimin10 (big blind) collected ($11.76)


PokerStars Hand #175067853739:  Hold'em Limit ($3/$6 USD) - 2017/09/01 12:22:46 ET
Table 'Kamenyar II' 6-max Seat #2 is the button
Seat 1: Madridistazi ($110 in chips)
Seat 2: zimin10 ($81.76 in chips)
zimin10: posts small blind $1
Madridistazi: posts big blind $3
*** HOLE CARDS ***
zimin10: raises $3 to $6
Madridistazi: calls $3
*** FLOP *** [5h Ks 8d]
Madridistazi: checks
zimin10: bets $3
Madridistazi: calls $3
*** TURN *** [5h Ks 8d] [7s]
Madridistazi: checks
zimin10: bets $6
Madridistazi: folds
Uncalled bet ($6) returned to zimin10
zimin10 collected $17.64 from pot
*** SUMMARY ***
Total pot $18 | Rake $0.36
Board [5h Ks 8d 7s]
Seat 1: Madridistazi (big blind) folded on the Turn
Seat 2: zimin10 (button) (small blind) collected ($17.64)


PokerStars Hand #175067903854:  Hold'em Limit ($3/$6 USD) - 2017/09/01 12:24:06 ET
Table 'Kamenyar II' 6-max Seat #2 is the button
Seat 1: Madridistazi ($95 in chips)
Seat 2: zimin10 ($96.16 in chips)
zimin10: posts small blind $1
Madridistazi: posts big blind $3
*** HOLE CARDS ***
zimin10: raises $3 to $6
Madridistazi: calls $3
*** FLOP *** [3d Tc 6s]
Madridistazi: bets $3
zimin10: calls $3
*** TURN *** [3d Tc 6s] [7s]
Madridistazi: bets $6
razor3334 joins the table at seat #4
zimin10: calls $6
*** RIVER *** [3d Tc 6s 7s] [Kc]
Madridistazi: bets $6
zimin10: calls $6
*** SHOW DOWN ***
Madridistazi: shows [As Td] (a pair of Tens)
zimin10: mucks hand
Madridistazi collected $41.50 from pot
*** SUMMARY ***
Total pot $42 | Rake $0.50
Board [3d Tc 6s 7s Kc]
Seat 1: Madridistazi (big blind) showed [As Td] and won ($41.50) with a pair of Tens
Seat 2: zimin10 (button) (small blind) mucked


PokerStars Hand #175067943347:  Hold'em Limit ($3/$6 USD) - 2017/09/01 12:25:09 ET
Table 'Kamenyar II' 6-max Seat #1 is the button
Seat 1: Madridistazi ($115.50 in chips)
Seat 2: zimin10 ($75.16 in chips)
Madridistazi: posts small blind $1
zimin10: posts big blind $3
*** HOLE CARDS ***
Madridistazi: calls $2
zimin10: raises $3 to $6
Madridistazi: calls $3
*** FLOP *** [9s 5c 6d]
zimin10: bets $3
vestimokrec joins the table at seat #5
Madridistazi: calls $3
*** TURN *** [9s 5c 6d] [4d]
zimin10: bets $6
Madridistazi: calls $6
*** RIVER *** [9s 5c 6d 4d] [7h]
zimin10: checks
Madridistazi: bets $6
zimin10: folds
Uncalled bet ($6) returned to Madridistazi
Madridistazi collected $29.50 from pot
*** SUMMARY ***
Total pot $30 | Rake $0.50
Board [9s 5c 6d 4d 7h]
Seat 1: Madridistazi (button) (small blind) collected ($29.50)
Seat 2: zimin10 (big blind) folded on the River


PokerStars Hand #175068111380:  Hold'em Limit ($3/$6 USD) - 2017/09/01 12:29:38 ET
Table 'Kamenyar II' 6-max Seat #1 is the button
Seat 1: Madridistazi ($100.46 in chips)
Seat 2: zimin10 ($72 in chips)
Madridistazi: posts small blind $1
zimin10: posts big blind $3
*** HOLE CARDS ***
carine74 joins the table at seat #5
Madridistazi: folds
Uncalled bet ($2) returned to zimin10
vestimokrec joins the table at seat #3
zimin10 collected $2 from pot
*** SUMMARY ***
Total pot $2 | Rake $0
Seat 1: Madridistazi (button) (small blind) folded before Flop
Seat 2: zimin10 (big blind) collected ($2)


PokerStars Hand #175068107067:  Hold'em Limit ($3/$6 USD) - 2017/09/01 12:29:32 ET
Table 'Kamenyar II' 6-max Seat #2 is the button
Seat 1: Madridistazi ($99.46 in chips)
Seat 2: zimin10 ($72 in chips)
zimin10: posts small blind $1
Madridistazi: posts big blind $3
*** HOLE CARDS ***
zimin10: folds
Uncalled bet ($2) returned to Madridistazi
Madridistazi collected $2 from pot
Madridistazi: doesn't show hand
*** SUMMARY ***
Total pot $2 | Rake $0
Seat 1: Madridistazi (big blind) collected ($2)
Seat 2: zimin10 (button) (small blind) folded before Flop


PokerStars Hand #175068242479:  Hold'em Limit ($3/$6 USD) - 2017/09/01 12:33:06 ET
Table 'Kamenyar II' 6-max Seat #2 is the button
Seat 2: zimin10 ($123.31 in chips)
Seat 5: carine74 ($83.52 in chips)
vestimokrec will be allowed to play after the button
zimin10: posts small blind $1
carine74: posts big blind $3
*** HOLE CARDS ***
zimin10: raises $3 to $6
carine74: calls $3
*** FLOP *** [6s 2s 5s]
carine74: checks
zimin10: bets $3
carine74: calls $3
*** TURN *** [6s 2s 5s] [Ac]
carine74: checks
zimin10: bets $6
carine74: calls $6
*** RIVER *** [6s 2s 5s Ac] [7s]
carine74: checks
zimin10: bets $6
carine74: folds
Uncalled bet ($6) returned to zimin10
zimin10 collected $29.50 from pot
*** SUMMARY ***
Total pot $30 | Rake $0.50
Board [6s 2s 5s Ac 7s]
Seat 2: zimin10 (button) (small blind) collected ($29.50)
Seat 5: carine74 (big blind) folded on the River


PokerStars Hand #175068698091:  Hold'em Limit ($3/$6 USD) - 2017/09/01 12:45:09 ET
Table 'Kamenyar II' 6-max Seat #4 is the button
Seat 3: waxholm300 ($81.66 in chips)
Seat 4: allexso ($80.22 in chips)
allexso: posts small blind $1
zxkz: is sitting out
zimin10: is sitting out
waxholm300: posts big blind $3
*** HOLE CARDS ***
zimin10 leaves the table
allexso: folds
Uncalled bet ($2) returned to waxholm300
waxholm300 collected $2 from pot
waxholm300: doesn't show hand
nimzon joins the table at seat #2
zimin10 joins the table at seat #6
*** SUMMARY ***
Total pot $2 | Rake $0
Seat 3: waxholm300 (big blind) collected ($2)
Seat 4: allexso (button) (small blind) folded before Flop


PokerStars Hand #175068704457:  Hold'em Limit ($3/$6 USD) - 2017/09/01 12:45:19 ET
Table 'Kamenyar II' 6-max Seat #3 is the button
Seat 3: waxholm300 ($82.66 in chips)
Seat 4: allexso ($79.22 in chips)
waxholm300: posts small blind $1
allexso: posts big blind $3
*** HOLE CARDS ***
nimzon leaves the table
waxholm300: calls $2
allexso: raises $3 to $6
waxholm300: calls $3
*** FLOP *** [Kc Jh 6c]
allexso: bets $3
waxholm300: folds
Uncalled bet ($3) returned to allexso
allexso collected $11.76 from pot
*** SUMMARY ***
Total pot $12 | Rake $0.24
Board [Kc Jh 6c]
Seat 3: waxholm300 (button) (small blind) folded on the Flop
Seat 4: allexso (big blind) collected ($11.76)


PokerStars Hand #175068727392:  Hold'em Limit ($3/$6 USD) - 2017/09/01 12:45:55 ET
Table 'Kamenyar II' 6-max Seat #4 is the button
Seat 4: allexso ($84.98 in chips)
Seat 6: zimin10 ($72 in chips)
allexso: posts small blind $1
zimin10: posts big blind $3
*** HOLE CARDS ***
allexso: raises $3 to $6
zimin10: calls $3
*** FLOP *** [4d Kc 6c]
zimin10: checks
allexso: bets $3
zimin10: raises $3 to $6
allexso: calls $3
*** TURN *** [4d Kc 6c] [Jh]
zimin10: bets $6
allexso: calls $6
*** RIVER *** [4d Kc 6c Jh] [6d]
zimin10: bets $6
allexso: calls $6
*** SHOW DOWN ***
zimin10: shows [7s 4s] (two pair, Sixes and Fours)
allexso: shows [Qs Qc] (two pair, Queens and Sixes)
allexso collected $47.50 from pot
*** SUMMARY ***
Total pot $48 | Rake $0.50
Board [4d Kc 6c Jh 6d]
Seat 4: allexso (button) (small blind) showed [Qs Qc] and won ($47.50) with two pair, Queens and Sixes
Seat 6: zimin10 (big blind) showed [7s 4s] and lost with two pair, Sixes and Fours


