PokerStars Hand #175459016180:  Hold'em Limit ($3/$6 USD) - 2017/09/10 10:56:59 ET
Table 'Kampala' 6-max Seat #1 is the button
Seat 1: ionellu ($114 in chips)
Seat 2: Kasperla ($77.76 in chips)
ionellu: posts small blind $1
Kasperla: posts big blind $3
*** HOLE CARDS ***
ionellu: folds
Uncalled bet ($2) returned to Kasperla
Kasperla collected $2 from pot
Kasperla: doesn't show hand
*** SUMMARY ***
Total pot $2 | Rake $0
Seat 1: ionellu (button) (small blind) folded before Flop
Seat 2: Kasperla (big blind) collected ($2)


PokerStars Hand #175458999985:  Hold'em Limit ($3/$6 USD) - 2017/09/10 10:56:30 ET
Table 'Kampala' 6-max Seat #2 is the button
Seat 1: ionellu ($120 in chips)
Seat 2: Kasperla ($72 in chips)
Kasperla: posts small blind $1
vestimokrec joins the table at seat #3
cwcarr joins the table at seat #6
Anchig has timed out
Anchig: is sitting out
ionellu: posts big blind $3
*** HOLE CARDS ***
Kasperla: raises $3 to $6
ionellu: calls $3
*** FLOP *** [5d 4s Qh]
ionellu: checks
Kasperla: bets $3
ionellu: folds
Uncalled bet ($3) returned to Kasperla
Kasperla collected $11.76 from pot
Kasperla: doesn't show hand
*** SUMMARY ***
Total pot $12 | Rake $0.24
Board [5d 4s Qh]
Seat 1: ionellu (big blind) folded on the Flop
Seat 2: Kasperla (button) (small blind) collected ($11.76)


