PokerStars Hand #145870582438:  Hold'em Limit ($3/$6 USD) - 2015/12/24 18:46:14 ET
Table 'Kampala' 2-max Seat #2 is the button
Seat 1: RaisemyNut$ ($110.50 in chips)
Seat 2: tomasooo29 ($140.26 in chips)
tomasooo29: posts small blind $1
RaisemyNut$: posts big blind $3
*** HOLE CARDS ***
tomasooo29: raises $3 to $6
RaisemyNut$: calls $3
*** FLOP *** [Jh Js Ah]
RaisemyNut$: checks
tomasooo29: checks
*** TURN *** [Jh Js Ah] [Kd]
RaisemyNut$: bets $6
tomasooo29: folds
Uncalled bet ($6) returned to RaisemyNut$
RaisemyNut$ collected $11.76 from pot
RaisemyNut$: doesn't show hand
*** SUMMARY ***
Total pot $12 | Rake $0.24
Board [Jh Js Ah Kd]
Seat 1: RaisemyNut$ (big blind) collected ($11.76)
Seat 2: tomasooo29 (button) (small blind) folded on the Turn


PokerStars Hand #145870570357:  Hold'em Limit ($3/$6 USD) - 2015/12/24 18:45:55 ET
Table 'Kampala' 2-max Seat #1 is the button
Seat 1: RaisemyNut$ ($90 in chips)
Seat 2: tomasooo29 ($161.26 in chips)
RaisemyNut$: posts small blind $1
tomasooo29: posts big blind $3
*** HOLE CARDS ***
RaisemyNut$: raises $3 to $6
tomasooo29: calls $3
*** FLOP *** [3s 6c Qh]
tomasooo29: bets $3
RaisemyNut$: calls $3
*** TURN *** [3s 6c Qh] [6d]
tomasooo29: bets $6
RaisemyNut$: calls $6
*** RIVER *** [3s 6c Qh 6d] [6h]
tomasooo29: bets $6
RaisemyNut$: raises $6 to $12
tomasooo29: folds
Uncalled bet ($6) returned to RaisemyNut$
RaisemyNut$ collected $41.50 from pot
RaisemyNut$: doesn't show hand
*** SUMMARY ***
Total pot $42 | Rake $0.50
Board [3s 6c Qh 6d 6h]
Seat 1: RaisemyNut$ (button) (small blind) collected ($41.50)
Seat 2: tomasooo29 (big blind) folded on the River


PokerStars Hand #145870595874:  Hold'em Limit ($3/$6 USD) - 2015/12/24 18:46:35 ET
Table 'Kampala' 2-max Seat #2 is the button
Seat 1: RaisemyNut$ ($95.26 in chips)
Seat 2: tomasooo29 ($154.76 in chips)
tomasooo29: posts small blind $1
RaisemyNut$: posts big blind $3
*** HOLE CARDS ***
tomasooo29: raises $3 to $6
RaisemyNut$: folds
Uncalled bet ($3) returned to tomasooo29
tomasooo29 collected $6 from pot
*** SUMMARY ***
Total pot $6 | Rake $0
Seat 1: RaisemyNut$ (big blind) folded before Flop
Seat 2: tomasooo29 (button) (small blind) collected ($6)


PokerStars Hand #145870588082:  Hold'em Limit ($3/$6 USD) - 2015/12/24 18:46:23 ET
Table 'Kampala' 2-max Seat #1 is the button
Seat 1: RaisemyNut$ ($116.26 in chips)
Seat 2: tomasooo29 ($134.26 in chips)
RaisemyNut$: posts small blind $1
tomasooo29: posts big blind $3
*** HOLE CARDS ***
RaisemyNut$: raises $3 to $6
tomasooo29: calls $3
*** FLOP *** [4c 9h Jh]
tomasooo29: bets $3
RaisemyNut$: calls $3
*** TURN *** [4c 9h Jh] [6c]
tomasooo29: bets $6
RaisemyNut$: calls $6
*** RIVER *** [4c 9h Jh 6c] [Ad]
tomasooo29: bets $6
RaisemyNut$: calls $6
*** SHOW DOWN ***
tomasooo29: shows [9c 8c] (a pair of Nines)
RaisemyNut$: mucks hand
tomasooo29 collected $41.50 from pot
*** SUMMARY ***
Total pot $42 | Rake $0.50
Board [4c 9h Jh 6c Ad]
Seat 1: RaisemyNut$ (button) (small blind) mucked
Seat 2: tomasooo29 (big blind) showed [9c 8c] and won ($41.50) with a pair of Nines


PokerStars Hand #145870599566:  Hold'em Limit ($3/$6 USD) - 2015/12/24 18:46:41 ET
Table 'Kampala' 2-max Seat #1 is the button
Seat 1: RaisemyNut$ ($92.26 in chips)
Seat 2: tomasooo29 ($157.76 in chips)
RaisemyNut$: posts small blind $1
tomasooo29: posts big blind $3
*** HOLE CARDS ***
RaisemyNut$: raises $3 to $6
tomasooo29: raises $3 to $9
RaisemyNut$: calls $3
*** FLOP *** [Ah 6s 8h]
tomasooo29: bets $3
RaisemyNut$: folds
Uncalled bet ($3) returned to tomasooo29
tomasooo29 collected $17.64 from pot
*** SUMMARY ***
Total pot $18 | Rake $0.36
Board [Ah 6s 8h]
Seat 1: RaisemyNut$ (button) (small blind) folded on the Flop
Seat 2: tomasooo29 (big blind) collected ($17.64)


PokerStars Hand #145870604927:  Hold'em Limit ($3/$6 USD) - 2015/12/24 18:46:50 ET
Table 'Kampala' 2-max Seat #2 is the button
Seat 1: RaisemyNut$ ($83.26 in chips)
Seat 2: tomasooo29 ($166.40 in chips)
tomasooo29: posts small blind $1
RaisemyNut$: posts big blind $3
*** HOLE CARDS ***
tomasooo29: raises $3 to $6
RaisemyNut$: calls $3
*** FLOP *** [2c Jc Ac]
RaisemyNut$: checks
tomasooo29: checks
*** TURN *** [2c Jc Ac] [7c]
RaisemyNut$: checks
tomasooo29: checks
*** RIVER *** [2c Jc Ac 7c] [Ts]
RaisemyNut$: bets $6
tomasooo29: calls $6
*** SHOW DOWN ***
RaisemyNut$: shows [8d Qc] (a flush, Ace high)
tomasooo29: mucks hand
RaisemyNut$ collected $23.52 from pot
*** SUMMARY ***
Total pot $24 | Rake $0.48
Board [2c Jc Ac 7c Ts]
Seat 1: RaisemyNut$ (big blind) showed [8d Qc] and won ($23.52) with a flush, Ace high
Seat 2: tomasooo29 (button) (small blind) mucked


PokerStars Hand #145870611926:  Hold'em Limit ($3/$6 USD) - 2015/12/24 18:47:01 ET
Table 'Kampala' 2-max Seat #1 is the button
Seat 1: RaisemyNut$ ($94.78 in chips)
Seat 2: tomasooo29 ($154.40 in chips)
RaisemyNut$: posts small blind $1
tomasooo29: posts big blind $3
*** HOLE CARDS ***
RaisemyNut$: raises $3 to $6
tomasooo29: calls $3
*** FLOP *** [4c 5s Kd]
tomasooo29: bets $3
RaisemyNut$: raises $3 to $6
tomasooo29: calls $3
*** TURN *** [4c 5s Kd] [9d]
tomasooo29: checks
RaisemyNut$: bets $6
tomasooo29: calls $6
*** RIVER *** [4c 5s Kd 9d] [3d]
tomasooo29: checks
RaisemyNut$: checks
*** SHOW DOWN ***
tomasooo29: shows [3s 2d] (a pair of Threes)
RaisemyNut$: mucks hand
tomasooo29 collected $35.50 from pot
*** SUMMARY ***
Total pot $36 | Rake $0.50
Board [4c 5s Kd 9d 3d]
Seat 1: RaisemyNut$ (button) (small blind) mucked
Seat 2: tomasooo29 (big blind) showed [3s 2d] and won ($35.50) with a pair of Threes


PokerStars Hand #145870621328:  Hold'em Limit ($3/$6 USD) - 2015/12/24 18:47:15 ET
Table 'Kampala' 2-max Seat #2 is the button
Seat 1: RaisemyNut$ ($76.78 in chips)
Seat 2: tomasooo29 ($171.90 in chips)
tomasooo29: posts small blind $1
RaisemyNut$: posts big blind $3
*** HOLE CARDS ***
tomasooo29: raises $3 to $6
RaisemyNut$: calls $3
*** FLOP *** [7c 8s 3h]
RaisemyNut$: checks
tomasooo29: checks
*** TURN *** [7c 8s 3h] [8d]
RaisemyNut$: bets $6
tomasooo29: calls $6
*** RIVER *** [7c 8s 3h 8d] [5s]
RaisemyNut$: bets $6
tomasooo29: calls $6
*** SHOW DOWN ***
RaisemyNut$: shows [7d 9h] (two pair, Eights and Sevens)
tomasooo29: mucks hand
RaisemyNut$ collected $35.50 from pot
*** SUMMARY ***
Total pot $36 | Rake $0.50
Board [7c 8s 3h 8d 5s]
Seat 1: RaisemyNut$ (big blind) showed [7d 9h] and won ($35.50) with two pair, Eights and Sevens
Seat 2: tomasooo29 (button) (small blind) mucked


PokerStars Hand #145870628531:  Hold'em Limit ($3/$6 USD) - 2015/12/24 18:47:27 ET
Table 'Kampala' 2-max Seat #1 is the button
Seat 1: RaisemyNut$ ($94.28 in chips)
Seat 2: tomasooo29 ($153.90 in chips)
RaisemyNut$: posts small blind $1
tomasooo29: posts big blind $3
*** HOLE CARDS ***
RaisemyNut$: raises $3 to $6
tomasooo29: raises $3 to $9
RaisemyNut$: calls $3
*** FLOP *** [Qh Jd Qs]
tomasooo29: bets $3
RaisemyNut$: folds
Uncalled bet ($3) returned to tomasooo29
tomasooo29 collected $17.64 from pot
*** SUMMARY ***
Total pot $18 | Rake $0.36
Board [Qh Jd Qs]
Seat 1: RaisemyNut$ (button) (small blind) folded on the Flop
Seat 2: tomasooo29 (big blind) collected ($17.64)


PokerStars Hand #145870633663:  Hold'em Limit ($3/$6 USD) - 2015/12/24 18:47:35 ET
Table 'Kampala' 2-max Seat #2 is the button
Seat 1: RaisemyNut$ ($85.28 in chips)
Seat 2: tomasooo29 ($162.54 in chips)
tomasooo29: posts small blind $1
RaisemyNut$: posts big blind $3
*** HOLE CARDS ***
tomasooo29: raises $3 to $6
RaisemyNut$: calls $3
*** FLOP *** [3h 3s Jc]
RaisemyNut$: bets $3
tomasooo29: calls $3
*** TURN *** [3h 3s Jc] [6d]
RaisemyNut$: bets $6
tomasooo29: folds
Uncalled bet ($6) returned to RaisemyNut$
RaisemyNut$ collected $17.64 from pot
RaisemyNut$: doesn't show hand
*** SUMMARY ***
Total pot $18 | Rake $0.36
Board [3h 3s Jc 6d]
Seat 1: RaisemyNut$ (big blind) collected ($17.64)
Seat 2: tomasooo29 (button) (small blind) folded on the Turn


PokerStars Hand #145870640872:  Hold'em Limit ($3/$6 USD) - 2015/12/24 18:47:47 ET
Table 'Kampala' 2-max Seat #1 is the button
Seat 1: RaisemyNut$ ($93.92 in chips)
Seat 2: tomasooo29 ($153.54 in chips)
RaisemyNut$: posts small blind $1
tomasooo29: posts big blind $3
*** HOLE CARDS ***
RaisemyNut$: raises $3 to $6
tomasooo29: raises $3 to $9
RaisemyNut$: calls $3
*** FLOP *** [2c 6h 9h]
tomasooo29: bets $3
RaisemyNut$: raises $3 to $6
tomasooo29: calls $3
*** TURN *** [2c 6h 9h] [Ah]
tomasooo29: bets $6
RaisemyNut$: calls $6
*** RIVER *** [2c 6h 9h Ah] [2h]
tomasooo29: bets $6
RaisemyNut$: raises $6 to $12
tomasooo29: calls $6
*** SHOW DOWN ***
RaisemyNut$: shows [9d 7s] (two pair, Nines and Deuces)
tomasooo29: shows [Ad Jd] (two pair, Aces and Deuces)
tomasooo29 collected $65.50 from pot
*** SUMMARY ***
Total pot $66 | Rake $0.50
Board [2c 6h 9h Ah 2h]
Seat 1: RaisemyNut$ (button) (small blind) showed [9d 7s] and lost with two pair, Nines and Deuces
Seat 2: tomasooo29 (big blind) showed [Ad Jd] and won ($65.50) with two pair, Aces and Deuces


PokerStars Hand #145870658809:  Hold'em Limit ($3/$6 USD) - 2015/12/24 18:48:15 ET
Table 'Kampala' 2-max Seat #1 is the button
Seat 1: RaisemyNut$ ($72.44 in chips)
Seat 2: tomasooo29 ($174.04 in chips)
RaisemyNut$: posts small blind $1
tomasooo29: posts big blind $3
*** HOLE CARDS ***
RaisemyNut$: raises $3 to $6
tomasooo29: folds
Uncalled bet ($3) returned to RaisemyNut$
RaisemyNut$ collected $6 from pot
RaisemyNut$: doesn't show hand
*** SUMMARY ***
Total pot $6 | Rake $0
Seat 1: RaisemyNut$ (button) (small blind) collected ($6)
Seat 2: tomasooo29 (big blind) folded before Flop


PokerStars Hand #145870650421:  Hold'em Limit ($3/$6 USD) - 2015/12/24 18:48:02 ET
Table 'Kampala' 2-max Seat #2 is the button
Seat 1: RaisemyNut$ ($60.92 in chips)
Seat 2: tomasooo29 ($186.04 in chips)
tomasooo29: posts small blind $1
RaisemyNut$: posts big blind $3
*** HOLE CARDS ***
tomasooo29: raises $3 to $6
RaisemyNut$: raises $3 to $9
tomasooo29: calls $3
*** FLOP *** [4h 8h 3d]
RaisemyNut$: bets $3
tomasooo29: calls $3
*** TURN *** [4h 8h 3d] [7d]
RaisemyNut$: checks
tomasooo29: checks
*** RIVER *** [4h 8h 3d 7d] [As]
RaisemyNut$: bets $6
tomasooo29: folds
Uncalled bet ($6) returned to RaisemyNut$
RaisemyNut$ collected $23.52 from pot
RaisemyNut$: doesn't show hand
*** SUMMARY ***
Total pot $24 | Rake $0.48
Board [4h 8h 3d 7d As]
Seat 1: RaisemyNut$ (big blind) collected ($23.52)
Seat 2: tomasooo29 (button) (small blind) folded on the River


PokerStars Hand #145870661884:  Hold'em Limit ($3/$6 USD) - 2015/12/24 18:48:20 ET
Table 'Kampala' 2-max Seat #2 is the button
Seat 1: RaisemyNut$ ($75.44 in chips)
Seat 2: tomasooo29 ($171.04 in chips)
tomasooo29: posts small blind $1
RaisemyNut$: posts big blind $3
*** HOLE CARDS ***
tomasooo29: folds
Uncalled bet ($2) returned to RaisemyNut$
RaisemyNut$ collected $2 from pot
RaisemyNut$: doesn't show hand
*** SUMMARY ***
Total pot $2 | Rake $0
Seat 1: RaisemyNut$ (big blind) collected ($2)
Seat 2: tomasooo29 (button) (small blind) folded before Flop


PokerStars Hand #145870664634:  Hold'em Limit ($3/$6 USD) - 2015/12/24 18:48:24 ET
Table 'Kampala' 2-max Seat #1 is the button
Seat 1: RaisemyNut$ ($76.44 in chips)
Seat 2: tomasooo29 ($170.04 in chips)
RaisemyNut$: posts small blind $1
tomasooo29: posts big blind $3
*** HOLE CARDS ***
RaisemyNut$: raises $3 to $6
tomasooo29: raises $3 to $9
RaisemyNut$: calls $3
*** FLOP *** [8h Qs Td]
tomasooo29: checks
RaisemyNut$: bets $3
tomasooo29: calls $3
*** TURN *** [8h Qs Td] [2h]
tomasooo29: checks
RaisemyNut$: bets $6
tomasooo29: calls $6
*** RIVER *** [8h Qs Td 2h] [Jc]
tomasooo29: bets $6
RaisemyNut$: calls $6
*** SHOW DOWN ***
tomasooo29: shows [Ad Jh] (a pair of Jacks)
RaisemyNut$: mucks hand
tomasooo29 collected $47.50 from pot
*** SUMMARY ***
Total pot $48 | Rake $0.50
Board [8h Qs Td 2h Jc]
Seat 1: RaisemyNut$ (button) (small blind) mucked
Seat 2: tomasooo29 (big blind) showed [Ad Jh] and won ($47.50) with a pair of Jacks


PokerStars Hand #145870684716:  Hold'em Limit ($3/$6 USD) - 2015/12/24 18:48:56 ET
Table 'Kampala' 2-max Seat #1 is the button
Seat 1: RaisemyNut$ ($86.50 in chips)
Seat 2: tomasooo29 ($166.54 in chips)
RaisemyNut$: posts small blind $1
tomasooo29: posts big blind $3
*** HOLE CARDS ***
RaisemyNut$: raises $3 to $6
tomasooo29: calls $3
*** FLOP *** [7s Ks 5h]
tomasooo29: checks
RaisemyNut$: bets $3
tomasooo29: folds
Uncalled bet ($3) returned to RaisemyNut$
RaisemyNut$ collected $11.76 from pot
RaisemyNut$: doesn't show hand
*** SUMMARY ***
Total pot $12 | Rake $0.24
Board [7s Ks 5h]
Seat 1: RaisemyNut$ (button) (small blind) collected ($11.76)
Seat 2: tomasooo29 (big blind) folded on the Flop


PokerStars Hand #145870676627:  Hold'em Limit ($3/$6 USD) - 2015/12/24 18:48:43 ET
Table 'Kampala' 2-max Seat #2 is the button
Seat 1: RaisemyNut$ ($60 in chips)
Seat 2: tomasooo29 ($193.54 in chips)
tomasooo29: posts small blind $1
RaisemyNut$: posts big blind $3
*** HOLE CARDS ***
tomasooo29: raises $3 to $6
RaisemyNut$: raises $3 to $9
tomasooo29: raises $3 to $12
Betting is capped
RaisemyNut$: calls $3
*** FLOP *** [2c Js Ks]
RaisemyNut$: bets $3
tomasooo29: calls $3
*** TURN *** [2c Js Ks] [7c]
RaisemyNut$: bets $6
tomasooo29: calls $6
*** RIVER *** [2c Js Ks 7c] [9c]
RaisemyNut$: bets $6
tomasooo29: calls $6
*** SHOW DOWN ***
RaisemyNut$: shows [Qc Jh] (a pair of Jacks)
tomasooo29: mucks hand
RaisemyNut$ collected $53.50 from pot
*** SUMMARY ***
Total pot $54 | Rake $0.50
Board [2c Js Ks 7c 9c]
Seat 1: RaisemyNut$ (big blind) showed [Qc Jh] and won ($53.50) with a pair of Jacks
Seat 2: tomasooo29 (button) (small blind) mucked


PokerStars Hand #145870688989:  Hold'em Limit ($3/$6 USD) - 2015/12/24 18:49:03 ET
Table 'Kampala' 2-max Seat #2 is the button
Seat 1: RaisemyNut$ ($92.26 in chips)
Seat 2: tomasooo29 ($160.54 in chips)
tomasooo29: posts small blind $1
RaisemyNut$: posts big blind $3
*** HOLE CARDS ***
tomasooo29: raises $3 to $6
RaisemyNut$: raises $3 to $9
tomasooo29: raises $3 to $12
Betting is capped
RaisemyNut$: calls $3
*** FLOP *** [8d Kh 9s]
RaisemyNut$: bets $3
tomasooo29: calls $3
*** TURN *** [8d Kh 9s] [5s]
RaisemyNut$: bets $6
tomasooo29: calls $6
*** RIVER *** [8d Kh 9s 5s] [6h]
RaisemyNut$: bets $6
tomasooo29: raises $6 to $12
RaisemyNut$: calls $6
*** SHOW DOWN ***
tomasooo29: shows [7d Qd] (a straight, Five to Nine)
RaisemyNut$: mucks hand
tomasooo29 collected $65.50 from pot
*** SUMMARY ***
Total pot $66 | Rake $0.50
Board [8d Kh 9s 5s 6h]
Seat 1: RaisemyNut$ (big blind) mucked
Seat 2: tomasooo29 (button) (small blind) showed [7d Qd] and won ($65.50) with a straight, Five to Nine


PokerStars Hand #145870700918:  Hold'em Limit ($3/$6 USD) - 2015/12/24 18:49:22 ET
Table 'Kampala' 2-max Seat #1 is the button
Seat 1: RaisemyNut$ ($60 in chips)
Seat 2: tomasooo29 ($193.04 in chips)
RaisemyNut$: posts small blind $1
tomasooo29: posts big blind $3
*** HOLE CARDS ***
RaisemyNut$: raises $3 to $6
tomasooo29: calls $3
*** FLOP *** [Ts 9d 8s]
tomasooo29: checks
RaisemyNut$: bets $3
tomasooo29: folds
Uncalled bet ($3) returned to RaisemyNut$
RaisemyNut$ collected $11.76 from pot
RaisemyNut$: doesn't show hand
*** SUMMARY ***
Total pot $12 | Rake $0.24
Board [Ts 9d 8s]
Seat 1: RaisemyNut$ (button) (small blind) collected ($11.76)
Seat 2: tomasooo29 (big blind) folded on the Flop


PokerStars Hand #145870705763:  Hold'em Limit ($3/$6 USD) - 2015/12/24 18:49:30 ET
Table 'Kampala' 2-max Seat #2 is the button
Seat 1: RaisemyNut$ ($65.76 in chips)
Seat 2: tomasooo29 ($187.04 in chips)
tomasooo29: posts small blind $1
RaisemyNut$: posts big blind $3
*** HOLE CARDS ***
tomasooo29: raises $3 to $6
RaisemyNut$: folds
Uncalled bet ($3) returned to tomasooo29
tomasooo29 collected $6 from pot
*** SUMMARY ***
Total pot $6 | Rake $0
Seat 1: RaisemyNut$ (big blind) folded before Flop
Seat 2: tomasooo29 (button) (small blind) collected ($6)


PokerStars Hand #145870708828:  Hold'em Limit ($3/$6 USD) - 2015/12/24 18:49:35 ET
Table 'Kampala' 2-max Seat #1 is the button
Seat 1: RaisemyNut$ ($62.76 in chips)
Seat 2: tomasooo29 ($190.04 in chips)
RaisemyNut$: posts small blind $1
tomasooo29: posts big blind $3
*** HOLE CARDS ***
RaisemyNut$: raises $3 to $6
tomasooo29: calls $3
*** FLOP *** [3h 5c 7s]
tomasooo29: bets $3
RaisemyNut$: calls $3
*** TURN *** [3h 5c 7s] [Qh]
tomasooo29: checks
RaisemyNut$: bets $6
tomasooo29: calls $6
*** RIVER *** [3h 5c 7s Qh] [Qs]
tomasooo29: bets $6
RaisemyNut$: calls $6
*** SHOW DOWN ***
tomasooo29: shows [3c 6c] (two pair, Queens and Threes)
RaisemyNut$: shows [Js 3s] (two pair, Queens and Threes - Jack kicker)
RaisemyNut$ collected $41.50 from pot
*** SUMMARY ***
Total pot $42 | Rake $0.50
Board [3h 5c 7s Qh Qs]
Seat 1: RaisemyNut$ (button) (small blind) showed [Js 3s] and won ($41.50) with two pair, Queens and Threes
Seat 2: tomasooo29 (big blind) showed [3c 6c] and lost with two pair, Queens and Threes


PokerStars Hand #145870716403:  Hold'em Limit ($3/$6 USD) - 2015/12/24 18:49:47 ET
Table 'Kampala' 2-max Seat #2 is the button
Seat 1: RaisemyNut$ ($83.26 in chips)
Seat 2: tomasooo29 ($169.04 in chips)
tomasooo29: posts small blind $1
RaisemyNut$: posts big blind $3
*** HOLE CARDS ***
tomasooo29: raises $3 to $6
RaisemyNut$: calls $3
*** FLOP *** [Tc 7s 9s]
RaisemyNut$: bets $3
tomasooo29: raises $3 to $6
RaisemyNut$: calls $3
*** TURN *** [Tc 7s 9s] [Ac]
RaisemyNut$: checks
tomasooo29: checks
*** RIVER *** [Tc 7s 9s Ac] [5h]
RaisemyNut$: bets $6
tomasooo29: folds
Uncalled bet ($6) returned to RaisemyNut$
RaisemyNut$ collected $23.52 from pot
RaisemyNut$: doesn't show hand
*** SUMMARY ***
Total pot $24 | Rake $0.48
Board [Tc 7s 9s Ac 5h]
Seat 1: RaisemyNut$ (big blind) collected ($23.52)
Seat 2: tomasooo29 (button) (small blind) folded on the River


PokerStars Hand #145870725276:  Hold'em Limit ($3/$6 USD) - 2015/12/24 18:50:02 ET
Table 'Kampala' 2-max Seat #1 is the button
Seat 1: RaisemyNut$ ($94.78 in chips)
Seat 2: tomasooo29 ($157.04 in chips)
RaisemyNut$: posts small blind $1
tomasooo29: posts big blind $3
*** HOLE CARDS ***
RaisemyNut$: raises $3 to $6
tomasooo29: calls $3
*** FLOP *** [7d 9h 4c]
tomasooo29: bets $3
RaisemyNut$: calls $3
*** TURN *** [7d 9h 4c] [9d]
tomasooo29: bets $6
RaisemyNut$: folds
Uncalled bet ($6) returned to tomasooo29
tomasooo29 collected $17.64 from pot
*** SUMMARY ***
Total pot $18 | Rake $0.36
Board [7d 9h 4c 9d]
Seat 1: RaisemyNut$ (button) (small blind) folded on the Turn
Seat 2: tomasooo29 (big blind) collected ($17.64)


PokerStars Hand #145870731053:  Hold'em Limit ($3/$6 USD) - 2015/12/24 18:50:11 ET
Table 'Kampala' 2-max Seat #2 is the button
Seat 1: RaisemyNut$ ($85.78 in chips)
Seat 2: tomasooo29 ($165.68 in chips)
tomasooo29: posts small blind $1
RaisemyNut$: posts big blind $3
*** HOLE CARDS ***
tomasooo29: raises $3 to $6
RaisemyNut$: folds
Uncalled bet ($3) returned to tomasooo29
tomasooo29 collected $6 from pot
*** SUMMARY ***
Total pot $6 | Rake $0
Seat 1: RaisemyNut$ (big blind) folded before Flop
Seat 2: tomasooo29 (button) (small blind) collected ($6)


PokerStars Hand #145870734091:  Hold'em Limit ($3/$6 USD) - 2015/12/24 18:50:16 ET
Table 'Kampala' 2-max Seat #1 is the button
Seat 1: RaisemyNut$ ($82.78 in chips)
Seat 2: tomasooo29 ($168.68 in chips)
RaisemyNut$: posts small blind $1
tomasooo29: posts big blind $3
*** HOLE CARDS ***
RaisemyNut$: raises $3 to $6
tomasooo29: calls $3
*** FLOP *** [9d 4d Th]
tomasooo29: checks
RaisemyNut$: bets $3
tomasooo29: calls $3
*** TURN *** [9d 4d Th] [As]
tomasooo29: checks
RaisemyNut$: bets $6
tomasooo29: calls $6
*** RIVER *** [9d 4d Th As] [3d]
tomasooo29: bets $6
RaisemyNut$: raises $6 to $12
tomasooo29: folds
Uncalled bet ($6) returned to RaisemyNut$
RaisemyNut$ collected $41.50 from pot
RaisemyNut$: doesn't show hand
*** SUMMARY ***
Total pot $42 | Rake $0.50
Board [9d 4d Th As 3d]
Seat 1: RaisemyNut$ (button) (small blind) collected ($41.50)
Seat 2: tomasooo29 (big blind) folded on the River


PokerStars Hand #145870746466:  Hold'em Limit ($3/$6 USD) - 2015/12/24 18:50:36 ET
Table 'Kampala' 2-max Seat #2 is the button
Seat 1: RaisemyNut$ ($103.28 in chips)
Seat 2: tomasooo29 ($147.68 in chips)
tomasooo29: posts small blind $1
RaisemyNut$: posts big blind $3
*** HOLE CARDS ***
tomasooo29: raises $3 to $6
RaisemyNut$: calls $3
*** FLOP *** [2c 2s 6s]
RaisemyNut$: checks
tomasooo29: checks
*** TURN *** [2c 2s 6s] [Qh]
RaisemyNut$: checks
tomasooo29: checks
*** RIVER *** [2c 2s 6s Qh] [5h]
RaisemyNut$: checks
tomasooo29: checks
*** SHOW DOWN ***
RaisemyNut$: shows [Th Jd] (a pair of Deuces)
tomasooo29: mucks hand
RaisemyNut$ collected $11.76 from pot
*** SUMMARY ***
Total pot $12 | Rake $0.24
Board [2c 2s 6s Qh 5h]
Seat 1: RaisemyNut$ (big blind) showed [Th Jd] and won ($11.76) with a pair of Deuces
Seat 2: tomasooo29 (button) (small blind) mucked


PokerStars Hand #145870754346:  Hold'em Limit ($3/$6 USD) - 2015/12/24 18:50:49 ET
Table 'Kampala' 2-max Seat #1 is the button
Seat 1: RaisemyNut$ ($109.04 in chips)
Seat 2: tomasooo29 ($141.68 in chips)
RaisemyNut$: posts small blind $1
tomasooo29: posts big blind $3
*** HOLE CARDS ***
RaisemyNut$: raises $3 to $6
tomasooo29: raises $3 to $9
RaisemyNut$: calls $3
*** FLOP *** [Th Js 3h]
tomasooo29: checks
RaisemyNut$: checks
*** TURN *** [Th Js 3h] [Jc]
tomasooo29: checks
RaisemyNut$: checks
*** RIVER *** [Th Js 3h Jc] [Ad]
tomasooo29: bets $6
RaisemyNut$: folds
Uncalled bet ($6) returned to tomasooo29
tomasooo29 collected $17.64 from pot
*** SUMMARY ***
Total pot $18 | Rake $0.36
Board [Th Js 3h Jc Ad]
Seat 1: RaisemyNut$ (button) (small blind) folded on the River
Seat 2: tomasooo29 (big blind) collected ($17.64)


PokerStars Hand #145870771912:  Hold'em Limit ($3/$6 USD) - 2015/12/24 18:51:17 ET
Table 'Kampala' 2-max Seat #1 is the button
Seat 1: RaisemyNut$ ($114.54 in chips)
Seat 2: tomasooo29 ($135.32 in chips)
RaisemyNut$: posts small blind $1
tomasooo29: posts big blind $3
*** HOLE CARDS ***
RaisemyNut$: raises $3 to $6
tomasooo29: folds
Uncalled bet ($3) returned to RaisemyNut$
RaisemyNut$ collected $6 from pot
RaisemyNut$: doesn't show hand
*** SUMMARY ***
Total pot $6 | Rake $0
Seat 1: RaisemyNut$ (button) (small blind) collected ($6)
Seat 2: tomasooo29 (big blind) folded before Flop


PokerStars Hand #145870761958:  Hold'em Limit ($3/$6 USD) - 2015/12/24 18:51:01 ET
Table 'Kampala' 2-max Seat #2 is the button
Seat 1: RaisemyNut$ ($100.04 in chips)
Seat 2: tomasooo29 ($150.32 in chips)
tomasooo29: posts small blind $1
RaisemyNut$: posts big blind $3
*** HOLE CARDS ***
tomasooo29: raises $3 to $6
RaisemyNut$: calls $3
*** FLOP *** [4s Js 8h]
RaisemyNut$: checks
tomasooo29: bets $3
RaisemyNut$: calls $3
*** TURN *** [4s Js 8h] [7d]
RaisemyNut$: checks
tomasooo29: bets $6
RaisemyNut$: calls $6
*** RIVER *** [4s Js 8h 7d] [8d]
RaisemyNut$: checks
tomasooo29: checks
*** SHOW DOWN ***
RaisemyNut$: shows [7s 5d] (two pair, Eights and Sevens)
tomasooo29: mucks hand
RaisemyNut$ collected $29.50 from pot
*** SUMMARY ***
Total pot $30 | Rake $0.50
Board [4s Js 8h 7d 8d]
Seat 1: RaisemyNut$ (big blind) showed [7s 5d] and won ($29.50) with two pair, Eights and Sevens
Seat 2: tomasooo29 (button) (small blind) mucked


PokerStars Hand #145870777730:  Hold'em Limit ($3/$6 USD) - 2015/12/24 18:51:27 ET
Table 'Kampala' 2-max Seat #1 is the button
Seat 1: RaisemyNut$ ($118.54 in chips)
Seat 2: tomasooo29 ($131.32 in chips)
RaisemyNut$: posts small blind $1
tomasooo29: posts big blind $3
*** HOLE CARDS ***
RaisemyNut$: raises $3 to $6
tomasooo29: calls $3
*** FLOP *** [6c Js 9c]
tomasooo29: folds
RaisemyNut$ collected $11.76 from pot
RaisemyNut$: doesn't show hand
*** SUMMARY ***
Total pot $12 | Rake $0.24
Board [6c Js 9c]
Seat 1: RaisemyNut$ (button) (small blind) collected ($11.76)
Seat 2: tomasooo29 (big blind) folded on the Flop


PokerStars Hand #145870774965:  Hold'em Limit ($3/$6 USD) - 2015/12/24 18:51:22 ET
Table 'Kampala' 2-max Seat #2 is the button
Seat 1: RaisemyNut$ ($117.54 in chips)
Seat 2: tomasooo29 ($132.32 in chips)
tomasooo29: posts small blind $1
RaisemyNut$: posts big blind $3
*** HOLE CARDS ***
tomasooo29: folds
Uncalled bet ($2) returned to RaisemyNut$
RaisemyNut$ collected $2 from pot
RaisemyNut$: doesn't show hand
*** SUMMARY ***
Total pot $2 | Rake $0
Seat 1: RaisemyNut$ (big blind) collected ($2)
Seat 2: tomasooo29 (button) (small blind) folded before Flop


PokerStars Hand #145870781804:  Hold'em Limit ($3/$6 USD) - 2015/12/24 18:51:33 ET
Table 'Kampala' 2-max Seat #2 is the button
Seat 1: RaisemyNut$ ($124.30 in chips)
Seat 2: tomasooo29 ($125.32 in chips)
tomasooo29: posts small blind $1
RaisemyNut$: posts big blind $3
*** HOLE CARDS ***
tomasooo29: raises $3 to $6
RaisemyNut$: calls $3
*** FLOP *** [2c 8d 8c]
RaisemyNut$: checks
tomasooo29: checks
*** TURN *** [2c 8d 8c] [Ks]
RaisemyNut$: bets $6
tomasooo29: folds
Uncalled bet ($6) returned to RaisemyNut$
RaisemyNut$ collected $11.76 from pot
RaisemyNut$: doesn't show hand
*** SUMMARY ***
Total pot $12 | Rake $0.24
Board [2c 8d 8c Ks]
Seat 1: RaisemyNut$ (big blind) collected ($11.76)
Seat 2: tomasooo29 (button) (small blind) folded on the Turn


PokerStars Hand #145870790128:  Hold'em Limit ($3/$6 USD) - 2015/12/24 18:51:47 ET
Table 'Kampala' 2-max Seat #2 is the button
Seat 1: RaisemyNut$ ($133.06 in chips)
Seat 2: tomasooo29 ($116.32 in chips)
tomasooo29: posts small blind $1
RaisemyNut$: posts big blind $3
*** HOLE CARDS ***
tomasooo29: folds
Uncalled bet ($2) returned to RaisemyNut$
RaisemyNut$ collected $2 from pot
RaisemyNut$: doesn't show hand
*** SUMMARY ***
Total pot $2 | Rake $0
Seat 1: RaisemyNut$ (big blind) collected ($2)
Seat 2: tomasooo29 (button) (small blind) folded before Flop


PokerStars Hand #145870787216:  Hold'em Limit ($3/$6 USD) - 2015/12/24 18:51:42 ET
Table 'Kampala' 2-max Seat #1 is the button
Seat 1: RaisemyNut$ ($130.06 in chips)
Seat 2: tomasooo29 ($119.32 in chips)
RaisemyNut$: posts small blind $1
tomasooo29: posts big blind $3
*** HOLE CARDS ***
RaisemyNut$: raises $3 to $6
tomasooo29: folds
Uncalled bet ($3) returned to RaisemyNut$
RaisemyNut$ collected $6 from pot
RaisemyNut$: doesn't show hand
*** SUMMARY ***
Total pot $6 | Rake $0
Seat 1: RaisemyNut$ (button) (small blind) collected ($6)
Seat 2: tomasooo29 (big blind) folded before Flop


PokerStars Hand #145870796938:  Hold'em Limit ($3/$6 USD) - 2015/12/24 18:51:58 ET
Table 'Kampala' 2-max Seat #2 is the button
Seat 1: RaisemyNut$ ($137.06 in chips)
Seat 2: tomasooo29 ($112.32 in chips)
tomasooo29: posts small blind $1
RaisemyNut$: posts big blind $3
*** HOLE CARDS ***
tomasooo29: folds
Uncalled bet ($2) returned to RaisemyNut$
RaisemyNut$ collected $2 from pot
RaisemyNut$: doesn't show hand
*** SUMMARY ***
Total pot $2 | Rake $0
Seat 1: RaisemyNut$ (big blind) collected ($2)
Seat 2: tomasooo29 (button) (small blind) folded before Flop


PokerStars Hand #145870793329:  Hold'em Limit ($3/$6 USD) - 2015/12/24 18:51:52 ET
Table 'Kampala' 2-max Seat #1 is the button
Seat 1: RaisemyNut$ ($134.06 in chips)
Seat 2: tomasooo29 ($115.32 in chips)
RaisemyNut$: posts small blind $1
tomasooo29: posts big blind $3
*** HOLE CARDS ***
RaisemyNut$: raises $3 to $6
tomasooo29: folds
Uncalled bet ($3) returned to RaisemyNut$
RaisemyNut$ collected $6 from pot
RaisemyNut$: doesn't show hand
*** SUMMARY ***
Total pot $6 | Rake $0
Seat 1: RaisemyNut$ (button) (small blind) collected ($6)
Seat 2: tomasooo29 (big blind) folded before Flop


PokerStars Hand #145870799994:  Hold'em Limit ($3/$6 USD) - 2015/12/24 18:52:03 ET
Table 'Kampala' 2-max Seat #1 is the button
Seat 1: RaisemyNut$ ($138.06 in chips)
Seat 2: tomasooo29 ($111.32 in chips)
RaisemyNut$: posts small blind $1
tomasooo29: posts big blind $3
*** HOLE CARDS ***
RaisemyNut$: raises $3 to $6
tomasooo29: raises $3 to $9
RaisemyNut$: calls $3
*** FLOP *** [8h 5d Jd]
tomasooo29: bets $3
RaisemyNut$: raises $3 to $6
tomasooo29: calls $3
*** TURN *** [8h 5d Jd] [5h]
tomasooo29: checks
RaisemyNut$: bets $6
tomasooo29: folds
Uncalled bet ($6) returned to RaisemyNut$
RaisemyNut$ collected $29.50 from pot
RaisemyNut$: doesn't show hand
*** SUMMARY ***
Total pot $30 | Rake $0.50
Board [8h 5d Jd 5h]
Seat 1: RaisemyNut$ (button) (small blind) collected ($29.50)
Seat 2: tomasooo29 (big blind) folded on the Turn


PokerStars Hand #145870815877:  Hold'em Limit ($3/$6 USD) - 2015/12/24 18:52:29 ET
Table 'Kampala' 2-max Seat #2 is the button
Seat 1: RaisemyNut$ ($152.56 in chips)
Seat 2: tomasooo29 ($96.32 in chips)
tomasooo29: posts small blind $1
RaisemyNut$: posts big blind $3
*** HOLE CARDS ***
tomasooo29: raises $3 to $6
RaisemyNut$: raises $3 to $9
tomasooo29: raises $3 to $12
Betting is capped
RaisemyNut$: calls $3
*** FLOP *** [6s 9h Td]
RaisemyNut$: checks
tomasooo29: checks
*** TURN *** [6s 9h Td] [2c]
RaisemyNut$: bets $6
tomasooo29: calls $6
*** RIVER *** [6s 9h Td 2c] [5h]
RaisemyNut$: checks
tomasooo29: bets $6
RaisemyNut$: calls $6
*** SHOW DOWN ***
tomasooo29: shows [8c Qh] (high card Queen)
RaisemyNut$: shows [7s Ac] (high card Ace)
RaisemyNut$ collected $47.50 from pot
*** SUMMARY ***
Total pot $48 | Rake $0.50
Board [6s 9h Td 2c 5h]
Seat 1: RaisemyNut$ (big blind) showed [7s Ac] and won ($47.50) with high card Ace
Seat 2: tomasooo29 (button) (small blind) showed [8c Qh] and lost with high card Queen


PokerStars Hand #145870825205:  Hold'em Limit ($3/$6 USD) - 2015/12/24 18:52:45 ET
Table 'Kampala' 2-max Seat #1 is the button
Seat 1: RaisemyNut$ ($176.06 in chips)
Seat 2: tomasooo29 ($72.32 in chips)
RaisemyNut$: posts small blind $1
tomasooo29: posts big blind $3
*** HOLE CARDS ***
RaisemyNut$: raises $3 to $6
tomasooo29: calls $3
*** FLOP *** [8c 6d 8d]
tomasooo29: checks
RaisemyNut$: bets $3
tomasooo29: folds
Uncalled bet ($3) returned to RaisemyNut$
RaisemyNut$ collected $11.76 from pot
RaisemyNut$: doesn't show hand
*** SUMMARY ***
Total pot $12 | Rake $0.24
Board [8c 6d 8d]
Seat 1: RaisemyNut$ (button) (small blind) collected ($11.76)
Seat 2: tomasooo29 (big blind) folded on the Flop


PokerStars Hand #145870829227:  Hold'em Limit ($3/$6 USD) - 2015/12/24 18:52:51 ET
Table 'Kampala' 2-max Seat #2 is the button
Seat 1: RaisemyNut$ ($181.82 in chips)
Seat 2: tomasooo29 ($66.32 in chips)
tomasooo29: posts small blind $1
RaisemyNut$: posts big blind $3
*** HOLE CARDS ***
tomasooo29: folds
Uncalled bet ($2) returned to RaisemyNut$
RaisemyNut$ collected $2 from pot
RaisemyNut$: doesn't show hand
*** SUMMARY ***
Total pot $2 | Rake $0
Seat 1: RaisemyNut$ (big blind) collected ($2)
Seat 2: tomasooo29 (button) (small blind) folded before Flop


PokerStars Hand #145870835025:  Hold'em Limit ($3/$6 USD) - 2015/12/24 18:53:00 ET
Table 'Kampala' 2-max Seat #1 is the button
Seat 1: RaisemyNut$ ($182.82 in chips)
Seat 2: tomasooo29 ($153.09 in chips)
RaisemyNut$: posts small blind $1
tomasooo29: posts big blind $3
*** HOLE CARDS ***
RaisemyNut$: raises $3 to $6
tomasooo29: raises $3 to $9
RaisemyNut$: calls $3
*** FLOP *** [Qc 4c 5d]
tomasooo29: bets $3
RaisemyNut$: calls $3
*** TURN *** [Qc 4c 5d] [7s]
tomasooo29: checks
RaisemyNut$: checks
*** RIVER *** [Qc 4c 5d 7s] [Kh]
tomasooo29: checks
RaisemyNut$: bets $6
tomasooo29: folds
Uncalled bet ($6) returned to RaisemyNut$
RaisemyNut$ collected $23.52 from pot
RaisemyNut$: doesn't show hand
*** SUMMARY ***
Total pot $24 | Rake $0.48
Board [Qc 4c 5d 7s Kh]
Seat 1: RaisemyNut$ (button) (small blind) collected ($23.52)
Seat 2: tomasooo29 (big blind) folded on the River


PokerStars Hand #145870845942:  Hold'em Limit ($3/$6 USD) - 2015/12/24 18:53:18 ET
Table 'Kampala' 2-max Seat #1 is the button
Seat 1: RaisemyNut$ ($195.34 in chips)
Seat 2: tomasooo29 ($140.09 in chips)
RaisemyNut$: posts small blind $1
tomasooo29: posts big blind $3
*** HOLE CARDS ***
RaisemyNut$: raises $3 to $6
tomasooo29: folds
Uncalled bet ($3) returned to RaisemyNut$
RaisemyNut$ collected $6 from pot
RaisemyNut$: doesn't show hand
*** SUMMARY ***
Total pot $6 | Rake $0
Seat 1: RaisemyNut$ (button) (small blind) collected ($6)
Seat 2: tomasooo29 (big blind) folded before Flop


PokerStars Hand #145870843312:  Hold'em Limit ($3/$6 USD) - 2015/12/24 18:53:14 ET
Table 'Kampala' 2-max Seat #2 is the button
Seat 1: RaisemyNut$ ($194.34 in chips)
Seat 2: tomasooo29 ($141.09 in chips)
tomasooo29: posts small blind $1
RaisemyNut$: posts big blind $3
*** HOLE CARDS ***
tomasooo29: folds
Uncalled bet ($2) returned to RaisemyNut$
RaisemyNut$ collected $2 from pot
RaisemyNut$: doesn't show hand
*** SUMMARY ***
Total pot $2 | Rake $0
Seat 1: RaisemyNut$ (big blind) collected ($2)
Seat 2: tomasooo29 (button) (small blind) folded before Flop


PokerStars Hand #145870848853:  Hold'em Limit ($3/$6 USD) - 2015/12/24 18:53:23 ET
Table 'Kampala' 2-max Seat #2 is the button
Seat 1: RaisemyNut$ ($198.34 in chips)
Seat 2: tomasooo29 ($137.09 in chips)
tomasooo29: posts small blind $1
RaisemyNut$: posts big blind $3
*** HOLE CARDS ***
tomasooo29: raises $3 to $6
RaisemyNut$: calls $3
*** FLOP *** [7d 2h 9h]
RaisemyNut$: checks
tomasooo29: bets $3
RaisemyNut$: calls $3
*** TURN *** [7d 2h 9h] [Jh]
RaisemyNut$: checks
tomasooo29: bets $6
RaisemyNut$: calls $6
*** RIVER *** [7d 2h 9h Jh] [9d]
RaisemyNut$: checks
tomasooo29: bets $6
RaisemyNut$: folds
Uncalled bet ($6) returned to tomasooo29
tomasooo29 collected $29.50 from pot
*** SUMMARY ***
Total pot $30 | Rake $0.50
Board [7d 2h 9h Jh 9d]
Seat 1: RaisemyNut$ (big blind) folded on the River
Seat 2: tomasooo29 (button) (small blind) collected ($29.50)


PokerStars Hand #145870858767:  Hold'em Limit ($3/$6 USD) - 2015/12/24 18:53:39 ET
Table 'Kampala' 2-max Seat #1 is the button
Seat 1: RaisemyNut$ ($183.34 in chips)
Seat 2: tomasooo29 ($151.59 in chips)
RaisemyNut$: posts small blind $1
tomasooo29: posts big blind $3
*** HOLE CARDS ***
RaisemyNut$: raises $3 to $6
tomasooo29: raises $3 to $9
RaisemyNut$: calls $3
*** FLOP *** [Th 3h Qh]
tomasooo29: bets $3
RaisemyNut$: calls $3
*** TURN *** [Th 3h Qh] [7s]
tomasooo29: bets $6
RaisemyNut$: calls $6
*** RIVER *** [Th 3h Qh 7s] [9d]
tomasooo29: bets $6
RaisemyNut$: calls $6
*** SHOW DOWN ***
tomasooo29: shows [Kc 9h] (a pair of Nines)
RaisemyNut$: shows [8h Ts] (a pair of Tens)
RaisemyNut$ collected $47.50 from pot
*** SUMMARY ***
Total pot $48 | Rake $0.50
Board [Th 3h Qh 7s 9d]
Seat 1: RaisemyNut$ (button) (small blind) showed [8h Ts] and won ($47.50) with a pair of Tens
Seat 2: tomasooo29 (big blind) showed [Kc 9h] and lost with a pair of Nines


PokerStars Hand #145870867106:  Hold'em Limit ($3/$6 USD) - 2015/12/24 18:53:53 ET
Table 'Kampala' 2-max Seat #2 is the button
Seat 1: RaisemyNut$ ($206.84 in chips)
Seat 2: tomasooo29 ($127.59 in chips)
tomasooo29: posts small blind $1
RaisemyNut$: posts big blind $3
*** HOLE CARDS ***
tomasooo29: raises $3 to $6
RaisemyNut$: raises $3 to $9
tomasooo29: calls $3
*** FLOP *** [Ac 4c 4h]
RaisemyNut$: bets $3
tomasooo29: calls $3
*** TURN *** [Ac 4c 4h] [9c]
RaisemyNut$: bets $6
tomasooo29: calls $6
*** RIVER *** [Ac 4c 4h 9c] [5h]
RaisemyNut$: bets $6
tomasooo29: calls $6
*** SHOW DOWN ***
RaisemyNut$: shows [Ad Th] (two pair, Aces and Fours)
tomasooo29: mucks hand
RaisemyNut$ collected $47.50 from pot
*** SUMMARY ***
Total pot $48 | Rake $0.50
Board [Ac 4c 4h 9c 5h]
Seat 1: RaisemyNut$ (big blind) showed [Ad Th] and won ($47.50) with two pair, Aces and Fours
Seat 2: tomasooo29 (button) (small blind) mucked


PokerStars Hand #145870875768:  Hold'em Limit ($3/$6 USD) - 2015/12/24 18:54:07 ET
Table 'Kampala' 2-max Seat #1 is the button
Seat 1: RaisemyNut$ ($230.34 in chips)
Seat 2: tomasooo29 ($103.59 in chips)
RaisemyNut$: posts small blind $1
tomasooo29: posts big blind $3
*** HOLE CARDS ***
RaisemyNut$: raises $3 to $6
tomasooo29: calls $3
*** FLOP *** [9c 7h 6c]
tomasooo29: checks
RaisemyNut$: bets $3
tomasooo29: calls $3
*** TURN *** [9c 7h 6c] [4s]
tomasooo29: checks
RaisemyNut$: bets $6
tomasooo29: calls $6
*** RIVER *** [9c 7h 6c 4s] [4c]
tomasooo29: checks
RaisemyNut$: bets $6
tomasooo29: folds
Uncalled bet ($6) returned to RaisemyNut$
RaisemyNut$ collected $29.50 from pot
RaisemyNut$: doesn't show hand
*** SUMMARY ***
Total pot $30 | Rake $0.50
Board [9c 7h 6c 4s 4c]
Seat 1: RaisemyNut$ (button) (small blind) collected ($29.50)
Seat 2: tomasooo29 (big blind) folded on the River


PokerStars Hand #145870884125:  Hold'em Limit ($3/$6 USD) - 2015/12/24 18:54:21 ET
Table 'Kampala' 2-max Seat #2 is the button
Seat 1: RaisemyNut$ ($244.84 in chips)
Seat 2: tomasooo29 ($88.59 in chips)
tomasooo29: posts small blind $1
RaisemyNut$: posts big blind $3
*** HOLE CARDS ***
tomasooo29: raises $3 to $6
RaisemyNut$: calls $3
*** FLOP *** [8c Qs Kh]
RaisemyNut$: bets $3
tomasooo29: calls $3
*** TURN *** [8c Qs Kh] [9d]
RaisemyNut$: bets $6
tomasooo29: calls $6
*** RIVER *** [8c Qs Kh 9d] [Td]
RaisemyNut$: checks
tomasooo29: checks
*** SHOW DOWN ***
RaisemyNut$: shows [4c Qd] (a pair of Queens)
tomasooo29: mucks hand
RaisemyNut$ collected $29.50 from pot
*** SUMMARY ***
Total pot $30 | Rake $0.50
Board [8c Qs Kh 9d Td]
Seat 1: RaisemyNut$ (big blind) showed [4c Qd] and won ($29.50) with a pair of Queens
Seat 2: tomasooo29 (button) (small blind) mucked


PokerStars Hand #145870900068:  Hold'em Limit ($3/$6 USD) - 2015/12/24 18:54:47 ET
Table 'Kampala' 2-max Seat #2 is the button
Seat 1: RaisemyNut$ ($232.34 in chips)
Seat 2: tomasooo29 ($100.09 in chips)
tomasooo29: posts small blind $1
RaisemyNut$: posts big blind $3
*** HOLE CARDS ***
tomasooo29: raises $3 to $6
RaisemyNut$: raises $3 to $9
tomasooo29: calls $3
*** FLOP *** [8h Kc Kh]
RaisemyNut$: bets $3
tomasooo29: folds
Uncalled bet ($3) returned to RaisemyNut$
RaisemyNut$ collected $17.64 from pot
RaisemyNut$: doesn't show hand
*** SUMMARY ***
Total pot $18 | Rake $0.36
Board [8h Kc Kh]
Seat 1: RaisemyNut$ (big blind) collected ($17.64)
Seat 2: tomasooo29 (button) (small blind) folded on the Flop


PokerStars Hand #145870891233:  Hold'em Limit ($3/$6 USD) - 2015/12/24 18:54:32 ET
Table 'Kampala' 2-max Seat #1 is the button
Seat 1: RaisemyNut$ ($259.34 in chips)
Seat 2: tomasooo29 ($73.59 in chips)
RaisemyNut$: posts small blind $1
tomasooo29: posts big blind $3
*** HOLE CARDS ***
RaisemyNut$: raises $3 to $6
tomasooo29: raises $3 to $9
RaisemyNut$: raises $3 to $12
Betting is capped
tomasooo29: calls $3
*** FLOP *** [Qc Td 9h]
tomasooo29: bets $3
RaisemyNut$: calls $3
*** TURN *** [Qc Td 9h] [4s]
tomasooo29: bets $6
RaisemyNut$: calls $6
*** RIVER *** [Qc Td 9h 4s] [6c]
tomasooo29: bets $6
RaisemyNut$: calls $6
*** SHOW DOWN ***
tomasooo29: shows [Js Kh] (a straight, Nine to King)
RaisemyNut$: mucks hand
tomasooo29 collected $53.50 from pot
*** SUMMARY ***
Total pot $54 | Rake $0.50
Board [Qc Td 9h 4s 6c]
Seat 1: RaisemyNut$ (button) (small blind) mucked
Seat 2: tomasooo29 (big blind) showed [Js Kh] and won ($53.50) with a straight, Nine to King


PokerStars Hand #145870905176:  Hold'em Limit ($3/$6 USD) - 2015/12/24 18:54:55 ET
Table 'Kampala' 2-max Seat #1 is the button
Seat 1: RaisemyNut$ ($240.98 in chips)
Seat 2: tomasooo29 ($91.09 in chips)
RaisemyNut$: posts small blind $1
tomasooo29: posts big blind $3
*** HOLE CARDS ***
RaisemyNut$: folds
Uncalled bet ($2) returned to tomasooo29
tomasooo29 collected $2 from pot
*** SUMMARY ***
Total pot $2 | Rake $0
Seat 1: RaisemyNut$ (button) (small blind) folded before Flop
Seat 2: tomasooo29 (big blind) collected ($2)


PokerStars Hand #145870907687:  Hold'em Limit ($3/$6 USD) - 2015/12/24 18:54:59 ET
Table 'Kampala' 2-max Seat #2 is the button
Seat 1: RaisemyNut$ ($239.98 in chips)
Seat 2: tomasooo29 ($92.09 in chips)
tomasooo29: posts small blind $1
RaisemyNut$: posts big blind $3
*** HOLE CARDS ***
tomasooo29: raises $3 to $6
RaisemyNut$: raises $3 to $9
tomasooo29: raises $3 to $12
Betting is capped
RaisemyNut$: calls $3
*** FLOP *** [9h Qh 8s]
RaisemyNut$: checks
tomasooo29: checks
*** TURN *** [9h Qh 8s] [Jc]
RaisemyNut$: checks
tomasooo29: bets $6
RaisemyNut$: calls $6
*** RIVER *** [9h Qh 8s Jc] [Js]
RaisemyNut$: checks
tomasooo29: bets $6
RaisemyNut$: calls $6
*** SHOW DOWN ***
tomasooo29: shows [Ts 2s] (a straight, Eight to Queen)
RaisemyNut$: mucks hand
tomasooo29 collected $47.50 from pot
*** SUMMARY ***
Total pot $48 | Rake $0.50
Board [9h Qh 8s Jc Js]
Seat 1: RaisemyNut$ (big blind) mucked
Seat 2: tomasooo29 (button) (small blind) showed [Ts 2s] and won ($47.50) with a straight, Eight to Queen


PokerStars Hand #145870923521:  Hold'em Limit ($3/$6 USD) - 2015/12/24 18:55:30 ET
Table 'Kampala' 2-max Seat #2 is the button
Seat 1: RaisemyNut$ ($185.98 in chips)
Seat 2: tomasooo29 ($145.09 in chips)
tomasooo29: posts small blind $1
RaisemyNut$: posts big blind $3
*** HOLE CARDS ***
tomasooo29: folds
Uncalled bet ($2) returned to RaisemyNut$
RaisemyNut$ collected $2 from pot
RaisemyNut$: doesn't show hand
*** SUMMARY ***
Total pot $2 | Rake $0
Seat 1: RaisemyNut$ (big blind) collected ($2)
Seat 2: tomasooo29 (button) (small blind) folded before Flop


PokerStars Hand #145870915824:  Hold'em Limit ($3/$6 USD) - 2015/12/24 18:55:15 ET
Table 'Kampala' 2-max Seat #1 is the button
Seat 1: RaisemyNut$ ($215.98 in chips)
Seat 2: tomasooo29 ($115.59 in chips)
RaisemyNut$: posts small blind $1
tomasooo29: posts big blind $3
*** HOLE CARDS ***
RaisemyNut$: raises $3 to $6
tomasooo29: calls $3
*** FLOP *** [2h Jd 4h]
tomasooo29: bets $3
RaisemyNut$: raises $3 to $6
tomasooo29: calls $3
*** TURN *** [2h Jd 4h] [Ks]
tomasooo29: bets $6
RaisemyNut$: raises $6 to $12
tomasooo29: calls $6
*** RIVER *** [2h Jd 4h Ks] [Ts]
tomasooo29: bets $6
RaisemyNut$: calls $6
*** SHOW DOWN ***
tomasooo29: shows [Jh 7c] (a pair of Jacks)
RaisemyNut$: mucks hand
tomasooo29 collected $59.50 from pot
*** SUMMARY ***
Total pot $60 | Rake $0.50
Board [2h Jd 4h Ks Ts]
Seat 1: RaisemyNut$ (button) (small blind) mucked
Seat 2: tomasooo29 (big blind) showed [Jh 7c] and won ($59.50) with a pair of Jacks


PokerStars Hand #145870932636:  Hold'em Limit ($3/$6 USD) - 2015/12/24 18:55:48 ET
Table 'Kampala' 2-max Seat #2 is the button
Seat 1: RaisemyNut$ ($165.98 in chips)
Seat 2: tomasooo29 ($164.59 in chips)
tomasooo29: posts small blind $1
RaisemyNut$: posts big blind $3
*** HOLE CARDS ***
tomasooo29: raises $3 to $6
RaisemyNut$: folds
Uncalled bet ($3) returned to tomasooo29
tomasooo29 collected $6 from pot
*** SUMMARY ***
Total pot $6 | Rake $0
Seat 1: RaisemyNut$ (big blind) folded before Flop
Seat 2: tomasooo29 (button) (small blind) collected ($6)


PokerStars Hand #145870925656:  Hold'em Limit ($3/$6 USD) - 2015/12/24 18:55:34 ET
Table 'Kampala' 2-max Seat #1 is the button
Seat 1: RaisemyNut$ ($186.98 in chips)
Seat 2: tomasooo29 ($144.09 in chips)
RaisemyNut$: posts small blind $1
tomasooo29: posts big blind $3
*** HOLE CARDS ***
RaisemyNut$: raises $3 to $6
tomasooo29: calls $3
*** FLOP *** [5d Tc 8s]
tomasooo29: bets $3
RaisemyNut$: calls $3
*** TURN *** [5d Tc 8s] [2c]
tomasooo29: bets $6
RaisemyNut$: calls $6
*** RIVER *** [5d Tc 8s 2c] [4h]
tomasooo29: bets $6
RaisemyNut$: calls $6
*** SHOW DOWN ***
tomasooo29: shows [9c 8c] (a pair of Eights)
RaisemyNut$: mucks hand
tomasooo29 collected $41.50 from pot
*** SUMMARY ***
Total pot $42 | Rake $0.50
Board [5d Tc 8s 2c 4h]
Seat 1: RaisemyNut$ (button) (small blind) mucked
Seat 2: tomasooo29 (big blind) showed [9c 8c] and won ($41.50) with a pair of Eights


PokerStars Hand #145870939217:  Hold'em Limit ($3/$6 USD) - 2015/12/24 18:56:00 ET
Table 'Kampala' 2-max Seat #2 is the button
Seat 1: RaisemyNut$ ($168.74 in chips)
Seat 2: tomasooo29 ($161.59 in chips)
tomasooo29: posts small blind $1
RaisemyNut$: posts big blind $3
*** HOLE CARDS ***
tomasooo29: raises $3 to $6
RaisemyNut$: folds
Uncalled bet ($3) returned to tomasooo29
tomasooo29 collected $6 from pot
*** SUMMARY ***
Total pot $6 | Rake $0
Seat 1: RaisemyNut$ (big blind) folded before Flop
Seat 2: tomasooo29 (button) (small blind) collected ($6)


PokerStars Hand #145870935538:  Hold'em Limit ($3/$6 USD) - 2015/12/24 18:55:53 ET
Table 'Kampala' 2-max Seat #1 is the button
Seat 1: RaisemyNut$ ($162.98 in chips)
Seat 2: tomasooo29 ($167.59 in chips)
RaisemyNut$: posts small blind $1
tomasooo29: posts big blind $3
*** HOLE CARDS ***
RaisemyNut$: raises $3 to $6
tomasooo29: calls $3
*** FLOP *** [Js Qh Kh]
tomasooo29: checks
RaisemyNut$: bets $3
tomasooo29: folds
Uncalled bet ($3) returned to RaisemyNut$
RaisemyNut$ collected $11.76 from pot
RaisemyNut$: doesn't show hand
*** SUMMARY ***
Total pot $12 | Rake $0.24
Board [Js Qh Kh]
Seat 1: RaisemyNut$ (button) (small blind) collected ($11.76)
Seat 2: tomasooo29 (big blind) folded on the Flop


PokerStars Hand #145870941657:  Hold'em Limit ($3/$6 USD) - 2015/12/24 18:56:05 ET
Table 'Kampala' 2-max Seat #1 is the button
Seat 1: RaisemyNut$ ($165.74 in chips)
Seat 2: tomasooo29 ($164.59 in chips)
RaisemyNut$: posts small blind $1
tomasooo29: posts big blind $3
*** HOLE CARDS ***
RaisemyNut$: raises $3 to $6
tomasooo29: calls $3
*** FLOP *** [Kc 8h Jc]
tomasooo29: folds
RaisemyNut$ collected $11.76 from pot
RaisemyNut$: doesn't show hand
*** SUMMARY ***
Total pot $12 | Rake $0.24
Board [Kc 8h Jc]
Seat 1: RaisemyNut$ (button) (small blind) collected ($11.76)
Seat 2: tomasooo29 (big blind) folded on the Flop


PokerStars Hand #145870945182:  Hold'em Limit ($3/$6 USD) - 2015/12/24 18:56:12 ET
Table 'Kampala' 2-max Seat #2 is the button
Seat 1: RaisemyNut$ ($171.50 in chips)
Seat 2: tomasooo29 ($158.59 in chips)
tomasooo29: posts small blind $1
RaisemyNut$: posts big blind $3
*** HOLE CARDS ***
tomasooo29: raises $3 to $6
RaisemyNut$: raises $3 to $9
tomasooo29: calls $3
*** FLOP *** [3d Th Qd]
RaisemyNut$: bets $3
tomasooo29: calls $3
*** TURN *** [3d Th Qd] [Td]
RaisemyNut$: bets $6
tomasooo29: calls $6
*** RIVER *** [3d Th Qd Td] [7h]
RaisemyNut$: bets $6
tomasooo29: folds
Uncalled bet ($6) returned to RaisemyNut$
RaisemyNut$ collected $35.50 from pot
RaisemyNut$: doesn't show hand
*** SUMMARY ***
Total pot $36 | Rake $0.50
Board [3d Th Qd Td 7h]
Seat 1: RaisemyNut$ (big blind) collected ($35.50)
Seat 2: tomasooo29 (button) (small blind) folded on the River


PokerStars Hand #145870954322:  Hold'em Limit ($3/$6 USD) - 2015/12/24 18:56:30 ET
Table 'Kampala' 2-max Seat #2 is the button
Seat 1: RaisemyNut$ ($188 in chips)
Seat 2: tomasooo29 ($141.59 in chips)
tomasooo29: posts small blind $1
RaisemyNut$: posts big blind $3
*** HOLE CARDS ***
tomasooo29: folds
Uncalled bet ($2) returned to RaisemyNut$
RaisemyNut$ collected $2 from pot
RaisemyNut$: doesn't show hand
*** SUMMARY ***
Total pot $2 | Rake $0
Seat 1: RaisemyNut$ (big blind) collected ($2)
Seat 2: tomasooo29 (button) (small blind) folded before Flop


PokerStars Hand #145870952143:  Hold'em Limit ($3/$6 USD) - 2015/12/24 18:56:25 ET
Table 'Kampala' 2-max Seat #1 is the button
Seat 1: RaisemyNut$ ($189 in chips)
Seat 2: tomasooo29 ($140.59 in chips)
RaisemyNut$: posts small blind $1
tomasooo29: posts big blind $3
*** HOLE CARDS ***
RaisemyNut$: folds
Uncalled bet ($2) returned to tomasooo29
tomasooo29 collected $2 from pot
*** SUMMARY ***
Total pot $2 | Rake $0
Seat 1: RaisemyNut$ (button) (small blind) folded before Flop
Seat 2: tomasooo29 (big blind) collected ($2)


PokerStars Hand #145870956552:  Hold'em Limit ($3/$6 USD) - 2015/12/24 18:56:34 ET
Table 'Kampala' 2-max Seat #1 is the button
Seat 1: RaisemyNut$ ($189 in chips)
Seat 2: tomasooo29 ($140.59 in chips)
RaisemyNut$: posts small blind $1
tomasooo29: posts big blind $3
*** HOLE CARDS ***
RaisemyNut$: raises $3 to $6
tomasooo29: folds
Uncalled bet ($3) returned to RaisemyNut$
RaisemyNut$ collected $6 from pot
RaisemyNut$: doesn't show hand
*** SUMMARY ***
Total pot $6 | Rake $0
Seat 1: RaisemyNut$ (button) (small blind) collected ($6)
Seat 2: tomasooo29 (big blind) folded before Flop


PokerStars Hand #145870969940:  Hold'em Limit ($3/$6 USD) - 2015/12/24 18:56:59 ET
Table 'Kampala' 2-max Seat #1 is the button
Seat 1: RaisemyNut$ ($203.52 in chips)
Seat 2: tomasooo29 ($125.59 in chips)
RaisemyNut$: posts small blind $1
tomasooo29: posts big blind $3
*** HOLE CARDS ***
RaisemyNut$: raises $3 to $6
tomasooo29: folds
Uncalled bet ($3) returned to RaisemyNut$
RaisemyNut$ collected $6 from pot
RaisemyNut$: doesn't show hand
*** SUMMARY ***
Total pot $6 | Rake $0
Seat 1: RaisemyNut$ (button) (small blind) collected ($6)
Seat 2: tomasooo29 (big blind) folded before Flop


PokerStars Hand #145870958930:  Hold'em Limit ($3/$6 USD) - 2015/12/24 18:56:38 ET
Table 'Kampala' 2-max Seat #2 is the button
Seat 1: RaisemyNut$ ($192 in chips)
Seat 2: tomasooo29 ($137.59 in chips)
tomasooo29: posts small blind $1
RaisemyNut$: posts big blind $3
*** HOLE CARDS ***
tomasooo29: raises $3 to $6
RaisemyNut$: raises $3 to $9
tomasooo29: calls $3
*** FLOP *** [6h 7h 3c]
RaisemyNut$: bets $3
tomasooo29: calls $3
*** TURN *** [6h 7h 3c] [8c]
RaisemyNut$: checks
tomasooo29: checks
*** RIVER *** [6h 7h 3c 8c] [6d]
RaisemyNut$: bets $6
tomasooo29: folds
Uncalled bet ($6) returned to RaisemyNut$
RaisemyNut$ collected $23.52 from pot
RaisemyNut$: doesn't show hand
*** SUMMARY ***
Total pot $24 | Rake $0.48
Board [6h 7h 3c 8c 6d]
Seat 1: RaisemyNut$ (big blind) collected ($23.52)
Seat 2: tomasooo29 (button) (small blind) folded on the River


PokerStars Hand #145870998821:  Hold'em Limit ($3/$6 USD) - 2015/12/24 18:57:55 ET
Table 'Kampala' 2-max Seat #1 is the button
Seat 1: RaisemyNut$ ($238.52 in chips)
Seat 2: tomasooo29 ($89.11 in chips)
RaisemyNut$: posts small blind $1
tomasooo29: posts big blind $3
*** HOLE CARDS ***
RaisemyNut$: raises $3 to $6
tomasooo29: raises $3 to $9
RaisemyNut$: calls $3
*** FLOP *** [6h 9s Qd]
tomasooo29: bets $3
RaisemyNut$: raises $3 to $6
tomasooo29: calls $3
*** TURN *** [6h 9s Qd] [Jh]
tomasooo29: checks
RaisemyNut$: bets $6
tomasooo29: calls $6
*** RIVER *** [6h 9s Qd Jh] [2h]
tomasooo29: bets $6
RaisemyNut$: raises $6 to $12
tomasooo29: calls $6
*** SHOW DOWN ***
RaisemyNut$: shows [2c Qc] (two pair, Queens and Deuces)
tomasooo29: mucks hand
RaisemyNut$ collected $65.50 from pot
*** SUMMARY ***
Total pot $66 | Rake $0.50
Board [6h 9s Qd Jh 2h]
Seat 1: RaisemyNut$ (button) (small blind) showed [2c Qc] and won ($65.50) with two pair, Queens and Deuces
Seat 2: tomasooo29 (big blind) mucked


PokerStars Hand #145870989635:  Hold'em Limit ($3/$6 USD) - 2015/12/24 18:57:37 ET
Table 'Kampala' 2-max Seat #2 is the button
Seat 1: RaisemyNut$ ($215.02 in chips)
Seat 2: tomasooo29 ($113.11 in chips)
tomasooo29: posts small blind $1
RaisemyNut$: posts big blind $3
*** HOLE CARDS ***
tomasooo29: raises $3 to $6
RaisemyNut$: calls $3
*** FLOP *** [4h 8s 8c]
RaisemyNut$: checks
tomasooo29: checks
*** TURN *** [4h 8s 8c] [Jc]
RaisemyNut$: bets $6
tomasooo29: calls $6
*** RIVER *** [4h 8s 8c Jc] [8h]
RaisemyNut$: bets $6
tomasooo29: raises $6 to $12
RaisemyNut$: raises $6 to $18
tomasooo29: folds
Uncalled bet ($6) returned to RaisemyNut$
RaisemyNut$ collected $47.50 from pot
RaisemyNut$: doesn't show hand
*** SUMMARY ***
Total pot $48 | Rake $0.50
Board [4h 8s 8c Jc 8h]
Seat 1: RaisemyNut$ (big blind) collected ($47.50)
Seat 2: tomasooo29 (button) (small blind) folded on the River


PokerStars Hand #145870983664:  Hold'em Limit ($3/$6 USD) - 2015/12/24 18:57:26 ET
Table 'Kampala' 2-max Seat #1 is the button
Seat 1: RaisemyNut$ ($227.02 in chips)
Seat 2: tomasooo29 ($101.59 in chips)
RaisemyNut$: posts small blind $1
tomasooo29: posts big blind $3
*** HOLE CARDS ***
RaisemyNut$: raises $3 to $6
tomasooo29: raises $3 to $9
RaisemyNut$: calls $3
*** FLOP *** [4d 9h 9s]
tomasooo29: bets $3
RaisemyNut$: calls $3
*** TURN *** [4d 9h 9s] [6h]
tomasooo29: bets $6
RaisemyNut$: folds
Uncalled bet ($6) returned to tomasooo29
tomasooo29 collected $23.52 from pot
*** SUMMARY ***
Total pot $24 | Rake $0.48
Board [4d 9h 9s 6h]
Seat 1: RaisemyNut$ (button) (small blind) folded on the Turn
Seat 2: tomasooo29 (big blind) collected ($23.52)


PokerStars Hand #145870981343:  Hold'em Limit ($3/$6 USD) - 2015/12/24 18:57:22 ET
Table 'Kampala' 2-max Seat #2 is the button
Seat 1: RaisemyNut$ ($226.02 in chips)
Seat 2: tomasooo29 ($102.59 in chips)
tomasooo29: posts small blind $1
RaisemyNut$: posts big blind $3
*** HOLE CARDS ***
tomasooo29: folds
Uncalled bet ($2) returned to RaisemyNut$
RaisemyNut$ collected $2 from pot
RaisemyNut$: doesn't show hand
*** SUMMARY ***
Total pot $2 | Rake $0
Seat 1: RaisemyNut$ (big blind) collected ($2)
Seat 2: tomasooo29 (button) (small blind) folded before Flop


PokerStars Hand #145870979210:  Hold'em Limit ($3/$6 USD) - 2015/12/24 18:57:17 ET
Table 'Kampala' 2-max Seat #1 is the button
Seat 1: RaisemyNut$ ($227.02 in chips)
Seat 2: tomasooo29 ($101.59 in chips)
RaisemyNut$: posts small blind $1
tomasooo29: posts big blind $3
*** HOLE CARDS ***
RaisemyNut$: folds
Uncalled bet ($2) returned to tomasooo29
tomasooo29 collected $2 from pot
*** SUMMARY ***
Total pot $2 | Rake $0
Seat 1: RaisemyNut$ (button) (small blind) folded before Flop
Seat 2: tomasooo29 (big blind) collected ($2)


PokerStars Hand #145870972415:  Hold'em Limit ($3/$6 USD) - 2015/12/24 18:57:04 ET
Table 'Kampala' 2-max Seat #2 is the button
Seat 1: RaisemyNut$ ($206.52 in chips)
Seat 2: tomasooo29 ($122.59 in chips)
tomasooo29: posts small blind $1
RaisemyNut$: posts big blind $3
*** HOLE CARDS ***
tomasooo29: raises $3 to $6
RaisemyNut$: calls $3
*** FLOP *** [Tc 8s Kc]
RaisemyNut$: bets $3
tomasooo29: calls $3
*** TURN *** [Tc 8s Kc] [7c]
RaisemyNut$: bets $6
tomasooo29: calls $6
*** RIVER *** [Tc 8s Kc 7c] [Jh]
RaisemyNut$: bets $6
tomasooo29: calls $6
*** SHOW DOWN ***
RaisemyNut$: shows [Th Qs] (a pair of Tens)
tomasooo29: mucks hand
RaisemyNut$ collected $41.50 from pot
*** SUMMARY ***
Total pot $42 | Rake $0.50
Board [Tc 8s Kc 7c Jh]
Seat 1: RaisemyNut$ (big blind) showed [Th Qs] and won ($41.50) with a pair of Tens
Seat 2: tomasooo29 (button) (small blind) mucked


PokerStars Hand #145871033611:  Hold'em Limit ($3/$6 USD) - 2015/12/24 18:59:02 ET
Table 'Kampala' 2-max Seat #2 is the button
Seat 1: RaisemyNut$ ($246.66 in chips)
Seat 2: tomasooo29 ($79.25 in chips)
tomasooo29: posts small blind $1
RaisemyNut$: posts big blind $3
*** HOLE CARDS ***
tomasooo29: raises $3 to $6
RaisemyNut$: calls $3
*** FLOP *** [6h Qc 8h]
RaisemyNut$: checks
tomasooo29: bets $3
RaisemyNut$: calls $3
*** TURN *** [6h Qc 8h] [Kd]
RaisemyNut$: checks
tomasooo29: bets $6
RaisemyNut$: raises $6 to $12
tomasooo29: folds
Uncalled bet ($6) returned to RaisemyNut$
RaisemyNut$ collected $29.50 from pot
RaisemyNut$: doesn't show hand
*** SUMMARY ***
Total pot $30 | Rake $0.50
Board [6h Qc 8h Kd]
Seat 1: RaisemyNut$ (big blind) collected ($29.50)
Seat 2: tomasooo29 (button) (small blind) folded on the Turn


PokerStars Hand #145871029357:  Hold'em Limit ($3/$6 USD) - 2015/12/24 18:58:54 ET
Table 'Kampala' 2-max Seat #1 is the button
Seat 1: RaisemyNut$ ($255.66 in chips)
Seat 2: tomasooo29 ($70.61 in chips)
RaisemyNut$: posts small blind $1
tomasooo29: posts big blind $3
*** HOLE CARDS ***
RaisemyNut$: raises $3 to $6
tomasooo29: raises $3 to $9
RaisemyNut$: calls $3
*** FLOP *** [Th As Qc]
tomasooo29: bets $3
RaisemyNut$: folds
Uncalled bet ($3) returned to tomasooo29
tomasooo29 collected $17.64 from pot
*** SUMMARY ***
Total pot $18 | Rake $0.36
Board [Th As Qc]
Seat 1: RaisemyNut$ (button) (small blind) folded on the Flop
Seat 2: tomasooo29 (big blind) collected ($17.64)


PokerStars Hand #145871026846:  Hold'em Limit ($3/$6 USD) - 2015/12/24 18:58:49 ET
Table 'Kampala' 2-max Seat #2 is the button
Seat 1: RaisemyNut$ ($258.66 in chips)
Seat 2: tomasooo29 ($67.61 in chips)
tomasooo29: posts small blind $1
RaisemyNut$: posts big blind $3
*** HOLE CARDS ***
tomasooo29: raises $3 to $6
RaisemyNut$: folds
Uncalled bet ($3) returned to tomasooo29
tomasooo29 collected $6 from pot
*** SUMMARY ***
Total pot $6 | Rake $0
Seat 1: RaisemyNut$ (big blind) folded before Flop
Seat 2: tomasooo29 (button) (small blind) collected ($6)


PokerStars Hand #145871020448:  Hold'em Limit ($3/$6 USD) - 2015/12/24 18:58:37 ET
Table 'Kampala' 2-max Seat #1 is the button
Seat 1: RaisemyNut$ ($250.02 in chips)
Seat 2: tomasooo29 ($76.61 in chips)
RaisemyNut$: posts small blind $1
tomasooo29: posts big blind $3
*** HOLE CARDS ***
RaisemyNut$: raises $3 to $6
tomasooo29: raises $3 to $9
RaisemyNut$: calls $3
*** FLOP *** [9d As 3d]
tomasooo29: checks
RaisemyNut$: checks
*** TURN *** [9d As 3d] [Kc]
tomasooo29: checks
RaisemyNut$: bets $6
tomasooo29: folds
Uncalled bet ($6) returned to RaisemyNut$
RaisemyNut$ collected $17.64 from pot
RaisemyNut$: doesn't show hand
*** SUMMARY ***
Total pot $18 | Rake $0.36
Board [9d As 3d Kc]
Seat 1: RaisemyNut$ (button) (small blind) collected ($17.64)
Seat 2: tomasooo29 (big blind) folded on the Turn


PokerStars Hand #145871018270:  Hold'em Limit ($3/$6 USD) - 2015/12/24 18:58:33 ET
Table 'Kampala' 2-max Seat #2 is the button
Seat 1: RaisemyNut$ ($249.02 in chips)
Seat 2: tomasooo29 ($77.61 in chips)
tomasooo29: posts small blind $1
RaisemyNut$: posts big blind $3
*** HOLE CARDS ***
tomasooo29: folds
Uncalled bet ($2) returned to RaisemyNut$
RaisemyNut$ collected $2 from pot
RaisemyNut$: doesn't show hand
*** SUMMARY ***
Total pot $2 | Rake $0
Seat 1: RaisemyNut$ (big blind) collected ($2)
Seat 2: tomasooo29 (button) (small blind) folded before Flop


PokerStars Hand #145871016056:  Hold'em Limit ($3/$6 USD) - 2015/12/24 18:58:28 ET
Table 'Kampala' 2-max Seat #1 is the button
Seat 1: RaisemyNut$ ($250.02 in chips)
Seat 2: tomasooo29 ($76.61 in chips)
RaisemyNut$: posts small blind $1
tomasooo29: posts big blind $3
*** HOLE CARDS ***
RaisemyNut$: folds
Uncalled bet ($2) returned to tomasooo29
tomasooo29 collected $2 from pot
*** SUMMARY ***
Total pot $2 | Rake $0
Seat 1: RaisemyNut$ (button) (small blind) folded before Flop
Seat 2: tomasooo29 (big blind) collected ($2)


PokerStars Hand #145871008769:  Hold'em Limit ($3/$6 USD) - 2015/12/24 18:58:14 ET
Table 'Kampala' 2-max Seat #2 is the button
Seat 1: RaisemyNut$ ($271.02 in chips)
Seat 2: tomasooo29 ($56.11 in chips)
tomasooo29: posts small blind $1
RaisemyNut$: posts big blind $3
*** HOLE CARDS ***
tomasooo29: raises $3 to $6
RaisemyNut$: calls $3
*** FLOP *** [Ts 9s As]
RaisemyNut$: checks
tomasooo29: bets $3
RaisemyNut$: calls $3
*** TURN *** [Ts 9s As] [9c]
RaisemyNut$: checks
tomasooo29: bets $6
RaisemyNut$: calls $6
*** RIVER *** [Ts 9s As 9c] [Js]
RaisemyNut$: bets $6
tomasooo29: raises $6 to $12
RaisemyNut$: folds
Uncalled bet ($6) returned to tomasooo29
tomasooo29 collected $41.50 from pot
*** SUMMARY ***
Total pot $42 | Rake $0.50
Board [Ts 9s As 9c Js]
Seat 1: RaisemyNut$ (big blind) folded on the River
Seat 2: tomasooo29 (button) (small blind) collected ($41.50)


