PokerStars Hand #148947285692:  Hold'em Limit ($3/$6 USD) - 2016/02/17 6:31:17 ET
Table 'Kampala' 6-max Seat #1 is the button
Seat 1: VolkovDmitri ($120 in chips)
Seat 4: nordschrott ($30 in chips)
VolkovDmitri: posts small blind $1
nordschrott: posts big blind $3
*** HOLE CARDS ***
VolkovDmitri: raises $3 to $6
BelSv joins the table at seat #5
nordschrott: calls $3
*** FLOP *** [9d Qc Ac]
nordschrott: checks
VolkovDmitri: bets $3
nordschrott: calls $3
*** TURN *** [9d Qc Ac] [7h]
nordschrott: checks
VolkovDmitri: checks
*** RIVER *** [9d Qc Ac 7h] [5c]
nordschrott: bets $6
VolkovDmitri: folds
Uncalled bet ($6) returned to nordschrott
nordschrott collected $17.64 from pot
*** SUMMARY ***
Total pot $18 | Rake $0.36
Board [9d Qc Ac 7h 5c]
Seat 1: VolkovDmitri (button) (small blind) folded on the River
Seat 4: nordschrott (big blind) collected ($17.64)


PokerStars Hand #148947447128:  Hold'em Limit ($3/$6 USD) - 2016/02/17 6:35:59 ET
Table 'Kampala' 6-max Seat #6 is the button
Seat 1: VolkovDmitri ($188.11 in chips)
Seat 6: Puzanchik 11 ($49.42 in chips)
Puzanchik 11: posts small blind $1
VolkovDmitri: posts big blind $3
*** HOLE CARDS ***
Puzanchik 11: folds
Uncalled bet ($2) returned to VolkovDmitri
VolkovDmitri collected $2 from pot
VolkovDmitri: doesn't show hand
*** SUMMARY ***
Total pot $2 | Rake $0
Seat 1: VolkovDmitri (big blind) collected ($2)
Seat 6: Puzanchik 11 (button) (small blind) folded before Flop


PokerStars Hand #148947432905:  Hold'em Limit ($3/$6 USD) - 2016/02/17 6:35:35 ET
Table 'Kampala' 6-max Seat #1 is the button
Seat 1: VolkovDmitri ($200.11 in chips)
Seat 6: Puzanchik 11 ($37.90 in chips)
VolkovDmitri: posts small blind $1
BelSv: is sitting out
Puzanchik 11: posts big blind $3
*** HOLE CARDS ***
VolkovDmitri: raises $3 to $6
BelSv leaves the table
Puzanchik 11: raises $3 to $9
VolkovDmitri: calls $3
*** FLOP *** [Qd 3h 7s]
Puzanchik 11: bets $3
VolkovDmitri: calls $3
*** TURN *** [Qd 3h 7s] [7d]
Puzanchik 11: bets $6
VolkovDmitri: folds
Uncalled bet ($6) returned to Puzanchik 11
Puzanchik 11 collected $23.52 from pot
Puzanchik 11: doesn't show hand
*** SUMMARY ***
Total pot $24 | Rake $0.48
Board [Qd 3h 7s 7d]
Seat 1: VolkovDmitri (button) (small blind) folded on the Turn
Seat 6: Puzanchik 11 (big blind) collected ($23.52)


PokerStars Hand #148947453325:  Hold'em Limit ($3/$6 USD) - 2016/02/17 6:36:10 ET
Table 'Kampala' 6-max Seat #6 is the button
Seat 1: VolkovDmitri ($192.11 in chips)
Seat 6: Puzanchik 11 ($45.42 in chips)
Puzanchik 11: posts small blind $1
VolkovDmitri: posts big blind $3
*** HOLE CARDS ***
Puzanchik 11: raises $3 to $6
VolkovDmitri: raises $3 to $9
Puzanchik 11: calls $3
*** FLOP *** [7c 4c 3s]
VolkovDmitri: bets $3
Puzanchik 11: calls $3
*** TURN *** [7c 4c 3s] [4d]
VolkovDmitri: bets $6
Puzanchik 11: calls $6
*** RIVER *** [7c 4c 3s 4d] [6d]
VolkovDmitri: checks
Puzanchik 11: bets $6
VolkovDmitri: folds
Uncalled bet ($6) returned to Puzanchik 11
Puzanchik 11 collected $35.50 from pot
Puzanchik 11: doesn't show hand
*** SUMMARY ***
Total pot $36 | Rake $0.50
Board [7c 4c 3s 4d 6d]
Seat 1: VolkovDmitri (big blind) folded on the River
Seat 6: Puzanchik 11 (button) (small blind) collected ($35.50)


PokerStars Hand #148947474391:  Hold'em Limit ($3/$6 USD) - 2016/02/17 6:36:46 ET
Table 'Kampala' 6-max Seat #6 is the button
Seat 1: VolkovDmitri ($177.11 in chips)
Seat 6: Puzanchik 11 ($59.92 in chips)
Puzanchik 11: posts small blind $1
VolkovDmitri: posts big blind $3
*** HOLE CARDS ***
Puzanchik 11: folds
Uncalled bet ($2) returned to VolkovDmitri
VolkovDmitri collected $2 from pot
VolkovDmitri: doesn't show hand
*** SUMMARY ***
Total pot $2 | Rake $0
Seat 1: VolkovDmitri (big blind) collected ($2)
Seat 6: Puzanchik 11 (button) (small blind) folded before Flop


PokerStars Hand #148947480369:  Hold'em Limit ($3/$6 USD) - 2016/02/17 6:36:56 ET
Table 'Kampala' 6-max Seat #6 is the button
Seat 1: VolkovDmitri ($181.11 in chips)
Seat 6: Puzanchik 11 ($55.92 in chips)
Puzanchik 11: posts small blind $1
VolkovDmitri: posts big blind $3
*** HOLE CARDS ***
Puzanchik 11: raises $3 to $6
VolkovDmitri: raises $3 to $9
Puzanchik 11: calls $3
*** FLOP *** [Qc Ah 7d]
VolkovDmitri: bets $3
Puzanchik 11: folds
Uncalled bet ($3) returned to VolkovDmitri
VolkovDmitri collected $17.64 from pot
VolkovDmitri: doesn't show hand
*** SUMMARY ***
Total pot $18 | Rake $0.36
Board [Qc Ah 7d]
Seat 1: VolkovDmitri (big blind) collected ($17.64)
Seat 6: Puzanchik 11 (button) (small blind) folded on the Flop


PokerStars Hand #148947487769:  Hold'em Limit ($3/$6 USD) - 2016/02/17 6:37:09 ET
Table 'Kampala' 6-max Seat #1 is the button
Seat 1: VolkovDmitri ($189.75 in chips)
Seat 6: Puzanchik 11 ($46.92 in chips)
VolkovDmitri: posts small blind $1
Puzanchik 11: posts big blind $3
*** HOLE CARDS ***
VolkovDmitri: raises $3 to $6
Puzanchik 11: calls $3
*** FLOP *** [7c Kd Ac]
Puzanchik 11: checks
VolkovDmitri: bets $3
Puzanchik 11: calls $3
*** TURN *** [7c Kd Ac] [2c]
Puzanchik 11: checks
VolkovDmitri: checks
*** RIVER *** [7c Kd Ac 2c] [As]
Puzanchik 11: bets $6
VolkovDmitri: folds
Uncalled bet ($6) returned to Puzanchik 11
Puzanchik 11 collected $17.64 from pot
Puzanchik 11: doesn't show hand
*** SUMMARY ***
Total pot $18 | Rake $0.36
Board [7c Kd Ac 2c As]
Seat 1: VolkovDmitri (button) (small blind) folded on the River
Seat 6: Puzanchik 11 (big blind) collected ($17.64)


PokerStars Hand #148947504189:  Hold'em Limit ($3/$6 USD) - 2016/02/17 6:37:37 ET
Table 'Kampala' 6-max Seat #6 is the button
Seat 1: VolkovDmitri ($180.75 in chips)
Seat 6: Puzanchik 11 ($55.56 in chips)
Puzanchik 11: posts small blind $1
VolkovDmitri: posts big blind $3
*** HOLE CARDS ***
Puzanchik 11: raises $3 to $6
VolkovDmitri: calls $3
*** FLOP *** [Qh Ad 5s]
VolkovDmitri: checks
Puzanchik 11: bets $3
VolkovDmitri: calls $3
*** TURN *** [Qh Ad 5s] [8s]
VolkovDmitri: checks
Puzanchik 11: checks
*** RIVER *** [Qh Ad 5s 8s] [2s]
VolkovDmitri: bets $6
Puzanchik 11: raises $6 to $12
VolkovDmitri: folds
Uncalled bet ($6) returned to Puzanchik 11
Puzanchik 11 collected $29.50 from pot
Puzanchik 11: doesn't show hand
*** SUMMARY ***
Total pot $30 | Rake $0.50
Board [Qh Ad 5s 8s 2s]
Seat 1: VolkovDmitri (big blind) folded on the River
Seat 6: Puzanchik 11 (button) (small blind) collected ($29.50)


PokerStars Hand #148947520311:  Hold'em Limit ($3/$6 USD) - 2016/02/17 6:38:05 ET
Table 'Kampala' 6-max Seat #1 is the button
Seat 1: VolkovDmitri ($165.75 in chips)
Seat 6: Puzanchik 11 ($70.06 in chips)
VolkovDmitri: posts small blind $1
Puzanchik 11: posts big blind $3
*** HOLE CARDS ***
VolkovDmitri: raises $3 to $6
Puzanchik 11: folds
Uncalled bet ($3) returned to VolkovDmitri
VolkovDmitri collected $6 from pot
VolkovDmitri: doesn't show hand
*** SUMMARY ***
Total pot $6 | Rake $0
Seat 1: VolkovDmitri (button) (small blind) collected ($6)
Seat 6: Puzanchik 11 (big blind) folded before Flop


PokerStars Hand #148947524590:  Hold'em Limit ($3/$6 USD) - 2016/02/17 6:38:12 ET
Table 'Kampala' 6-max Seat #6 is the button
Seat 1: VolkovDmitri ($168.75 in chips)
Seat 6: Puzanchik 11 ($67.06 in chips)
Puzanchik 11: posts small blind $1
VolkovDmitri: posts big blind $3
*** HOLE CARDS ***
Puzanchik 11: raises $3 to $6
VolkovDmitri: calls $3
*** FLOP *** [4c Ts Kc]
VolkovDmitri: checks
Puzanchik 11: checks
*** TURN *** [4c Ts Kc] [Ad]
VolkovDmitri: checks
Puzanchik 11: bets $6
VolkovDmitri: folds
Uncalled bet ($6) returned to Puzanchik 11
Puzanchik 11 collected $11.76 from pot
Puzanchik 11: doesn't show hand
*** SUMMARY ***
Total pot $12 | Rake $0.24
Board [4c Ts Kc Ad]
Seat 1: VolkovDmitri (big blind) folded on the Turn
Seat 6: Puzanchik 11 (button) (small blind) collected ($11.76)


PokerStars Hand #148947536775:  Hold'em Limit ($3/$6 USD) - 2016/02/17 6:38:33 ET
Table 'Kampala' 6-max Seat #1 is the button
Seat 1: VolkovDmitri ($162.75 in chips)
Seat 6: Puzanchik 11 ($72.82 in chips)
VolkovDmitri: posts small blind $1
Puzanchik 11: posts big blind $3
*** HOLE CARDS ***
VolkovDmitri: raises $3 to $6
Puzanchik 11: calls $3
*** FLOP *** [5s 8c Ks]
Puzanchik 11: checks
VolkovDmitri: bets $3
Puzanchik 11: folds
Uncalled bet ($3) returned to VolkovDmitri
VolkovDmitri collected $11.76 from pot
VolkovDmitri: doesn't show hand
*** SUMMARY ***
Total pot $12 | Rake $0.24
Board [5s 8c Ks]
Seat 1: VolkovDmitri (button) (small blind) collected ($11.76)
Seat 6: Puzanchik 11 (big blind) folded on the Flop


PokerStars Hand #148947543712:  Hold'em Limit ($3/$6 USD) - 2016/02/17 6:38:45 ET
Table 'Kampala' 6-max Seat #6 is the button
Seat 1: VolkovDmitri ($168.51 in chips)
Seat 6: Puzanchik 11 ($66.82 in chips)
Puzanchik 11: posts small blind $1
VolkovDmitri: posts big blind $3
*** HOLE CARDS ***
Puzanchik 11: raises $3 to $6
VolkovDmitri: folds
Uncalled bet ($3) returned to Puzanchik 11
Puzanchik 11 collected $6 from pot
Puzanchik 11: doesn't show hand
*** SUMMARY ***
Total pot $6 | Rake $0
Seat 1: VolkovDmitri (big blind) folded before Flop
Seat 6: Puzanchik 11 (button) (small blind) collected ($6)


PokerStars Hand #148947558589:  Hold'em Limit ($3/$6 USD) - 2016/02/17 6:39:11 ET
Table 'Kampala' 6-max Seat #1 is the button
Seat 1: VolkovDmitri ($165.51 in chips)
Seat 6: Puzanchik 11 ($69.82 in chips)
VolkovDmitri: posts small blind $1
Puzanchik 11: posts big blind $3
*** HOLE CARDS ***
VolkovDmitri: raises $3 to $6
Puzanchik 11: calls $3
*** FLOP *** [8c 4h 9s]
Puzanchik 11: bets $3
VolkovDmitri: raises $3 to $6
Puzanchik 11: raises $3 to $9
VolkovDmitri: calls $3
*** TURN *** [8c 4h 9s] [4c]
Puzanchik 11: bets $6
VolkovDmitri: calls $6
*** RIVER *** [8c 4h 9s 4c] [Qc]
Puzanchik 11: checks
VolkovDmitri: bets $6
Puzanchik 11: calls $6
*** SHOW DOWN ***
VolkovDmitri: shows [6c 7c] (a flush, Queen high)
Puzanchik 11: mucks hand
VolkovDmitri collected $53.50 from pot
*** SUMMARY ***
Total pot $54 | Rake $0.50
Board [8c 4h 9s 4c Qc]
Seat 1: VolkovDmitri (button) (small blind) showed [6c 7c] and won ($53.50) with a flush, Queen high
Seat 6: Puzanchik 11 (big blind) mucked


PokerStars Hand #148947585096:  Hold'em Limit ($3/$6 USD) - 2016/02/17 6:39:57 ET
Table 'Kampala' 6-max Seat #1 is the button
Seat 1: VolkovDmitri ($193.01 in chips)
Seat 6: Puzanchik 11 ($41.82 in chips)
VolkovDmitri: posts small blind $1
Puzanchik 11: posts big blind $3
*** HOLE CARDS ***
VolkovDmitri: raises $3 to $6
Puzanchik 11: folds
Uncalled bet ($3) returned to VolkovDmitri
VolkovDmitri collected $6 from pot
VolkovDmitri: doesn't show hand
*** SUMMARY ***
Total pot $6 | Rake $0
Seat 1: VolkovDmitri (button) (small blind) collected ($6)
Seat 6: Puzanchik 11 (big blind) folded before Flop


PokerStars Hand #148947582267:  Hold'em Limit ($3/$6 USD) - 2016/02/17 6:39:52 ET
Table 'Kampala' 6-max Seat #6 is the button
Seat 1: VolkovDmitri ($192.01 in chips)
Seat 6: Puzanchik 11 ($42.82 in chips)
Puzanchik 11: posts small blind $1
VolkovDmitri: posts big blind $3
*** HOLE CARDS ***
Puzanchik 11: folds
Uncalled bet ($2) returned to VolkovDmitri
VolkovDmitri collected $2 from pot
VolkovDmitri: doesn't show hand
*** SUMMARY ***
Total pot $2 | Rake $0
Seat 1: VolkovDmitri (big blind) collected ($2)
Seat 6: Puzanchik 11 (button) (small blind) folded before Flop


PokerStars Hand #148947589471:  Hold'em Limit ($3/$6 USD) - 2016/02/17 6:40:04 ET
Table 'Kampala' 6-max Seat #6 is the button
Seat 1: VolkovDmitri ($196.01 in chips)
Seat 6: Puzanchik 11 ($38.82 in chips)
Puzanchik 11: posts small blind $1
VolkovDmitri: posts big blind $3
*** HOLE CARDS ***
Puzanchik 11: raises $3 to $6
VolkovDmitri: calls $3
*** FLOP *** [2c Ah 5h]
VolkovDmitri: bets $3
Puzanchik 11: calls $3
*** TURN *** [2c Ah 5h] [Ac]
VolkovDmitri: bets $6
Puzanchik 11: raises $6 to $12
VolkovDmitri: calls $6
*** RIVER *** [2c Ah 5h Ac] [Jd]
VolkovDmitri: checks
Puzanchik 11: bets $6
VolkovDmitri: calls $6
*** SHOW DOWN ***
Puzanchik 11: shows [6s 6d] (two pair, Aces and Sixes)
VolkovDmitri: mucks hand
mishkamoya joins the table at seat #2
Puzanchik 11 collected $53.50 from pot
*** SUMMARY ***
Total pot $54 | Rake $0.50
Board [2c Ah 5h Ac Jd]
Seat 1: VolkovDmitri (big blind) mucked
Seat 6: Puzanchik 11 (button) (small blind) showed [6s 6d] and won ($53.50) with two pair, Aces and Sixes


PokerStars Hand #148949582606:  Hold'em Limit ($3/$6 USD) - 2016/02/17 7:36:40 ET
Table 'Kampala' 6-max Seat #1 is the button
Seat 1: VolkovDmitri ($248.05 in chips)
Seat 6: RockKillerTY ($109.84 in chips)
VolkovDmitri: posts small blind $1
Stensborg: is sitting out
RockKillerTY: posts big blind $3
*** HOLE CARDS ***
VolkovDmitri: raises $3 to $6
RockKillerTY: folds
Uncalled bet ($3) returned to VolkovDmitri
VolkovDmitri collected $6 from pot
VolkovDmitri: doesn't show hand
*** SUMMARY ***
Total pot $6 | Rake $0
Seat 1: VolkovDmitri (button) (small blind) collected ($6)
Seat 6: RockKillerTY (big blind) folded before Flop


