PokerStars Hand #147218412150:  Hold'em Limit ($3/$6 USD) - 2016/01/17 16:19:16 ET
Table 'Kampala' 6-max Seat #5 is the button
Seat 4: Actionni13 ($181 in chips)
Seat 5: biermann78 ($27.64 in chips)
biermann78: posts small blind $1
Actionni13: posts big blind $3
*** HOLE CARDS ***
biermann78: folds
Uncalled bet ($2) returned to Actionni13
Actionni13 collected $2 from pot
*** SUMMARY ***
Total pot $2 | Rake $0
Seat 4: Actionni13 (big blind) collected ($2)
Seat 5: biermann78 (button) (small blind) folded before Flop


PokerStars Hand #147218396056:  Hold'em Limit ($3/$6 USD) - 2016/01/17 16:19:02 ET
Table 'Kampala' 6-max Seat #4 is the button
Seat 4: Actionni13 ($190 in chips)
Seat 5: biermann78 ($19 in chips)
Actionni13: posts small blind $1
biermann78: posts big blind $3
*** HOLE CARDS ***
Actionni13: raises $3 to $6
biermann78: calls $3
*** FLOP *** [3c Tc 3h]
biermann78: bets $3
Actionni13: calls $3
*** TURN *** [3c Tc 3h] [Ad]
biermann78: bets $6
Actionni13: folds
Uncalled bet ($6) returned to biermann78
biermann78 collected $17.64 from pot
biermann78: doesn't show hand
*** SUMMARY ***
Total pot $18 | Rake $0.36
Board [3c Tc 3h Ad]
Seat 4: Actionni13 (button) (small blind) folded on the Turn
Seat 5: biermann78 (big blind) collected ($17.64)


PokerStars Hand #147218380631:  Hold'em Limit ($3/$6 USD) - 2016/01/17 16:18:48 ET
Table 'Kampala' 6-max Seat #5 is the button
Seat 4: Actionni13 ($175.50 in chips)
Seat 5: biermann78 ($34 in chips)
biermann78: posts small blind $1
Actionni13: posts big blind $3
*** HOLE CARDS ***
biermann78: raises $3 to $6
Actionni13: raises $3 to $9
biermann78: calls $3
*** FLOP *** [Ks 4s 9c]
Actionni13: bets $3
biermann78: raises $3 to $6
Actionni13: raises $3 to $9
biermann78: folds
Uncalled bet ($3) returned to Actionni13
Actionni13 collected $29.50 from pot
Actionni13: doesn't show hand
*** SUMMARY ***
Total pot $30 | Rake $0.50
Board [Ks 4s 9c]
Seat 4: Actionni13 (big blind) collected ($29.50)
Seat 5: biermann78 (button) (small blind) folded on the Flop


PokerStars Hand #147218494464:  Hold'em Limit ($3/$6 USD) - 2016/01/17 16:20:28 ET
Table 'Kampala' 6-max Seat #5 is the button
Seat 4: Actionni13 ($160.76 in chips)
Seat 5: biermann78 ($47.14 in chips)
biermann78: posts small blind $1
Actionni13: posts big blind $3
*** HOLE CARDS ***
biermann78: raises $3 to $6
Actionni13: folds
Uncalled bet ($3) returned to biermann78
biermann78 collected $6 from pot
biermann78: doesn't show hand
*** SUMMARY ***
Total pot $6 | Rake $0
Seat 4: Actionni13 (big blind) folded before Flop
Seat 5: biermann78 (button) (small blind) collected ($6)


PokerStars Hand #147218463876:  Hold'em Limit ($3/$6 USD) - 2016/01/17 16:20:01 ET
Table 'Kampala' 6-max Seat #4 is the button
Seat 4: Actionni13 ($155 in chips)
Seat 5: biermann78 ($53.14 in chips)
Actionni13: posts small blind $1
biermann78: posts big blind $3
*** HOLE CARDS ***
Actionni13: raises $3 to $6
biermann78: calls $3
*** FLOP *** [8s 4c Tc]
biermann78: checks
Actionni13: checks
*** TURN *** [8s 4c Tc] [7h]
biermann78: checks
Actionni13: checks
*** RIVER *** [8s 4c Tc 7h] [Ks]
biermann78: checks
Actionni13: bets $6
biermann78: folds
Uncalled bet ($6) returned to Actionni13
Actionni13 collected $11.76 from pot
Actionni13: doesn't show hand
*** SUMMARY ***
Total pot $12 | Rake $0.24
Board [8s 4c Tc 7h Ks]
Seat 4: Actionni13 (button) (small blind) collected ($11.76)
Seat 5: biermann78 (big blind) folded on the River


PokerStars Hand #147218454786:  Hold'em Limit ($3/$6 USD) - 2016/01/17 16:19:53 ET
Table 'Kampala' 6-max Seat #5 is the button
Seat 4: Actionni13 ($158 in chips)
Seat 5: biermann78 ($50.14 in chips)
biermann78: posts small blind $1
Actionni13: posts big blind $3
*** HOLE CARDS ***
biermann78: raises $3 to $6
Actionni13: folds
Uncalled bet ($3) returned to biermann78
biermann78 collected $6 from pot
biermann78: doesn't show hand
*** SUMMARY ***
Total pot $6 | Rake $0
Seat 4: Actionni13 (big blind) folded before Flop
Seat 5: biermann78 (button) (small blind) collected ($6)


PokerStars Hand #147218417594:  Hold'em Limit ($3/$6 USD) - 2016/01/17 16:19:20 ET
Table 'Kampala' 6-max Seat #4 is the button
Seat 4: Actionni13 ($182 in chips)
Seat 5: biermann78 ($26.64 in chips)
Actionni13: posts small blind $1
biermann78: posts big blind $3
*** HOLE CARDS ***
Actionni13: raises $3 to $6
biermann78: raises $3 to $9
Actionni13: calls $3
*** FLOP *** [3h 5s 4h]
biermann78: bets $3
Actionni13: calls $3
*** TURN *** [3h 5s 4h] [3c]
biermann78: bets $6
Actionni13: calls $6
*** RIVER *** [3h 5s 4h 3c] [5c]
biermann78: bets $6
Actionni13: calls $6
*** SHOW DOWN ***
biermann78: shows [As 4d] (two pair, Fives and Fours)
Actionni13: mucks hand
biermann78 collected $47.50 from pot
*** SUMMARY ***
Total pot $48 | Rake $0.50
Board [3h 5s 4h 3c 5c]
Seat 4: Actionni13 (button) (small blind) mucked
Seat 5: biermann78 (big blind) showed [As 4d] and won ($47.50) with two pair, Fives and Fours


PokerStars Hand #147218551605:  Hold'em Limit ($3/$6 USD) - 2016/01/17 16:21:18 ET
Table 'Kampala' 6-max Seat #4 is the button
Seat 4: Actionni13 ($159.52 in chips)
Seat 5: biermann78 ($47.90 in chips)
Actionni13: posts small blind $1
biermann78: posts big blind $3
*** HOLE CARDS ***
Actionni13: folds
Uncalled bet ($2) returned to biermann78
biermann78 collected $2 from pot
biermann78: doesn't show hand
*** SUMMARY ***
Total pot $2 | Rake $0
Seat 4: Actionni13 (button) (small blind) folded before Flop
Seat 5: biermann78 (big blind) collected ($2)


PokerStars Hand #147218545802:  Hold'em Limit ($3/$6 USD) - 2016/01/17 16:21:13 ET
Table 'Kampala' 6-max Seat #5 is the button
Seat 4: Actionni13 ($158.52 in chips)
Seat 5: biermann78 ($48.90 in chips)
biermann78: posts small blind $1
Actionni13: posts big blind $3
*** HOLE CARDS ***
biermann78: folds
Uncalled bet ($2) returned to Actionni13
Actionni13 collected $2 from pot
Actionni13: doesn't show hand
*** SUMMARY ***
Total pot $2 | Rake $0
Seat 4: Actionni13 (big blind) collected ($2)
Seat 5: biermann78 (button) (small blind) folded before Flop


PokerStars Hand #147218531153:  Hold'em Limit ($3/$6 USD) - 2016/01/17 16:21:00 ET
Table 'Kampala' 6-max Seat #4 is the button
Seat 4: Actionni13 ($152.76 in chips)
Seat 5: biermann78 ($54.90 in chips)
Actionni13: posts small blind $1
biermann78: posts big blind $3
*** HOLE CARDS ***
Actionni13: raises $3 to $6
biermann78: calls $3
*** FLOP *** [Qc Jd 7c]
biermann78: checks
Actionni13: bets $3
biermann78: folds
Uncalled bet ($3) returned to Actionni13
Actionni13 collected $11.76 from pot
Actionni13: doesn't show hand
*** SUMMARY ***
Total pot $12 | Rake $0.24
Board [Qc Jd 7c]
Seat 4: Actionni13 (button) (small blind) collected ($11.76)
Seat 5: biermann78 (big blind) folded on the Flop


PokerStars Hand #147218525627:  Hold'em Limit ($3/$6 USD) - 2016/01/17 16:20:56 ET
Table 'Kampala' 6-max Seat #5 is the button
Seat 4: Actionni13 ($151.76 in chips)
Seat 5: biermann78 ($55.90 in chips)
biermann78: posts small blind $1
Actionni13: posts big blind $3
*** HOLE CARDS ***
biermann78: folds
Uncalled bet ($2) returned to Actionni13
Actionni13 collected $2 from pot
Actionni13: doesn't show hand
*** SUMMARY ***
Total pot $2 | Rake $0
Seat 4: Actionni13 (big blind) collected ($2)
Seat 5: biermann78 (button) (small blind) folded before Flop


PokerStars Hand #147218502207:  Hold'em Limit ($3/$6 USD) - 2016/01/17 16:20:35 ET
Table 'Kampala' 6-max Seat #4 is the button
Seat 4: Actionni13 ($157.76 in chips)
Seat 5: biermann78 ($50.14 in chips)
Actionni13: posts small blind $1
biermann78: posts big blind $3
*** HOLE CARDS ***
Actionni13: raises $3 to $6
biermann78: calls $3
*** FLOP *** [3d 6c 5s]
biermann78: checks
Actionni13: checks
*** TURN *** [3d 6c 5s] [2c]
biermann78: checks
Actionni13: checks
*** RIVER *** [3d 6c 5s 2c] [9s]
biermann78: bets $6
Actionni13: folds
Uncalled bet ($6) returned to biermann78
biermann78 collected $11.76 from pot
biermann78: doesn't show hand
*** SUMMARY ***
Total pot $12 | Rake $0.24
Board [3d 6c 5s 2c 9s]
Seat 4: Actionni13 (button) (small blind) folded on the River
Seat 5: biermann78 (big blind) collected ($11.76)


PokerStars Hand #147218565517:  Hold'em Limit ($3/$6 USD) - 2016/01/17 16:21:30 ET
Table 'Kampala' 6-max Seat #5 is the button
Seat 4: Actionni13 ($158.52 in chips)
Seat 5: biermann78 ($48.90 in chips)
biermann78: posts small blind $1
Actionni13: posts big blind $3
*** HOLE CARDS ***
biermann78: raises $3 to $6
Actionni13: calls $3
*** FLOP *** [Ac 7s 5s]
Actionni13: checks
biermann78: bets $3
Actionni13: raises $3 to $6
biermann78: calls $3
*** TURN *** [Ac 7s 5s] [8h]
Actionni13: bets $6
biermann78: calls $6
*** RIVER *** [Ac 7s 5s 8h] [4d]
Actionni13: checks
biermann78: bets $6
Actionni13: folds
Uncalled bet ($6) returned to biermann78
biermann78 collected $35.50 from pot
biermann78: doesn't show hand
*** SUMMARY ***
Total pot $36 | Rake $0.50
Board [Ac 7s 5s 8h 4d]
Seat 4: Actionni13 (big blind) folded on the River
Seat 5: biermann78 (button) (small blind) collected ($35.50)


PokerStars Hand #147218615023:  Hold'em Limit ($3/$6 USD) - 2016/01/17 16:22:14 ET
Table 'Kampala' 6-max Seat #4 is the button
Seat 4: Actionni13 ($150 in chips)
Seat 5: biermann78 ($66.40 in chips)
Actionni13: posts small blind $1
biermann78: posts big blind $3
*** HOLE CARDS ***
Actionni13: raises $3 to $6
biermann78: calls $3
*** FLOP *** [5s 4h 7c]
biermann78: bets $3
SERPENT323 joins the table at seat #6
Actionni13: calls $3
*** TURN *** [5s 4h 7c] [2h]
biermann78: bets $6
Actionni13: calls $6
*** RIVER *** [5s 4h 7c 2h] [Kh]
biermann78: bets $6
Actionni13: raises $6 to $12
SashaYuvelir joins the table at seat #1
biermann78: folds
Uncalled bet ($6) returned to Actionni13
Actionni13 collected $41.50 from pot
Actionni13: doesn't show hand
*** SUMMARY ***
Total pot $42 | Rake $0.50
Board [5s 4h 7c 2h Kh]
Seat 4: Actionni13 (button) (small blind) collected ($41.50)
Seat 5: biermann78 (big blind) folded on the River


PokerStars Hand #147219000258:  Hold'em Limit ($3/$6 USD) - 2016/01/17 16:27:58 ET
Table 'Kampala' 6-max Seat #2 is the button
Seat 2: Pokali ($81.25 in chips)
Seat 6: SERPENT323 ($102.99 in chips)
SashaYuvelir will be allowed to play after the button
Pokali: posts small blind $1
Actionni13: is sitting out
SERPENT323: posts big blind $3
*** HOLE CARDS ***
Pokali: raises $3 to $6
SERPENT323: calls $3
*** FLOP *** [3c Jd 2h]
SERPENT323: checks
Pokali: bets $3
SERPENT323: calls $3
*** TURN *** [3c Jd 2h] [Ts]
SERPENT323: checks
Pokali: checks
*** RIVER *** [3c Jd 2h Ts] [4s]
Actionni13 leaves the table
SERPENT323: bets $6
Pokali: calls $6
*** SHOW DOWN ***
SERPENT323: shows [7h 8c] (high card Jack)
Pokali: shows [4h 8h] (a pair of Fours)
Pokali collected $29.50 from pot
*** SUMMARY ***
Total pot $30 | Rake $0.50
Board [3c Jd 2h Ts 4s]
Seat 2: Pokali (button) (small blind) showed [4h 8h] and won ($29.50) with a pair of Fours
Seat 6: SERPENT323 (big blind) showed [7h 8c] and lost with high card Jack


PokerStars Hand #147222108301:  Hold'em Limit ($3/$6 USD) - 2016/01/17 17:14:15 ET
Table 'Kampala' 6-max Seat #5 is the button
Seat 3: knas4 ($133.13 in chips)
Seat 5: aless284 ($219.46 in chips)
aless284: posts small blind $1
Pokali: is sitting out
knas4: posts big blind $3
*** HOLE CARDS ***
aless284: folds
Uncalled bet ($2) returned to knas4
knas4 collected $2 from pot
*** SUMMARY ***
Total pot $2 | Rake $0
Seat 3: knas4 (big blind) collected ($2)
Seat 5: aless284 (button) (small blind) folded before Flop


