PokerStars Hand #152572500158:  Hold'em Limit ($3/$6 USD) - 2016/04/28 14:19:45 ET
Table 'Kanda' 10-max Seat #8 is the button
Seat 6: Thijsje1200 ($142.26 in chips)
Seat 8: Makomar ($211.07 in chips)
Makomar: posts small blind $1
Thijsje1200: posts big blind $3
*** HOLE CARDS ***
Makomar: folds
Uncalled bet ($2) returned to Thijsje1200
Thijsje1200 collected $2 from pot
Thijsje1200: doesn't show hand
*** SUMMARY ***
Total pot $2 | Rake $0
Seat 6: Thijsje1200 (big blind) collected ($2)
Seat 8: Makomar (button) (small blind) folded before Flop


PokerStars Hand #152572488919:  Hold'em Limit ($3/$6 USD) - 2016/04/28 14:19:31 ET
Table 'Kanda' 10-max Seat #6 is the button
Seat 6: Thijsje1200 ($133.62 in chips)
Seat 8: Makomar ($220.07 in chips)
Thijsje1200: posts small blind $1
Makomar: posts big blind $3
*** HOLE CARDS ***
assitoni is disconnected
Thijsje1200: raises $3 to $6
Makomar: calls $3
*** FLOP *** [4d Ts 2h]
Makomar: checks
Thijsje1200: bets $3
Makomar: calls $3
*** TURN *** [4d Ts 2h] [6d]
Makomar: checks
Thijsje1200: checks
*** RIVER *** [4d Ts 2h 6d] [3h]
Makomar: checks
Thijsje1200: checks
*** SHOW DOWN ***
Makomar: shows [8s Qd] (high card Queen)
Thijsje1200: shows [2s Js] (a pair of Deuces)
Thijsje1200 collected $17.64 from pot
*** SUMMARY ***
Total pot $18 | Rake $0.36
Board [4d Ts 2h 6d 3h]
Seat 6: Thijsje1200 (button) (small blind) showed [2s Js] and won ($17.64) with a pair of Deuces
Seat 8: Makomar (big blind) showed [8s Qd] and lost with high card Queen


PokerStars Hand #152572503818:  Hold'em Limit ($3/$6 USD) - 2016/04/28 14:19:49 ET
Table 'Kanda' 10-max Seat #6 is the button
Seat 6: Thijsje1200 ($143.26 in chips)
Seat 8: Makomar ($210.07 in chips)
Thijsje1200: posts small blind $1
Makomar: posts big blind $3
*** HOLE CARDS ***
Thijsje1200: folds
Uncalled bet ($2) returned to Makomar
Makomar collected $2 from pot
Makomar: doesn't show hand
*** SUMMARY ***
Total pot $2 | Rake $0
Seat 6: Thijsje1200 (button) (small blind) folded before Flop
Seat 8: Makomar (big blind) collected ($2)


PokerStars Hand #152572521489:  Hold'em Limit ($3/$6 USD) - 2016/04/28 14:20:10 ET
Table 'Kanda' 10-max Seat #6 is the button
Seat 6: Thijsje1200 ($133.26 in chips)
Seat 8: Makomar ($219.71 in chips)
Thijsje1200: posts small blind $1
Makomar: posts big blind $3
*** HOLE CARDS ***
Thijsje1200: folds
Uncalled bet ($2) returned to Makomar
Makomar collected $2 from pot
Makomar: doesn't show hand
*** SUMMARY ***
Total pot $2 | Rake $0
Seat 6: Thijsje1200 (button) (small blind) folded before Flop
Seat 8: Makomar (big blind) collected ($2)


PokerStars Hand #152572507763:  Hold'em Limit ($3/$6 USD) - 2016/04/28 14:19:54 ET
Table 'Kanda' 10-max Seat #8 is the button
Seat 6: Thijsje1200 ($142.26 in chips)
Seat 8: Makomar ($211.07 in chips)
Makomar: posts small blind $1
Thijsje1200: posts big blind $3
*** HOLE CARDS ***
Makomar: raises $3 to $6
Thijsje1200: calls $3
*** FLOP *** [9h 7d 5c]
Thijsje1200: checks
Makomar: bets $3
Thijsje1200: calls $3
*** TURN *** [9h 7d 5c] [5d]
Thijsje1200: checks
Makomar: bets $6
Thijsje1200: folds
Uncalled bet ($6) returned to Makomar
Makomar collected $17.64 from pot
Makomar: doesn't show hand
*** SUMMARY ***
Total pot $18 | Rake $0.36
Board [9h 7d 5c 5d]
Seat 6: Thijsje1200 (big blind) folded on the Turn
Seat 8: Makomar (button) (small blind) collected ($17.64)


PokerStars Hand #152572530632:  Hold'em Limit ($3/$6 USD) - 2016/04/28 14:20:21 ET
Table 'Kanda' 10-max Seat #6 is the button
Seat 6: Thijsje1200 ($129.26 in chips)
Seat 8: Makomar ($223.71 in chips)
Thijsje1200: posts small blind $1
Makomar: posts big blind $3
*** HOLE CARDS ***
Thijsje1200: folds
Uncalled bet ($2) returned to Makomar
Makomar collected $2 from pot
Makomar: doesn't show hand
*** SUMMARY ***
Total pot $2 | Rake $0
Seat 6: Thijsje1200 (button) (small blind) folded before Flop
Seat 8: Makomar (big blind) collected ($2)


PokerStars Hand #152572525515:  Hold'em Limit ($3/$6 USD) - 2016/04/28 14:20:15 ET
Table 'Kanda' 10-max Seat #8 is the button
Seat 6: Thijsje1200 ($132.26 in chips)
Seat 8: Makomar ($220.71 in chips)
Makomar: posts small blind $1
Thijsje1200: posts big blind $3
*** HOLE CARDS ***
Makomar: raises $3 to $6
Thijsje1200: folds
Uncalled bet ($3) returned to Makomar
Makomar collected $6 from pot
Makomar: doesn't show hand
*** SUMMARY ***
Total pot $6 | Rake $0
Seat 6: Thijsje1200 (big blind) folded before Flop
Seat 8: Makomar (button) (small blind) collected ($6)


PokerStars Hand #152572534574:  Hold'em Limit ($3/$6 USD) - 2016/04/28 14:20:25 ET
Table 'Kanda' 10-max Seat #8 is the button
Seat 6: Thijsje1200 ($128.26 in chips)
Seat 8: Makomar ($224.71 in chips)
Makomar: posts small blind $1
Thijsje1200: posts big blind $3
*** HOLE CARDS ***
Makomar: raises $3 to $6
Thijsje1200: calls $3
*** FLOP *** [Jd 7h 4d]
Thijsje1200: checks
Makomar: bets $3
Thijsje1200: calls $3
*** TURN *** [Jd 7h 4d] [9d]
Thijsje1200: checks
Makomar: checks
*** RIVER *** [Jd 7h 4d 9d] [7c]
Thijsje1200: bets $6
Makomar: calls $6
*** SHOW DOWN ***
Thijsje1200: shows [2d 2c] (two pair, Sevens and Deuces)
Makomar: mucks hand
Thijsje1200 collected $29.50 from pot
*** SUMMARY ***
Total pot $30 | Rake $0.50
Board [Jd 7h 4d 9d 7c]
Seat 6: Thijsje1200 (big blind) showed [2d 2c] and won ($29.50) with two pair, Sevens and Deuces
Seat 8: Makomar (button) (small blind) mucked


PokerStars Hand #152572554932:  Hold'em Limit ($3/$6 USD) - 2016/04/28 14:20:49 ET
Table 'Kanda' 10-max Seat #6 is the button
Seat 6: Thijsje1200 ($142.76 in chips)
Seat 8: Makomar ($209.71 in chips)
Thijsje1200: posts small blind $1
Makomar: posts big blind $3
*** HOLE CARDS ***
Thijsje1200: raises $3 to $6
Makomar: calls $3
*** FLOP *** [Jc 8h 7s]
Makomar: checks
Thijsje1200: bets $3
Makomar: folds
Uncalled bet ($3) returned to Thijsje1200
Thijsje1200 collected $11.76 from pot
Thijsje1200: doesn't show hand
*** SUMMARY ***
Total pot $12 | Rake $0.24
Board [Jc 8h 7s]
Seat 6: Thijsje1200 (button) (small blind) collected ($11.76)
Seat 8: Makomar (big blind) folded on the Flop


PokerStars Hand #152572575713:  Hold'em Limit ($3/$6 USD) - 2016/04/28 14:21:14 ET
Table 'Kanda' 10-max Seat #8 is the button
Seat 6: Thijsje1200 ($148.52 in chips)
Seat 8: Makomar ($203.71 in chips)
Makomar: posts small blind $1
Thijsje1200: posts big blind $3
*** HOLE CARDS ***
Makomar: raises $3 to $6
Thijsje1200: calls $3
*** FLOP *** [4h 6c 6d]
Thijsje1200: checks
Makomar: bets $3
Thijsje1200: calls $3
*** TURN *** [4h 6c 6d] [2s]
Thijsje1200: checks
Makomar: checks
*** RIVER *** [4h 6c 6d 2s] [3c]
Thijsje1200: bets $6
Makomar: calls $6
*** SHOW DOWN ***
Thijsje1200: shows [Ad 8d] (a pair of Sixes)
Makomar: mucks hand
Thijsje1200 collected $29.50 from pot
*** SUMMARY ***
Total pot $30 | Rake $0.50
Board [4h 6c 6d 2s 3c]
Seat 6: Thijsje1200 (big blind) showed [Ad 8d] and won ($29.50) with a pair of Sixes
Seat 8: Makomar (button) (small blind) mucked


PokerStars Hand #152572588867:  Hold'em Limit ($3/$6 USD) - 2016/04/28 14:21:29 ET
Table 'Kanda' 10-max Seat #6 is the button
Seat 6: Thijsje1200 ($163.02 in chips)
Seat 8: Makomar ($188.71 in chips)
Thijsje1200: posts small blind $1
Makomar: posts big blind $3
*** HOLE CARDS ***
Thijsje1200: raises $3 to $6
Makomar: calls $3
*** FLOP *** [8d 7h 5d]
Makomar: checks
Thijsje1200: checks
*** TURN *** [8d 7h 5d] [7d]
Makomar: checks
Thijsje1200: checks
*** RIVER *** [8d 7h 5d 7d] [5c]
Makomar: bets $6
Thijsje1200: calls $6
*** SHOW DOWN ***
Makomar: shows [4c Ah] (two pair, Sevens and Fives)
Thijsje1200: mucks hand
Makomar collected $23.52 from pot
*** SUMMARY ***
Total pot $24 | Rake $0.48
Board [8d 7h 5d 7d 5c]
Seat 6: Thijsje1200 (button) (small blind) mucked
Seat 8: Makomar (big blind) showed [4c Ah] and won ($23.52) with two pair, Sevens and Fives


PokerStars Hand #152572607642:  Hold'em Limit ($3/$6 USD) - 2016/04/28 14:21:51 ET
Table 'Kanda' 10-max Seat #6 is the button
Seat 6: Thijsje1200 ($148.02 in chips)
Seat 8: Makomar ($203.23 in chips)
Thijsje1200: posts small blind $1
Makomar: posts big blind $3
*** HOLE CARDS ***
Thijsje1200: raises $3 to $6
Makomar: folds
Uncalled bet ($3) returned to Thijsje1200
Thijsje1200 collected $6 from pot
Thijsje1200: doesn't show hand
*** SUMMARY ***
Total pot $6 | Rake $0
Seat 6: Thijsje1200 (button) (small blind) collected ($6)
Seat 8: Makomar (big blind) folded before Flop


PokerStars Hand #152572599843:  Hold'em Limit ($3/$6 USD) - 2016/04/28 14:21:42 ET
Table 'Kanda' 10-max Seat #8 is the button
Seat 6: Thijsje1200 ($151.02 in chips)
Seat 8: Makomar ($200.23 in chips)
Makomar: posts small blind $1
Thijsje1200: posts big blind $3
*** HOLE CARDS ***
Makomar: raises $3 to $6
Thijsje1200: folds
Uncalled bet ($3) returned to Makomar
Makomar collected $6 from pot
Makomar: doesn't show hand
*** SUMMARY ***
Total pot $6 | Rake $0
Seat 6: Thijsje1200 (big blind) folded before Flop
Seat 8: Makomar (button) (small blind) collected ($6)


PokerStars Hand #152572614764:  Hold'em Limit ($3/$6 USD) - 2016/04/28 14:21:59 ET
Table 'Kanda' 10-max Seat #8 is the button
Seat 6: Thijsje1200 ($151.02 in chips)
Seat 8: Makomar ($200.23 in chips)
Makomar: posts small blind $1
Thijsje1200: posts big blind $3
*** HOLE CARDS ***
Makomar: raises $3 to $6
Thijsje1200: calls $3
*** FLOP *** [2s Ac 5h]
Thijsje1200: bets $3
Makomar: calls $3
*** TURN *** [2s Ac 5h] [Kc]
Thijsje1200: checks
Makomar: checks
*** RIVER *** [2s Ac 5h Kc] [3s]
Thijsje1200: bets $6
Makomar: folds
Uncalled bet ($6) returned to Thijsje1200
Thijsje1200 collected $17.64 from pot
Thijsje1200: doesn't show hand
*** SUMMARY ***
Total pot $18 | Rake $0.36
Board [2s Ac 5h Kc 3s]
Seat 6: Thijsje1200 (big blind) collected ($17.64)
Seat 8: Makomar (button) (small blind) folded on the River


PokerStars Hand #152572637001:  Hold'em Limit ($3/$6 USD) - 2016/04/28 14:22:25 ET
Table 'Kanda' 10-max Seat #6 is the button
Seat 6: Thijsje1200 ($159.66 in chips)
Seat 8: Makomar ($191.23 in chips)
Thijsje1200: posts small blind $1
Makomar: posts big blind $3
*** HOLE CARDS ***
Thijsje1200: raises $3 to $6
Makomar: folds
Uncalled bet ($3) returned to Thijsje1200
Thijsje1200 collected $6 from pot
Thijsje1200: doesn't show hand
*** SUMMARY ***
Total pot $6 | Rake $0
Seat 6: Thijsje1200 (button) (small blind) collected ($6)
Seat 8: Makomar (big blind) folded before Flop


PokerStars Hand #152572642528:  Hold'em Limit ($3/$6 USD) - 2016/04/28 14:22:32 ET
Table 'Kanda' 10-max Seat #8 is the button
Seat 6: Thijsje1200 ($162.66 in chips)
Seat 8: Makomar ($188.23 in chips)
Makomar: posts small blind $1
Thijsje1200: posts big blind $3
*** HOLE CARDS ***
Makomar: raises $3 to $6
Thijsje1200: calls $3
*** FLOP *** [8h Ac 5d]
Thijsje1200: checks
Makomar: bets $3
Thijsje1200: calls $3
*** TURN *** [8h Ac 5d] [3c]
Thijsje1200: checks
Makomar: bets $6
Thijsje1200: folds
Uncalled bet ($6) returned to Makomar
Makomar collected $17.64 from pot
Makomar: doesn't show hand
*** SUMMARY ***
Total pot $18 | Rake $0.36
Board [8h Ac 5d 3c]
Seat 6: Thijsje1200 (big blind) folded on the Turn
Seat 8: Makomar (button) (small blind) collected ($17.64)


PokerStars Hand #152572670978:  Hold'em Limit ($3/$6 USD) - 2016/04/28 14:23:05 ET
Table 'Kanda' 10-max Seat #6 is the button
Seat 6: Thijsje1200 ($153.66 in chips)
Seat 8: Makomar ($196.87 in chips)
Thijsje1200: posts small blind $1
Makomar: posts big blind $3
*** HOLE CARDS ***
Thijsje1200: folds
Uncalled bet ($2) returned to Makomar
Makomar collected $2 from pot
Makomar: doesn't show hand
*** SUMMARY ***
Total pot $2 | Rake $0
Seat 6: Thijsje1200 (button) (small blind) folded before Flop
Seat 8: Makomar (big blind) collected ($2)


PokerStars Hand #152572694615:  Hold'em Limit ($3/$6 USD) - 2016/04/28 14:23:32 ET
Table 'Kanda' 10-max Seat #6 is the button
Seat 6: Thijsje1200 ($128.66 in chips)
Seat 8: Makomar ($221.37 in chips)
Thijsje1200: posts small blind $1
Makomar: posts big blind $3
*** HOLE CARDS ***
Thijsje1200: raises $3 to $6
Makomar: folds
Uncalled bet ($3) returned to Thijsje1200
Thijsje1200 collected $6 from pot
Thijsje1200: doesn't show hand
*** SUMMARY ***
Total pot $6 | Rake $0
Seat 6: Thijsje1200 (button) (small blind) collected ($6)
Seat 8: Makomar (big blind) folded before Flop


PokerStars Hand #152572675900:  Hold'em Limit ($3/$6 USD) - 2016/04/28 14:23:10 ET
Table 'Kanda' 10-max Seat #8 is the button
Seat 6: Thijsje1200 ($152.66 in chips)
Seat 8: Makomar ($197.87 in chips)
Makomar: posts small blind $1
Thijsje1200: posts big blind $3
*** HOLE CARDS ***
Makomar: raises $3 to $6
Thijsje1200: raises $3 to $9
Makomar: calls $3
*** FLOP *** [8c 6d 2s]
Thijsje1200: bets $3
Makomar: calls $3
*** TURN *** [8c 6d 2s] [Jd]
Thijsje1200: bets $6
Makomar: calls $6
*** RIVER *** [8c 6d 2s Jd] [Kh]
Thijsje1200: bets $6
Makomar: calls $6
*** SHOW DOWN ***
Thijsje1200: shows [8s 5d] (a pair of Eights)
Makomar: shows [7d 8h] (a pair of Eights - King+Jack+Seven kicker)
Makomar collected $47.50 from pot
*** SUMMARY ***
Total pot $48 | Rake $0.50
Board [8c 6d 2s Jd Kh]
Seat 6: Thijsje1200 (big blind) showed [8s 5d] and lost with a pair of Eights
Seat 8: Makomar (button) (small blind) showed [7d 8h] and won ($47.50) with a pair of Eights


PokerStars Hand #152572701163:  Hold'em Limit ($3/$6 USD) - 2016/04/28 14:23:40 ET
Table 'Kanda' 10-max Seat #8 is the button
Seat 6: Thijsje1200 ($131.66 in chips)
Seat 8: Makomar ($218.37 in chips)
Makomar: posts small blind $1
Thijsje1200: posts big blind $3
*** HOLE CARDS ***
Makomar: raises $3 to $6
Thijsje1200: calls $3
*** FLOP *** [Kc 9s Ks]
Thijsje1200: checks
Makomar: bets $3
Thijsje1200: calls $3
*** TURN *** [Kc 9s Ks] [Qc]
Thijsje1200: checks
Makomar: bets $6
Thijsje1200: calls $6
*** RIVER *** [Kc 9s Ks Qc] [6h]
Thijsje1200: checks
Makomar: bets $6
Thijsje1200: calls $6
*** SHOW DOWN ***
Makomar: shows [Jc Qs] (two pair, Kings and Queens)
Thijsje1200: mucks hand
Makomar collected $41.50 from pot
*** SUMMARY ***
Total pot $42 | Rake $0.50
Board [Kc 9s Ks Qc 6h]
Seat 6: Thijsje1200 (big blind) mucked
Seat 8: Makomar (button) (small blind) showed [Jc Qs] and won ($41.50) with two pair, Kings and Queens


PokerStars Hand #152572715486:  Hold'em Limit ($3/$6 USD) - 2016/04/28 14:23:57 ET
Table 'Kanda' 10-max Seat #6 is the button
Seat 6: Thijsje1200 ($110.66 in chips)
Seat 8: Makomar ($238.87 in chips)
Thijsje1200: posts small blind $1
Makomar: posts big blind $3
*** HOLE CARDS ***
Thijsje1200: folds
Uncalled bet ($2) returned to Makomar
Makomar collected $2 from pot
Makomar: doesn't show hand
*** SUMMARY ***
Total pot $2 | Rake $0
Seat 6: Thijsje1200 (button) (small blind) folded before Flop
Seat 8: Makomar (big blind) collected ($2)


PokerStars Hand #152572719393:  Hold'em Limit ($3/$6 USD) - 2016/04/28 14:24:01 ET
Table 'Kanda' 10-max Seat #8 is the button
Seat 6: Thijsje1200 ($109.66 in chips)
Seat 8: Makomar ($239.87 in chips)
Makomar: posts small blind $1
Thijsje1200: posts big blind $3
*** HOLE CARDS ***
Makomar: raises $3 to $6
Thijsje1200: calls $3
*** FLOP *** [4c Tc 3d]
Thijsje1200: checks
Makomar: bets $3
Thijsje1200: calls $3
*** TURN *** [4c Tc 3d] [As]
Thijsje1200: checks
Makomar: bets $6
Thijsje1200: calls $6
*** RIVER *** [4c Tc 3d As] [Ks]
Thijsje1200: checks
Makomar: checks
*** SHOW DOWN ***
Thijsje1200: shows [4s 6d] (a pair of Fours)
Makomar: shows [Qh 4h] (a pair of Fours - Ace+King+Queen kicker)
Makomar collected $29.50 from pot
*** SUMMARY ***
Total pot $30 | Rake $0.50
Board [4c Tc 3d As Ks]
Seat 6: Thijsje1200 (big blind) showed [4s 6d] and lost with a pair of Fours
Seat 8: Makomar (button) (small blind) showed [Qh 4h] and won ($29.50) with a pair of Fours


PokerStars Hand #152572754181:  Hold'em Limit ($3/$6 USD) - 2016/04/28 14:24:42 ET
Table 'Kanda' 10-max Seat #8 is the button
Seat 6: Thijsje1200 ($73.66 in chips)
Seat 8: Makomar ($274.87 in chips)
Makomar: posts small blind $1
Thijsje1200: posts big blind $3
*** HOLE CARDS ***
Makomar: raises $3 to $6
Thijsje1200: folds
Uncalled bet ($3) returned to Makomar
Makomar collected $6 from pot
*** SUMMARY ***
Total pot $6 | Rake $0
Seat 6: Thijsje1200 (big blind) folded before Flop
Seat 8: Makomar (button) (small blind) collected ($6)


PokerStars Hand #152572740719:  Hold'em Limit ($3/$6 USD) - 2016/04/28 14:24:26 ET
Table 'Kanda' 10-max Seat #6 is the button
Seat 6: Thijsje1200 ($94.66 in chips)
Seat 8: Makomar ($254.37 in chips)
Thijsje1200: posts small blind $1
Makomar: posts big blind $3
*** HOLE CARDS ***
Thijsje1200: raises $3 to $6
Makomar: calls $3
*** FLOP *** [2d 8h 7d]
Makomar: checks
Thijsje1200: bets $3
Makomar: calls $3
*** TURN *** [2d 8h 7d] [9d]
Makomar: checks
Thijsje1200: bets $6
Makomar: calls $6
*** RIVER *** [2d 8h 7d 9d] [6s]
Makomar: bets $6
Thijsje1200: calls $6
*** SHOW DOWN ***
Makomar: shows [Tc Ks] (a straight, Six to Ten)
Thijsje1200: mucks hand
Makomar collected $41.50 from pot
*** SUMMARY ***
Total pot $42 | Rake $0.50
Board [2d 8h 7d 9d 6s]
Seat 6: Thijsje1200 (button) (small blind) mucked
Seat 8: Makomar (big blind) showed [Tc Ks] and won ($41.50) with a straight, Six to Ten


PokerStars Hand #152572759258:  Hold'em Limit ($3/$6 USD) - 2016/04/28 14:24:48 ET
Table 'Kanda' 10-max Seat #6 is the button
Seat 6: Thijsje1200 ($70.66 in chips)
Seat 8: Makomar ($277.87 in chips)
Thijsje1200: posts small blind $1
Makomar: posts big blind $3
*** HOLE CARDS ***
Thijsje1200: raises $3 to $6
Makomar: calls $3
*** FLOP *** [Ks 5s Js]
Makomar: checks
Thijsje1200: bets $3
Makomar: calls $3
*** TURN *** [Ks 5s Js] [6c]
Makomar: checks
Thijsje1200: checks
*** RIVER *** [Ks 5s Js 6c] [5h]
Makomar: bets $6
Thijsje1200: calls $6
*** SHOW DOWN ***
Makomar: shows [Kc 9d] (two pair, Kings and Fives)
Thijsje1200: mucks hand
Makomar collected $29.50 from pot
*** SUMMARY ***
Total pot $30 | Rake $0.50
Board [Ks 5s Js 6c 5h]
Seat 6: Thijsje1200 (button) (small blind) mucked
Seat 8: Makomar (big blind) showed [Kc 9d] and won ($29.50) with two pair, Kings and Fives


PokerStars Hand #152572787852:  Hold'em Limit ($3/$6 USD) - 2016/04/28 14:25:22 ET
Table 'Kanda' 10-max Seat #6 is the button
Seat 6: Thijsje1200 ($31.66 in chips)
Seat 8: Makomar ($315.87 in chips)
Thijsje1200: posts small blind $1
Makomar: posts big blind $3
*** HOLE CARDS ***
Thijsje1200: folds
Uncalled bet ($2) returned to Makomar
Makomar collected $2 from pot
Makomar: doesn't show hand
*** SUMMARY ***
Total pot $2 | Rake $0
Seat 6: Thijsje1200 (button) (small blind) folded before Flop
Seat 8: Makomar (big blind) collected ($2)


PokerStars Hand #152572770400:  Hold'em Limit ($3/$6 USD) - 2016/04/28 14:25:01 ET
Table 'Kanda' 10-max Seat #8 is the button
Seat 6: Thijsje1200 ($55.66 in chips)
Seat 8: Makomar ($292.37 in chips)
Makomar: posts small blind $1
Thijsje1200: posts big blind $3
*** HOLE CARDS ***
Makomar: raises $3 to $6
Thijsje1200: raises $3 to $9
Makomar: calls $3
*** FLOP *** [2d 2h Jh]
Thijsje1200: bets $3
Makomar: calls $3
*** TURN *** [2d 2h Jh] [3s]
Thijsje1200: bets $6
Makomar: calls $6
*** RIVER *** [2d 2h Jh 3s] [7d]
Thijsje1200: bets $6
Makomar: calls $6
*** SHOW DOWN ***
Thijsje1200: shows [Qc As] (a pair of Deuces)
Makomar: shows [Js 6h] (two pair, Jacks and Deuces)
Makomar collected $47.50 from pot
*** SUMMARY ***
Total pot $48 | Rake $0.50
Board [2d 2h Jh 3s 7d]
Seat 6: Thijsje1200 (big blind) showed [Qc As] and lost with a pair of Deuces
Seat 8: Makomar (button) (small blind) showed [Js 6h] and won ($47.50) with two pair, Jacks and Deuces


PokerStars Hand #152572794283:  Hold'em Limit ($3/$6 USD) - 2016/04/28 14:25:29 ET
Table 'Kanda' 10-max Seat #8 is the button
Seat 6: Thijsje1200 ($30.66 in chips)
Seat 8: Makomar ($316.87 in chips)
Makomar: posts small blind $1
Thijsje1200: posts big blind $3
*** HOLE CARDS ***
Makomar: raises $3 to $6
Thijsje1200: raises $3 to $9
Makomar: calls $3
*** FLOP *** [Js 4h 8s]
Thijsje1200: bets $3
Makomar: calls $3
*** TURN *** [Js 4h 8s] [5s]
Thijsje1200: bets $6
Makomar: calls $6
*** RIVER *** [Js 4h 8s 5s] [6s]
Thijsje1200: bets $6
Makomar: folds
Uncalled bet ($6) returned to Thijsje1200
Thijsje1200 collected $35.50 from pot
Thijsje1200: doesn't show hand
*** SUMMARY ***
Total pot $36 | Rake $0.50
Board [Js 4h 8s 5s 6s]
Seat 6: Thijsje1200 (big blind) collected ($35.50)
Seat 8: Makomar (button) (small blind) folded on the River


PokerStars Hand #152572812247:  Hold'em Limit ($3/$6 USD) - 2016/04/28 14:25:50 ET
Table 'Kanda' 10-max Seat #6 is the button
Seat 6: Thijsje1200 ($48.16 in chips)
Seat 8: Makomar ($298.87 in chips)
Thijsje1200: posts small blind $1
Makomar: posts big blind $3
*** HOLE CARDS ***
Thijsje1200: raises $3 to $6
Makomar: calls $3
*** FLOP *** [5h 7s 4s]
Makomar: checks
Thijsje1200: bets $3
Makomar: raises $3 to $6
Thijsje1200: calls $3
*** TURN *** [5h 7s 4s] [Ts]
Makomar: bets $6
Thijsje1200: calls $6
*** RIVER *** [5h 7s 4s Ts] [9c]
Makomar: bets $6
Thijsje1200: folds
Uncalled bet ($6) returned to Makomar
Makomar collected $35.50 from pot
Makomar: doesn't show hand
*** SUMMARY ***
Total pot $36 | Rake $0.50
Board [5h 7s 4s Ts 9c]
Seat 6: Thijsje1200 (button) (small blind) folded on the River
Seat 8: Makomar (big blind) collected ($35.50)


PokerStars Hand #152572829604:  Hold'em Limit ($3/$6 USD) - 2016/04/28 14:26:10 ET
Table 'Kanda' 10-max Seat #8 is the button
Seat 6: Thijsje1200 ($30.16 in chips)
Seat 8: Makomar ($316.37 in chips)
Makomar: posts small blind $1
Thijsje1200: posts big blind $3
*** HOLE CARDS ***
Makomar: folds
Uncalled bet ($2) returned to Thijsje1200
Thijsje1200 collected $2 from pot
Thijsje1200: doesn't show hand
*** SUMMARY ***
Total pot $2 | Rake $0
Seat 6: Thijsje1200 (big blind) collected ($2)
Seat 8: Makomar (button) (small blind) folded before Flop


PokerStars Hand #152584232871:  Hold'em Limit ($3/$6 USD) - 2016/04/28 18:02:09 ET
Table 'Kanda' 10-max Seat #4 is the button
Seat 4: zepsweden ($242.87 in chips)
Seat 6: vestimokrec ($125.76 in chips)
zepsweden: posts small blind $1
vestimokrec: posts big blind $3
*** HOLE CARDS ***
zepsweden: calls $2
vestimokrec: checks
*** FLOP *** [Ks 9s Qc]
vestimokrec: checks
zepsweden: checks
*** TURN *** [Ks 9s Qc] [Ts]
vestimokrec: checks
zepsweden: bets $6
vestimokrec: folds
Uncalled bet ($6) returned to zepsweden
zepsweden collected $5.88 from pot
zepsweden: doesn't show hand
*** SUMMARY ***
Total pot $6 | Rake $0.12
Board [Ks 9s Qc Ts]
Seat 4: zepsweden (button) (small blind) collected ($5.88)
Seat 6: vestimokrec (big blind) folded on the Turn


PokerStars Hand #152584279751:  Hold'em Limit ($3/$6 USD) - 2016/04/28 18:03:09 ET
Table 'Kanda' 10-max Seat #6 is the button
Seat 4: zepsweden ($212.75 in chips)
Seat 6: vestimokrec ($155.02 in chips)
vestimokrec: posts small blind $1
zepsweden: posts big blind $3
*** HOLE CARDS ***
vestimokrec: raises $3 to $6
zepsweden: calls $3
*** FLOP *** [3d 6c Ad]
zepsweden: checks
vestimokrec: bets $3
zepsweden: calls $3
*** TURN *** [3d 6c Ad] [4s]
zepsweden: checks
vestimokrec: checks
*** RIVER *** [3d 6c Ad 4s] [8s]
zepsweden: bets $6
vestimokrec: calls $6
*** SHOW DOWN ***
zepsweden: shows [Td 6h] (a pair of Sixes)
vestimokrec: mucks hand
zepsweden collected $29.50 from pot
*** SUMMARY ***
Total pot $30 | Rake $0.50
Board [3d 6c Ad 4s 8s]
Seat 4: zepsweden (big blind) showed [Td 6h] and won ($29.50) with a pair of Sixes
Seat 6: vestimokrec (button) (small blind) mucked


PokerStars Hand #152584269007:  Hold'em Limit ($3/$6 USD) - 2016/04/28 18:02:56 ET
Table 'Kanda' 10-max Seat #4 is the button
Seat 4: zepsweden ($218.75 in chips)
Seat 6: vestimokrec ($149.26 in chips)
zepsweden: posts small blind $1
vestimokrec: posts big blind $3
*** HOLE CARDS ***
zepsweden: raises $3 to $6
vestimokrec: calls $3
*** FLOP *** [Ah 8s 3s]
vestimokrec: checks
zepsweden: checks
*** TURN *** [Ah 8s 3s] [4h]
vestimokrec: bets $6
zepsweden: folds
Uncalled bet ($6) returned to vestimokrec
vestimokrec collected $11.76 from pot
vestimokrec: doesn't show hand
*** SUMMARY ***
Total pot $12 | Rake $0.24
Board [Ah 8s 3s 4h]
Seat 4: zepsweden (button) (small blind) folded on the Turn
Seat 6: vestimokrec (big blind) collected ($11.76)


PokerStars Hand #152584246726:  Hold'em Limit ($3/$6 USD) - 2016/04/28 18:02:27 ET
Table 'Kanda' 10-max Seat #6 is the button
Seat 4: zepsweden ($245.75 in chips)
Seat 6: vestimokrec ($122.76 in chips)
vestimokrec: posts small blind $1
zepsweden: posts big blind $3
*** HOLE CARDS ***
vestimokrec: raises $3 to $6
zepsweden: calls $3
*** FLOP *** [3h 4c 6s]
zepsweden: bets $3
vestimokrec: calls $3
*** TURN *** [3h 4c 6s] [7c]
zepsweden: bets $6
vestimokrec: raises $6 to $12
zepsweden: calls $6
*** RIVER *** [3h 4c 6s 7c] [2c]
zepsweden: checks
vestimokrec: bets $6
zepsweden: calls $6
*** SHOW DOWN ***
vestimokrec: shows [8c 5h] (a straight, Four to Eight)
zepsweden: mucks hand
vestimokrec collected $53.50 from pot
*** SUMMARY ***
Total pot $54 | Rake $0.50
Board [3h 4c 6s 7c 2c]
Seat 4: zepsweden (big blind) mucked
Seat 6: vestimokrec (button) (small blind) showed [8c 5h] and won ($53.50) with a straight, Four to Eight


PokerStars Hand #152584318747:  Hold'em Limit ($3/$6 USD) - 2016/04/28 18:03:59 ET
Table 'Kanda' 10-max Seat #6 is the button
Seat 4: zepsweden ($218.25 in chips)
Seat 6: vestimokrec ($148.66 in chips)
vestimokrec: posts small blind $1
zepsweden: posts big blind $3
*** HOLE CARDS ***
vestimokrec: raises $3 to $6
zepsweden: calls $3
*** FLOP *** [7d 3c 4c]
zepsweden: bets $3
vestimokrec: calls $3
*** TURN *** [7d 3c 4c] [Ts]
zepsweden: bets $6
vestimokrec: folds
Uncalled bet ($6) returned to zepsweden
zepsweden collected $17.64 from pot
zepsweden: doesn't show hand
*** SUMMARY ***
Total pot $18 | Rake $0.36
Board [7d 3c 4c Ts]
Seat 4: zepsweden (big blind) collected ($17.64)
Seat 6: vestimokrec (button) (small blind) folded on the Turn


PokerStars Hand #152584299279:  Hold'em Limit ($3/$6 USD) - 2016/04/28 18:03:34 ET
Table 'Kanda' 10-max Seat #4 is the button
Seat 4: zepsweden ($227.25 in chips)
Seat 6: vestimokrec ($140.02 in chips)
zepsweden: posts small blind $1
vestimokrec: posts big blind $3
*** HOLE CARDS ***
zepsweden: raises $3 to $6
vestimokrec: raises $3 to $9
zepsweden: calls $3
*** FLOP *** [Jh 3c 5s]
vestimokrec: bets $3
zepsweden: folds
Uncalled bet ($3) returned to vestimokrec
vestimokrec collected $17.64 from pot
vestimokrec: doesn't show hand
*** SUMMARY ***
Total pot $18 | Rake $0.36
Board [Jh 3c 5s]
Seat 4: zepsweden (button) (small blind) folded on the Flop
Seat 6: vestimokrec (big blind) collected ($17.64)


PokerStars Hand #152584364450:  Hold'em Limit ($3/$6 USD) - 2016/04/28 18:04:55 ET
Table 'Kanda' 10-max Seat #6 is the button
Seat 4: zepsweden ($211.89 in chips)
Seat 6: vestimokrec ($154.16 in chips)
vestimokrec: posts small blind $1
zepsweden: posts big blind $3
*** HOLE CARDS ***
vestimokrec: raises $3 to $6
zepsweden: calls $3
*** FLOP *** [4h 6d Qh]
zepsweden: checks
vestimokrec: bets $3
zepsweden: folds
Uncalled bet ($3) returned to vestimokrec
vestimokrec collected $11.76 from pot
vestimokrec: doesn't show hand
*** SUMMARY ***
Total pot $12 | Rake $0.24
Board [4h 6d Qh]
Seat 4: zepsweden (big blind) folded on the Flop
Seat 6: vestimokrec (button) (small blind) collected ($11.76)


PokerStars Hand #152584339268:  Hold'em Limit ($3/$6 USD) - 2016/04/28 18:04:24 ET
Table 'Kanda' 10-max Seat #4 is the button
Seat 4: zepsweden ($226.89 in chips)
Seat 6: vestimokrec ($139.66 in chips)
zepsweden: posts small blind $1
vestimokrec: posts big blind $3
*** HOLE CARDS ***
zepsweden: calls $2
vestimokrec: checks
*** FLOP *** [Kh 2s 2h]
vestimokrec: checks
zepsweden: checks
*** TURN *** [Kh 2s 2h] [Kd]
vestimokrec: checks
zepsweden: bets $6
vestimokrec: calls $6
*** RIVER *** [Kh 2s 2h Kd] [4h]
vestimokrec: checks
zepsweden: bets $6
vestimokrec: calls $6
*** SHOW DOWN ***
zepsweden: shows [9d Ad] (two pair, Kings and Deuces)
vestimokrec: shows [5h Qh] (a flush, King high)
vestimokrec collected $29.50 from pot
*** SUMMARY ***
Total pot $30 | Rake $0.50
Board [Kh 2s 2h Kd 4h]
Seat 4: zepsweden (button) (small blind) showed [9d Ad] and lost with two pair, Kings and Deuces
Seat 6: vestimokrec (big blind) showed [5h Qh] and won ($29.50) with a flush, King high


PokerStars Hand #152584401184:  Hold'em Limit ($3/$6 USD) - 2016/04/28 18:05:40 ET
Table 'Kanda' 10-max Seat #4 is the button
Seat 4: zepsweden ($203.89 in chips)
Seat 6: vestimokrec ($161.80 in chips)
zepsweden: posts small blind $1
vestimokrec: posts big blind $3
*** HOLE CARDS ***
zepsweden: calls $2
vestimokrec: checks
*** FLOP *** [Js 8c 8s]
vestimokrec: bets $3
zepsweden: raises $3 to $6
vestimokrec: calls $3
*** TURN *** [Js 8c 8s] [Tc]
vestimokrec: checks
zepsweden: bets $6
vestimokrec: folds
Uncalled bet ($6) returned to zepsweden
zepsweden collected $17.64 from pot
zepsweden: doesn't show hand
*** SUMMARY ***
Total pot $18 | Rake $0.36
Board [Js 8c 8s Tc]
Seat 4: zepsweden (button) (small blind) collected ($17.64)
Seat 6: vestimokrec (big blind) folded on the Turn


PokerStars Hand #152584397708:  Hold'em Limit ($3/$6 USD) - 2016/04/28 18:05:35 ET
Table 'Kanda' 10-max Seat #6 is the button
Seat 4: zepsweden ($202.89 in chips)
Seat 6: vestimokrec ($162.80 in chips)
vestimokrec: posts small blind $1
zepsweden: posts big blind $3
*** HOLE CARDS ***
vestimokrec: folds
Uncalled bet ($2) returned to zepsweden
zepsweden collected $2 from pot
zepsweden: doesn't show hand
*** SUMMARY ***
Total pot $2 | Rake $0
Seat 4: zepsweden (big blind) collected ($2)
Seat 6: vestimokrec (button) (small blind) folded before Flop


PokerStars Hand #152584376958:  Hold'em Limit ($3/$6 USD) - 2016/04/28 18:05:10 ET
Table 'Kanda' 10-max Seat #4 is the button
Seat 4: zepsweden ($205.89 in chips)
Seat 6: vestimokrec ($159.92 in chips)
zepsweden: posts small blind $1
vestimokrec: posts big blind $3
*** HOLE CARDS ***
zepsweden: calls $2
vestimokrec: checks
*** FLOP *** [3h 7d Ac]
vestimokrec: checks
zepsweden: checks
*** TURN *** [3h 7d Ac] [Qs]
vestimokrec: checks
zepsweden: checks
*** RIVER *** [3h 7d Ac Qs] [8h]
vestimokrec: bets $6
zepsweden: folds
Uncalled bet ($6) returned to vestimokrec
vestimokrec collected $5.88 from pot
vestimokrec: doesn't show hand
*** SUMMARY ***
Total pot $6 | Rake $0.12
Board [3h 7d Ac Qs 8h]
Seat 4: zepsweden (button) (small blind) folded on the River
Seat 6: vestimokrec (big blind) collected ($5.88)


PokerStars Hand #152584467605:  Hold'em Limit ($3/$6 USD) - 2016/04/28 18:07:01 ET
Table 'Kanda' 10-max Seat #4 is the button
Seat 4: zepsweden ($214.17 in chips)
Seat 6: vestimokrec ($150.56 in chips)
zepsweden: posts small blind $1
vestimokrec: posts big blind $3
*** HOLE CARDS ***
Fused2Orium joins the table at seat #7
zepsweden: calls $2
vestimokrec: raises $3 to $6
zepsweden: calls $3
*** FLOP *** [9s Kd Qh]
vestimokrec: bets $3
zepsweden: folds
Uncalled bet ($3) returned to vestimokrec
vestimokrec collected $11.76 from pot
vestimokrec: doesn't show hand
*** SUMMARY ***
Total pot $12 | Rake $0.24
Board [9s Kd Qh]
Seat 4: zepsweden (button) (small blind) folded on the Flop
Seat 6: vestimokrec (big blind) collected ($11.76)


PokerStars Hand #152584454151:  Hold'em Limit ($3/$6 USD) - 2016/04/28 18:06:45 ET
Table 'Kanda' 10-max Seat #6 is the button
Seat 4: zepsweden ($220.17 in chips)
Seat 6: vestimokrec ($144.80 in chips)
vestimokrec: posts small blind $1
zepsweden: posts big blind $3
*** HOLE CARDS ***
vestimokrec: raises $3 to $6
zepsweden: calls $3
*** FLOP *** [9s Js 9c]
zepsweden: checks
vestimokrec: bets $3
zepsweden: folds
Uncalled bet ($3) returned to vestimokrec
vestimokrec collected $11.76 from pot
vestimokrec: doesn't show hand
*** SUMMARY ***
Total pot $12 | Rake $0.24
Board [9s Js 9c]
Seat 4: zepsweden (big blind) folded on the Flop
Seat 6: vestimokrec (button) (small blind) collected ($11.76)


PokerStars Hand #152584449753:  Hold'em Limit ($3/$6 USD) - 2016/04/28 18:06:39 ET
Table 'Kanda' 10-max Seat #4 is the button
Seat 4: zepsweden ($221.17 in chips)
Seat 6: vestimokrec ($143.80 in chips)
zepsweden: posts small blind $1
vestimokrec: posts big blind $3
*** HOLE CARDS ***
zepsweden: folds
Uncalled bet ($2) returned to vestimokrec
vestimokrec collected $2 from pot
vestimokrec: doesn't show hand
*** SUMMARY ***
Total pot $2 | Rake $0
Seat 4: zepsweden (button) (small blind) folded before Flop
Seat 6: vestimokrec (big blind) collected ($2)


PokerStars Hand #152584423198:  Hold'em Limit ($3/$6 USD) - 2016/04/28 18:06:06 ET
Table 'Kanda' 10-max Seat #6 is the button
Seat 4: zepsweden ($212.53 in chips)
Seat 6: vestimokrec ($152.80 in chips)
vestimokrec: posts small blind $1
zepsweden: posts big blind $3
*** HOLE CARDS ***
vestimokrec: raises $3 to $6
zepsweden: calls $3
*** FLOP *** [Kh 4c 7d]
zepsweden: checks
vestimokrec: bets $3
zepsweden: calls $3
*** TURN *** [Kh 4c 7d] [9d]
zepsweden: checks
vestimokrec: checks
*** RIVER *** [Kh 4c 7d 9d] [2s]
zepsweden: bets $6
vestimokrec: folds
Uncalled bet ($6) returned to zepsweden
zepsweden collected $17.64 from pot
zepsweden: doesn't show hand
*** SUMMARY ***
Total pot $18 | Rake $0.36
Board [Kh 4c 7d 9d 2s]
Seat 4: zepsweden (big blind) collected ($17.64)
Seat 6: vestimokrec (button) (small blind) folded on the River


PokerStars Hand #152584792219:  Hold'em Limit ($3/$6 USD) - 2016/04/28 18:13:48 ET
Table 'Kanda' 10-max Seat #6 is the button
Seat 4: zepsweden ($303.50 in chips)
Seat 6: vestimokrec ($129 in chips)
vestimokrec: posts small blind $1
zepsweden: posts big blind $3
*** HOLE CARDS ***
vestimokrec: raises $3 to $6
zepsweden: calls $3
*** FLOP *** [8d Qc 7h]
zepsweden: checks
vestimokrec: checks
*** TURN *** [8d Qc 7h] [5d]
zepsweden: bets $6
vestimokrec: calls $6
*** RIVER *** [8d Qc 7h 5d] [Ts]
zepsweden: bets $6
vestimokrec: calls $6
*** SHOW DOWN ***
zepsweden: shows [9c Jd] (a straight, Eight to Queen)
vestimokrec: mucks hand
zepsweden collected $35.50 from pot
*** SUMMARY ***
Total pot $36 | Rake $0.50
Board [8d Qc 7h 5d Ts]
Seat 4: zepsweden (big blind) showed [9c Jd] and won ($35.50) with a straight, Eight to Queen
Seat 6: vestimokrec (button) (small blind) mucked


PokerStars Hand #152584809492:  Hold'em Limit ($3/$6 USD) - 2016/04/28 18:14:10 ET
Table 'Kanda' 10-max Seat #4 is the button
Seat 4: zepsweden ($321 in chips)
Seat 6: vestimokrec ($120 in chips)
zepsweden: posts small blind $1
vestimokrec: posts big blind $3
*** HOLE CARDS ***
zepsweden: raises $3 to $6
vestimokrec: calls $3
*** FLOP *** [8s 4s Jd]
vestimokrec: checks
zepsweden: bets $3
vestimokrec: raises $3 to $6
zepsweden: calls $3
*** TURN *** [8s 4s Jd] [7c]
vestimokrec: bets $6
zepsweden: calls $6
*** RIVER *** [8s 4s Jd 7c] [7s]
vestimokrec: bets $6
zepsweden: raises $6 to $12
vestimokrec: folds
Uncalled bet ($6) returned to zepsweden
zepsweden collected $47.50 from pot
zepsweden: doesn't show hand
*** SUMMARY ***
Total pot $48 | Rake $0.50
Board [8s 4s Jd 7c 7s]
Seat 4: zepsweden (button) (small blind) collected ($47.50)
Seat 6: vestimokrec (big blind) folded on the River


PokerStars Hand #152584855240:  Hold'em Limit ($3/$6 USD) - 2016/04/28 18:15:10 ET
Table 'Kanda' 10-max Seat #4 is the button
Seat 4: zepsweden ($338.50 in chips)
Seat 6: vestimokrec ($125.76 in chips)
zepsweden: posts small blind $1
vestimokrec: posts big blind $3
*** HOLE CARDS ***
zepsweden: folds
Uncalled bet ($2) returned to vestimokrec
vestimokrec collected $2 from pot
vestimokrec: doesn't show hand
*** SUMMARY ***
Total pot $2 | Rake $0
Seat 4: zepsweden (button) (small blind) folded before Flop
Seat 6: vestimokrec (big blind) collected ($2)


PokerStars Hand #152584841993:  Hold'em Limit ($3/$6 USD) - 2016/04/28 18:14:53 ET
Table 'Kanda' 10-max Seat #6 is the button
Seat 4: zepsweden ($344.50 in chips)
Seat 6: vestimokrec ($120 in chips)
vestimokrec: posts small blind $1
zepsweden: posts big blind $3
*** HOLE CARDS ***
vestimokrec: raises $3 to $6
zepsweden: calls $3
*** FLOP *** [5c 7c Qs]
zepsweden: checks
vestimokrec: bets $3
zepsweden: folds
Uncalled bet ($3) returned to vestimokrec
vestimokrec collected $11.76 from pot
vestimokrec: doesn't show hand
*** SUMMARY ***
Total pot $12 | Rake $0.24
Board [5c 7c Qs]
Seat 4: zepsweden (big blind) folded on the Flop
Seat 6: vestimokrec (button) (small blind) collected ($11.76)


PokerStars Hand #152584858903:  Hold'em Limit ($3/$6 USD) - 2016/04/28 18:15:15 ET
Table 'Kanda' 10-max Seat #6 is the button
Seat 4: zepsweden ($337.50 in chips)
Seat 6: vestimokrec ($126.76 in chips)
vestimokrec: posts small blind $1
zepsweden: posts big blind $3
*** HOLE CARDS ***
vestimokrec: raises $3 to $6
zepsweden: calls $3
*** FLOP *** [2s 7d Jd]
zepsweden: bets $3
vestimokrec: calls $3
*** TURN *** [2s 7d Jd] [Ac]
zepsweden: bets $6
vestimokrec: calls $6
*** RIVER *** [2s 7d Jd Ac] [7c]
zepsweden: bets $6
vestimokrec: folds
Uncalled bet ($6) returned to zepsweden
zepsweden collected $29.50 from pot
zepsweden: doesn't show hand
*** SUMMARY ***
Total pot $30 | Rake $0.50
Board [2s 7d Jd Ac 7c]
Seat 4: zepsweden (big blind) collected ($29.50)
Seat 6: vestimokrec (button) (small blind) folded on the River


PokerStars Hand #152584881518:  Hold'em Limit ($3/$6 USD) - 2016/04/28 18:15:45 ET
Table 'Kanda' 10-max Seat #4 is the button
Seat 4: zepsweden ($352 in chips)
Seat 6: vestimokrec ($120 in chips)
zepsweden: posts small blind $1
vestimokrec: posts big blind $3
*** HOLE CARDS ***
zepsweden: folds
Uncalled bet ($2) returned to vestimokrec
vestimokrec collected $2 from pot
vestimokrec: doesn't show hand
*** SUMMARY ***
Total pot $2 | Rake $0
Seat 4: zepsweden (button) (small blind) folded before Flop
Seat 6: vestimokrec (big blind) collected ($2)


