PokerStars Hand #146321894746:  Hold'em Limit ($3/$6 USD) - 2016/01/02 7:53:06 ET
Table 'Kapaneus II' 2-max Seat #2 is the button
Seat 1: nedo1414 ($157.51 in chips)
Seat 2: torsk278 ($120 in chips)
torsk278: posts small blind $1
nedo1414: posts big blind $3
*** HOLE CARDS ***
torsk278: raises $3 to $6
nedo1414: calls $3
*** FLOP *** [Kc 7h Ac]
nedo1414: checks
torsk278: bets $3
nedo1414: calls $3
*** TURN *** [Kc 7h Ac] [5c]
nedo1414: checks
torsk278: bets $6
nedo1414: calls $6
*** RIVER *** [Kc 7h Ac 5c] [2d]
nedo1414: checks
torsk278: bets $6
nedo1414: calls $6
*** SHOW DOWN ***
torsk278: shows [Qd As] (a pair of Aces)
nedo1414: mucks hand
torsk278 collected $41.50 from pot
*** SUMMARY ***
Total pot $42 | Rake $0.50
Board [Kc 7h Ac 5c 2d]
Seat 1: nedo1414 (big blind) mucked
Seat 2: torsk278 (button) (small blind) showed [Qd As] and won ($41.50) with a pair of Aces


PokerStars Hand #146321909166:  Hold'em Limit ($3/$6 USD) - 2016/01/02 7:53:27 ET
Table 'Kapaneus II' 2-max Seat #1 is the button
Seat 1: nedo1414 ($136.51 in chips)
Seat 2: torsk278 ($140.50 in chips)
nedo1414: posts small blind $1
torsk278: posts big blind $3
*** HOLE CARDS ***
nedo1414: raises $3 to $6
torsk278: calls $3
*** FLOP *** [Th Ac 9s]
torsk278: checks
nedo1414: bets $3
torsk278: raises $3 to $6
nedo1414: calls $3
*** TURN *** [Th Ac 9s] [4s]
torsk278: bets $6
nedo1414: calls $6
*** RIVER *** [Th Ac 9s 4s] [2c]
torsk278: checks
nedo1414: bets $6
torsk278: calls $6
*** SHOW DOWN ***
nedo1414: shows [8h 6s] (high card Ace)
torsk278: shows [7d Td] (a pair of Tens)
torsk278 collected $47.50 from pot
*** SUMMARY ***
Total pot $48 | Rake $0.50
Board [Th Ac 9s 4s 2c]
Seat 1: nedo1414 (button) (small blind) showed [8h 6s] and lost with high card Ace
Seat 2: torsk278 (big blind) showed [7d Td] and won ($47.50) with a pair of Tens


PokerStars Hand #146321921028:  Hold'em Limit ($3/$6 USD) - 2016/01/02 7:53:44 ET
Table 'Kapaneus II' 2-max Seat #2 is the button
Seat 1: nedo1414 ($112.51 in chips)
Seat 2: torsk278 ($164 in chips)
torsk278: posts small blind $1
nedo1414: posts big blind $3
*** HOLE CARDS ***
torsk278: raises $3 to $6
nedo1414: raises $3 to $9
torsk278: calls $3
*** FLOP *** [5c 6c 7h]
nedo1414: bets $3
torsk278: calls $3
*** TURN *** [5c 6c 7h] [4h]
nedo1414: checks
torsk278: bets $6
nedo1414: calls $6
*** RIVER *** [5c 6c 7h 4h] [2s]
nedo1414: checks
torsk278: bets $6
nedo1414: calls $6
*** SHOW DOWN ***
torsk278: shows [8d Td] (a straight, Four to Eight)
nedo1414: mucks hand
torsk278 collected $47.50 from pot
*** SUMMARY ***
Total pot $48 | Rake $0.50
Board [5c 6c 7h 4h 2s]
Seat 1: nedo1414 (big blind) mucked
Seat 2: torsk278 (button) (small blind) showed [8d Td] and won ($47.50) with a straight, Four to Eight


PokerStars Hand #146321946444:  Hold'em Limit ($3/$6 USD) - 2016/01/02 7:54:19 ET
Table 'Kapaneus II' 2-max Seat #1 is the button
Seat 1: nedo1414 ($88.51 in chips)
Seat 2: torsk278 ($187.50 in chips)
nedo1414: posts small blind $1
torsk278: posts big blind $3
*** HOLE CARDS ***
nedo1414: raises $3 to $6
torsk278: calls $3
*** FLOP *** [2d 9h 9c]
torsk278: checks
nedo1414: bets $3
torsk278: calls $3
*** TURN *** [2d 9h 9c] [8h]
torsk278: checks
nedo1414: bets $6
torsk278: raises $6 to $12
nedo1414: folds
Uncalled bet ($6) returned to torsk278
torsk278 collected $29.50 from pot
torsk278: doesn't show hand
nedo1414 leaves the table
*** SUMMARY ***
Total pot $30 | Rake $0.50
Board [2d 9h 9c 8h]
Seat 1: nedo1414 (button) (small blind) folded on the Turn
Seat 2: torsk278 (big blind) collected ($29.50)


