PokerStars Hand #164907983425:  Hold'em Limit ($3/$6 USD) - 2017/01/20 19:20:35 ET
Table 'Kapaneus' 6-max Seat #4 is the button
Seat 3: gnatakurchpz ($24 in chips)
Seat 4: AzureCaper ($95.50 in chips)
AzureCaper: posts small blind $1
gnatakurchpz: posts big blind $3
*** HOLE CARDS ***
AzureCaper: raises $3 to $6
gnatakurchpz: folds
Uncalled bet ($3) returned to AzureCaper
AzureCaper collected $6 from pot
AzureCaper: doesn't show hand
*** SUMMARY ***
Total pot $6 | Rake $0
Seat 3: gnatakurchpz (big blind) folded before Flop
Seat 4: AzureCaper (button) (small blind) collected ($6)


PokerStars Hand #164907969058:  Hold'em Limit ($3/$6 USD) - 2017/01/20 19:20:15 ET
Table 'Kapaneus' 6-max Seat #3 is the button
Seat 3: gnatakurchpz ($48 in chips)
Seat 4: AzureCaper ($72 in chips)
gnatakurchpz: posts small blind $1
AzureCaper: posts big blind $3
*** HOLE CARDS ***
gnatakurchpz: raises $3 to $6
AzureCaper: calls $3
*** FLOP *** [Qh 8s Kc]
AzureCaper: checks
gnatakurchpz: bets $3
AzureCaper: raises $3 to $6
gnatakurchpz: calls $3
*** TURN *** [Qh 8s Kc] [4h]
AzureCaper: bets $6
gnatakurchpz: calls $6
*** RIVER *** [Qh 8s Kc 4h] [8d]
AzureCaper: bets $6
gnatakurchpz: calls $6
*** SHOW DOWN ***
AzureCaper: shows [Kh Qd] (two pair, Kings and Queens)
gnatakurchpz: mucks hand
AzureCaper collected $47.50 from pot
*** SUMMARY ***
Total pot $48 | Rake $0.50
Board [Qh 8s Kc 4h 8d]
Seat 3: gnatakurchpz (button) (small blind) mucked
Seat 4: AzureCaper (big blind) showed [Kh Qd] and won ($47.50) with two pair, Kings and Queens


PokerStars Hand #164907988727:  Hold'em Limit ($3/$6 USD) - 2017/01/20 19:20:43 ET
Table 'Kapaneus' 6-max Seat #3 is the button
Seat 3: gnatakurchpz ($21 in chips)
Seat 4: AzureCaper ($98.50 in chips)
gnatakurchpz: posts small blind $1
AzureCaper: posts big blind $3
*** HOLE CARDS ***
gnatakurchpz: raises $3 to $6
AzureCaper: folds
Uncalled bet ($3) returned to gnatakurchpz
gnatakurchpz collected $6 from pot
gnatakurchpz: doesn't show hand
*** SUMMARY ***
Total pot $6 | Rake $0
Seat 3: gnatakurchpz (button) (small blind) collected ($6)
Seat 4: AzureCaper (big blind) folded before Flop


PokerStars Hand #164907999699:  Hold'em Limit ($3/$6 USD) - 2017/01/20 19:20:58 ET
Table 'Kapaneus' 6-max Seat #4 is the button
Seat 3: gnatakurchpz ($24 in chips)
Seat 4: AzureCaper ($95.50 in chips)
AzureCaper: posts small blind $1
gnatakurchpz: posts big blind $3
*** HOLE CARDS ***
AzureCaper: raises $3 to $6
gnatakurchpz: calls $3
*** FLOP *** [5s Qc 2d]
gnatakurchpz: bets $3
AzureCaper: folds
Uncalled bet ($3) returned to gnatakurchpz
gnatakurchpz collected $11.76 from pot
gnatakurchpz: doesn't show hand
*** SUMMARY ***
Total pot $12 | Rake $0.24
Board [5s Qc 2d]
Seat 3: gnatakurchpz (big blind) collected ($11.76)
Seat 4: AzureCaper (button) (small blind) folded on the Flop


PokerStars Hand #164908008849:  Hold'em Limit ($3/$6 USD) - 2017/01/20 19:21:11 ET
Table 'Kapaneus' 6-max Seat #3 is the button
Seat 3: gnatakurchpz ($29.76 in chips)
Seat 4: AzureCaper ($89.50 in chips)
gnatakurchpz: posts small blind $1
AzureCaper: posts big blind $3
*** HOLE CARDS ***
gnatakurchpz: folds
Uncalled bet ($2) returned to AzureCaper
AzureCaper collected $2 from pot
AzureCaper: doesn't show hand
*** SUMMARY ***
Total pot $2 | Rake $0
Seat 3: gnatakurchpz (button) (small blind) folded before Flop
Seat 4: AzureCaper (big blind) collected ($2)


PokerStars Hand #164908021926:  Hold'em Limit ($3/$6 USD) - 2017/01/20 19:21:30 ET
Table 'Kapaneus' 6-max Seat #3 is the button
Seat 3: gnatakurchpz ($37.40 in chips)
Seat 4: AzureCaper ($81.50 in chips)
gnatakurchpz: posts small blind $1
AzureCaper: posts big blind $3
*** HOLE CARDS ***
gnatakurchpz: folds
Uncalled bet ($2) returned to AzureCaper
AzureCaper collected $2 from pot
AzureCaper: doesn't show hand
*** SUMMARY ***
Total pot $2 | Rake $0
Seat 3: gnatakurchpz (button) (small blind) folded before Flop
Seat 4: AzureCaper (big blind) collected ($2)


PokerStars Hand #164908012354:  Hold'em Limit ($3/$6 USD) - 2017/01/20 19:21:16 ET
Table 'Kapaneus' 6-max Seat #4 is the button
Seat 3: gnatakurchpz ($28.76 in chips)
Seat 4: AzureCaper ($90.50 in chips)
AzureCaper: posts small blind $1
gnatakurchpz: posts big blind $3
*** HOLE CARDS ***
Auge72 joins the table at seat #6
AzureCaper: raises $3 to $6
gnatakurchpz: calls $3
*** FLOP *** [8d Ts 6h]
gnatakurchpz: checks
AzureCaper: bets $3
gnatakurchpz: raises $3 to $6
AzureCaper: folds
Uncalled bet ($3) returned to gnatakurchpz
gnatakurchpz collected $17.64 from pot
gnatakurchpz: doesn't show hand
*** SUMMARY ***
Total pot $18 | Rake $0.36
Board [8d Ts 6h]
Seat 3: gnatakurchpz (big blind) collected ($17.64)
Seat 4: AzureCaper (button) (small blind) folded on the Flop


PokerStars Hand #164908549561:  Hold'em Limit ($3/$6 USD) - 2017/01/20 19:34:16 ET
Table 'Kapaneus' 6-max Seat #2 is the button
Seat 2: CardPocketer ($93.26 in chips)
Seat 4: AzureCaper ($185.78 in chips)
CardPocketer: posts small blind $1
AzureCaper: posts big blind $3
*** HOLE CARDS ***
CardPocketer: folds
Uncalled bet ($2) returned to AzureCaper
AzureCaper collected $2 from pot
AzureCaper: doesn't show hand
*** SUMMARY ***
Total pot $2 | Rake $0
Seat 2: CardPocketer (button) (small blind) folded before Flop
Seat 4: AzureCaper (big blind) collected ($2)


PokerStars Hand #164908544547:  Hold'em Limit ($3/$6 USD) - 2017/01/20 19:34:08 ET
Table 'Kapaneus' 6-max Seat #4 is the button
Seat 2: CardPocketer ($92.26 in chips)
Seat 4: AzureCaper ($186.78 in chips)
AzureCaper: posts small blind $1
Pelurile: is sitting out
CardPocketer: posts big blind $3
*** HOLE CARDS ***
AzureCaper: folds
Uncalled bet ($2) returned to CardPocketer
CardPocketer collected $2 from pot
CardPocketer: doesn't show hand
*** SUMMARY ***
Total pot $2 | Rake $0
Seat 2: CardPocketer (big blind) collected ($2)
Seat 4: AzureCaper (button) (small blind) folded before Flop


PokerStars Hand #164908557968:  Hold'em Limit ($3/$6 USD) - 2017/01/20 19:34:28 ET
Table 'Kapaneus' 6-max Seat #4 is the button
Seat 2: CardPocketer ($92.26 in chips)
Seat 4: AzureCaper ($186.78 in chips)
AzureCaper: posts small blind $1
CardPocketer: posts big blind $3
*** HOLE CARDS ***
AzureCaper: raises $3 to $6
CardPocketer: raises $3 to $9
AzureCaper: calls $3
*** FLOP *** [Th Js Tc]
CardPocketer: bets $3
AzureCaper: calls $3
*** TURN *** [Th Js Tc] [5d]
CardPocketer: bets $6
AzureCaper: calls $6
*** RIVER *** [Th Js Tc 5d] [7d]
CardPocketer: bets $6
AzureCaper: calls $6
*** SHOW DOWN ***
CardPocketer: shows [Kd Jc] (two pair, Jacks and Tens)
AzureCaper: shows [Jh Ks] (two pair, Jacks and Tens)
CardPocketer collected $23.75 from pot
AzureCaper collected $23.75 from pot
*** SUMMARY ***
Total pot $48 | Rake $0.50
Board [Th Js Tc 5d 7d]
Seat 2: CardPocketer (big blind) showed [Kd Jc] and won ($23.75) with two pair, Jacks and Tens
Seat 4: AzureCaper (button) (small blind) showed [Jh Ks] and won ($23.75) with two pair, Jacks and Tens


