PokerStars Hand #173064869895:  Hold'em Limit ($3/$6 USD) - 2017/07/15 11:47:51 ET
Table 'Kapteynia II' 6-max Seat #1 is the button
Seat 1: nedo1414 ($120 in chips)
Seat 5: umbunga ($120 in chips)
nedo1414: posts small blind $1
umbunga: posts big blind $3
*** HOLE CARDS ***
nedo1414: calls $2
umbunga: checks
*** FLOP *** [Th 6s Qs]
umbunga: checks
nedo1414: bets $3
umbunga: raises $3 to $6
nedo1414: calls $3
*** TURN *** [Th 6s Qs] [Kc]
umbunga: bets $6
nedo1414: folds
Uncalled bet ($6) returned to umbunga
umbunga collected $17.64 from pot
umbunga: doesn't show hand
*** SUMMARY ***
Total pot $18 | Rake $0.36
Board [Th 6s Qs Kc]
Seat 1: nedo1414 (button) (small blind) folded on the Turn
Seat 5: umbunga (big blind) collected ($17.64)


PokerStars Hand #173064882493:  Hold'em Limit ($3/$6 USD) - 2017/07/15 11:48:12 ET
Table 'Kapteynia II' 6-max Seat #5 is the button
Seat 1: nedo1414 ($111 in chips)
Seat 5: umbunga ($128.64 in chips)
umbunga: posts small blind $1
nedo1414: posts big blind $3
*** HOLE CARDS ***
umbunga: folds
Uncalled bet ($2) returned to nedo1414
nedo1414 collected $2 from pot
nedo1414: doesn't show hand
*** SUMMARY ***
Total pot $2 | Rake $0
Seat 1: nedo1414 (big blind) collected ($2)
Seat 5: umbunga (button) (small blind) folded before Flop


PokerStars Hand #173064899256:  Hold'em Limit ($3/$6 USD) - 2017/07/15 11:48:39 ET
Table 'Kapteynia II' 6-max Seat #5 is the button
Seat 1: nedo1414 ($126.50 in chips)
Seat 5: umbunga ($112.64 in chips)
umbunga: posts small blind $1
nedo1414: posts big blind $3
*** HOLE CARDS ***
umbunga: raises $3 to $6
nedo1414: folds
Uncalled bet ($3) returned to umbunga
umbunga collected $6 from pot
umbunga: doesn't show hand
*** SUMMARY ***
Total pot $6 | Rake $0
Seat 1: nedo1414 (big blind) folded before Flop
Seat 5: umbunga (button) (small blind) collected ($6)


PokerStars Hand #173064886421:  Hold'em Limit ($3/$6 USD) - 2017/07/15 11:48:19 ET
Table 'Kapteynia II' 6-max Seat #1 is the button
Seat 1: nedo1414 ($112 in chips)
Seat 5: umbunga ($127.64 in chips)
nedo1414: posts small blind $1
umbunga: posts big blind $3
*** HOLE CARDS ***
nedo1414: raises $3 to $6
umbunga: calls $3
*** FLOP *** [9h 4d 8d]
umbunga: checks
nedo1414: bets $3
umbunga: calls $3
*** TURN *** [9h 4d 8d] [Ad]
umbunga: checks
nedo1414: bets $6
umbunga: calls $6
*** RIVER *** [9h 4d 8d Ad] [7s]
umbunga: checks
nedo1414: bets $6
umbunga: folds
Uncalled bet ($6) returned to nedo1414
nedo1414 collected $29.50 from pot
nedo1414: doesn't show hand
*** SUMMARY ***
Total pot $30 | Rake $0.50
Board [9h 4d 8d Ad 7s]
Seat 1: nedo1414 (button) (small blind) collected ($29.50)
Seat 5: umbunga (big blind) folded on the River


PokerStars Hand #173064903270:  Hold'em Limit ($3/$6 USD) - 2017/07/15 11:48:46 ET
Table 'Kapteynia II' 6-max Seat #1 is the button
Seat 1: nedo1414 ($123.50 in chips)
Seat 5: umbunga ($115.64 in chips)
nedo1414: posts small blind $1
umbunga: posts big blind $3
*** HOLE CARDS ***
nedo1414: folds
Uncalled bet ($2) returned to umbunga
umbunga collected $2 from pot
umbunga: doesn't show hand
*** SUMMARY ***
Total pot $2 | Rake $0
Seat 1: nedo1414 (button) (small blind) folded before Flop
Seat 5: umbunga (big blind) collected ($2)


PokerStars Hand #173064911156:  Hold'em Limit ($3/$6 USD) - 2017/07/15 11:48:59 ET
Table 'Kapteynia II' 6-max Seat #1 is the button
Seat 1: nedo1414 ($119.50 in chips)
Seat 5: umbunga ($119.64 in chips)
nedo1414: posts small blind $1
umbunga: posts big blind $3
*** HOLE CARDS ***
nedo1414: raises $3 to $6
umbunga: calls $3
*** FLOP *** [3c 6c 8c]
umbunga: checks
nedo1414: bets $3
umbunga: raises $3 to $6
nedo1414: calls $3
*** TURN *** [3c 6c 8c] [3s]
umbunga: bets $6
nedo1414: calls $6
*** RIVER *** [3c 6c 8c 3s] [Qh]
umbunga: bets $6
nedo1414: raises $6 to $12
umbunga: folds
Uncalled bet ($6) returned to nedo1414
nedo1414 collected $47.50 from pot
nedo1414: doesn't show hand
*** SUMMARY ***
Total pot $48 | Rake $0.50
Board [3c 6c 8c 3s Qh]
Seat 1: nedo1414 (button) (small blind) collected ($47.50)
Seat 5: umbunga (big blind) folded on the River


PokerStars Hand #173064926251:  Hold'em Limit ($3/$6 USD) - 2017/07/15 11:49:23 ET
Table 'Kapteynia II' 6-max Seat #5 is the button
Seat 1: nedo1414 ($143 in chips)
Seat 5: umbunga ($95.64 in chips)
umbunga: posts small blind $1
nedo1414: posts big blind $3
*** HOLE CARDS ***
umbunga: raises $3 to $6
nedo1414: folds
Uncalled bet ($3) returned to umbunga
umbunga collected $6 from pot
umbunga: doesn't show hand
*** SUMMARY ***
Total pot $6 | Rake $0
Seat 1: nedo1414 (big blind) folded before Flop
Seat 5: umbunga (button) (small blind) collected ($6)


PokerStars Hand #173064930784:  Hold'em Limit ($3/$6 USD) - 2017/07/15 11:49:31 ET
Table 'Kapteynia II' 6-max Seat #1 is the button
Seat 1: nedo1414 ($140 in chips)
Seat 5: umbunga ($98.64 in chips)
nedo1414: posts small blind $1
umbunga: posts big blind $3
*** HOLE CARDS ***
nedo1414: folds
Uncalled bet ($2) returned to umbunga
umbunga collected $2 from pot
umbunga: doesn't show hand
*** SUMMARY ***
Total pot $2 | Rake $0
Seat 1: nedo1414 (button) (small blind) folded before Flop
Seat 5: umbunga (big blind) collected ($2)


PokerStars Hand #173064933768:  Hold'em Limit ($3/$6 USD) - 2017/07/15 11:49:35 ET
Table 'Kapteynia II' 6-max Seat #5 is the button
Seat 1: nedo1414 ($139 in chips)
Seat 5: umbunga ($99.64 in chips)
umbunga: posts small blind $1
nedo1414: posts big blind $3
*** HOLE CARDS ***
umbunga: folds
Uncalled bet ($2) returned to nedo1414
nedo1414 collected $2 from pot
nedo1414: doesn't show hand
*** SUMMARY ***
Total pot $2 | Rake $0
Seat 1: nedo1414 (big blind) collected ($2)
Seat 5: umbunga (button) (small blind) folded before Flop


PokerStars Hand #173064906483:  Hold'em Limit ($3/$6 USD) - 2017/07/15 11:48:51 ET
Table 'Kapteynia II' 6-max Seat #5 is the button
Seat 1: nedo1414 ($122.50 in chips)
Seat 5: umbunga ($116.64 in chips)
umbunga: posts small blind $1
nedo1414: posts big blind $3
*** HOLE CARDS ***
umbunga: raises $3 to $6
nedo1414: folds
Uncalled bet ($3) returned to umbunga
umbunga collected $6 from pot
umbunga: doesn't show hand
*** SUMMARY ***
Total pot $6 | Rake $0
Seat 1: nedo1414 (big blind) folded before Flop
Seat 5: umbunga (button) (small blind) collected ($6)


PokerStars Hand #173064952421:  Hold'em Limit ($3/$6 USD) - 2017/07/15 11:50:06 ET
Table 'Kapteynia II' 6-max Seat #1 is the button
Seat 1: nedo1414 ($120 in chips)
Seat 5: umbunga ($118.14 in chips)
nedo1414: posts small blind $1
umbunga: posts big blind $3
*** HOLE CARDS ***
nedo1414: raises $3 to $6
umbunga: folds
Uncalled bet ($3) returned to nedo1414
nedo1414 collected $6 from pot
nedo1414: doesn't show hand
*** SUMMARY ***
Total pot $6 | Rake $0
Seat 1: nedo1414 (button) (small blind) collected ($6)
Seat 5: umbunga (big blind) folded before Flop


PokerStars Hand #173064949203:  Hold'em Limit ($3/$6 USD) - 2017/07/15 11:50:00 ET
Table 'Kapteynia II' 6-max Seat #5 is the button
Seat 1: nedo1414 ($119 in chips)
Seat 5: umbunga ($119.14 in chips)
umbunga: posts small blind $1
nedo1414: posts big blind $3
*** HOLE CARDS ***
umbunga: folds
Uncalled bet ($2) returned to nedo1414
nedo1414 collected $2 from pot
nedo1414: doesn't show hand
*** SUMMARY ***
Total pot $2 | Rake $0
Seat 1: nedo1414 (big blind) collected ($2)
Seat 5: umbunga (button) (small blind) folded before Flop


PokerStars Hand #173064956415:  Hold'em Limit ($3/$6 USD) - 2017/07/15 11:50:12 ET
Table 'Kapteynia II' 6-max Seat #5 is the button
Seat 1: nedo1414 ($123 in chips)
Seat 5: umbunga ($115.14 in chips)
umbunga: posts small blind $1
nedo1414: posts big blind $3
*** HOLE CARDS ***
umbunga: folds
Uncalled bet ($2) returned to nedo1414
nedo1414 collected $2 from pot
nedo1414: doesn't show hand
*** SUMMARY ***
Total pot $2 | Rake $0
Seat 1: nedo1414 (big blind) collected ($2)
Seat 5: umbunga (button) (small blind) folded before Flop


PokerStars Hand #173064959165:  Hold'em Limit ($3/$6 USD) - 2017/07/15 11:50:17 ET
Table 'Kapteynia II' 6-max Seat #1 is the button
Seat 1: nedo1414 ($124 in chips)
Seat 5: umbunga ($114.14 in chips)
nedo1414: posts small blind $1
umbunga: posts big blind $3
*** HOLE CARDS ***
GoliafUa joins the table at seat #6
nedo1414: raises $3 to $6
umbunga: calls $3
*** FLOP *** [8h Qd Kh]
umbunga: checks
nedo1414: bets $3
umbunga: calls $3
*** TURN *** [8h Qd Kh] [Ts]
umbunga: checks
nedo1414: bets $6
umbunga: calls $6
*** RIVER *** [8h Qd Kh Ts] [4s]
umbunga: checks
nedo1414: bets $6
umbunga: calls $6
*** SHOW DOWN ***
nedo1414: shows [Jd 9c] (a straight, Nine to King)
umbunga: mucks hand
nedo1414 collected $41.50 from pot
*** SUMMARY ***
Total pot $42 | Rake $0.50
Board [8h Qd Kh Ts 4s]
Seat 1: nedo1414 (button) (small blind) showed [Jd 9c] and won ($41.50) with a straight, Nine to King
Seat 5: umbunga (big blind) mucked


PokerStars Hand #173064974513:  Hold'em Limit ($3/$6 USD) - 2017/07/15 11:50:42 ET
Table 'Kapteynia II' 6-max Seat #5 is the button
Seat 1: nedo1414 ($144.50 in chips)
Seat 5: umbunga ($93.14 in chips)
umbunga: posts small blind $1
nedo1414: posts big blind $3
*** HOLE CARDS ***
umbunga: raises $3 to $6
nedo1414: calls $3
*** FLOP *** [6s 3s Ts]
nedo1414: checks
umbunga: bets $3
nedo1414: calls $3
*** TURN *** [6s 3s Ts] [4c]
nedo1414: checks
umbunga: checks
*** RIVER *** [6s 3s Ts 4c] [7c]
nedo1414: bets $6
umbunga: calls $6
*** SHOW DOWN ***
nedo1414: shows [Jd 5s] (a straight, Three to Seven)
umbunga: shows [5c 6d] (a straight, Three to Seven)
nedo1414 collected $14.75 from pot
umbunga collected $14.75 from pot
*** SUMMARY ***
Total pot $30 | Rake $0.50
Board [6s 3s Ts 4c 7c]
Seat 1: nedo1414 (big blind) showed [Jd 5s] and won ($14.75) with a straight, Three to Seven
Seat 5: umbunga (button) (small blind) showed [5c 6d] and won ($14.75) with a straight, Three to Seven


PokerStars Hand #173064937276:  Hold'em Limit ($3/$6 USD) - 2017/07/15 11:49:41 ET
Table 'Kapteynia II' 6-max Seat #1 is the button
Seat 1: nedo1414 ($140 in chips)
Seat 5: umbunga ($98.64 in chips)
nedo1414: posts small blind $1
umbunga: posts big blind $3
*** HOLE CARDS ***
nedo1414: raises $3 to $6
umbunga: calls $3
*** FLOP *** [As Tc Ts]
umbunga: checks
nedo1414: bets $3
umbunga: calls $3
*** TURN *** [As Tc Ts] [5d]
umbunga: checks
nedo1414: bets $6
umbunga: calls $6
*** RIVER *** [As Tc Ts 5d] [4c]
umbunga: checks
nedo1414: bets $6
umbunga: calls $6
*** SHOW DOWN ***
nedo1414: shows [2d Ac] (two pair, Aces and Tens)
umbunga: shows [6h Ah] (two pair, Aces and Tens - Six kicker)
umbunga collected $41.50 from pot
*** SUMMARY ***
Total pot $42 | Rake $0.50
Board [As Tc Ts 5d 4c]
Seat 1: nedo1414 (button) (small blind) showed [2d Ac] and lost with two pair, Aces and Tens
Seat 5: umbunga (big blind) showed [6h Ah] and won ($41.50) with two pair, Aces and Tens


PokerStars Hand #173064990102:  Hold'em Limit ($3/$6 USD) - 2017/07/15 11:51:08 ET
Table 'Kapteynia II' 6-max Seat #5 is the button
Seat 1: nedo1414 ($150.01 in chips)
Seat 5: umbunga ($86.89 in chips)
umbunga: posts small blind $1
nedo1414: posts big blind $3
*** HOLE CARDS ***
sim5sim5 leaves the table
umbunga: raises $3 to $6
nedo1414: calls $3
*** FLOP *** [4d 4h 9c]
nedo1414: checks
umbunga: bets $3
nedo1414: folds
Uncalled bet ($3) returned to umbunga
umbunga collected $11.76 from pot
umbunga: doesn't show hand
*** SUMMARY ***
Total pot $12 | Rake $0.24
Board [4d 4h 9c]
Seat 1: nedo1414 (big blind) folded on the Flop
Seat 5: umbunga (button) (small blind) collected ($11.76)


PokerStars Hand #173065003949:  Hold'em Limit ($3/$6 USD) - 2017/07/15 11:51:31 ET
Table 'Kapteynia II' 6-max Seat #5 is the button
Seat 1: nedo1414 ($129.01 in chips)
Seat 5: umbunga ($107.15 in chips)
umbunga: posts small blind $1
nedo1414: posts big blind $3
*** HOLE CARDS ***
umbunga: raises $3 to $6
nedo1414: calls $3
*** FLOP *** [Tc 9c 5d]
nedo1414: checks
umbunga: checks
*** TURN *** [Tc 9c 5d] [Kh]
nedo1414: checks
umbunga: checks
*** RIVER *** [Tc 9c 5d Kh] [5h]
nedo1414: checks
umbunga: checks
*** SHOW DOWN ***
nedo1414: shows [6c Qd] (a pair of Fives)
umbunga: shows [Ad Qh] (a pair of Fives - Ace kicker)
umbunga collected $11.76 from pot
*** SUMMARY ***
Total pot $12 | Rake $0.24
Board [Tc 9c 5d Kh 5h]
Seat 1: nedo1414 (big blind) showed [6c Qd] and lost with a pair of Fives
Seat 5: umbunga (button) (small blind) showed [Ad Qh] and won ($11.76) with a pair of Fives


PokerStars Hand #173064983546:  Hold'em Limit ($3/$6 USD) - 2017/07/15 11:50:57 ET
Table 'Kapteynia II' 6-max Seat #1 is the button
Seat 1: nedo1414 ($144.25 in chips)
Seat 5: umbunga ($92.89 in chips)
nedo1414: posts small blind $1
umbunga: posts big blind $3
*** HOLE CARDS ***
nedo1414: raises $3 to $6
umbunga: calls $3
*** FLOP *** [Js 7s Qs]
umbunga: checks
nedo1414: bets $3
umbunga: folds
Uncalled bet ($3) returned to nedo1414
nedo1414 collected $11.76 from pot
nedo1414: doesn't show hand
*** SUMMARY ***
Total pot $12 | Rake $0.24
Board [Js 7s Qs]
Seat 1: nedo1414 (button) (small blind) collected ($11.76)
Seat 5: umbunga (big blind) folded on the Flop


PokerStars Hand #173064995256:  Hold'em Limit ($3/$6 USD) - 2017/07/15 11:51:16 ET
Table 'Kapteynia II' 6-max Seat #1 is the button
Seat 1: nedo1414 ($144.01 in chips)
Seat 5: umbunga ($92.65 in chips)
nedo1414: posts small blind $1
umbunga: posts big blind $3
*** HOLE CARDS ***
nedo1414: raises $3 to $6
umbunga: calls $3
*** FLOP *** [9c Th 7d]
umbunga: checks
nedo1414: bets $3
3-Mihey-3 joins the table at seat #3
umbunga: calls $3
*** TURN *** [9c Th 7d] [Ts]
umbunga: checks
nedo1414: checks
*** RIVER *** [9c Th 7d Ts] [Jc]
umbunga: bets $6
nedo1414: calls $6
*** SHOW DOWN ***
umbunga: shows [8d Ks] (a straight, Seven to Jack)
nedo1414: mucks hand
umbunga collected $29.50 from pot
*** SUMMARY ***
Total pot $30 | Rake $0.50
Board [9c Th 7d Ts Jc]
Seat 1: nedo1414 (button) (small blind) mucked
Seat 5: umbunga (big blind) showed [8d Ks] and won ($29.50) with a straight, Seven to Jack


PokerStars Hand #173078654669:  Hold'em Limit ($3/$6 USD) - 2017/07/15 17:17:17 ET
Table 'Kapteynia II' 6-max Seat #3 is the button
Seat 2: SHOOTER1118 ($327.19 in chips)
Seat 3: Tabsan ($347.80 in chips)
Tabsan: posts small blind $1
Longstaaf: is sitting out
SHOOTER1118: posts big blind $3
*** HOLE CARDS ***
Longstaaf leaves the table
Tabsan: calls $2
SHOOTER1118: checks
*** FLOP *** [6s Kc 5h]
SHOOTER1118: checks
Tabsan: checks
*** TURN *** [6s Kc 5h] [Ts]
SHOOTER1118: bets $6
Tabsan: folds
Uncalled bet ($6) returned to SHOOTER1118
SHOOTER1118 collected $5.88 from pot
SHOOTER1118: doesn't show hand
*** SUMMARY ***
Total pot $6 | Rake $0.12
Board [6s Kc 5h Ts]
Seat 2: SHOOTER1118 (big blind) collected ($5.88)
Seat 3: Tabsan (button) (small blind) folded on the Turn


