PokerStars Hand #163071511922:  Hold'em Limit ($3/$6 USD) - 2016/12/17 4:26:38 ET
Table 'Kapteynia' 6-max Seat #3 is the button
Seat 3: SilaSoNi ($120 in chips)
Seat 4: AzureCaper ($72 in chips)
SilaSoNi: posts small blind $1
AzureCaper: posts big blind $3
*** HOLE CARDS ***
SilaSoNi: raises $3 to $6
AzureCaper: calls $3
*** FLOP *** [5s Jh 9c]
AzureCaper: checks
SilaSoNi: bets $3
AzureCaper: raises $3 to $6
SilaSoNi: calls $3
*** TURN *** [5s Jh 9c] [Jd]
AzureCaper: bets $6
SilaSoNi: calls $6
*** RIVER *** [5s Jh 9c Jd] [Qc]
AzureCaper: bets $6
SilaSoNi: calls $6
*** SHOW DOWN ***
AzureCaper: shows [6h 8h] (a pair of Jacks)
SilaSoNi: shows [7s 5c] (two pair, Jacks and Fives)
SilaSoNi collected $47.50 from pot
*** SUMMARY ***
Total pot $48 | Rake $0.50
Board [5s Jh 9c Jd Qc]
Seat 3: SilaSoNi (button) (small blind) showed [7s 5c] and won ($47.50) with two pair, Jacks and Fives
Seat 4: AzureCaper (big blind) showed [6h 8h] and lost with a pair of Jacks


PokerStars Hand #163071529806:  Hold'em Limit ($3/$6 USD) - 2016/12/17 4:27:22 ET
Table 'Kapteynia' 6-max Seat #3 is the button
Seat 3: SilaSoNi ($140.50 in chips)
Seat 4: AzureCaper ($75 in chips)
SilaSoNi: posts small blind $1
AzureCaper: posts big blind $3
*** HOLE CARDS ***
SilaSoNi: raises $3 to $6
AzureCaper: calls $3
*** FLOP *** [Jd 5c 2d]
AzureCaper: checks
SilaSoNi: bets $3
AzureCaper: calls $3
*** TURN *** [Jd 5c 2d] [Td]
AzureCaper: checks
SilaSoNi: checks
*** RIVER *** [Jd 5c 2d Td] [Kc]
AzureCaper: checks
SilaSoNi: checks
*** SHOW DOWN ***
AzureCaper: shows [Ad 9h] (high card Ace)
SilaSoNi: mucks hand
AzureCaper collected $17.64 from pot
*** SUMMARY ***
Total pot $18 | Rake $0.36
Board [Jd 5c 2d Td Kc]
Seat 3: SilaSoNi (button) (small blind) mucked
Seat 4: AzureCaper (big blind) showed [Ad 9h] and won ($17.64) with high card Ace


PokerStars Hand #163071526968:  Hold'em Limit ($3/$6 USD) - 2016/12/17 4:27:15 ET
Table 'Kapteynia' 6-max Seat #4 is the button
Seat 3: SilaSoNi ($143.50 in chips)
Seat 4: AzureCaper ($72 in chips)
AzureCaper: posts small blind $1
SilaSoNi: posts big blind $3
*** HOLE CARDS ***
AzureCaper: raises $3 to $6
SilaSoNi: folds
Uncalled bet ($3) returned to AzureCaper
AzureCaper collected $6 from pot
AzureCaper: doesn't show hand
*** SUMMARY ***
Total pot $6 | Rake $0
Seat 3: SilaSoNi (big blind) folded before Flop
Seat 4: AzureCaper (button) (small blind) collected ($6)


PokerStars Hand #163071546491:  Hold'em Limit ($3/$6 USD) - 2016/12/17 4:28:02 ET
Table 'Kapteynia' 6-max Seat #3 is the button
Seat 3: SilaSoNi ($140.14 in chips)
Seat 4: AzureCaper ($74.64 in chips)
SilaSoNi: posts small blind $1
AzureCaper: posts big blind $3
*** HOLE CARDS ***
SilaSoNi: raises $3 to $6
AzureCaper: calls $3
*** FLOP *** [5s Kc 2d]
AzureCaper: checks
SilaSoNi: bets $3
AzureCaper: raises $3 to $6
SilaSoNi: calls $3
*** TURN *** [5s Kc 2d] [4h]
AzureCaper: bets $6
SilaSoNi: raises $6 to $12
AzureCaper: folds
Uncalled bet ($6) returned to SilaSoNi
SilaSoNi collected $35.50 from pot
SilaSoNi: doesn't show hand
*** SUMMARY ***
Total pot $36 | Rake $0.50
Board [5s Kc 2d 4h]
Seat 3: SilaSoNi (button) (small blind) collected ($35.50)
Seat 4: AzureCaper (big blind) folded on the Turn


PokerStars Hand #163071556049:  Hold'em Limit ($3/$6 USD) - 2016/12/17 4:28:26 ET
Table 'Kapteynia' 6-max Seat #4 is the button
Seat 3: SilaSoNi ($157.64 in chips)
Seat 4: AzureCaper ($72 in chips)
AzureCaper: posts small blind $1
SilaSoNi: posts big blind $3
*** HOLE CARDS ***
AzureCaper: folds
Uncalled bet ($2) returned to SilaSoNi
SilaSoNi collected $2 from pot
SilaSoNi: doesn't show hand
*** SUMMARY ***
Total pot $2 | Rake $0
Seat 3: SilaSoNi (big blind) collected ($2)
Seat 4: AzureCaper (button) (small blind) folded before Flop


PokerStars Hand #163071558321:  Hold'em Limit ($3/$6 USD) - 2016/12/17 4:28:31 ET
Table 'Kapteynia' 6-max Seat #3 is the button
Seat 3: SilaSoNi ($158.64 in chips)
Seat 4: AzureCaper ($72 in chips)
SilaSoNi: posts small blind $1
AzureCaper: posts big blind $3
*** HOLE CARDS ***
SilaSoNi: raises $3 to $6
AzureCaper: calls $3
*** FLOP *** [Kd Tc 2d]
AzureCaper: checks
SilaSoNi: bets $3
AzureCaper: raises $3 to $6
SilaSoNi: calls $3
*** TURN *** [Kd Tc 2d] [Qd]
AzureCaper: bets $6
SilaSoNi: raises $6 to $12
AzureCaper: calls $6
*** RIVER *** [Kd Tc 2d Qd] [3d]
AzureCaper: checks
SilaSoNi: checks
*** SHOW DOWN ***
AzureCaper: shows [Ah As] (a pair of Aces)
SilaSoNi: shows [Ts Th] (three of a kind, Tens)
SilaSoNi collected $47.50 from pot
*** SUMMARY ***
Total pot $48 | Rake $0.50
Board [Kd Tc 2d Qd 3d]
Seat 3: SilaSoNi (button) (small blind) showed [Ts Th] and won ($47.50) with three of a kind, Tens
Seat 4: AzureCaper (big blind) showed [Ah As] and lost with a pair of Aces


PokerStars Hand #163071539864:  Hold'em Limit ($3/$6 USD) - 2016/12/17 4:27:46 ET
Table 'Kapteynia' 6-max Seat #4 is the button
Seat 3: SilaSoNi ($131.50 in chips)
Seat 4: AzureCaper ($83.64 in chips)
AzureCaper: posts small blind $1
SilaSoNi: posts big blind $3
*** HOLE CARDS ***
AzureCaper: raises $3 to $6
SilaSoNi: raises $3 to $9
AzureCaper: calls $3
*** FLOP *** [6s 5s As]
SilaSoNi: bets $3
AzureCaper: folds
Uncalled bet ($3) returned to SilaSoNi
SilaSoNi collected $17.64 from pot
SilaSoNi: doesn't show hand
*** SUMMARY ***
Total pot $18 | Rake $0.36
Board [6s 5s As]
Seat 3: SilaSoNi (big blind) collected ($17.64)
Seat 4: AzureCaper (button) (small blind) folded on the Flop


PokerStars Hand #163071567670:  Hold'em Limit ($3/$6 USD) - 2016/12/17 4:28:54 ET
Table 'Kapteynia' 6-max Seat #4 is the button
Seat 3: SilaSoNi ($182.14 in chips)
Seat 4: AzureCaper ($72 in chips)
AzureCaper: posts small blind $1
SilaSoNi: posts big blind $3
*** HOLE CARDS ***
AzureCaper: raises $3 to $6
SilaSoNi: raises $3 to $9
AzureCaper: calls $3
*** FLOP *** [Td 2d 7s]
SilaSoNi: bets $3
AzureCaper: folds
Uncalled bet ($3) returned to SilaSoNi
SilaSoNi collected $17.64 from pot
SilaSoNi: doesn't show hand
*** SUMMARY ***
Total pot $18 | Rake $0.36
Board [Td 2d 7s]
Seat 3: SilaSoNi (big blind) collected ($17.64)
Seat 4: AzureCaper (button) (small blind) folded on the Flop


PokerStars Hand #163071572267:  Hold'em Limit ($3/$6 USD) - 2016/12/17 4:29:05 ET
Table 'Kapteynia' 6-max Seat #3 is the button
Seat 3: SilaSoNi ($190.78 in chips)
Seat 4: AzureCaper ($72 in chips)
SilaSoNi: posts small blind $1
AzureCaper: posts big blind $3
*** HOLE CARDS ***
SilaSoNi: folds
Uncalled bet ($2) returned to AzureCaper
AzureCaper collected $2 from pot
*** SUMMARY ***
Total pot $2 | Rake $0
Seat 3: SilaSoNi (button) (small blind) folded before Flop
Seat 4: AzureCaper (big blind) collected ($2)


PokerStars Hand #163071584116:  Hold'em Limit ($3/$6 USD) - 2016/12/17 4:29:34 ET
Table 'Kapteynia' 6-max Seat #3 is the button
Seat 3: SilaSoNi ($213.28 in chips)
Seat 4: AzureCaper ($72 in chips)
SilaSoNi: posts small blind $1
AzureCaper: posts big blind $3
*** HOLE CARDS ***
SilaSoNi: raises $3 to $6
AzureCaper: folds
Uncalled bet ($3) returned to SilaSoNi
SilaSoNi collected $6 from pot
SilaSoNi: doesn't show hand
*** SUMMARY ***
Total pot $6 | Rake $0
Seat 3: SilaSoNi (button) (small blind) collected ($6)
Seat 4: AzureCaper (big blind) folded before Flop


PokerStars Hand #163071587495:  Hold'em Limit ($3/$6 USD) - 2016/12/17 4:29:43 ET
Table 'Kapteynia' 6-max Seat #4 is the button
Seat 3: SilaSoNi ($216.28 in chips)
Seat 4: AzureCaper ($72 in chips)
AzureCaper: posts small blind $1
SilaSoNi: posts big blind $3
*** HOLE CARDS ***
AzureCaper: raises $3 to $6
SilaSoNi: raises $3 to $9
AzureCaper: calls $3
*** FLOP *** [7d Ad Qd]
SilaSoNi: bets $3
AzureCaper: folds
Uncalled bet ($3) returned to SilaSoNi
SilaSoNi collected $17.64 from pot
SilaSoNi: doesn't show hand
*** SUMMARY ***
Total pot $18 | Rake $0.36
Board [7d Ad Qd]
Seat 3: SilaSoNi (big blind) collected ($17.64)
Seat 4: AzureCaper (button) (small blind) folded on the Flop


PokerStars Hand #163071603213:  Hold'em Limit ($3/$6 USD) - 2016/12/17 4:30:21 ET
Table 'Kapteynia' 6-max Seat #3 is the button
Seat 3: SilaSoNi ($224.56 in chips)
Seat 4: AzureCaper ($72 in chips)
SilaSoNi: posts small blind $1
AzureCaper: posts big blind $3
*** HOLE CARDS ***
SilaSoNi: folds
Uncalled bet ($2) returned to AzureCaper
AzureCaper collected $2 from pot
AzureCaper: doesn't show hand
*** SUMMARY ***
Total pot $2 | Rake $0
Seat 3: SilaSoNi (button) (small blind) folded before Flop
Seat 4: AzureCaper (big blind) collected ($2)


PokerStars Hand #163071599022:  Hold'em Limit ($3/$6 USD) - 2016/12/17 4:30:11 ET
Table 'Kapteynia' 6-max Seat #4 is the button
Seat 3: SilaSoNi ($215.92 in chips)
Seat 4: AzureCaper ($80.64 in chips)
AzureCaper: posts small blind $1
SilaSoNi: posts big blind $3
*** HOLE CARDS ***
AzureCaper: raises $3 to $6
SilaSoNi: raises $3 to $9
AzureCaper: calls $3
*** FLOP *** [2d 8s Jd]
SilaSoNi: bets $3
AzureCaper: folds
Uncalled bet ($3) returned to SilaSoNi
SilaSoNi collected $17.64 from pot
SilaSoNi: doesn't show hand
*** SUMMARY ***
Total pot $18 | Rake $0.36
Board [2d 8s Jd]
Seat 3: SilaSoNi (big blind) collected ($17.64)
Seat 4: AzureCaper (button) (small blind) folded on the Flop


PokerStars Hand #163071591694:  Hold'em Limit ($3/$6 USD) - 2016/12/17 4:29:53 ET
Table 'Kapteynia' 6-max Seat #3 is the button
Seat 3: SilaSoNi ($224.92 in chips)
Seat 4: AzureCaper ($72 in chips)
SilaSoNi: posts small blind $1
AzureCaper: posts big blind $3
*** HOLE CARDS ***
SilaSoNi: raises $3 to $6
AzureCaper: calls $3
*** FLOP *** [Jd 8h 7h]
AzureCaper: checks
SilaSoNi: bets $3
AzureCaper: calls $3
*** TURN *** [Jd 8h 7h] [Kh]
AzureCaper: checks
SilaSoNi: checks
*** RIVER *** [Jd 8h 7h Kh] [9s]
AzureCaper: checks
SilaSoNi: checks
*** SHOW DOWN ***
AzureCaper: shows [Qh 9d] (a pair of Nines)
SilaSoNi: mucks hand
AzureCaper collected $17.64 from pot
*** SUMMARY ***
Total pot $18 | Rake $0.36
Board [Jd 8h 7h Kh 9s]
Seat 3: SilaSoNi (button) (small blind) mucked
Seat 4: AzureCaper (big blind) showed [Qh 9d] and won ($17.64) with a pair of Nines


PokerStars Hand #163071619912:  Hold'em Limit ($3/$6 USD) - 2016/12/17 4:31:03 ET
Table 'Kapteynia' 6-max Seat #3 is the button
Seat 3: SilaSoNi ($199.56 in chips)
Seat 4: AzureCaper ($96.50 in chips)
SilaSoNi: posts small blind $1
AzureCaper: posts big blind $3
*** HOLE CARDS ***
SilaSoNi: folds
Uncalled bet ($2) returned to AzureCaper
AzureCaper collected $2 from pot
*** SUMMARY ***
Total pot $2 | Rake $0
Seat 3: SilaSoNi (button) (small blind) folded before Flop
Seat 4: AzureCaper (big blind) collected ($2)


PokerStars Hand #163071605409:  Hold'em Limit ($3/$6 USD) - 2016/12/17 4:30:27 ET
Table 'Kapteynia' 6-max Seat #4 is the button
Seat 3: SilaSoNi ($223.56 in chips)
Seat 4: AzureCaper ($73 in chips)
AzureCaper: posts small blind $1
SilaSoNi: posts big blind $3
*** HOLE CARDS ***
AzureCaper: raises $3 to $6
SilaSoNi: calls $3
*** FLOP *** [Jd 9d 8h]
SilaSoNi: checks
AzureCaper: bets $3
SilaSoNi: raises $3 to $6
AzureCaper: calls $3
*** TURN *** [Jd 9d 8h] [3s]
karhukolmone joins the table at seat #2
SilaSoNi: bets $6
AzureCaper: raises $6 to $12
SilaSoNi: calls $6
*** RIVER *** [Jd 9d 8h 3s] [7s]
SilaSoNi: checks
AzureCaper: bets $6
SilaSoNi: folds
Uncalled bet ($6) returned to AzureCaper
AzureCaper collected $47.50 from pot
*** SUMMARY ***
Total pot $48 | Rake $0.50
Board [Jd 9d 8h 3s 7s]
Seat 3: SilaSoNi (big blind) folded on the River
Seat 4: AzureCaper (button) (small blind) collected ($47.50)


