PokerStars Hand #148660933342:  Hold'em Limit ($3/$6 USD) - 2016/02/12 4:59:09 ET
Table 'Kapteynia' 6-max Seat #1 is the button
Seat 1: Rmk1500 ($65.63 in chips)
Seat 4: derdex ($221.80 in chips)
Rmk1500: posts small blind $1
derdex: posts big blind $3
*** HOLE CARDS ***
Rmk1500: folds
Uncalled bet ($2) returned to derdex
derdex collected $2 from pot
derdex: doesn't show hand
*** SUMMARY ***
Total pot $2 | Rake $0
Seat 1: Rmk1500 (button) (small blind) folded before Flop
Seat 4: derdex (big blind) collected ($2)


PokerStars Hand #148660938999:  Hold'em Limit ($3/$6 USD) - 2016/02/12 4:59:22 ET
Table 'Kapteynia' 6-max Seat #1 is the button
Seat 1: Rmk1500 ($61.63 in chips)
Seat 4: derdex ($225.80 in chips)
Rmk1500: posts small blind $1
derdex: posts big blind $3
*** HOLE CARDS ***
Rmk1500: folds
Uncalled bet ($2) returned to derdex
derdex collected $2 from pot
derdex: doesn't show hand
*** SUMMARY ***
Total pot $2 | Rake $0
Seat 1: Rmk1500 (button) (small blind) folded before Flop
Seat 4: derdex (big blind) collected ($2)


PokerStars Hand #148660935706:  Hold'em Limit ($3/$6 USD) - 2016/02/12 4:59:14 ET
Table 'Kapteynia' 6-max Seat #4 is the button
Seat 1: Rmk1500 ($64.63 in chips)
Seat 4: derdex ($222.80 in chips)
derdex: posts small blind $1
Rmk1500: posts big blind $3
*** HOLE CARDS ***
derdex: raises $3 to $6
Rmk1500: folds
Uncalled bet ($3) returned to derdex
derdex collected $6 from pot
derdex: doesn't show hand
*** SUMMARY ***
Total pot $6 | Rake $0
Seat 1: Rmk1500 (big blind) folded before Flop
Seat 4: derdex (button) (small blind) collected ($6)


PokerStars Hand #148660955440:  Hold'em Limit ($3/$6 USD) - 2016/02/12 5:00:04 ET
Table 'Kapteynia' 6-max Seat #1 is the button
Seat 1: Rmk1500 ($30.63 in chips)
Seat 4: derdex ($256.30 in chips)
Rmk1500: posts small blind $1
derdex: posts big blind $3
*** HOLE CARDS ***
Rmk1500: raises $3 to $6
derdex: calls $3
*** FLOP *** [Jc 7c 4c]
derdex: checks
Rmk1500: bets $3
derdex: folds
Uncalled bet ($3) returned to Rmk1500
Rmk1500 collected $11.76 from pot
*** SUMMARY ***
Total pot $12 | Rake $0.24
Board [Jc 7c 4c]
Seat 1: Rmk1500 (button) (small blind) collected ($11.76)
Seat 4: derdex (big blind) folded on the Flop


PokerStars Hand #148660961221:  Hold'em Limit ($3/$6 USD) - 2016/02/12 5:00:18 ET
Table 'Kapteynia' 6-max Seat #4 is the button
Seat 1: Rmk1500 ($36.39 in chips)
Seat 4: derdex ($250.30 in chips)
derdex: posts small blind $1
Rmk1500: posts big blind $3
*** HOLE CARDS ***
derdex: raises $3 to $6
Rmk1500: calls $3
*** FLOP *** [Qh 6s 3h]
Rmk1500: checks
derdex: bets $3
Rmk1500: folds
Uncalled bet ($3) returned to derdex
derdex collected $11.76 from pot
derdex: doesn't show hand
*** SUMMARY ***
Total pot $12 | Rake $0.24
Board [Qh 6s 3h]
Seat 1: Rmk1500 (big blind) folded on the Flop
Seat 4: derdex (button) (small blind) collected ($11.76)


PokerStars Hand #148660940787:  Hold'em Limit ($3/$6 USD) - 2016/02/12 4:59:27 ET
Table 'Kapteynia' 6-max Seat #4 is the button
Seat 1: Rmk1500 ($60.63 in chips)
Seat 4: derdex ($226.80 in chips)
derdex: posts small blind $1
Rmk1500: posts big blind $3
*** HOLE CARDS ***
derdex: raises $3 to $6
Rmk1500: calls $3
*** FLOP *** [2h 9s 7c]
Rmk1500: checks
derdex: bets $3
Rmk1500: raises $3 to $6
derdex: calls $3
*** TURN *** [2h 9s 7c] [Ts]
Rmk1500: bets $6
derdex: raises $6 to $12
Rmk1500: calls $6
*** RIVER *** [2h 9s 7c Ts] [4d]
Rmk1500: checks
derdex: bets $6
Rmk1500: calls $6
*** SHOW DOWN ***
derdex: shows [Ks Tc] (a pair of Tens)
Rmk1500: mucks hand
derdex collected $59.50 from pot
*** SUMMARY ***
Total pot $60 | Rake $0.50
Board [2h 9s 7c Ts 4d]
Seat 1: Rmk1500 (big blind) mucked
Seat 4: derdex (button) (small blind) showed [Ks Tc] and won ($59.50) with a pair of Tens


PokerStars Hand #148661946662:  Hold'em Limit ($3/$6 USD) - 2016/02/12 5:33:56 ET
Table 'Kapteynia' 6-max Seat #1 is the button
Seat 1: Rmk1500 ($118.22 in chips)
Seat 6: B_loJkl ($156.83 in chips)
Rmk1500: posts small blind $1
derdex: is sitting out
DismasX: is sitting out
B_loJkl: posts big blind $3
*** HOLE CARDS ***
derdex leaves the table
Rmk1500: folds
Uncalled bet ($2) returned to B_loJkl
B_loJkl collected $2 from pot
B_loJkl: doesn't show hand
*** SUMMARY ***
Total pot $2 | Rake $0
Seat 1: Rmk1500 (button) (small blind) folded before Flop
Seat 6: B_loJkl (big blind) collected ($2)


PokerStars Hand #148661969504:  Hold'em Limit ($3/$6 USD) - 2016/02/12 5:34:42 ET
Table 'Kapteynia' 6-max Seat #1 is the button
Seat 1: Rmk1500 ($134.72 in chips)
Seat 6: B_loJkl ($139.83 in chips)
Rmk1500: posts small blind $1
B_loJkl: posts big blind $3
*** HOLE CARDS ***
Rmk1500: raises $3 to $6
B_loJkl: calls $3
*** FLOP *** [Kc Jd Ks]
B_loJkl: checks
Rmk1500: bets $3
B_loJkl: folds
Uncalled bet ($3) returned to Rmk1500
Rmk1500 collected $11.76 from pot
*** SUMMARY ***
Total pot $12 | Rake $0.24
Board [Kc Jd Ks]
Seat 1: Rmk1500 (button) (small blind) collected ($11.76)
Seat 6: B_loJkl (big blind) folded on the Flop


PokerStars Hand #148661950084:  Hold'em Limit ($3/$6 USD) - 2016/02/12 5:34:03 ET
Table 'Kapteynia' 6-max Seat #6 is the button
Seat 1: Rmk1500 ($117.22 in chips)
Seat 6: B_loJkl ($157.83 in chips)
B_loJkl: posts small blind $1
Rmk1500: posts big blind $3
*** HOLE CARDS ***
B_loJkl: raises $3 to $6
Rmk1500: calls $3
*** FLOP *** [Jc 7d 6s]
Rmk1500: checks
DismasX leaves the table
B_loJkl: bets $3
Rmk1500: raises $3 to $6
B_loJkl: calls $3
*** TURN *** [Jc 7d 6s] [2h]
Rmk1500: bets $6
B_loJkl: calls $6
*** RIVER *** [Jc 7d 6s 2h] [9d]
Rmk1500: bets $6
B_loJkl: folds
Uncalled bet ($6) returned to Rmk1500
Rmk1500 collected $35.50 from pot
*** SUMMARY ***
Total pot $36 | Rake $0.50
Board [Jc 7d 6s 2h 9d]
Seat 1: Rmk1500 (big blind) collected ($35.50)
Seat 6: B_loJkl (button) (small blind) folded on the River


PokerStars Hand #148662003060:  Hold'em Limit ($3/$6 USD) - 2016/02/12 5:35:50 ET
Table 'Kapteynia' 6-max Seat #1 is the button
Seat 1: Rmk1500 ($125.48 in chips)
Seat 6: B_loJkl ($148.33 in chips)
Rmk1500: posts small blind $1
B_loJkl: posts big blind $3
*** HOLE CARDS ***
Rmk1500: raises $3 to $6
B_loJkl: calls $3
*** FLOP *** [Qs 2d 2h]
B_loJkl: checks
Rmk1500: bets $3
B_loJkl: folds
Uncalled bet ($3) returned to Rmk1500
Rmk1500 collected $11.76 from pot
*** SUMMARY ***
Total pot $12 | Rake $0.24
Board [Qs 2d 2h]
Seat 1: Rmk1500 (button) (small blind) collected ($11.76)
Seat 6: B_loJkl (big blind) folded on the Flop


PokerStars Hand #148661981281:  Hold'em Limit ($3/$6 USD) - 2016/02/12 5:35:06 ET
Table 'Kapteynia' 6-max Seat #6 is the button
Seat 1: Rmk1500 ($140.48 in chips)
Seat 6: B_loJkl ($133.83 in chips)
B_loJkl: posts small blind $1
Rmk1500: posts big blind $3
*** HOLE CARDS ***
B_loJkl: raises $3 to $6
Rmk1500: calls $3
*** FLOP *** [Qh Jh 9d]
Rmk1500: checks
B_loJkl: bets $3
Rmk1500: calls $3
*** TURN *** [Qh Jh 9d] [Qd]
Rmk1500: checks
B_loJkl: bets $6
Rmk1500: calls $6
*** RIVER *** [Qh Jh 9d Qd] [4s]
Rmk1500: checks
B_loJkl: bets $6
Rmk1500: folds
Uncalled bet ($6) returned to B_loJkl
B_loJkl collected $29.50 from pot
B_loJkl: doesn't show hand
*** SUMMARY ***
Total pot $30 | Rake $0.50
Board [Qh Jh 9d Qd 4s]
Seat 1: Rmk1500 (big blind) folded on the River
Seat 6: B_loJkl (button) (small blind) collected ($29.50)


