PokerStars Hand #144890284730:  Hold'em Limit ($3/$6 USD) - 2015/12/05 21:03:04 ET
Table 'Kariba' 6-max Seat #1 is the button
Seat 1: mdif ($120 in chips)
Seat 4: Paulllchen ($141.50 in chips)
mdif: posts small blind $1
Paulllchen: posts big blind $3
*** HOLE CARDS ***
mdif: raises $3 to $6
Paulllchen: folds
Uncalled bet ($3) returned to mdif
mdif collected $6 from pot
mdif: doesn't show hand
*** SUMMARY ***
Total pot $6 | Rake $0
Seat 1: mdif (button) (small blind) collected ($6)
Seat 4: Paulllchen (big blind) folded before Flop


PokerStars Hand #144890272284:  Hold'em Limit ($3/$6 USD) - 2015/12/05 21:02:39 ET
Table 'Kariba' 6-max Seat #4 is the button
Seat 1: mdif ($120 in chips)
Seat 4: Paulllchen ($121 in chips)
Paulllchen: posts small blind $1
mdif: posts big blind $3
*** HOLE CARDS ***
Paulllchen: calls $2
mdif: raises $3 to $6
Paulllchen: calls $3
*** FLOP *** [6c 8h 7s]
mdif: bets $3
Paulllchen: calls $3
*** TURN *** [6c 8h 7s] [Ks]
mdif: bets $6
Paulllchen: calls $6
*** RIVER *** [6c 8h 7s Ks] [4h]
mdif: bets $6
Paulllchen: raises $6 to $12
mdif: folds
Uncalled bet ($6) returned to Paulllchen
Paulllchen collected $41.50 from pot
*** SUMMARY ***
Total pot $42 | Rake $0.50
Board [6c 8h 7s Ks 4h]
Seat 1: mdif (big blind) folded on the River
Seat 4: Paulllchen (button) (small blind) collected ($41.50)


PokerStars Hand #144890299447:  Hold'em Limit ($3/$6 USD) - 2015/12/05 21:03:34 ET
Table 'Kariba' 6-max Seat #1 is the button
Seat 1: mdif ($120 in chips)
Seat 4: Paulllchen ($144.26 in chips)
mdif: posts small blind $1
Paulllchen: posts big blind $3
*** HOLE CARDS ***
mdif: raises $3 to $6
Paulllchen: folds
Uncalled bet ($3) returned to mdif
mdif collected $6 from pot
mdif: doesn't show hand
*** SUMMARY ***
Total pot $6 | Rake $0
Seat 1: mdif (button) (small blind) collected ($6)
Seat 4: Paulllchen (big blind) folded before Flop


PokerStars Hand #144890322710:  Hold'em Limit ($3/$6 USD) - 2015/12/05 21:04:22 ET
Table 'Kariba' 6-max Seat #4 is the button
Seat 1: mdif ($120 in chips)
Seat 4: Paulllchen ($162.76 in chips)
Paulllchen: posts small blind $1
mdif: posts big blind $3
*** HOLE CARDS ***
Paulllchen: raises $3 to $6
mdif: folds
Uncalled bet ($3) returned to Paulllchen
Paulllchen collected $6 from pot
*** SUMMARY ***
Total pot $6 | Rake $0
Seat 1: mdif (big blind) folded before Flop
Seat 4: Paulllchen (button) (small blind) collected ($6)


PokerStars Hand #144890320343:  Hold'em Limit ($3/$6 USD) - 2015/12/05 21:04:17 ET
Table 'Kariba' 6-max Seat #1 is the button
Seat 1: mdif ($120 in chips)
Seat 4: Paulllchen ($161.76 in chips)
mdif: posts small blind $1
Paulllchen: posts big blind $3
*** HOLE CARDS ***
mdif: folds
Uncalled bet ($2) returned to Paulllchen
Paulllchen collected $2 from pot
*** SUMMARY ***
Total pot $2 | Rake $0
Seat 1: mdif (button) (small blind) folded before Flop
Seat 4: Paulllchen (big blind) collected ($2)


PokerStars Hand #144890302964:  Hold'em Limit ($3/$6 USD) - 2015/12/05 21:03:42 ET
Table 'Kariba' 6-max Seat #4 is the button
Seat 1: mdif ($123 in chips)
Seat 4: Paulllchen ($141.26 in chips)
Paulllchen: posts small blind $1
mdif: posts big blind $3
*** HOLE CARDS ***
Paulllchen: raises $3 to $6
mdif: calls $3
*** FLOP *** [8c 3h 5c]
mdif: checks
Paulllchen: bets $3
mdif: calls $3
*** TURN *** [8c 3h 5c] [Jc]
mdif: checks
Paulllchen: bets $6
mdif: calls $6
*** RIVER *** [8c 3h 5c Jc] [Qh]
mdif: checks
Paulllchen: bets $6
mdif: calls $6
*** SHOW DOWN ***
Paulllchen: shows [Kc 3c] (a flush, King high)
mdif: mucks hand
Paulllchen collected $41.50 from pot
*** SUMMARY ***
Total pot $42 | Rake $0.50
Board [8c 3h 5c Jc Qh]
Seat 1: mdif (big blind) mucked
Seat 4: Paulllchen (button) (small blind) showed [Kc 3c] and won ($41.50) with a flush, King high


PokerStars Hand #144890342507:  Hold'em Limit ($3/$6 USD) - 2015/12/05 21:05:02 ET
Table 'Kariba' 6-max Seat #1 is the button
Seat 1: mdif ($122.64 in chips)
Seat 4: Paulllchen ($162.52 in chips)
mdif: posts small blind $1
Paulllchen: posts big blind $3
*** HOLE CARDS ***
mdif: raises $3 to $6
Paulllchen: calls $3
*** FLOP *** [Jd 8s Jh]
Paulllchen: checks
scorpio04 joins the table at seat #5
mdif: bets $3
Paulllchen: folds
Uncalled bet ($3) returned to mdif
mdif collected $11.76 from pot
mdif: doesn't show hand
*** SUMMARY ***
Total pot $12 | Rake $0.24
Board [Jd 8s Jh]
Seat 1: mdif (button) (small blind) collected ($11.76)
Seat 4: Paulllchen (big blind) folded on the Flop


PokerStars Hand #144890326441:  Hold'em Limit ($3/$6 USD) - 2015/12/05 21:04:29 ET
Table 'Kariba' 6-max Seat #1 is the button
Seat 1: mdif ($120 in chips)
Seat 4: Paulllchen ($165.76 in chips)
mdif: posts small blind $1
Paulllchen: posts big blind $3
*** HOLE CARDS ***
mdif: raises $3 to $6
Paulllchen: calls $3
*** FLOP *** [9d Jc 9c]
Paulllchen: checks
mdif: bets $3
Paulllchen: calls $3
*** TURN *** [9d Jc 9c] [Td]
Paulllchen: checks
mdif: bets $6
Paulllchen: folds
Uncalled bet ($6) returned to mdif
mdif collected $17.64 from pot
mdif: doesn't show hand
*** SUMMARY ***
Total pot $18 | Rake $0.36
Board [9d Jc 9c Td]
Seat 1: mdif (button) (small blind) collected ($17.64)
Seat 4: Paulllchen (big blind) folded on the Turn


PokerStars Hand #144890336081:  Hold'em Limit ($3/$6 USD) - 2015/12/05 21:04:49 ET
Table 'Kariba' 6-max Seat #4 is the button
Seat 1: mdif ($128.64 in chips)
Seat 4: Paulllchen ($156.76 in chips)
Paulllchen: posts small blind $1
mdif: posts big blind $3
*** HOLE CARDS ***
Paulllchen: raises $3 to $6
mdif: calls $3
*** FLOP *** [4c 5d Qs]
mdif: checks
Paulllchen: bets $3
mdif: folds
Uncalled bet ($3) returned to Paulllchen
Paulllchen collected $11.76 from pot
*** SUMMARY ***
Total pot $12 | Rake $0.24
Board [4c 5d Qs]
Seat 1: mdif (big blind) folded on the Flop
Seat 4: Paulllchen (button) (small blind) collected ($11.76)


