PokerStars Hand #175228908388:  Hold'em Limit ($3/$6 USD) - 2017/09/05 3:20:03 ET
Table 'Kariba' 6-max Seat #2 is the button
Seat 2: Scribe169 ($139.66 in chips)
Seat 4: VolkovDmitri ($289.17 in chips)
luckyzb will be allowed to play after the button
Scribe169: posts small blind $1
VolkovDmitri: posts big blind $3
*** HOLE CARDS ***
Scribe169: raises $3 to $6
VolkovDmitri: calls $3
*** FLOP *** [4s 9c Th]
VolkovDmitri: checks
Scribe169: bets $3
VolkovDmitri: folds
Uncalled bet ($3) returned to Scribe169
Scribe169 collected $11.76 from pot
*** SUMMARY ***
Total pot $12 | Rake $0.24
Board [4s 9c Th]
Seat 2: Scribe169 (button) (small blind) collected ($11.76)
Seat 4: VolkovDmitri (big blind) folded on the Flop


PokerStars Hand #175229018101:  Hold'em Limit ($3/$6 USD) - 2017/09/05 3:27:14 ET
Table 'Kariba' 6-max Seat #2 is the button
Seat 2: Scribe169 ($83.57 in chips)
Seat 6: krossguard ($154 in chips)
Scribe169: posts small blind $1
krossguard: posts big blind $3
*** HOLE CARDS ***
Scribe169: raises $3 to $6
krossguard: calls $3
*** FLOP *** [Ks 7h Kc]
krossguard: checks
Scribe169: checks
*** TURN *** [Ks 7h Kc] [3h]
krossguard: checks
Scribe169: bets $6
krossguard: folds
Uncalled bet ($6) returned to Scribe169
Scribe169 collected $11.76 from pot
*** SUMMARY ***
Total pot $12 | Rake $0.24
Board [Ks 7h Kc 3h]
Seat 2: Scribe169 (button) (small blind) collected ($11.76)
Seat 6: krossguard (big blind) folded on the Turn


PokerStars Hand #175229023122:  Hold'em Limit ($3/$6 USD) - 2017/09/05 3:27:33 ET
Table 'Kariba' 6-max Seat #6 is the button
Seat 2: Scribe169 ($89.33 in chips)
Seat 6: krossguard ($148 in chips)
krossguard: posts small blind $1
Scribe169: posts big blind $3
*** HOLE CARDS ***
krossguard: raises $3 to $6
Scribe169: calls $3
*** FLOP *** [6c Ts 2h]
Scribe169: checks
krossguard: checks
*** TURN *** [6c Ts 2h] [8h]
Scribe169: bets $6
krossguard: folds
Uncalled bet ($6) returned to Scribe169
Scribe169 collected $11.76 from pot
*** SUMMARY ***
Total pot $12 | Rake $0.24
Board [6c Ts 2h 8h]
Seat 2: Scribe169 (big blind) collected ($11.76)
Seat 6: krossguard (button) (small blind) folded on the Turn


PokerStars Hand #175229053340:  Hold'em Limit ($3/$6 USD) - 2017/09/05 3:29:30 ET
Table 'Kariba' 6-max Seat #6 is the button
Seat 2: Scribe169 ($56.09 in chips)
Seat 6: krossguard ($180 in chips)
krossguard: posts small blind $1
Scribe169: posts big blind $3
*** HOLE CARDS ***
krossguard: raises $3 to $6
Scribe169: calls $3
*** FLOP *** [Ks Ts 5h]
Scribe169: bets $3
krossguard: folds
Uncalled bet ($3) returned to Scribe169
Scribe169 collected $11.76 from pot
*** SUMMARY ***
Total pot $12 | Rake $0.24
Board [Ks Ts 5h]
Seat 2: Scribe169 (big blind) collected ($11.76)
Seat 6: krossguard (button) (small blind) folded on the Flop


PokerStars Hand #175229056785:  Hold'em Limit ($3/$6 USD) - 2017/09/05 3:29:44 ET
Table 'Kariba' 6-max Seat #2 is the button
Seat 2: Scribe169 ($61.85 in chips)
Seat 6: krossguard ($174 in chips)
Scribe169: posts small blind $1
krossguard: posts big blind $3
*** HOLE CARDS ***
Scribe169: raises $3 to $6
krossguard: calls $3
*** FLOP *** [Qs 3d 4d]
krossguard: checks
Scribe169: bets $3
krossguard: calls $3
*** TURN *** [Qs 3d 4d] [Tc]
krossguard: checks
Scribe169: checks
*** RIVER *** [Qs 3d 4d Tc] [7c]
krossguard: checks
Scribe169: checks
*** SHOW DOWN ***
krossguard: shows [Ac 5d] (high card Ace)
Scribe169: mucks hand
krossguard collected $17.64 from pot
*** SUMMARY ***
Total pot $18 | Rake $0.36
Board [Qs 3d 4d Tc 7c]
Seat 2: Scribe169 (button) (small blind) mucked
Seat 6: krossguard (big blind) showed [Ac 5d] and won ($17.64) with high card Ace


PokerStars Hand #175229037996:  Hold'em Limit ($3/$6 USD) - 2017/09/05 3:28:30 ET
Table 'Kariba' 6-max Seat #6 is the button
Seat 2: Scribe169 ($80.09 in chips)
Seat 6: krossguard ($156.50 in chips)
krossguard: posts small blind $1
Scribe169: posts big blind $3
*** HOLE CARDS ***
krossguard: raises $3 to $6
Scribe169: raises $3 to $9
krossguard: calls $3
*** FLOP *** [9c 4h Jh]
Scribe169: checks
krossguard: bets $3
Scribe169: raises $3 to $6
krossguard: calls $3
*** TURN *** [9c 4h Jh] [3h]
Scribe169: bets $6
krossguard: calls $6
*** RIVER *** [9c 4h Jh 3h] [5c]
Scribe169: bets $6
krossguard: calls $6
*** SHOW DOWN ***
Scribe169: shows [7h Kc] (high card King)
krossguard: shows [Js 6c] (a pair of Jacks)
krossguard collected $53.50 from pot
*** SUMMARY ***
Total pot $54 | Rake $0.50
Board [9c 4h Jh 3h 5c]
Seat 2: Scribe169 (big blind) showed [7h Kc] and lost with high card King
Seat 6: krossguard (button) (small blind) showed [Js 6c] and won ($53.50) with a pair of Jacks


PokerStars Hand #175229064708:  Hold'em Limit ($3/$6 USD) - 2017/09/05 3:30:14 ET
Table 'Kariba' 6-max Seat #6 is the button
Seat 2: Scribe169 ($52.85 in chips)
Seat 6: krossguard ($182.64 in chips)
krossguard: posts small blind $1
Scribe169: posts big blind $3
*** HOLE CARDS ***
krossguard: raises $3 to $6
Scribe169: raises $3 to $9
krossguard: calls $3
*** FLOP *** [Jd Qd 2d]
Scribe169: bets $3
krossguard: calls $3
*** TURN *** [Jd Qd 2d] [Ts]
Scribe169: bets $6
krossguard: calls $6
*** RIVER *** [Jd Qd 2d Ts] [Ah]
Scribe169: bets $6
krossguard: folds
Uncalled bet ($6) returned to Scribe169
Scribe169 collected $35.50 from pot
*** SUMMARY ***
Total pot $36 | Rake $0.50
Board [Jd Qd 2d Ts Ah]
Seat 2: Scribe169 (big blind) collected ($35.50)
Seat 6: krossguard (button) (small blind) folded on the River


PokerStars Hand #175229074252:  Hold'em Limit ($3/$6 USD) - 2017/09/05 3:30:52 ET
Table 'Kariba' 6-max Seat #6 is the button
Seat 2: Scribe169 ($69.35 in chips)
Seat 6: krossguard ($165.64 in chips)
krossguard: posts small blind $1
Scribe169: posts big blind $3
*** HOLE CARDS ***
krossguard: folds
Uncalled bet ($2) returned to Scribe169
Scribe169 collected $2 from pot
*** SUMMARY ***
Total pot $2 | Rake $0
Seat 2: Scribe169 (big blind) collected ($2)
Seat 6: krossguard (button) (small blind) folded before Flop


PokerStars Hand #175229072490:  Hold'em Limit ($3/$6 USD) - 2017/09/05 3:30:45 ET
Table 'Kariba' 6-max Seat #2 is the button
Seat 2: Scribe169 ($70.35 in chips)
Seat 6: krossguard ($164.64 in chips)
Scribe169: posts small blind $1
krossguard: posts big blind $3
*** HOLE CARDS ***
Scribe169: folds
Uncalled bet ($2) returned to krossguard
krossguard collected $2 from pot
krossguard: doesn't show hand
*** SUMMARY ***
Total pot $2 | Rake $0
Seat 2: Scribe169 (button) (small blind) folded before Flop
Seat 6: krossguard (big blind) collected ($2)


PokerStars Hand #175229081839:  Hold'em Limit ($3/$6 USD) - 2017/09/05 3:31:22 ET
Table 'Kariba' 6-max Seat #6 is the button
Seat 2: Scribe169 ($76.11 in chips)
Seat 6: krossguard ($158.64 in chips)
krossguard: posts small blind $1
Scribe169: posts big blind $3
*** HOLE CARDS ***
krossguard: raises $3 to $6
Scribe169: folds
Uncalled bet ($3) returned to krossguard
krossguard collected $6 from pot
krossguard: doesn't show hand
*** SUMMARY ***
Total pot $6 | Rake $0
Seat 2: Scribe169 (big blind) folded before Flop
Seat 6: krossguard (button) (small blind) collected ($6)


PokerStars Hand #175229083764:  Hold'em Limit ($3/$6 USD) - 2017/09/05 3:31:29 ET
Table 'Kariba' 6-max Seat #2 is the button
Seat 2: Scribe169 ($73.11 in chips)
Seat 6: krossguard ($161.64 in chips)
Scribe169: posts small blind $1
krossguard: posts big blind $3
*** HOLE CARDS ***
Scribe169: folds
Uncalled bet ($2) returned to krossguard
krossguard collected $2 from pot
krossguard: doesn't show hand
*** SUMMARY ***
Total pot $2 | Rake $0
Seat 2: Scribe169 (button) (small blind) folded before Flop
Seat 6: krossguard (big blind) collected ($2)


PokerStars Hand #175229076327:  Hold'em Limit ($3/$6 USD) - 2017/09/05 3:31:00 ET
Table 'Kariba' 6-max Seat #2 is the button
Seat 2: Scribe169 ($70.35 in chips)
Seat 6: krossguard ($164.64 in chips)
Scribe169: posts small blind $1
krossguard: posts big blind $3
*** HOLE CARDS ***
Scribe169: raises $3 to $6
krossguard: calls $3
*** FLOP *** [Jc 4d Jh]
krossguard: checks
Scribe169: bets $3
krossguard: folds
Uncalled bet ($3) returned to Scribe169
Scribe169 collected $11.76 from pot
*** SUMMARY ***
Total pot $12 | Rake $0.24
Board [Jc 4d Jh]
Seat 2: Scribe169 (button) (small blind) collected ($11.76)
Seat 6: krossguard (big blind) folded on the Flop


PokerStars Hand #175229085258:  Hold'em Limit ($3/$6 USD) - 2017/09/05 3:31:35 ET
Table 'Kariba' 6-max Seat #6 is the button
Seat 2: Scribe169 ($72.11 in chips)
Seat 6: krossguard ($162.64 in chips)
krossguard: posts small blind $1
Scribe169: posts big blind $3
*** HOLE CARDS ***
krossguard: raises $3 to $6
Scribe169: calls $3
*** FLOP *** [2s Jc Jh]
Scribe169: checks
krossguard: bets $3
Scribe169: folds
Uncalled bet ($3) returned to krossguard
krossguard collected $11.76 from pot
krossguard: doesn't show hand
*** SUMMARY ***
Total pot $12 | Rake $0.24
Board [2s Jc Jh]
Seat 2: Scribe169 (big blind) folded on the Flop
Seat 6: krossguard (button) (small blind) collected ($11.76)


PokerStars Hand #175229090769:  Hold'em Limit ($3/$6 USD) - 2017/09/05 3:31:57 ET
Table 'Kariba' 6-max Seat #6 is the button
Seat 2: Scribe169 ($69.11 in chips)
Seat 6: krossguard ($165.40 in chips)
krossguard: posts small blind $1
Scribe169: posts big blind $3
*** HOLE CARDS ***
krossguard: raises $3 to $6
Scribe169: calls $3
*** FLOP *** [Ah Ad Th]
Scribe169: bets $3
krossguard: calls $3
*** TURN *** [Ah Ad Th] [2h]
Scribe169: checks
krossguard: bets $6
Scribe169: folds
Uncalled bet ($6) returned to krossguard
krossguard collected $17.64 from pot
krossguard: doesn't show hand
*** SUMMARY ***
Total pot $18 | Rake $0.36
Board [Ah Ad Th 2h]
Seat 2: Scribe169 (big blind) folded on the Turn
Seat 6: krossguard (button) (small blind) collected ($17.64)


PokerStars Hand #175229095882:  Hold'em Limit ($3/$6 USD) - 2017/09/05 3:32:17 ET
Table 'Kariba' 6-max Seat #2 is the button
Seat 2: Scribe169 ($60.11 in chips)
Seat 6: krossguard ($174.04 in chips)
Scribe169: posts small blind $1
krossguard: posts big blind $3
*** HOLE CARDS ***
Scribe169: raises $3 to $6
krossguard: calls $3
*** FLOP *** [Qd 6h Ad]
krossguard: checks
Scribe169: bets $3
krossguard: calls $3
*** TURN *** [Qd 6h Ad] [Th]
krossguard: checks
Scribe169: bets $6
krossguard: calls $6
*** RIVER *** [Qd 6h Ad Th] [3d]
krossguard: checks
Scribe169: checks
*** SHOW DOWN ***
krossguard: shows [Qh 4d] (a pair of Queens)
Scribe169: shows [5c Ah] (a pair of Aces)
Scribe169 collected $29.50 from pot
*** SUMMARY ***
Total pot $30 | Rake $0.50
Board [Qd 6h Ad Th 3d]
Seat 2: Scribe169 (button) (small blind) showed [5c Ah] and won ($29.50) with a pair of Aces
Seat 6: krossguard (big blind) showed [Qh 4d] and lost with a pair of Queens


PokerStars Hand #175229102001:  Hold'em Limit ($3/$6 USD) - 2017/09/05 3:32:42 ET
Table 'Kariba' 6-max Seat #6 is the button
Seat 2: Scribe169 ($74.61 in chips)
Seat 6: krossguard ($159.04 in chips)
krossguard: posts small blind $1
Scribe169: posts big blind $3
*** HOLE CARDS ***
krossguard: raises $3 to $6
Scribe169: folds
Uncalled bet ($3) returned to krossguard
krossguard collected $6 from pot
krossguard: doesn't show hand
*** SUMMARY ***
Total pot $6 | Rake $0
Seat 2: Scribe169 (big blind) folded before Flop
Seat 6: krossguard (button) (small blind) collected ($6)


PokerStars Hand #175229104240:  Hold'em Limit ($3/$6 USD) - 2017/09/05 3:32:50 ET
Table 'Kariba' 6-max Seat #2 is the button
Seat 2: Scribe169 ($71.61 in chips)
Seat 6: krossguard ($162.04 in chips)
Scribe169: posts small blind $1
krossguard: posts big blind $3
*** HOLE CARDS ***
Scribe169: raises $3 to $6
krossguard: calls $3
*** FLOP *** [2h Jh 3s]
krossguard: checks
Scribe169: bets $3
krossguard: raises $3 to $6
Scribe169: calls $3
*** TURN *** [2h Jh 3s] [Kc]
krossguard: bets $6
Scribe169: folds
Uncalled bet ($6) returned to krossguard
krossguard collected $23.52 from pot
krossguard: doesn't show hand
*** SUMMARY ***
Total pot $24 | Rake $0.48
Board [2h Jh 3s Kc]
Seat 2: Scribe169 (button) (small blind) folded on the Turn
Seat 6: krossguard (big blind) collected ($23.52)


PokerStars Hand #175229111052:  Hold'em Limit ($3/$6 USD) - 2017/09/05 3:33:17 ET
Table 'Kariba' 6-max Seat #2 is the button
Seat 2: Scribe169 ($56.61 in chips)
Seat 6: krossguard ($176.56 in chips)
Scribe169: posts small blind $1
krossguard: posts big blind $3
*** HOLE CARDS ***
Scribe169: raises $3 to $6
krossguard: calls $3
*** FLOP *** [Ad 5d As]
krossguard: checks
Scribe169: bets $3
krossguard: folds
Uncalled bet ($3) returned to Scribe169
Scribe169 collected $11.76 from pot
*** SUMMARY ***
Total pot $12 | Rake $0.24
Board [Ad 5d As]
Seat 2: Scribe169 (button) (small blind) collected ($11.76)
Seat 6: krossguard (big blind) folded on the Flop


PokerStars Hand #175229115476:  Hold'em Limit ($3/$6 USD) - 2017/09/05 3:33:35 ET
Table 'Kariba' 6-max Seat #6 is the button
Seat 2: Scribe169 ($62.37 in chips)
Seat 6: krossguard ($170.56 in chips)
krossguard: posts small blind $1
Scribe169: posts big blind $3
*** HOLE CARDS ***
NewRocker joins the table at seat #3
krossguard: raises $3 to $6
Scribe169: raises $3 to $9
krossguard: calls $3
*** FLOP *** [3s Ad Th]
Scribe169: bets $3
krossguard: folds
Uncalled bet ($3) returned to Scribe169
Scribe169 collected $17.64 from pot
*** SUMMARY ***
Total pot $18 | Rake $0.36
Board [3s Ad Th]
Seat 2: Scribe169 (big blind) collected ($17.64)
Seat 6: krossguard (button) (small blind) folded on the Flop


PokerStars Hand #175229108981:  Hold'em Limit ($3/$6 USD) - 2017/09/05 3:33:09 ET
Table 'Kariba' 6-max Seat #6 is the button
Seat 2: Scribe169 ($59.61 in chips)
Seat 6: krossguard ($173.56 in chips)
krossguard: posts small blind $1
Scribe169: posts big blind $3
*** HOLE CARDS ***
krossguard: raises $3 to $6
Scribe169: folds
Uncalled bet ($3) returned to krossguard
krossguard collected $6 from pot
krossguard: doesn't show hand
*** SUMMARY ***
Total pot $6 | Rake $0
Seat 2: Scribe169 (big blind) folded before Flop
Seat 6: krossguard (button) (small blind) collected ($6)


PokerStars Hand #175230881260:  Hold'em Limit ($3/$6 USD) - 2017/09/05 5:15:06 ET
Table 'Kariba' 6-max Seat #5 is the button
Seat 4: Kartll11 ($166.67 in chips)
Seat 5: Pelurile ($72 in chips)
Pelurile: posts small blind $1
rascal_319: is sitting out
Kartll11: posts big blind $3
*** HOLE CARDS ***
Pelurile: raises $3 to $6
Kartll11: calls $3
*** FLOP *** [2s 5h 7h]
Kartll11: checks
Pelurile: bets $3
Kartll11: folds
Uncalled bet ($3) returned to Pelurile
Pelurile collected $11.76 from pot
Pelurile: doesn't show hand
*** SUMMARY ***
Total pot $12 | Rake $0.24
Board [2s 5h 7h]
Seat 4: Kartll11 (big blind) folded on the Flop
Seat 5: Pelurile (button) (small blind) collected ($11.76)


PokerStars Hand #175231042923:  Hold'em Limit ($3/$6 USD) - 2017/09/05 5:22:51 ET
Table 'Kariba' 6-max Seat #5 is the button
Seat 3: Blikon ($120 in chips)
Seat 5: t9pkin ($120 in chips)
t9pkin: posts small blind $1
Blikon: posts big blind $3
*** HOLE CARDS ***
t9pkin: raises $3 to $6
Blikon: folds
Uncalled bet ($3) returned to t9pkin
t9pkin collected $6 from pot
t9pkin: doesn't show hand
*** SUMMARY ***
Total pot $6 | Rake $0
Seat 3: Blikon (big blind) folded before Flop
Seat 5: t9pkin (button) (small blind) collected ($6)


PokerStars Hand #175231049803:  Hold'em Limit ($3/$6 USD) - 2017/09/05 5:23:10 ET
Table 'Kariba' 6-max Seat #3 is the button
Seat 3: Blikon ($117 in chips)
Seat 5: t9pkin ($123 in chips)
Blikon: posts small blind $1
t9pkin: posts big blind $3
*** HOLE CARDS ***
Blikon: raises $3 to $6
t9pkin: calls $3
*** FLOP *** [Qc As Js]
t9pkin: checks
Blikon: bets $3
t9pkin: calls $3
*** TURN *** [Qc As Js] [Qs]
t9pkin: checks
Blikon: bets $6
t9pkin: calls $6
*** RIVER *** [Qc As Js Qs] [4h]
t9pkin: checks
Blikon: bets $6
t9pkin: calls $6
*** SHOW DOWN ***
Blikon: shows [Ah 7h] (two pair, Aces and Queens)
t9pkin: mucks hand
Blikon collected $41.50 from pot
*** SUMMARY ***
Total pot $42 | Rake $0.50
Board [Qc As Js Qs 4h]
Seat 3: Blikon (button) (small blind) showed [Ah 7h] and won ($41.50) with two pair, Aces and Queens
Seat 5: t9pkin (big blind) mucked


PokerStars Hand #175231062765:  Hold'em Limit ($3/$6 USD) - 2017/09/05 5:23:47 ET
Table 'Kariba' 6-max Seat #5 is the button
Seat 3: Blikon ($137.50 in chips)
Seat 5: t9pkin ($102 in chips)
t9pkin: posts small blind $1
Blikon: posts big blind $3
*** HOLE CARDS ***
t9pkin: raises $3 to $6
Blikon: folds
Uncalled bet ($3) returned to t9pkin
t9pkin collected $6 from pot
t9pkin: doesn't show hand
*** SUMMARY ***
Total pot $6 | Rake $0
Seat 3: Blikon (big blind) folded before Flop
Seat 5: t9pkin (button) (small blind) collected ($6)


PokerStars Hand #175231488902:  Hold'em Limit ($3/$6 USD) - 2017/09/05 5:43:50 ET
Table 'Kariba' 6-max Seat #3 is the button
Seat 3: Rus29APX ($105.43 in chips)
Seat 6: Kartll11 ($133.98 in chips)
Rus29APX: posts small blind $1
Velbor107: is sitting out
Kartll11: posts big blind $3
*** HOLE CARDS ***
Rus29APX: raises $3 to $6
Velbor107 leaves the table
Kartll11: folds
Uncalled bet ($3) returned to Rus29APX
Rus29APX collected $6 from pot
Rus29APX: doesn't show hand
*** SUMMARY ***
Total pot $6 | Rake $0
Seat 3: Rus29APX (button) (small blind) collected ($6)
Seat 6: Kartll11 (big blind) folded before Flop


