PokerStars Hand #147221073525:  Hold'em Limit ($3/$6 USD) - 2016/01/17 16:58:12 ET
Table 'Kariba' 6-max Seat #5 is the button
Seat 4: BuzovaPro ($75 in chips)
Seat 5: perten ($55.72 in chips)
perten: posts small blind $1
BuzovaPro: posts big blind $3
*** HOLE CARDS ***
perten: folds
Uncalled bet ($2) returned to BuzovaPro
BuzovaPro collected $2 from pot
BuzovaPro: doesn't show hand
*** SUMMARY ***
Total pot $2 | Rake $0
Seat 4: BuzovaPro (big blind) collected ($2)
Seat 5: perten (button) (small blind) folded before Flop


PokerStars Hand #147221069149:  Hold'em Limit ($3/$6 USD) - 2016/01/17 16:58:06 ET
Table 'Kariba' 6-max Seat #4 is the button
Seat 4: BuzovaPro ($72 in chips)
Seat 5: perten ($58.72 in chips)
BuzovaPro: posts small blind $1
perten: posts big blind $3
*** HOLE CARDS ***
BuzovaPro: raises $3 to $6
perten: folds
Uncalled bet ($3) returned to BuzovaPro
BuzovaPro collected $6 from pot
*** SUMMARY ***
Total pot $6 | Rake $0
Seat 4: BuzovaPro (button) (small blind) collected ($6)
Seat 5: perten (big blind) folded before Flop


PokerStars Hand #147221051045:  Hold'em Limit ($3/$6 USD) - 2016/01/17 16:57:49 ET
Table 'Kariba' 6-max Seat #5 is the button
Seat 4: BuzovaPro ($72 in chips)
Seat 5: perten ($47.20 in chips)
perten: posts small blind $1
BuzovaPro: posts big blind $3
*** HOLE CARDS ***
perten: raises $3 to $6
BuzovaPro: calls $3
*** FLOP *** [Jh 8h 8c]
BuzovaPro: checks
perten: checks
*** TURN *** [Jh 8h 8c] [Qs]
BuzovaPro: checks
perten: bets $6
BuzovaPro: calls $6
*** RIVER *** [Jh 8h 8c Qs] [Ks]
BuzovaPro: checks
perten: bets $6
BuzovaPro: folds
Uncalled bet ($6) returned to perten
perten collected $23.52 from pot
perten: doesn't show hand
*** SUMMARY ***
Total pot $24 | Rake $0.48
Board [Jh 8h 8c Qs Ks]
Seat 4: BuzovaPro (big blind) folded on the River
Seat 5: perten (button) (small blind) collected ($23.52)


PokerStars Hand #147221134134:  Hold'em Limit ($3/$6 USD) - 2016/01/17 16:59:14 ET
Table 'Kariba' 6-max Seat #4 is the button
Seat 4: BuzovaPro ($91.50 in chips)
Seat 5: perten ($38.72 in chips)
BuzovaPro: posts small blind $1
perten: posts big blind $3
*** HOLE CARDS ***
BuzovaPro: raises $3 to $6
perten: folds
Uncalled bet ($3) returned to BuzovaPro
BuzovaPro collected $6 from pot
BuzovaPro: doesn't show hand
*** SUMMARY ***
Total pot $6 | Rake $0
Seat 4: BuzovaPro (button) (small blind) collected ($6)
Seat 5: perten (big blind) folded before Flop


PokerStars Hand #147221129970:  Hold'em Limit ($3/$6 USD) - 2016/01/17 16:59:09 ET
Table 'Kariba' 6-max Seat #5 is the button
Seat 4: BuzovaPro ($90.50 in chips)
Seat 5: perten ($39.72 in chips)
perten: posts small blind $1
BuzovaPro: posts big blind $3
*** HOLE CARDS ***
perten: folds
Uncalled bet ($2) returned to BuzovaPro
BuzovaPro collected $2 from pot
BuzovaPro: doesn't show hand
*** SUMMARY ***
Total pot $2 | Rake $0
Seat 4: BuzovaPro (big blind) collected ($2)
Seat 5: perten (button) (small blind) folded before Flop


PokerStars Hand #147221120219:  Hold'em Limit ($3/$6 USD) - 2016/01/17 16:58:57 ET
Table 'Kariba' 6-max Seat #4 is the button
Seat 4: BuzovaPro ($91.50 in chips)
Seat 5: perten ($38.72 in chips)
BuzovaPro: posts small blind $1
perten: posts big blind $3
*** HOLE CARDS ***
BuzovaPro: folds
Uncalled bet ($2) returned to perten
perten collected $2 from pot
perten: doesn't show hand
*** SUMMARY ***
Total pot $2 | Rake $0
Seat 4: BuzovaPro (button) (small blind) folded before Flop
Seat 5: perten (big blind) collected ($2)


PokerStars Hand #147221115510:  Hold'em Limit ($3/$6 USD) - 2016/01/17 16:58:52 ET
Table 'Kariba' 6-max Seat #5 is the button
Seat 4: BuzovaPro ($90.50 in chips)
Seat 5: perten ($39.72 in chips)
perten: posts small blind $1
BuzovaPro: posts big blind $3
*** HOLE CARDS ***
perten: folds
Uncalled bet ($2) returned to BuzovaPro
BuzovaPro collected $2 from pot
BuzovaPro: doesn't show hand
*** SUMMARY ***
Total pot $2 | Rake $0
Seat 4: BuzovaPro (big blind) collected ($2)
Seat 5: perten (button) (small blind) folded before Flop


PokerStars Hand #147221111632:  Hold'em Limit ($3/$6 USD) - 2016/01/17 16:58:47 ET
Table 'Kariba' 6-max Seat #4 is the button
Seat 4: BuzovaPro ($91.50 in chips)
Seat 5: perten ($38.72 in chips)
BuzovaPro: posts small blind $1
perten: posts big blind $3
*** HOLE CARDS ***
BuzovaPro: folds
Uncalled bet ($2) returned to perten
perten collected $2 from pot
perten: doesn't show hand
*** SUMMARY ***
Total pot $2 | Rake $0
Seat 4: BuzovaPro (button) (small blind) folded before Flop
Seat 5: perten (big blind) collected ($2)


PokerStars Hand #147221106632:  Hold'em Limit ($3/$6 USD) - 2016/01/17 16:58:42 ET
Table 'Kariba' 6-max Seat #5 is the button
Seat 4: BuzovaPro ($90.50 in chips)
Seat 5: perten ($39.72 in chips)
perten: posts small blind $1
BuzovaPro: posts big blind $3
*** HOLE CARDS ***
perten: folds
Uncalled bet ($2) returned to BuzovaPro
BuzovaPro collected $2 from pot
BuzovaPro: doesn't show hand
*** SUMMARY ***
Total pot $2 | Rake $0
Seat 4: BuzovaPro (big blind) collected ($2)
Seat 5: perten (button) (small blind) folded before Flop


PokerStars Hand #147221082683:  Hold'em Limit ($3/$6 USD) - 2016/01/17 16:58:18 ET
Table 'Kariba' 6-max Seat #4 is the button
Seat 4: BuzovaPro ($76 in chips)
Seat 5: perten ($54.72 in chips)
BuzovaPro: posts small blind $1
perten: posts big blind $3
*** HOLE CARDS ***
BuzovaPro: raises $3 to $6
perten: calls $3
*** FLOP *** [6s 7d 6d]
perten: bets $3
BuzovaPro: calls $3
*** TURN *** [6s 7d 6d] [9d]
perten: bets $6
BuzovaPro: calls $6
*** RIVER *** [6s 7d 6d 9d] [Jc]
perten: checks
BuzovaPro: checks
*** SHOW DOWN ***
perten: shows [7c Tc] (two pair, Sevens and Sixes)
BuzovaPro: shows [9h 8h] (two pair, Nines and Sixes)
BuzovaPro collected $29.50 from pot
*** SUMMARY ***
Total pot $30 | Rake $0.50
Board [6s 7d 6d 9d Jc]
Seat 4: BuzovaPro (button) (small blind) showed [9h 8h] and won ($29.50) with two pair, Nines and Sixes
Seat 5: perten (big blind) showed [7c Tc] and lost with two pair, Sevens and Sixes


