PokerStars Hand #145210352154:  Hold'em Limit ($3/$6 USD) - 2015/12/12 0:48:13 ET
Table 'Karolinum' 6-max Seat #4 is the button
Seat 4: Agrotait ($72 in chips)
Seat 5: akon12793 ($91.90 in chips)
Agrotait: posts small blind $1
akon12793: posts big blind $3
*** HOLE CARDS ***
assitoni joins the table at seat #6
Agrotait: raises $3 to $6
akon12793: calls $3
*** FLOP *** [2s 5c Ts]
akon12793: checks
Agrotait: bets $3
akon12793: folds
Uncalled bet ($3) returned to Agrotait
Agrotait collected $11.76 from pot
Agrotait: doesn't show hand
*** SUMMARY ***
Total pot $12 | Rake $0.24
Board [2s 5c Ts]
Seat 4: Agrotait (button) (small blind) collected ($11.76)
Seat 5: akon12793 (big blind) folded on the Flop


PokerStars Hand #145210582753:  Hold'em Limit ($3/$6 USD) - 2015/12/12 1:02:26 ET
Table 'Karolinum' 6-max Seat #1 is the button
Seat 1: scorpio04 ($82.64 in chips)
Seat 3: Bonsey_1 ($112.15 in chips)
scorpio04: posts small blind $1
Bonsey_1: posts big blind $3
*** HOLE CARDS ***
scorpio04: raises $3 to $6
Bonsey_1: calls $3
*** FLOP *** [Ac 4h 3d]
Bonsey_1: checks
scorpio04: bets $3
Bonsey_1: raises $3 to $6
scorpio04: calls $3
*** TURN *** [Ac 4h 3d] [5d]
Bonsey_1: bets $6
scorpio04: folds
Uncalled bet ($6) returned to Bonsey_1
Bonsey_1 collected $23.52 from pot
Bonsey_1: doesn't show hand
*** SUMMARY ***
Total pot $24 | Rake $0.48
Board [Ac 4h 3d 5d]
Seat 1: scorpio04 (button) (small blind) folded on the Turn
Seat 3: Bonsey_1 (big blind) collected ($23.52)


PokerStars Hand #145210581312:  Hold'em Limit ($3/$6 USD) - 2015/12/12 1:02:21 ET
Table 'Karolinum' 6-max Seat #3 is the button
Seat 1: scorpio04 ($81.64 in chips)
Seat 3: Bonsey_1 ($113.15 in chips)
Bonsey_1: posts small blind $1
scorpio04: posts big blind $3
*** HOLE CARDS ***
Bonsey_1: folds
Uncalled bet ($2) returned to scorpio04
scorpio04 collected $2 from pot
scorpio04: doesn't show hand
*** SUMMARY ***
Total pot $2 | Rake $0
Seat 1: scorpio04 (big blind) collected ($2)
Seat 3: Bonsey_1 (button) (small blind) folded before Flop


PokerStars Hand #145210579122:  Hold'em Limit ($3/$6 USD) - 2015/12/12 1:02:14 ET
Table 'Karolinum' 6-max Seat #1 is the button
Seat 1: scorpio04 ($78.64 in chips)
Seat 3: Bonsey_1 ($116.15 in chips)
scorpio04: posts small blind $1
Bonsey_1: posts big blind $3
*** HOLE CARDS ***
assitoni leaves the table
scorpio04: raises $3 to $6
Bonsey_1: folds
Uncalled bet ($3) returned to scorpio04
scorpio04 collected $6 from pot
scorpio04: doesn't show hand
*** SUMMARY ***
Total pot $6 | Rake $0
Seat 1: scorpio04 (button) (small blind) collected ($6)
Seat 3: Bonsey_1 (big blind) folded before Flop


PokerStars Hand #145210577376:  Hold'em Limit ($3/$6 USD) - 2015/12/12 1:02:08 ET
Table 'Karolinum' 6-max Seat #3 is the button
Seat 1: scorpio04 ($77.64 in chips)
Seat 3: Bonsey_1 ($117.15 in chips)
Bonsey_1: posts small blind $1
assitoni: is sitting out
scorpio04: posts big blind $3
*** HOLE CARDS ***
Bonsey_1: folds
Uncalled bet ($2) returned to scorpio04
scorpio04 collected $2 from pot
scorpio04: doesn't show hand
*** SUMMARY ***
Total pot $2 | Rake $0
Seat 1: scorpio04 (big blind) collected ($2)
Seat 3: Bonsey_1 (button) (small blind) folded before Flop


PokerStars Hand #145210604767:  Hold'em Limit ($3/$6 USD) - 2015/12/12 1:03:41 ET
Table 'Karolinum' 6-max Seat #1 is the button
Seat 1: scorpio04 ($87.40 in chips)
Seat 3: Bonsey_1 ($107.67 in chips)
scorpio04: posts small blind $1
Bonsey_1: posts big blind $3
*** HOLE CARDS ***
scorpio04: raises $3 to $6
Bonsey_1: folds
Uncalled bet ($3) returned to scorpio04
scorpio04 collected $6 from pot
scorpio04: doesn't show hand
*** SUMMARY ***
Total pot $6 | Rake $0
Seat 1: scorpio04 (button) (small blind) collected ($6)
Seat 3: Bonsey_1 (big blind) folded before Flop


PokerStars Hand #145210602951:  Hold'em Limit ($3/$6 USD) - 2015/12/12 1:03:35 ET
Table 'Karolinum' 6-max Seat #3 is the button
Seat 1: scorpio04 ($86.40 in chips)
Seat 3: Bonsey_1 ($108.67 in chips)
Bonsey_1: posts small blind $1
scorpio04: posts big blind $3
*** HOLE CARDS ***
Bonsey_1: folds
Uncalled bet ($2) returned to scorpio04
scorpio04 collected $2 from pot
scorpio04: doesn't show hand
*** SUMMARY ***
Total pot $2 | Rake $0
Seat 1: scorpio04 (big blind) collected ($2)
Seat 3: Bonsey_1 (button) (small blind) folded before Flop


PokerStars Hand #145210598286:  Hold'em Limit ($3/$6 USD) - 2015/12/12 1:03:19 ET
Table 'Karolinum' 6-max Seat #1 is the button
Seat 1: scorpio04 ($80.64 in chips)
Seat 3: Bonsey_1 ($114.67 in chips)
scorpio04: posts small blind $1
Bonsey_1: posts big blind $3
*** HOLE CARDS ***
scorpio04: raises $3 to $6
Bonsey_1: calls $3
*** FLOP *** [Td Ks Js]
Bonsey_1: checks
scorpio04: bets $3
Bonsey_1: folds
Uncalled bet ($3) returned to scorpio04
scorpio04 collected $11.76 from pot
scorpio04: doesn't show hand
*** SUMMARY ***
Total pot $12 | Rake $0.24
Board [Td Ks Js]
Seat 1: scorpio04 (button) (small blind) collected ($11.76)
Seat 3: Bonsey_1 (big blind) folded on the Flop


PokerStars Hand #145210590360:  Hold'em Limit ($3/$6 USD) - 2015/12/12 1:02:52 ET
Table 'Karolinum' 6-max Seat #3 is the button
Seat 1: scorpio04 ($72 in chips)
Seat 3: Bonsey_1 ($123.67 in chips)
Bonsey_1: posts small blind $1
scorpio04: posts big blind $3
*** HOLE CARDS ***
Bonsey_1: raises $3 to $6
scorpio04: calls $3
*** FLOP *** [Ts 5c Js]
scorpio04: checks
Bonsey_1: bets $3
scorpio04: calls $3
*** TURN *** [Ts 5c Js] [4s]
scorpio04: checks
Bonsey_1: checks
*** RIVER *** [Ts 5c Js 4s] [9h]
Velbor107 leaves the table
scorpio04: checks
Bonsey_1: checks
*** SHOW DOWN ***
scorpio04: shows [5h Qh] (a pair of Fives)
Bonsey_1: mucks hand
scorpio04 collected $17.64 from pot
*** SUMMARY ***
Total pot $18 | Rake $0.36
Board [Ts 5c Js 4s 9h]
Seat 1: scorpio04 (big blind) showed [5h Qh] and won ($17.64) with a pair of Fives
Seat 3: Bonsey_1 (button) (small blind) mucked


PokerStars Hand #145210630244:  Hold'em Limit ($3/$6 USD) - 2015/12/12 1:05:08 ET
Table 'Karolinum' 6-max Seat #3 is the button
Seat 1: scorpio04 ($92.92 in chips)
Seat 3: Bonsey_1 ($101.31 in chips)
Bonsey_1: posts small blind $1
scorpio04: posts big blind $3
*** HOLE CARDS ***
Bonsey_1: folds
Uncalled bet ($2) returned to scorpio04
scorpio04 collected $2 from pot
scorpio04: doesn't show hand
*** SUMMARY ***
Total pot $2 | Rake $0
Seat 1: scorpio04 (big blind) collected ($2)
Seat 3: Bonsey_1 (button) (small blind) folded before Flop


PokerStars Hand #145210616067:  Hold'em Limit ($3/$6 USD) - 2015/12/12 1:04:19 ET
Table 'Karolinum' 6-max Seat #1 is the button
Seat 1: scorpio04 ($101.92 in chips)
Seat 3: Bonsey_1 ($92.67 in chips)
scorpio04: posts small blind $1
Bonsey_1: posts big blind $3
*** HOLE CARDS ***
scorpio04: raises $3 to $6
Bonsey_1: raises $3 to $9
scorpio04: calls $3
*** FLOP *** [2c Qs 8c]
Bonsey_1: bets $3
scorpio04: folds
Uncalled bet ($3) returned to Bonsey_1
Bonsey_1 collected $17.64 from pot
Bonsey_1: doesn't show hand
*** SUMMARY ***
Total pot $18 | Rake $0.36
Board [2c Qs 8c]
Seat 1: scorpio04 (button) (small blind) folded on the Flop
Seat 3: Bonsey_1 (big blind) collected ($17.64)


PokerStars Hand #145210631874:  Hold'em Limit ($3/$6 USD) - 2015/12/12 1:05:14 ET
Table 'Karolinum' 6-max Seat #1 is the button
Seat 1: scorpio04 ($93.92 in chips)
Seat 3: Bonsey_1 ($100.31 in chips)
scorpio04: posts small blind $1
Bonsey_1: posts big blind $3
*** HOLE CARDS ***
scorpio04: raises $3 to $6
Bonsey_1: raises $3 to $9
scorpio04: calls $3
*** FLOP *** [Ad 6h 5c]
Bonsey_1: bets $3
scorpio04: calls $3
*** TURN *** [Ad 6h 5c] [Td]
Bonsey_1: checks
scorpio04: bets $6
Bonsey_1: folds
Uncalled bet ($6) returned to scorpio04
scorpio04 collected $23.52 from pot
scorpio04: doesn't show hand
*** SUMMARY ***
Total pot $24 | Rake $0.48
Board [Ad 6h 5c Td]
Seat 1: scorpio04 (button) (small blind) collected ($23.52)
Seat 3: Bonsey_1 (big blind) folded on the Turn


PokerStars Hand #145210647310:  Hold'em Limit ($3/$6 USD) - 2015/12/12 1:06:08 ET
Table 'Karolinum' 6-max Seat #1 is the button
Seat 1: scorpio04 ($114.08 in chips)
Seat 3: Bonsey_1 ($79.31 in chips)
scorpio04: posts small blind $1
Bonsey_1: posts big blind $3
*** HOLE CARDS ***
scorpio04: raises $3 to $6
Bonsey_1: folds
Uncalled bet ($3) returned to scorpio04
scorpio04 collected $6 from pot
scorpio04: doesn't show hand
*** SUMMARY ***
Total pot $6 | Rake $0
Seat 1: scorpio04 (button) (small blind) collected ($6)
Seat 3: Bonsey_1 (big blind) folded before Flop


PokerStars Hand #145210636913:  Hold'em Limit ($3/$6 USD) - 2015/12/12 1:05:32 ET
Table 'Karolinum' 6-max Seat #3 is the button
Seat 1: scorpio04 ($105.44 in chips)
Seat 3: Bonsey_1 ($88.31 in chips)
Bonsey_1: posts small blind $1
scorpio04: posts big blind $3
*** HOLE CARDS ***
Bonsey_1: raises $3 to $6
scorpio04: calls $3
*** FLOP *** [2h 5s 5h]
scorpio04: checks
Bonsey_1: bets $3
scorpio04: calls $3
*** TURN *** [2h 5s 5h] [4h]
scorpio04: checks
Bonsey_1: checks
*** RIVER *** [2h 5s 5h 4h] [3s]
scorpio04: bets $6
Bonsey_1: folds
Uncalled bet ($6) returned to scorpio04
scorpio04 collected $17.64 from pot
scorpio04: doesn't show hand
*** SUMMARY ***
Total pot $18 | Rake $0.36
Board [2h 5s 5h 4h 3s]
Seat 1: scorpio04 (big blind) collected ($17.64)
Seat 3: Bonsey_1 (button) (small blind) folded on the River


PokerStars Hand #145210649528:  Hold'em Limit ($3/$6 USD) - 2015/12/12 1:06:15 ET
Table 'Karolinum' 6-max Seat #3 is the button
Seat 1: scorpio04 ($117.08 in chips)
Seat 3: Bonsey_1 ($76.31 in chips)
Bonsey_1: posts small blind $1
scorpio04: posts big blind $3
*** HOLE CARDS ***
Bonsey_1: raises $3 to $6
scorpio04: raises $3 to $9
Bonsey_1: calls $3
*** FLOP *** [Td 4d 8s]
scorpio04: bets $3
Bonsey_1: calls $3
*** TURN *** [Td 4d 8s] [Qh]
scorpio04: bets $6
Bonsey_1: raises $6 to $12
scorpio04: calls $6
*** RIVER *** [Td 4d 8s Qh] [2c]
scorpio04: checks
Bonsey_1: checks
*** SHOW DOWN ***
scorpio04: shows [5d Ad] (high card Ace)
Bonsey_1: shows [4s 5s] (a pair of Fours)
Bonsey_1 collected $47.50 from pot
*** SUMMARY ***
Total pot $48 | Rake $0.50
Board [Td 4d 8s Qh 2c]
Seat 1: scorpio04 (big blind) showed [5d Ad] and lost with high card Ace
Seat 3: Bonsey_1 (button) (small blind) showed [4s 5s] and won ($47.50) with a pair of Fours


PokerStars Hand #145210658098:  Hold'em Limit ($3/$6 USD) - 2015/12/12 1:06:45 ET
Table 'Karolinum' 6-max Seat #1 is the button
Seat 1: scorpio04 ($93.08 in chips)
Seat 3: Bonsey_1 ($99.81 in chips)
scorpio04: posts small blind $1
Bonsey_1: posts big blind $3
*** HOLE CARDS ***
scorpio04: raises $3 to $6
Bonsey_1: calls $3
*** FLOP *** [2h 4d Jc]
Bonsey_1: checks
scorpio04: bets $3
Bonsey_1: calls $3
*** TURN *** [2h 4d Jc] [3c]
Bonsey_1: checks
scorpio04: checks
*** RIVER *** [2h 4d Jc 3c] [Qs]
Bonsey_1: bets $6
scorpio04: calls $6
*** SHOW DOWN ***
Bonsey_1: shows [Qd 5d] (a pair of Queens)
scorpio04: mucks hand
Bonsey_1 collected $29.50 from pot
*** SUMMARY ***
Total pot $30 | Rake $0.50
Board [2h 4d Jc 3c Qs]
Seat 1: scorpio04 (button) (small blind) mucked
Seat 3: Bonsey_1 (big blind) showed [Qd 5d] and won ($29.50) with a pair of Queens


PokerStars Hand #145210667609:  Hold'em Limit ($3/$6 USD) - 2015/12/12 1:07:18 ET
Table 'Karolinum' 6-max Seat #3 is the button
Seat 1: scorpio04 ($78.08 in chips)
Seat 3: Bonsey_1 ($114.31 in chips)
Bonsey_1: posts small blind $1
scorpio04: posts big blind $3
*** HOLE CARDS ***
Bonsey_1: raises $3 to $6
scorpio04: calls $3
*** FLOP *** [As 7h 8s]
scorpio04: checks
Bonsey_1: bets $3
scorpio04: folds
Uncalled bet ($3) returned to Bonsey_1
Bonsey_1 collected $11.76 from pot
Bonsey_1: doesn't show hand
*** SUMMARY ***
Total pot $12 | Rake $0.24
Board [As 7h 8s]
Seat 1: scorpio04 (big blind) folded on the Flop
Seat 3: Bonsey_1 (button) (small blind) collected ($11.76)


PokerStars Hand #145210684017:  Hold'em Limit ($3/$6 USD) - 2015/12/12 1:08:15 ET
Table 'Karolinum' 6-max Seat #3 is the button
Seat 1: scorpio04 ($72 in chips)
Seat 3: Bonsey_1 ($128.71 in chips)
Bonsey_1: posts small blind $1
scorpio04: posts big blind $3
*** HOLE CARDS ***
Bonsey_1: raises $3 to $6
scorpio04: raises $3 to $9
Bonsey_1: calls $3
*** FLOP *** [Ts 6s 6h]
scorpio04: bets $3
Bonsey_1: raises $3 to $6
scorpio04: calls $3
*** TURN *** [Ts 6s 6h] [5c]
scorpio04: checks
Bonsey_1: checks
*** RIVER *** [Ts 6s 6h 5c] [5d]
scorpio04: bets $6
Bonsey_1: calls $6
*** SHOW DOWN ***
scorpio04: shows [7d 7c] (two pair, Sevens and Sixes)
Bonsey_1: mucks hand
scorpio04 collected $41.50 from pot
*** SUMMARY ***
Total pot $42 | Rake $0.50
Board [Ts 6s 6h 5c 5d]
Seat 1: scorpio04 (big blind) showed [7d 7c] and won ($41.50) with two pair, Sevens and Sixes
Seat 3: Bonsey_1 (button) (small blind) mucked


PokerStars Hand #145210677594:  Hold'em Limit ($3/$6 USD) - 2015/12/12 1:07:53 ET
Table 'Karolinum' 6-max Seat #1 is the button
Seat 1: scorpio04 ($72.08 in chips)
Seat 3: Bonsey_1 ($120.07 in chips)
scorpio04: posts small blind $1
Bonsey_1: posts big blind $3
*** HOLE CARDS ***
scorpio04: raises $3 to $6
Bonsey_1: raises $3 to $9
scorpio04: calls $3
*** FLOP *** [Ts Ad 7s]
Bonsey_1: bets $3
scorpio04: folds
Uncalled bet ($3) returned to Bonsey_1
Bonsey_1 collected $17.64 from pot
Bonsey_1: doesn't show hand
*** SUMMARY ***
Total pot $18 | Rake $0.36
Board [Ts Ad 7s]
Seat 1: scorpio04 (button) (small blind) folded on the Flop
Seat 3: Bonsey_1 (big blind) collected ($17.64)


PokerStars Hand #145210693295:  Hold'em Limit ($3/$6 USD) - 2015/12/12 1:08:48 ET
Table 'Karolinum' 6-max Seat #1 is the button
Seat 1: scorpio04 ($92.50 in chips)
Seat 3: Bonsey_1 ($107.71 in chips)
scorpio04: posts small blind $1
Bonsey_1: posts big blind $3
*** HOLE CARDS ***
scorpio04: raises $3 to $6
Bonsey_1: calls $3
*** FLOP *** [6d 2s 5h]
Bonsey_1: checks
scorpio04: bets $3
Bonsey_1: calls $3
*** TURN *** [6d 2s 5h] [Qd]
Bonsey_1: checks
scorpio04: bets $6
Bonsey_1: calls $6
*** RIVER *** [6d 2s 5h Qd] [2h]
Bonsey_1: bets $6
scorpio04: folds
Uncalled bet ($6) returned to Bonsey_1
Bonsey_1 collected $29.50 from pot
Bonsey_1: doesn't show hand
*** SUMMARY ***
Total pot $30 | Rake $0.50
Board [6d 2s 5h Qd 2h]
Seat 1: scorpio04 (button) (small blind) folded on the River
Seat 3: Bonsey_1 (big blind) collected ($29.50)


PokerStars Hand #145210702315:  Hold'em Limit ($3/$6 USD) - 2015/12/12 1:09:20 ET
Table 'Karolinum' 6-max Seat #1 is the button
Seat 1: scorpio04 ($78.50 in chips)
Seat 3: Bonsey_1 ($121.21 in chips)
scorpio04: posts small blind $1
Bonsey_1: posts big blind $3
*** HOLE CARDS ***
scorpio04: raises $3 to $6
Bonsey_1: folds
Uncalled bet ($3) returned to scorpio04
scorpio04 collected $6 from pot
scorpio04: doesn't show hand
*** SUMMARY ***
Total pot $6 | Rake $0
Seat 1: scorpio04 (button) (small blind) collected ($6)
Seat 3: Bonsey_1 (big blind) folded before Flop


PokerStars Hand #145210700729:  Hold'em Limit ($3/$6 USD) - 2015/12/12 1:09:14 ET
Table 'Karolinum' 6-max Seat #3 is the button
Seat 1: scorpio04 ($77.50 in chips)
Seat 3: Bonsey_1 ($122.21 in chips)
Bonsey_1: posts small blind $1
scorpio04: posts big blind $3
*** HOLE CARDS ***
Bonsey_1: folds
Uncalled bet ($2) returned to scorpio04
scorpio04 collected $2 from pot
scorpio04: doesn't show hand
*** SUMMARY ***
Total pot $2 | Rake $0
Seat 1: scorpio04 (big blind) collected ($2)
Seat 3: Bonsey_1 (button) (small blind) folded before Flop


PokerStars Hand #145210704438:  Hold'em Limit ($3/$6 USD) - 2015/12/12 1:09:27 ET
Table 'Karolinum' 6-max Seat #3 is the button
Seat 1: scorpio04 ($81.50 in chips)
Seat 3: Bonsey_1 ($118.21 in chips)
Bonsey_1: posts small blind $1
scorpio04: posts big blind $3
*** HOLE CARDS ***
Bonsey_1: folds
Uncalled bet ($2) returned to scorpio04
scorpio04 collected $2 from pot
scorpio04: doesn't show hand
*** SUMMARY ***
Total pot $2 | Rake $0
Seat 1: scorpio04 (big blind) collected ($2)
Seat 3: Bonsey_1 (button) (small blind) folded before Flop


PokerStars Hand #145210711020:  Hold'em Limit ($3/$6 USD) - 2015/12/12 1:09:50 ET
Table 'Karolinum' 6-max Seat #3 is the button
Seat 1: scorpio04 ($73.50 in chips)
Seat 3: Bonsey_1 ($125.85 in chips)
Bonsey_1: posts small blind $1
scorpio04: posts big blind $3
*** HOLE CARDS ***
Bonsey_1: folds
Uncalled bet ($2) returned to scorpio04
scorpio04 collected $2 from pot
scorpio04: doesn't show hand
*** SUMMARY ***
Total pot $2 | Rake $0
Seat 1: scorpio04 (big blind) collected ($2)
Seat 3: Bonsey_1 (button) (small blind) folded before Flop


PokerStars Hand #145210706203:  Hold'em Limit ($3/$6 USD) - 2015/12/12 1:09:33 ET
Table 'Karolinum' 6-max Seat #1 is the button
Seat 1: scorpio04 ($82.50 in chips)
Seat 3: Bonsey_1 ($117.21 in chips)
scorpio04: posts small blind $1
Bonsey_1: posts big blind $3
*** HOLE CARDS ***
scorpio04: raises $3 to $6
Bonsey_1: calls $3
*** FLOP *** [Td Ah 5d]
Bonsey_1: checks
scorpio04: bets $3
Bonsey_1: raises $3 to $6
scorpio04: folds
Uncalled bet ($3) returned to Bonsey_1
Bonsey_1 collected $17.64 from pot
Bonsey_1: doesn't show hand
*** SUMMARY ***
Total pot $18 | Rake $0.36
Board [Td Ah 5d]
Seat 1: scorpio04 (button) (small blind) folded on the Flop
Seat 3: Bonsey_1 (big blind) collected ($17.64)


PokerStars Hand #145210712460:  Hold'em Limit ($3/$6 USD) - 2015/12/12 1:09:55 ET
Table 'Karolinum' 6-max Seat #1 is the button
Seat 1: scorpio04 ($74.50 in chips)
Seat 3: Bonsey_1 ($124.85 in chips)
scorpio04: posts small blind $1
Bonsey_1: posts big blind $3
*** HOLE CARDS ***
scorpio04: raises $3 to $6
Bonsey_1: raises $3 to $9
scorpio04: calls $3
*** FLOP *** [2s Jd 3h]
Bonsey_1: bets $3
scorpio04: calls $3
*** TURN *** [2s Jd 3h] [4s]
Bonsey_1: bets $6
scorpio04: folds
Uncalled bet ($6) returned to Bonsey_1
Bonsey_1 collected $23.52 from pot
Bonsey_1: doesn't show hand
*** SUMMARY ***
Total pot $24 | Rake $0.48
Board [2s Jd 3h 4s]
Seat 1: scorpio04 (button) (small blind) folded on the Turn
Seat 3: Bonsey_1 (big blind) collected ($23.52)


PokerStars Hand #145210717346:  Hold'em Limit ($3/$6 USD) - 2015/12/12 1:10:12 ET
Table 'Karolinum' 6-max Seat #3 is the button
Seat 1: scorpio04 ($72 in chips)
Seat 3: Bonsey_1 ($136.37 in chips)
Bonsey_1: posts small blind $1
scorpio04: posts big blind $3
*** HOLE CARDS ***
Bonsey_1: raises $3 to $6
scorpio04: folds
Uncalled bet ($3) returned to Bonsey_1
Bonsey_1 collected $6 from pot
Bonsey_1: doesn't show hand
*** SUMMARY ***
Total pot $6 | Rake $0
Seat 1: scorpio04 (big blind) folded before Flop
Seat 3: Bonsey_1 (button) (small blind) collected ($6)


PokerStars Hand #145210719168:  Hold'em Limit ($3/$6 USD) - 2015/12/12 1:10:19 ET
Table 'Karolinum' 6-max Seat #1 is the button
Seat 1: scorpio04 ($72 in chips)
Seat 3: Bonsey_1 ($139.37 in chips)
scorpio04: posts small blind $1
Bonsey_1: posts big blind $3
*** HOLE CARDS ***
scorpio04: raises $3 to $6
Bonsey_1: calls $3
*** FLOP *** [6c 6d 6s]
Bonsey_1: checks
scorpio04: bets $3
Bonsey_1: calls $3
*** TURN *** [6c 6d 6s] [Ah]
Bonsey_1: checks
scorpio04: bets $6
Bonsey_1: calls $6
*** RIVER *** [6c 6d 6s Ah] [Js]
Bonsey_1: checks
scorpio04: bets $6
Bonsey_1: folds
Uncalled bet ($6) returned to scorpio04
scorpio04 collected $29.50 from pot
scorpio04: doesn't show hand
*** SUMMARY ***
Total pot $30 | Rake $0.50
Board [6c 6d 6s Ah Js]
Seat 1: scorpio04 (button) (small blind) collected ($29.50)
Seat 3: Bonsey_1 (big blind) folded on the River


PokerStars Hand #145210726919:  Hold'em Limit ($3/$6 USD) - 2015/12/12 1:10:46 ET
Table 'Karolinum' 6-max Seat #3 is the button
Seat 1: scorpio04 ($86.50 in chips)
Seat 3: Bonsey_1 ($124.37 in chips)
Bonsey_1: posts small blind $1
scorpio04: posts big blind $3
*** HOLE CARDS ***
Bonsey_1: folds
Uncalled bet ($2) returned to scorpio04
scorpio04 collected $2 from pot
scorpio04: doesn't show hand
*** SUMMARY ***
Total pot $2 | Rake $0
Seat 1: scorpio04 (big blind) collected ($2)
Seat 3: Bonsey_1 (button) (small blind) folded before Flop


PokerStars Hand #145210728350:  Hold'em Limit ($3/$6 USD) - 2015/12/12 1:10:51 ET
Table 'Karolinum' 6-max Seat #1 is the button
Seat 1: scorpio04 ($87.50 in chips)
Seat 3: Bonsey_1 ($123.37 in chips)
scorpio04: posts small blind $1
Bonsey_1: posts big blind $3
*** HOLE CARDS ***
scorpio04: folds
Uncalled bet ($2) returned to Bonsey_1
Bonsey_1 collected $2 from pot
Bonsey_1: doesn't show hand
*** SUMMARY ***
Total pot $2 | Rake $0
Seat 1: scorpio04 (button) (small blind) folded before Flop
Seat 3: Bonsey_1 (big blind) collected ($2)


PokerStars Hand #145210730591:  Hold'em Limit ($3/$6 USD) - 2015/12/12 1:10:59 ET
Table 'Karolinum' 6-max Seat #3 is the button
Seat 1: scorpio04 ($86.50 in chips)
Seat 3: Bonsey_1 ($124.37 in chips)
Bonsey_1: posts small blind $1
scorpio04: posts big blind $3
*** HOLE CARDS ***
Bonsey_1: raises $3 to $6
scorpio04: calls $3
*** FLOP *** [Qh 6c Kh]
scorpio04: checks
Bonsey_1: bets $3
scorpio04: folds
Uncalled bet ($3) returned to Bonsey_1
Bonsey_1 collected $11.76 from pot
Bonsey_1: doesn't show hand
*** SUMMARY ***
Total pot $12 | Rake $0.24
Board [Qh 6c Kh]
Seat 1: scorpio04 (big blind) folded on the Flop
Seat 3: Bonsey_1 (button) (small blind) collected ($11.76)


PokerStars Hand #145210742016:  Hold'em Limit ($3/$6 USD) - 2015/12/12 1:11:39 ET
Table 'Karolinum' 6-max Seat #3 is the button
Seat 1: scorpio04 ($72 in chips)
Seat 3: Bonsey_1 ($150.63 in chips)
Bonsey_1: posts small blind $1
scorpio04: posts big blind $3
*** HOLE CARDS ***
Bonsey_1: folds
Uncalled bet ($2) returned to scorpio04
scorpio04 collected $2 from pot
scorpio04: doesn't show hand
*** SUMMARY ***
Total pot $2 | Rake $0
Seat 1: scorpio04 (big blind) collected ($2)
Seat 3: Bonsey_1 (button) (small blind) folded before Flop


PokerStars Hand #145210735867:  Hold'em Limit ($3/$6 USD) - 2015/12/12 1:11:18 ET
Table 'Karolinum' 6-max Seat #1 is the button
Seat 1: scorpio04 ($80.50 in chips)
Seat 3: Bonsey_1 ($130.13 in chips)
scorpio04: posts small blind $1
Bonsey_1: posts big blind $3
*** HOLE CARDS ***
scorpio04: raises $3 to $6
Bonsey_1: calls $3
*** FLOP *** [Js 4d Jd]
Bonsey_1: bets $3
scorpio04: calls $3
*** TURN *** [Js 4d Jd] [2c]
Bonsey_1: bets $6
scorpio04: calls $6
*** RIVER *** [Js 4d Jd 2c] [7s]
Bonsey_1: bets $6
scorpio04: calls $6
*** SHOW DOWN ***
Bonsey_1: shows [7d 9d] (two pair, Jacks and Sevens)
scorpio04: mucks hand
Bonsey_1 collected $41.50 from pot
*** SUMMARY ***
Total pot $42 | Rake $0.50
Board [Js 4d Jd 2c 7s]
Seat 1: scorpio04 (button) (small blind) mucked
Seat 3: Bonsey_1 (big blind) showed [7d 9d] and won ($41.50) with two pair, Jacks and Sevens


PokerStars Hand #145210743646:  Hold'em Limit ($3/$6 USD) - 2015/12/12 1:11:45 ET
Table 'Karolinum' 6-max Seat #1 is the button
Seat 1: scorpio04 ($73 in chips)
Seat 3: Bonsey_1 ($149.63 in chips)
scorpio04: posts small blind $1
Bonsey_1: posts big blind $3
*** HOLE CARDS ***
scorpio04: raises $3 to $6
Bonsey_1: calls $3
*** FLOP *** [Td 3h 8d]
Bonsey_1: checks
scorpio04: bets $3
Bonsey_1: calls $3
*** TURN *** [Td 3h 8d] [Kc]
Bonsey_1: checks
scorpio04: bets $6
Bonsey_1: calls $6
*** RIVER *** [Td 3h 8d Kc] [7s]
Bonsey_1: checks
scorpio04: bets $6
Bonsey_1: calls $6
*** SHOW DOWN ***
scorpio04: shows [Ah Th] (a pair of Tens)
Bonsey_1: mucks hand
scorpio04 collected $41.50 from pot
*** SUMMARY ***
Total pot $42 | Rake $0.50
Board [Td 3h 8d Kc 7s]
Seat 1: scorpio04 (button) (small blind) showed [Ah Th] and won ($41.50) with a pair of Tens
Seat 3: Bonsey_1 (big blind) mucked


PokerStars Hand #145210749522:  Hold'em Limit ($3/$6 USD) - 2015/12/12 1:12:06 ET
Table 'Karolinum' 6-max Seat #3 is the button
Seat 1: scorpio04 ($93.50 in chips)
Seat 3: Bonsey_1 ($128.63 in chips)
Bonsey_1: posts small blind $1
scorpio04: posts big blind $3
*** HOLE CARDS ***
Bonsey_1: raises $3 to $6
scorpio04: calls $3
*** FLOP *** [Ad 6s Ts]
scorpio04: checks
Bonsey_1: bets $3
scorpio04: calls $3
*** TURN *** [Ad 6s Ts] [Qh]
scorpio04: checks
Bonsey_1: checks
*** RIVER *** [Ad 6s Ts Qh] [9c]
scorpio04: checks
Bonsey_1: checks
*** SHOW DOWN ***
scorpio04: shows [6d 7h] (a pair of Sixes)
Bonsey_1: shows [8h 8c] (a pair of Eights)
Bonsey_1 collected $17.64 from pot
*** SUMMARY ***
Total pot $18 | Rake $0.36
Board [Ad 6s Ts Qh 9c]
Seat 1: scorpio04 (big blind) showed [6d 7h] and lost with a pair of Sixes
Seat 3: Bonsey_1 (button) (small blind) showed [8h 8c] and won ($17.64) with a pair of Eights


PokerStars Hand #145210754825:  Hold'em Limit ($3/$6 USD) - 2015/12/12 1:12:24 ET
Table 'Karolinum' 6-max Seat #1 is the button
Seat 1: scorpio04 ($84.50 in chips)
Seat 3: Bonsey_1 ($137.27 in chips)
scorpio04: posts small blind $1
Bonsey_1: posts big blind $3
*** HOLE CARDS ***
scorpio04: folds
Uncalled bet ($2) returned to Bonsey_1
Bonsey_1 collected $2 from pot
Bonsey_1: doesn't show hand
*** SUMMARY ***
Total pot $2 | Rake $0
Seat 1: scorpio04 (button) (small blind) folded before Flop
Seat 3: Bonsey_1 (big blind) collected ($2)


PokerStars Hand #145210756424:  Hold'em Limit ($3/$6 USD) - 2015/12/12 1:12:29 ET
Table 'Karolinum' 6-max Seat #3 is the button
Seat 1: scorpio04 ($83.50 in chips)
Seat 3: Bonsey_1 ($138.27 in chips)
Bonsey_1: posts small blind $1
scorpio04: posts big blind $3
*** HOLE CARDS ***
Bonsey_1: raises $3 to $6
scorpio04: calls $3
*** FLOP *** [Td Qh Js]
scorpio04: checks
Bonsey_1: checks
*** TURN *** [Td Qh Js] [7s]
scorpio04: bets $6
Bonsey_1: folds
Uncalled bet ($6) returned to scorpio04
scorpio04 collected $11.76 from pot
scorpio04: doesn't show hand
*** SUMMARY ***
Total pot $12 | Rake $0.24
Board [Td Qh Js 7s]
Seat 1: scorpio04 (big blind) collected ($11.76)
Seat 3: Bonsey_1 (button) (small blind) folded on the Turn


PokerStars Hand #145210766491:  Hold'em Limit ($3/$6 USD) - 2015/12/12 1:13:05 ET
Table 'Karolinum' 6-max Seat #1 is the button
Seat 1: scorpio04 ($89.26 in chips)
Seat 3: Bonsey_1 ($132.27 in chips)
scorpio04: posts small blind $1
Bonsey_1: posts big blind $3
*** HOLE CARDS ***
scorpio04: folds
Uncalled bet ($2) returned to Bonsey_1
Bonsey_1 collected $2 from pot
Bonsey_1: doesn't show hand
*** SUMMARY ***
Total pot $2 | Rake $0
Seat 1: scorpio04 (button) (small blind) folded before Flop
Seat 3: Bonsey_1 (big blind) collected ($2)


PokerStars Hand #145210770140:  Hold'em Limit ($3/$6 USD) - 2015/12/12 1:13:18 ET
Table 'Karolinum' 6-max Seat #3 is the button
Seat 1: scorpio04 ($88.26 in chips)
Seat 3: Bonsey_1 ($133.27 in chips)
Bonsey_1: posts small blind $1
scorpio04: posts big blind $3
*** HOLE CARDS ***
Bonsey_1: raises $3 to $6
scorpio04: raises $3 to $9
Bonsey_1: calls $3
*** FLOP *** [Jh Qd 8h]
scorpio04: bets $3
Bonsey_1: calls $3
*** TURN *** [Jh Qd 8h] [Ac]
scorpio04: bets $6
Bonsey_1: calls $6
*** RIVER *** [Jh Qd 8h Ac] [9c]
scorpio04: checks
Bonsey_1: bets $6
scorpio04: folds
Uncalled bet ($6) returned to Bonsey_1
Bonsey_1 collected $35.50 from pot
Bonsey_1: doesn't show hand
*** SUMMARY ***
Total pot $36 | Rake $0.50
Board [Jh Qd 8h Ac 9c]
Seat 1: scorpio04 (big blind) folded on the River
Seat 3: Bonsey_1 (button) (small blind) collected ($35.50)


PokerStars Hand #145210776442:  Hold'em Limit ($3/$6 USD) - 2015/12/12 1:13:40 ET
Table 'Karolinum' 6-max Seat #1 is the button
Seat 1: scorpio04 ($72 in chips)
Seat 3: Bonsey_1 ($150.77 in chips)
scorpio04: posts small blind $1
Bonsey_1: posts big blind $3
*** HOLE CARDS ***
scorpio04: raises $3 to $6
Bonsey_1: raises $3 to $9
scorpio04: calls $3
*** FLOP *** [7d 8d 6c]
Bonsey_1: bets $3
scorpio04: calls $3
*** TURN *** [7d 8d 6c] [Js]
Bonsey_1: checks
scorpio04: bets $6
Bonsey_1: calls $6
*** RIVER *** [7d 8d 6c Js] [Qd]
Bonsey_1: checks
scorpio04: bets $6
Bonsey_1: calls $6
*** SHOW DOWN ***
scorpio04: shows [Jh 6h] (two pair, Jacks and Sixes)
Bonsey_1: mucks hand
scorpio04 collected $47.50 from pot
*** SUMMARY ***
Total pot $48 | Rake $0.50
Board [7d 8d 6c Js Qd]
Seat 1: scorpio04 (button) (small blind) showed [Jh 6h] and won ($47.50) with two pair, Jacks and Sixes
Seat 3: Bonsey_1 (big blind) mucked


PokerStars Hand #145210801222:  Hold'em Limit ($3/$6 USD) - 2015/12/12 1:15:08 ET
Table 'Karolinum' 6-max Seat #3 is the button
Seat 1: scorpio04 ($72 in chips)
Seat 3: Bonsey_1 ($151.27 in chips)
Bonsey_1: posts small blind $1
scorpio04: posts big blind $3
*** HOLE CARDS ***
Bonsey_1: raises $3 to $6
scorpio04: calls $3
*** FLOP *** [Kd Qc Tc]
scorpio04: checks
Bonsey_1: bets $3
scorpio04: raises $3 to $6
Bonsey_1: calls $3
*** TURN *** [Kd Qc Tc] [8d]
scorpio04: bets $6
Bonsey_1: folds
Uncalled bet ($6) returned to scorpio04
scorpio04 collected $23.52 from pot
scorpio04: doesn't show hand
*** SUMMARY ***
Total pot $24 | Rake $0.48
Board [Kd Qc Tc 8d]
Seat 1: scorpio04 (big blind) collected ($23.52)
Seat 3: Bonsey_1 (button) (small blind) folded on the Turn


PokerStars Hand #145210808134:  Hold'em Limit ($3/$6 USD) - 2015/12/12 1:15:33 ET
Table 'Karolinum' 6-max Seat #3 is the button
Seat 1: scorpio04 ($82.52 in chips)
Seat 3: Bonsey_1 ($140.27 in chips)
Bonsey_1: posts small blind $1
scorpio04: posts big blind $3
*** HOLE CARDS ***
Bonsey_1: raises $3 to $6
scorpio04: folds
Uncalled bet ($3) returned to Bonsey_1
Bonsey_1 collected $6 from pot
Bonsey_1: doesn't show hand
*** SUMMARY ***
Total pot $6 | Rake $0
Seat 1: scorpio04 (big blind) folded before Flop
Seat 3: Bonsey_1 (button) (small blind) collected ($6)


PokerStars Hand #145210806379:  Hold'em Limit ($3/$6 USD) - 2015/12/12 1:15:26 ET
Table 'Karolinum' 6-max Seat #1 is the button
Seat 1: scorpio04 ($83.52 in chips)
Seat 3: Bonsey_1 ($139.27 in chips)
scorpio04: posts small blind $1
Bonsey_1: posts big blind $3
*** HOLE CARDS ***
scorpio04: folds
Uncalled bet ($2) returned to Bonsey_1
Bonsey_1 collected $2 from pot
Bonsey_1: doesn't show hand
*** SUMMARY ***
Total pot $2 | Rake $0
Seat 1: scorpio04 (button) (small blind) folded before Flop
Seat 3: Bonsey_1 (big blind) collected ($2)


PokerStars Hand #145210809599:  Hold'em Limit ($3/$6 USD) - 2015/12/12 1:15:38 ET
Table 'Karolinum' 6-max Seat #1 is the button
Seat 1: scorpio04 ($79.52 in chips)
Seat 3: Bonsey_1 ($143.27 in chips)
scorpio04: posts small blind $1
Bonsey_1: posts big blind $3
*** HOLE CARDS ***
scorpio04: raises $3 to $6
Bonsey_1: calls $3
*** FLOP *** [Tc Ad 5s]
Bonsey_1: checks
scorpio04: bets $3
Bonsey_1: raises $3 to $6
scorpio04: folds
Uncalled bet ($3) returned to Bonsey_1
Bonsey_1 collected $17.64 from pot
Bonsey_1: doesn't show hand
*** SUMMARY ***
Total pot $18 | Rake $0.36
Board [Tc Ad 5s]
Seat 1: scorpio04 (button) (small blind) folded on the Flop
Seat 3: Bonsey_1 (big blind) collected ($17.64)


PokerStars Hand #145210812909:  Hold'em Limit ($3/$6 USD) - 2015/12/12 1:15:50 ET
Table 'Karolinum' 6-max Seat #3 is the button
Seat 1: scorpio04 ($72 in chips)
Seat 3: Bonsey_1 ($151.91 in chips)
Bonsey_1: posts small blind $1
scorpio04: posts big blind $3
*** HOLE CARDS ***
Bonsey_1: folds
Uncalled bet ($2) returned to scorpio04
scorpio04 collected $2 from pot
scorpio04: doesn't show hand
*** SUMMARY ***
Total pot $2 | Rake $0
Seat 1: scorpio04 (big blind) collected ($2)
Seat 3: Bonsey_1 (button) (small blind) folded before Flop


PokerStars Hand #145210799785:  Hold'em Limit ($3/$6 USD) - 2015/12/12 1:15:03 ET
Table 'Karolinum' 6-max Seat #1 is the button
Seat 1: scorpio04 ($72 in chips)
Seat 3: Bonsey_1 ($150.27 in chips)
scorpio04: posts small blind $1
Bonsey_1: posts big blind $3
*** HOLE CARDS ***
scorpio04: folds
Uncalled bet ($2) returned to Bonsey_1
Bonsey_1 collected $2 from pot
Bonsey_1: doesn't show hand
*** SUMMARY ***
Total pot $2 | Rake $0
Seat 1: scorpio04 (button) (small blind) folded before Flop
Seat 3: Bonsey_1 (big blind) collected ($2)


PokerStars Hand #145210787566:  Hold'em Limit ($3/$6 USD) - 2015/12/12 1:14:20 ET
Table 'Karolinum' 6-max Seat #3 is the button
Seat 1: scorpio04 ($95.50 in chips)
Seat 3: Bonsey_1 ($126.77 in chips)
Bonsey_1: posts small blind $1
scorpio04: posts big blind $3
*** HOLE CARDS ***
Bonsey_1: raises $3 to $6
scorpio04: raises $3 to $9
Bonsey_1: calls $3
*** FLOP *** [7s Qc 5c]
scorpio04: bets $3
Bonsey_1: calls $3
*** TURN *** [7s Qc 5c] [Js]
scorpio04: bets $6
Bonsey_1: calls $6
*** RIVER *** [7s Qc 5c Js] [Ks]
scorpio04: checks
Bonsey_1: bets $6
scorpio04: calls $6
*** SHOW DOWN ***
Bonsey_1: shows [8c Qs] (a pair of Queens)
scorpio04: mucks hand
Bonsey_1 collected $47.50 from pot
*** SUMMARY ***
Total pot $48 | Rake $0.50
Board [7s Qc 5c Js Ks]
Seat 1: scorpio04 (big blind) mucked
Seat 3: Bonsey_1 (button) (small blind) showed [8c Qs] and won ($47.50) with a pair of Queens


PokerStars Hand #145210817247:  Hold'em Limit ($3/$6 USD) - 2015/12/12 1:16:05 ET
Table 'Karolinum' 6-max Seat #3 is the button
Seat 1: scorpio04 ($72 in chips)
Seat 3: Bonsey_1 ($156.67 in chips)
Bonsey_1: posts small blind $1
scorpio04: posts big blind $3
*** HOLE CARDS ***
Bonsey_1: raises $3 to $6
scorpio04: calls $3
*** FLOP *** [2s 6h 6s]
scorpio04: checks
Bonsey_1: bets $3
scorpio04: raises $3 to $6
Bonsey_1: calls $3
*** TURN *** [2s 6h 6s] [Ks]
scorpio04: bets $6
Bonsey_1: calls $6
*** RIVER *** [2s 6h 6s Ks] [2h]
scorpio04: bets $6
Bonsey_1: calls $6
*** SHOW DOWN ***
scorpio04: shows [Kc 2c] (a full house, Deuces full of Kings)
Bonsey_1: mucks hand
scorpio04 collected $47.50 from pot
*** SUMMARY ***
Total pot $48 | Rake $0.50
Board [2s 6h 6s Ks 2h]
Seat 1: scorpio04 (big blind) showed [Kc 2c] and won ($47.50) with a full house, Deuces full of Kings
Seat 3: Bonsey_1 (button) (small blind) mucked


PokerStars Hand #145210823467:  Hold'em Limit ($3/$6 USD) - 2015/12/12 1:16:27 ET
Table 'Karolinum' 6-max Seat #1 is the button
Seat 1: scorpio04 ($95.50 in chips)
Seat 3: Bonsey_1 ($132.67 in chips)
scorpio04: posts small blind $1
Bonsey_1: posts big blind $3
*** HOLE CARDS ***
scorpio04: raises $3 to $6
Bonsey_1: folds
Uncalled bet ($3) returned to scorpio04
scorpio04 collected $6 from pot
scorpio04: doesn't show hand
*** SUMMARY ***
Total pot $6 | Rake $0
Seat 1: scorpio04 (button) (small blind) collected ($6)
Seat 3: Bonsey_1 (big blind) folded before Flop


PokerStars Hand #145210814527:  Hold'em Limit ($3/$6 USD) - 2015/12/12 1:15:55 ET
Table 'Karolinum' 6-max Seat #1 is the button
Seat 1: scorpio04 ($73 in chips)
Seat 3: Bonsey_1 ($150.91 in chips)
scorpio04: posts small blind $1
Bonsey_1: posts big blind $3
*** HOLE CARDS ***
scorpio04: raises $3 to $6
Bonsey_1: calls $3
*** FLOP *** [5c Ah 9s]
Bonsey_1: bets $3
scorpio04: folds
Uncalled bet ($3) returned to Bonsey_1
Bonsey_1 collected $11.76 from pot
Bonsey_1: doesn't show hand
*** SUMMARY ***
Total pot $12 | Rake $0.24
Board [5c Ah 9s]
Seat 1: scorpio04 (button) (small blind) folded on the Flop
Seat 3: Bonsey_1 (big blind) collected ($11.76)


PokerStars Hand #145210833863:  Hold'em Limit ($3/$6 USD) - 2015/12/12 1:17:04 ET
Table 'Karolinum' 6-max Seat #1 is the button
Seat 1: scorpio04 ($107.14 in chips)
Seat 3: Bonsey_1 ($120.67 in chips)
scorpio04: posts small blind $1
Bonsey_1: posts big blind $3
*** HOLE CARDS ***
scorpio04: raises $3 to $6
Bonsey_1: folds
Uncalled bet ($3) returned to scorpio04
scorpio04 collected $6 from pot
scorpio04: doesn't show hand
*** SUMMARY ***
Total pot $6 | Rake $0
Seat 1: scorpio04 (button) (small blind) collected ($6)
Seat 3: Bonsey_1 (big blind) folded before Flop


PokerStars Hand #145210824878:  Hold'em Limit ($3/$6 USD) - 2015/12/12 1:16:32 ET
Table 'Karolinum' 6-max Seat #3 is the button
Seat 1: scorpio04 ($98.50 in chips)
Seat 3: Bonsey_1 ($129.67 in chips)
Bonsey_1: posts small blind $1
scorpio04: posts big blind $3
*** HOLE CARDS ***
Bonsey_1: raises $3 to $6
scorpio04: calls $3
*** FLOP *** [As Td 7d]
scorpio04: checks
Bonsey_1: bets $3
scorpio04: calls $3
*** TURN *** [As Td 7d] [Jc]
scorpio04: checks
Bonsey_1: checks
*** RIVER *** [As Td 7d Jc] [2d]
scorpio04: checks
Bonsey_1: checks
*** SHOW DOWN ***
scorpio04: shows [3c 7h] (a pair of Sevens)
Bonsey_1: mucks hand
scorpio04 collected $17.64 from pot
*** SUMMARY ***
Total pot $18 | Rake $0.36
Board [As Td 7d Jc 2d]
Seat 1: scorpio04 (big blind) showed [3c 7h] and won ($17.64) with a pair of Sevens
Seat 3: Bonsey_1 (button) (small blind) mucked


PokerStars Hand #145210835385:  Hold'em Limit ($3/$6 USD) - 2015/12/12 1:17:10 ET
Table 'Karolinum' 6-max Seat #3 is the button
Seat 1: scorpio04 ($110.14 in chips)
Seat 3: Bonsey_1 ($117.67 in chips)
Bonsey_1: posts small blind $1
scorpio04: posts big blind $3
*** HOLE CARDS ***
Bonsey_1: raises $3 to $6
scorpio04: calls $3
*** FLOP *** [9d 5s 5h]
scorpio04: checks
Bonsey_1: bets $3
scorpio04: folds
Uncalled bet ($3) returned to Bonsey_1
Bonsey_1 collected $11.76 from pot
Bonsey_1: doesn't show hand
*** SUMMARY ***
Total pot $12 | Rake $0.24
Board [9d 5s 5h]
Seat 1: scorpio04 (big blind) folded on the Flop
Seat 3: Bonsey_1 (button) (small blind) collected ($11.76)


PokerStars Hand #145210839316:  Hold'em Limit ($3/$6 USD) - 2015/12/12 1:17:24 ET
Table 'Karolinum' 6-max Seat #1 is the button
Seat 1: scorpio04 ($104.14 in chips)
Seat 3: Bonsey_1 ($123.43 in chips)
scorpio04: posts small blind $1
Bonsey_1: posts big blind $3
*** HOLE CARDS ***
scorpio04: raises $3 to $6
Bonsey_1: raises $3 to $9
scorpio04: calls $3
*** FLOP *** [7h Qc Td]
Bonsey_1: bets $3
scorpio04: folds
Uncalled bet ($3) returned to Bonsey_1
Bonsey_1 collected $17.64 from pot
Bonsey_1: doesn't show hand
*** SUMMARY ***
Total pot $18 | Rake $0.36
Board [7h Qc Td]
Seat 1: scorpio04 (button) (small blind) folded on the Flop
Seat 3: Bonsey_1 (big blind) collected ($17.64)


PokerStars Hand #145210843226:  Hold'em Limit ($3/$6 USD) - 2015/12/12 1:17:37 ET
Table 'Karolinum' 6-max Seat #3 is the button
Seat 1: scorpio04 ($95.14 in chips)
Seat 3: Bonsey_1 ($132.07 in chips)
Bonsey_1: posts small blind $1
scorpio04: posts big blind $3
*** HOLE CARDS ***
Bonsey_1: raises $3 to $6
scorpio04: calls $3
*** FLOP *** [2s 5s Qc]
scorpio04: checks
Bonsey_1: bets $3
scorpio04: calls $3
*** TURN *** [2s 5s Qc] [7d]
scorpio04: checks
Bonsey_1: bets $6
scorpio04: folds
Uncalled bet ($6) returned to Bonsey_1
Bonsey_1 collected $17.64 from pot
Bonsey_1: doesn't show hand
*** SUMMARY ***
Total pot $18 | Rake $0.36
Board [2s 5s Qc 7d]
Seat 1: scorpio04 (big blind) folded on the Turn
Seat 3: Bonsey_1 (button) (small blind) collected ($17.64)


PokerStars Hand #145210851613:  Hold'em Limit ($3/$6 USD) - 2015/12/12 1:18:07 ET
Table 'Karolinum' 6-max Seat #1 is the button
Seat 1: scorpio04 ($86.14 in chips)
Seat 3: Bonsey_1 ($140.71 in chips)
scorpio04: posts small blind $1
Bonsey_1: posts big blind $3
*** HOLE CARDS ***
scorpio04: raises $3 to $6
Bonsey_1: folds
Uncalled bet ($3) returned to scorpio04
scorpio04 collected $6 from pot
scorpio04: doesn't show hand
*** SUMMARY ***
Total pot $6 | Rake $0
Seat 1: scorpio04 (button) (small blind) collected ($6)
Seat 3: Bonsey_1 (big blind) folded before Flop


PokerStars Hand #145210853845:  Hold'em Limit ($3/$6 USD) - 2015/12/12 1:18:14 ET
Table 'Karolinum' 6-max Seat #3 is the button
Seat 1: scorpio04 ($89.14 in chips)
Seat 3: Bonsey_1 ($137.71 in chips)
Bonsey_1: posts small blind $1
scorpio04: posts big blind $3
*** HOLE CARDS ***
Bonsey_1: raises $3 to $6
scorpio04: raises $3 to $9
Bonsey_1: calls $3
*** FLOP *** [Ah 9c 8h]
scorpio04: bets $3
Bonsey_1: calls $3
*** TURN *** [Ah 9c 8h] [Kh]
scorpio04: bets $6
Bonsey_1: folds
Uncalled bet ($6) returned to scorpio04
scorpio04 collected $23.52 from pot
scorpio04: doesn't show hand
*** SUMMARY ***
Total pot $24 | Rake $0.48
Board [Ah 9c 8h Kh]
Seat 1: scorpio04 (big blind) collected ($23.52)
Seat 3: Bonsey_1 (button) (small blind) folded on the Turn


PokerStars Hand #145210873225:  Hold'em Limit ($3/$6 USD) - 2015/12/12 1:19:22 ET
Table 'Karolinum' 6-max Seat #1 is the button
Seat 1: scorpio04 ($129.68 in chips)
Seat 3: Bonsey_1 ($95.71 in chips)
scorpio04: posts small blind $1
Bonsey_1: posts big blind $3
*** HOLE CARDS ***
scorpio04: raises $3 to $6
Bonsey_1: folds
Uncalled bet ($3) returned to scorpio04
scorpio04 collected $6 from pot
scorpio04: doesn't show hand
*** SUMMARY ***
Total pot $6 | Rake $0
Seat 1: scorpio04 (button) (small blind) collected ($6)
Seat 3: Bonsey_1 (big blind) folded before Flop


PokerStars Hand #145210868023:  Hold'em Limit ($3/$6 USD) - 2015/12/12 1:19:04 ET
Table 'Karolinum' 6-max Seat #3 is the button
Seat 1: scorpio04 ($112.18 in chips)
Seat 3: Bonsey_1 ($113.71 in chips)
Bonsey_1: posts small blind $1
scorpio04: posts big blind $3
*** HOLE CARDS ***
Bonsey_1: raises $3 to $6
scorpio04: raises $3 to $9
Bonsey_1: raises $3 to $12
Betting is capped
scorpio04: calls $3
*** FLOP *** [5c 7h Js]
scorpio04: checks
Bonsey_1: checks
*** TURN *** [5c 7h Js] [8h]
scorpio04: bets $6
Bonsey_1: calls $6
*** RIVER *** [5c 7h Js 8h] [6s]
scorpio04: bets $6
Bonsey_1: folds
Uncalled bet ($6) returned to scorpio04
scorpio04 collected $35.50 from pot
scorpio04: doesn't show hand
*** SUMMARY ***
Total pot $36 | Rake $0.50
Board [5c 7h Js 8h 6s]
Seat 1: scorpio04 (big blind) collected ($35.50)
Seat 3: Bonsey_1 (button) (small blind) folded on the River


PokerStars Hand #145210874849:  Hold'em Limit ($3/$6 USD) - 2015/12/12 1:19:28 ET
Table 'Karolinum' 6-max Seat #3 is the button
Seat 1: scorpio04 ($132.68 in chips)
Seat 3: Bonsey_1 ($92.71 in chips)
Bonsey_1: posts small blind $1
scorpio04: posts big blind $3
*** HOLE CARDS ***
Bonsey_1: raises $3 to $6
scorpio04: calls $3
*** FLOP *** [Jd 6c 5s]
scorpio04: checks
Bonsey_1: bets $3
scorpio04: raises $3 to $6
Bonsey_1: folds
Uncalled bet ($3) returned to scorpio04
scorpio04 collected $17.64 from pot
scorpio04: doesn't show hand
*** SUMMARY ***
Total pot $18 | Rake $0.36
Board [Jd 6c 5s]
Seat 1: scorpio04 (big blind) collected ($17.64)
Seat 3: Bonsey_1 (button) (small blind) folded on the Flop


PokerStars Hand #145210858198:  Hold'em Limit ($3/$6 USD) - 2015/12/12 1:18:29 ET
Table 'Karolinum' 6-max Seat #1 is the button
Seat 1: scorpio04 ($100.66 in chips)
Seat 3: Bonsey_1 ($125.71 in chips)
scorpio04: posts small blind $1
Bonsey_1: posts big blind $3
*** HOLE CARDS ***
scorpio04: raises $3 to $6
Bonsey_1: raises $3 to $9
scorpio04: calls $3
*** FLOP *** [2s 4d Ks]
Bonsey_1: bets $3
scorpio04: calls $3
*** TURN *** [2s 4d Ks] [6c]
Bonsey_1: checks
scorpio04: checks
*** RIVER *** [2s 4d Ks 6c] [9s]
Bonsey_1: checks
scorpio04: checks
*** SHOW DOWN ***
Bonsey_1: shows [Ad 5d] (high card Ace)
scorpio04: shows [Ac Th] (high card Ace - King+Ten kicker)
scorpio04 collected $23.52 from pot
*** SUMMARY ***
Total pot $24 | Rake $0.48
Board [2s 4d Ks 6c 9s]
Seat 1: scorpio04 (button) (small blind) showed [Ac Th] and won ($23.52) with high card Ace
Seat 3: Bonsey_1 (big blind) showed [Ad 5d] and lost with high card Ace


PokerStars Hand #145210892558:  Hold'em Limit ($3/$6 USD) - 2015/12/12 1:20:30 ET
Table 'Karolinum' 6-max Seat #1 is the button
Seat 1: scorpio04 ($140.82 in chips)
Seat 3: Bonsey_1 ($83.21 in chips)
scorpio04: posts small blind $1
Bonsey_1: posts big blind $3
*** HOLE CARDS ***
scorpio04: raises $3 to $6
Bonsey_1: calls $3
*** FLOP *** [Qd 9s Ad]
Bonsey_1: checks
scorpio04: bets $3
Bonsey_1: folds
Uncalled bet ($3) returned to scorpio04
Velbor107 joins the table at seat #2
scorpio04 collected $11.76 from pot
scorpio04: doesn't show hand
*** SUMMARY ***
Total pot $12 | Rake $0.24
Board [Qd 9s Ad]
Seat 1: scorpio04 (button) (small blind) collected ($11.76)
Seat 3: Bonsey_1 (big blind) folded on the Flop


PokerStars Hand #145210885660:  Hold'em Limit ($3/$6 USD) - 2015/12/12 1:20:05 ET
Table 'Karolinum' 6-max Seat #3 is the button
Seat 1: scorpio04 ($123.32 in chips)
Seat 3: Bonsey_1 ($101.21 in chips)
Bonsey_1: posts small blind $1
scorpio04: posts big blind $3
*** HOLE CARDS ***
Bonsey_1: raises $3 to $6
scorpio04: calls $3
*** FLOP *** [Jd 3c Th]
scorpio04: checks
Bonsey_1: bets $3
scorpio04: raises $3 to $6
Bonsey_1: calls $3
*** TURN *** [Jd 3c Th] [5d]
scorpio04: bets $6
Bonsey_1: calls $6
*** RIVER *** [Jd 3c Th 5d] [Ts]
scorpio04: bets $6
Bonsey_1: folds
Uncalled bet ($6) returned to scorpio04
scorpio04 collected $35.50 from pot
scorpio04: doesn't show hand
*** SUMMARY ***
Total pot $36 | Rake $0.50
Board [Jd 3c Th 5d Ts]
Seat 1: scorpio04 (big blind) collected ($35.50)
Seat 3: Bonsey_1 (button) (small blind) folded on the River


PokerStars Hand #145210914756:  Hold'em Limit ($3/$6 USD) - 2015/12/12 1:21:47 ET
Table 'Karolinum' 6-max Seat #1 is the button
Seat 1: scorpio04 ($100.58 in chips)
Seat 3: Bonsey_1 ($121.87 in chips)
scorpio04: posts small blind $1
Bonsey_1: posts big blind $3
*** HOLE CARDS ***
scorpio04: raises $3 to $6
Bonsey_1: folds
Uncalled bet ($3) returned to scorpio04
scorpio04 collected $6 from pot
scorpio04: doesn't show hand
*** SUMMARY ***
Total pot $6 | Rake $0
Seat 1: scorpio04 (button) (small blind) collected ($6)
Seat 3: Bonsey_1 (big blind) folded before Flop


PokerStars Hand #145210912809:  Hold'em Limit ($3/$6 USD) - 2015/12/12 1:21:40 ET
Table 'Karolinum' 6-max Seat #3 is the button
Seat 1: scorpio04 ($103.58 in chips)
Seat 3: Bonsey_1 ($118.87 in chips)
Bonsey_1: posts small blind $1
scorpio04: posts big blind $3
*** HOLE CARDS ***
Bonsey_1: raises $3 to $6
scorpio04: folds
Uncalled bet ($3) returned to Bonsey_1
Bonsey_1 collected $6 from pot
Bonsey_1: doesn't show hand
*** SUMMARY ***
Total pot $6 | Rake $0
Seat 1: scorpio04 (big blind) folded before Flop
Seat 3: Bonsey_1 (button) (small blind) collected ($6)


PokerStars Hand #145210911483:  Hold'em Limit ($3/$6 USD) - 2015/12/12 1:21:36 ET
Table 'Karolinum' 6-max Seat #1 is the button
Seat 1: scorpio04 ($104.58 in chips)
Seat 3: Bonsey_1 ($117.87 in chips)
scorpio04: posts small blind $1
Bonsey_1: posts big blind $3
*** HOLE CARDS ***
scorpio04: folds
Uncalled bet ($2) returned to Bonsey_1
Bonsey_1 collected $2 from pot
Bonsey_1: doesn't show hand
*** SUMMARY ***
Total pot $2 | Rake $0
Seat 1: scorpio04 (button) (small blind) folded before Flop
Seat 3: Bonsey_1 (big blind) collected ($2)


PokerStars Hand #145210907102:  Hold'em Limit ($3/$6 USD) - 2015/12/12 1:21:21 ET
Table 'Karolinum' 6-max Seat #3 is the button
Seat 1: scorpio04 ($116.58 in chips)
Seat 3: Bonsey_1 ($106.35 in chips)
Bonsey_1: posts small blind $1
scorpio04: posts big blind $3
*** HOLE CARDS ***
Bonsey_1: raises $3 to $6
scorpio04: calls $3
*** FLOP *** [Ts 5d 4d]
scorpio04: checks
Bonsey_1: checks
*** TURN *** [Ts 5d 4d] [Js]
scorpio04: bets $6
Bonsey_1: calls $6
*** RIVER *** [Ts 5d 4d Js] [Ad]
scorpio04: checks
Bonsey_1: bets $6
scorpio04: folds
Uncalled bet ($6) returned to Bonsey_1
Bonsey_1 collected $23.52 from pot
Bonsey_1: doesn't show hand
*** SUMMARY ***
Total pot $24 | Rake $0.48
Board [Ts 5d 4d Js Ad]
Seat 1: scorpio04 (big blind) folded on the River
Seat 3: Bonsey_1 (button) (small blind) collected ($23.52)


PokerStars Hand #145210904594:  Hold'em Limit ($3/$6 USD) - 2015/12/12 1:21:12 ET
Table 'Karolinum' 6-max Seat #1 is the button
Seat 1: scorpio04 ($125.58 in chips)
Seat 3: Bonsey_1 ($97.71 in chips)
scorpio04: posts small blind $1
Bonsey_1: posts big blind $3
*** HOLE CARDS ***
scorpio04: raises $3 to $6
Bonsey_1: raises $3 to $9
scorpio04: calls $3
*** FLOP *** [Td Ac As]
Bonsey_1: bets $3
scorpio04: folds
Uncalled bet ($3) returned to Bonsey_1
Bonsey_1 collected $17.64 from pot
Bonsey_1: doesn't show hand
*** SUMMARY ***
Total pot $18 | Rake $0.36
Board [Td Ac As]
Seat 1: scorpio04 (button) (small blind) folded on the Flop
Seat 3: Bonsey_1 (big blind) collected ($17.64)


PokerStars Hand #145210895312:  Hold'em Limit ($3/$6 USD) - 2015/12/12 1:20:39 ET
Table 'Karolinum' 6-max Seat #3 is the button
Seat 1: scorpio04 ($146.58 in chips)
Seat 3: Bonsey_1 ($77.21 in chips)
Bonsey_1: posts small blind $1
scorpio04: posts big blind $3
*** HOLE CARDS ***
Bonsey_1: raises $3 to $6
scorpio04: calls $3
*** FLOP *** [6s 4d As]
Velbor107 leaves the table
scorpio04: checks
Bonsey_1: bets $3
scorpio04: calls $3
*** TURN *** [6s 4d As] [9d]
scorpio04: checks
Bonsey_1: bets $6
scorpio04: calls $6
*** RIVER *** [6s 4d As 9d] [9h]
scorpio04: checks
Bonsey_1: bets $6
scorpio04: calls $6
*** SHOW DOWN ***
Bonsey_1: shows [Js Jc] (two pair, Jacks and Nines)
scorpio04: mucks hand
Bonsey_1 collected $41.50 from pot
*** SUMMARY ***
Total pot $42 | Rake $0.50
Board [6s 4d As 9d 9h]
Seat 1: scorpio04 (big blind) mucked
Seat 3: Bonsey_1 (button) (small blind) showed [Js Jc] and won ($41.50) with two pair, Jacks and Nines


PokerStars Hand #145210924192:  Hold'em Limit ($3/$6 USD) - 2015/12/12 1:22:20 ET
Table 'Karolinum' 6-max Seat #1 is the button
Seat 1: scorpio04 ($115.10 in chips)
Seat 3: Bonsey_1 ($106.87 in chips)
scorpio04: posts small blind $1
Bonsey_1: posts big blind $3
*** HOLE CARDS ***
scorpio04: raises $3 to $6
Bonsey_1: calls $3
*** FLOP *** [2c 4c Qd]
Bonsey_1: checks
scorpio04: bets $3
Bonsey_1: raises $3 to $6
scorpio04: calls $3
*** TURN *** [2c 4c Qd] [5s]
Bonsey_1: bets $6
scorpio04: folds
Uncalled bet ($6) returned to Bonsey_1
Bonsey_1 collected $23.52 from pot
Bonsey_1: doesn't show hand
*** SUMMARY ***
Total pot $24 | Rake $0.48
Board [2c 4c Qd 5s]
Seat 1: scorpio04 (button) (small blind) folded on the Turn
Seat 3: Bonsey_1 (big blind) collected ($23.52)


PokerStars Hand #145210916465:  Hold'em Limit ($3/$6 USD) - 2015/12/12 1:21:53 ET
Table 'Karolinum' 6-max Seat #3 is the button
Seat 1: scorpio04 ($103.58 in chips)
Seat 3: Bonsey_1 ($118.87 in chips)
Bonsey_1: posts small blind $1
scorpio04: posts big blind $3
*** HOLE CARDS ***
Bonsey_1: raises $3 to $6
scorpio04: calls $3
*** FLOP *** [4s Jh Ts]
scorpio04: checks
Bonsey_1: checks
*** TURN *** [4s Jh Ts] [8s]
scorpio04: bets $6
Bonsey_1: calls $6
*** RIVER *** [4s Jh Ts 8s] [Qs]
scorpio04: checks
Bonsey_1: checks
*** SHOW DOWN ***
scorpio04: shows [3c Th] (a pair of Tens)
Bonsey_1: mucks hand
scorpio04 collected $23.52 from pot
*** SUMMARY ***
Total pot $24 | Rake $0.48
Board [4s Jh Ts 8s Qs]
Seat 1: scorpio04 (big blind) showed [3c Th] and won ($23.52) with a pair of Tens
Seat 3: Bonsey_1 (button) (small blind) mucked


PokerStars Hand #145210929001:  Hold'em Limit ($3/$6 USD) - 2015/12/12 1:22:37 ET
Table 'Karolinum' 6-max Seat #3 is the button
Seat 1: scorpio04 ($103.10 in chips)
Seat 3: Bonsey_1 ($118.39 in chips)
Bonsey_1: posts small blind $1
scorpio04: posts big blind $3
*** HOLE CARDS ***
Bourgeois88 joins the table at seat #5
Bonsey_1: raises $3 to $6
scorpio04: calls $3
*** FLOP *** [Jh Ah 4c]
scorpio04: checks
Bonsey_1: checks
*** TURN *** [Jh Ah 4c] [4s]
scorpio04: bets $6
Bonsey_1: calls $6
*** RIVER *** [Jh Ah 4c 4s] [Td]
scorpio04: checks
Bonsey_1: bets $6
scorpio04: folds
Uncalled bet ($6) returned to Bonsey_1
Bonsey_1 collected $23.52 from pot
Bonsey_1: doesn't show hand
*** SUMMARY ***
Total pot $24 | Rake $0.48
Board [Jh Ah 4c 4s Td]
Seat 1: scorpio04 (big blind) folded on the River
Seat 3: Bonsey_1 (button) (small blind) collected ($23.52)


PokerStars Hand #145210947049:  Hold'em Limit ($3/$6 USD) - 2015/12/12 1:23:40 ET
Table 'Karolinum' 6-max Seat #1 is the button
Seat 1: scorpio04 ($102.60 in chips)
Seat 3: Bonsey_1 ($117.67 in chips)
scorpio04: posts small blind $1
Bonsey_1: posts big blind $3
*** HOLE CARDS ***
scorpio04: folds
Uncalled bet ($2) returned to Bonsey_1
Bonsey_1 collected $2 from pot
Bonsey_1: doesn't show hand
*** SUMMARY ***
Total pot $2 | Rake $0
Seat 1: scorpio04 (button) (small blind) folded before Flop
Seat 3: Bonsey_1 (big blind) collected ($2)


PokerStars Hand #145210934786:  Hold'em Limit ($3/$6 USD) - 2015/12/12 1:22:57 ET
Table 'Karolinum' 6-max Seat #1 is the button
Seat 1: scorpio04 ($91.10 in chips)
Seat 3: Bonsey_1 ($129.91 in chips)
scorpio04: posts small blind $1
Bonsey_1: posts big blind $3
*** HOLE CARDS ***
scorpio04: raises $3 to $6
Bonsey_1: raises $3 to $9
scorpio04: calls $3
*** FLOP *** [4s 9d 7d]
Bonsey_1: bets $3
scorpio04: calls $3
*** TURN *** [4s 9d 7d] [Ks]
Bonsey_1: bets $6
scorpio04: calls $6
*** RIVER *** [4s 9d 7d Ks] [6s]
Bonsey_1: checks
scorpio04: checks
*** SHOW DOWN ***
Bonsey_1: shows [Ah 5d] (high card Ace)
scorpio04: shows [4d As] (a pair of Fours)
scorpio04 collected $35.50 from pot
*** SUMMARY ***
Total pot $36 | Rake $0.50
Board [4s 9d 7d Ks 6s]
Seat 1: scorpio04 (button) (small blind) showed [4d As] and won ($35.50) with a pair of Fours
Seat 3: Bonsey_1 (big blind) showed [Ah 5d] and lost with high card Ace


PokerStars Hand #145210958995:  Hold'em Limit ($3/$6 USD) - 2015/12/12 1:24:22 ET
Table 'Karolinum' 6-max Seat #1 is the button
Seat 1: scorpio04 ($110.24 in chips)
Seat 3: Bonsey_1 ($109.67 in chips)
scorpio04: posts small blind $1
Bonsey_1: posts big blind $3
*** HOLE CARDS ***
scorpio04: raises $3 to $6
Bonsey_1: folds
Uncalled bet ($3) returned to scorpio04
scorpio04 collected $6 from pot
scorpio04: doesn't show hand
*** SUMMARY ***
Total pot $6 | Rake $0
Seat 1: scorpio04 (button) (small blind) collected ($6)
Seat 3: Bonsey_1 (big blind) folded before Flop


PokerStars Hand #145210948334:  Hold'em Limit ($3/$6 USD) - 2015/12/12 1:23:45 ET
Table 'Karolinum' 6-max Seat #3 is the button
Seat 1: scorpio04 ($101.60 in chips)
Seat 3: Bonsey_1 ($118.67 in chips)
Bonsey_1: posts small blind $1
scorpio04: posts big blind $3
*** HOLE CARDS ***
Bonsey_1: raises $3 to $6
Teddy-CSIS joins the table at seat #4
scorpio04: calls $3
*** FLOP *** [Th Qh 4s]
scorpio04: checks
Bonsey_1: bets $3
scorpio04: raises $3 to $6
Bonsey_1: folds
Uncalled bet ($3) returned to scorpio04
scorpio04 collected $17.64 from pot
scorpio04: doesn't show hand
*** SUMMARY ***
Total pot $18 | Rake $0.36
Board [Th Qh 4s]
Seat 1: scorpio04 (big blind) collected ($17.64)
Seat 3: Bonsey_1 (button) (small blind) folded on the Flop


PokerStars Hand #145212923430:  Hold'em Limit ($3/$6 USD) - 2015/12/12 3:16:28 ET
Table 'Karolinum' 6-max Seat #1 is the button
Seat 1: scorpio04 ($173.74 in chips)
Seat 6: chrismat ($51.89 in chips)
scorpio04: posts small blind $1
bentinck113: is sitting out
chrismat: posts big blind $3
*** HOLE CARDS ***
scorpio04: raises $3 to $6
bentinck113 leaves the table
chrismat: calls $3
*** FLOP *** [2d 9s Kh]
chrismat: checks
scorpio04: bets $3
chrismat: folds
Uncalled bet ($3) returned to scorpio04
scorpio04 collected $11.76 from pot
scorpio04: doesn't show hand
*** SUMMARY ***
Total pot $12 | Rake $0.24
Board [2d 9s Kh]
Seat 1: scorpio04 (button) (small blind) collected ($11.76)
Seat 6: chrismat (big blind) folded on the Flop


PokerStars Hand #145212929288:  Hold'em Limit ($3/$6 USD) - 2015/12/12 3:16:46 ET
Table 'Karolinum' 6-max Seat #6 is the button
Seat 1: scorpio04 ($179.50 in chips)
Seat 6: chrismat ($45.89 in chips)
chrismat: posts small blind $1
scorpio04: posts big blind $3
*** HOLE CARDS ***
chrismat: raises $3 to $6
scorpio04: calls $3
*** FLOP *** [8s Tc 2h]
scorpio04: checks
chrismat: bets $3
scorpio04: calls $3
*** TURN *** [8s Tc 2h] [3s]
scorpio04: checks
chrismat: bets $6
scorpio04: folds
Uncalled bet ($6) returned to chrismat
chrismat collected $17.64 from pot
*** SUMMARY ***
Total pot $18 | Rake $0.36
Board [8s Tc 2h 3s]
Seat 1: scorpio04 (big blind) folded on the Turn
Seat 6: chrismat (button) (small blind) collected ($17.64)


PokerStars Hand #145212950878:  Hold'em Limit ($3/$6 USD) - 2015/12/12 3:17:53 ET
Table 'Karolinum' 6-max Seat #6 is the button
Seat 1: scorpio04 ($194 in chips)
Seat 6: chrismat ($30.53 in chips)
chrismat: posts small blind $1
scorpio04: posts big blind $3
*** HOLE CARDS ***
chrismat: folds
Uncalled bet ($2) returned to scorpio04
scorpio04 collected $2 from pot
*** SUMMARY ***
Total pot $2 | Rake $0
Seat 1: scorpio04 (big blind) collected ($2)
Seat 6: chrismat (button) (small blind) folded before Flop


PokerStars Hand #145212942254:  Hold'em Limit ($3/$6 USD) - 2015/12/12 3:17:26 ET
Table 'Karolinum' 6-max Seat #1 is the button
Seat 1: scorpio04 ($170.50 in chips)
Seat 6: chrismat ($54.53 in chips)
scorpio04: posts small blind $1
chrismat: posts big blind $3
*** HOLE CARDS ***
scorpio04: raises $3 to $6
chrismat: raises $3 to $9
scorpio04: calls $3
*** FLOP *** [Jc 2h 5c]
chrismat: bets $3
scorpio04: calls $3
*** TURN *** [Jc 2h 5c] [8d]
chrismat: bets $6
scorpio04: calls $6
*** RIVER *** [Jc 2h 5c 8d] [2s]
chrismat: bets $6
scorpio04: calls $6
*** SHOW DOWN ***
chrismat: shows [Tc Td] (two pair, Tens and Deuces)
scorpio04: shows [Jd 6c] (two pair, Jacks and Deuces)
scorpio04 collected $47.50 from pot
*** SUMMARY ***
Total pot $48 | Rake $0.50
Board [Jc 2h 5c 8d 2s]
Seat 1: scorpio04 (button) (small blind) showed [Jd 6c] and won ($47.50) with two pair, Jacks and Deuces
Seat 6: chrismat (big blind) showed [Tc Td] and lost with two pair, Tens and Deuces


PokerStars Hand #145212952325:  Hold'em Limit ($3/$6 USD) - 2015/12/12 3:17:57 ET
Table 'Karolinum' 6-max Seat #1 is the button
Seat 1: scorpio04 ($195 in chips)
Seat 6: chrismat ($29.53 in chips)
scorpio04: posts small blind $1
chrismat: posts big blind $3
*** HOLE CARDS ***
scorpio04: raises $3 to $6
chrismat: folds
Uncalled bet ($3) returned to scorpio04
scorpio04 collected $6 from pot
scorpio04: doesn't show hand
*** SUMMARY ***
Total pot $6 | Rake $0
Seat 1: scorpio04 (button) (small blind) collected ($6)
Seat 6: chrismat (big blind) folded before Flop


PokerStars Hand #145212955306:  Hold'em Limit ($3/$6 USD) - 2015/12/12 3:18:06 ET
Table 'Karolinum' 6-max Seat #6 is the button
Seat 1: scorpio04 ($198 in chips)
Seat 6: chrismat ($26.53 in chips)
chrismat: posts small blind $1
scorpio04: posts big blind $3
*** HOLE CARDS ***
chrismat: raises $3 to $6
scorpio04: raises $3 to $9
chrismat: calls $3
*** FLOP *** [2h 9s Ts]
scorpio04: bets $3
chrismat: calls $3
*** TURN *** [2h 9s Ts] [2c]
scorpio04: bets $6
chrismat: folds
Uncalled bet ($6) returned to scorpio04
scorpio04 collected $23.52 from pot
scorpio04: doesn't show hand
*** SUMMARY ***
Total pot $24 | Rake $0.48
Board [2h 9s Ts 2c]
Seat 1: scorpio04 (big blind) collected ($23.52)
Seat 6: chrismat (button) (small blind) folded on the Turn


PokerStars Hand #145212973063:  Hold'em Limit ($3/$6 USD) - 2015/12/12 3:19:01 ET
Table 'Karolinum' 6-max Seat #6 is the button
Seat 1: scorpio04 ($194.99 in chips)
Seat 6: chrismat ($28.56 in chips)
chrismat: posts small blind $1
scorpio04: posts big blind $3
*** HOLE CARDS ***
chrismat: folds
Uncalled bet ($2) returned to scorpio04
scorpio04 collected $2 from pot
scorpio04: doesn't show hand
*** SUMMARY ***
Total pot $2 | Rake $0
Seat 1: scorpio04 (big blind) collected ($2)
Seat 6: chrismat (button) (small blind) folded before Flop


PokerStars Hand #145212962936:  Hold'em Limit ($3/$6 USD) - 2015/12/12 3:18:30 ET
Table 'Karolinum' 6-max Seat #1 is the button
Seat 1: scorpio04 ($209.52 in chips)
Seat 6: chrismat ($14.53 in chips)
scorpio04: posts small blind $1
chrismat: posts big blind $3
*** HOLE CARDS ***
scorpio04: raises $3 to $6
chrismat: raises $3 to $9
scorpio04: calls $3
*** FLOP *** [Jh 2h 7s]
chrismat: bets $3
scorpio04: calls $3
*** TURN *** [Jh 2h 7s] [Ac]
chrismat: checks
scorpio04: bets $6
chrismat: calls $2.53 and is all-in
Uncalled bet ($3.47) returned to scorpio04
*** RIVER *** [Jh 2h 7s Ac] [9c]
*** SHOW DOWN ***
chrismat: shows [Td Kc] (high card Ace)
scorpio04: shows [5h 6h] (high card Ace - lower kicker)
chrismat collected $28.56 from pot
*** SUMMARY ***
Total pot $29.06 | Rake $0.50
Board [Jh 2h 7s Ac 9c]
Seat 1: scorpio04 (button) (small blind) showed [5h 6h] and lost with high card Ace
Seat 6: chrismat (big blind) showed [Td Kc] and won ($28.56) with high card Ace


PokerStars Hand #145212977454:  Hold'em Limit ($3/$6 USD) - 2015/12/12 3:19:15 ET
Table 'Karolinum' 6-max Seat #6 is the button
Seat 1: scorpio04 ($198.99 in chips)
Seat 6: chrismat ($24.56 in chips)
chrismat: posts small blind $1
scorpio04: posts big blind $3
*** HOLE CARDS ***
chrismat: folds
Uncalled bet ($2) returned to scorpio04
scorpio04 collected $2 from pot
scorpio04: doesn't show hand
*** SUMMARY ***
Total pot $2 | Rake $0
Seat 1: scorpio04 (big blind) collected ($2)
Seat 6: chrismat (button) (small blind) folded before Flop


PokerStars Hand #145212975057:  Hold'em Limit ($3/$6 USD) - 2015/12/12 3:19:07 ET
Table 'Karolinum' 6-max Seat #1 is the button
Seat 1: scorpio04 ($195.99 in chips)
Seat 6: chrismat ($27.56 in chips)
scorpio04: posts small blind $1
chrismat: posts big blind $3
*** HOLE CARDS ***
scorpio04: raises $3 to $6
chrismat: folds
Uncalled bet ($3) returned to scorpio04
scorpio04 collected $6 from pot
scorpio04: doesn't show hand
*** SUMMARY ***
Total pot $6 | Rake $0
Seat 1: scorpio04 (button) (small blind) collected ($6)
Seat 6: chrismat (big blind) folded before Flop


PokerStars Hand #145212978911:  Hold'em Limit ($3/$6 USD) - 2015/12/12 3:19:19 ET
Table 'Karolinum' 6-max Seat #1 is the button
Seat 1: scorpio04 ($199.99 in chips)
Seat 6: chrismat ($23.56 in chips)
scorpio04: posts small blind $1
chrismat: posts big blind $3
*** HOLE CARDS ***
scorpio04: raises $3 to $6
chrismat: calls $3
*** FLOP *** [Ah 4d Ks]
chrismat: checks
scorpio04: bets $3
chrismat: folds
Uncalled bet ($3) returned to scorpio04
scorpio04 collected $11.76 from pot
scorpio04: doesn't show hand
*** SUMMARY ***
Total pot $12 | Rake $0.24
Board [Ah 4d Ks]
Seat 1: scorpio04 (button) (small blind) collected ($11.76)
Seat 6: chrismat (big blind) folded on the Flop


PokerStars Hand #145212984361:  Hold'em Limit ($3/$6 USD) - 2015/12/12 3:19:36 ET
Table 'Karolinum' 6-max Seat #6 is the button
Seat 1: scorpio04 ($205.75 in chips)
Seat 6: chrismat ($17.56 in chips)
chrismat: posts small blind $1
scorpio04: posts big blind $3
*** HOLE CARDS ***
chrismat: raises $3 to $6
scorpio04: calls $3
*** FLOP *** [6c 7d 5d]
scorpio04: checks
chrismat: bets $3
scorpio04: raises $3 to $6
chrismat: calls $3
*** TURN *** [6c 7d 5d] [2c]
scorpio04: bets $6
chrismat: calls $5.56 and is all-in
Uncalled bet ($0.44) returned to scorpio04
*** RIVER *** [6c 7d 5d 2c] [Kd]
*** SHOW DOWN ***
scorpio04: shows [5h 7s] (two pair, Sevens and Fives)
chrismat: shows [9c Kc] (a pair of Kings)
scorpio04 collected $34.62 from pot
*** SUMMARY ***
Total pot $35.12 | Rake $0.50
Board [6c 7d 5d 2c Kd]
Seat 1: scorpio04 (big blind) showed [5h 7s] and won ($34.62) with two pair, Sevens and Fives
Seat 6: chrismat (button) (small blind) showed [9c Kc] and lost with a pair of Kings


PokerStars Hand #145214489661:  Hold'em Limit ($3/$6 USD) - 2015/12/12 4:29:55 ET
Table 'Karolinum' 6-max Seat #3 is the button
Seat 3: pazii ($225.21 in chips)
Seat 6: manly70 ($346.83 in chips)
pazii: posts small blind $1
manly70: posts big blind $3
*** HOLE CARDS ***
pazii: raises $3 to $6
manly70: folds
Uncalled bet ($3) returned to pazii
MTails leaves the table
pazii collected $6 from pot
pazii: doesn't show hand
*** SUMMARY ***
Total pot $6 | Rake $0
Seat 3: pazii (button) (small blind) collected ($6)
Seat 6: manly70 (big blind) folded before Flop


PokerStars Hand #145214485281:  Hold'em Limit ($3/$6 USD) - 2015/12/12 4:29:44 ET
Table 'Karolinum' 6-max Seat #6 is the button
Seat 3: pazii ($224.21 in chips)
Seat 6: manly70 ($347.83 in chips)
manly70: posts small blind $1
MTails: is sitting out
pazii: posts big blind $3
*** HOLE CARDS ***
manly70: folds
Uncalled bet ($2) returned to pazii
pazii collected $2 from pot
pazii: doesn't show hand
*** SUMMARY ***
Total pot $2 | Rake $0
Seat 3: pazii (big blind) collected ($2)
Seat 6: manly70 (button) (small blind) folded before Flop


PokerStars Hand #145214492316:  Hold'em Limit ($3/$6 USD) - 2015/12/12 4:30:02 ET
Table 'Karolinum' 6-max Seat #6 is the button
Seat 3: pazii ($228.21 in chips)
Seat 6: manly70 ($343.83 in chips)
manly70: posts small blind $1
pazii: posts big blind $3
*** HOLE CARDS ***
manly70: folds
Uncalled bet ($2) returned to pazii
pazii collected $2 from pot
pazii: doesn't show hand
*** SUMMARY ***
Total pot $2 | Rake $0
Seat 3: pazii (big blind) collected ($2)
Seat 6: manly70 (button) (small blind) folded before Flop


PokerStars Hand #145214494969:  Hold'em Limit ($3/$6 USD) - 2015/12/12 4:30:08 ET
Table 'Karolinum' 6-max Seat #3 is the button
Seat 3: pazii ($229.21 in chips)
Seat 6: manly70 ($342.83 in chips)
pazii: posts small blind $1
manly70: posts big blind $3
*** HOLE CARDS ***
pazii: raises $3 to $6
manly70: folds
Uncalled bet ($3) returned to pazii
pazii collected $6 from pot
pazii: doesn't show hand
*** SUMMARY ***
Total pot $6 | Rake $0
Seat 3: pazii (button) (small blind) collected ($6)
Seat 6: manly70 (big blind) folded before Flop


PokerStars Hand #145214520469:  Hold'em Limit ($3/$6 USD) - 2015/12/12 4:31:12 ET
Table 'Karolinum' 6-max Seat #3 is the button
Seat 3: pazii ($219.97 in chips)
Seat 6: manly70 ($351.11 in chips)
pazii: posts small blind $1
manly70: posts big blind $3
*** HOLE CARDS ***
pazii: raises $3 to $6
manly70: folds
Uncalled bet ($3) returned to pazii
pazii collected $6 from pot
pazii: doesn't show hand
*** SUMMARY ***
Total pot $6 | Rake $0
Seat 3: pazii (button) (small blind) collected ($6)
Seat 6: manly70 (big blind) folded before Flop


PokerStars Hand #145214509986:  Hold'em Limit ($3/$6 USD) - 2015/12/12 4:30:46 ET
Table 'Karolinum' 6-max Seat #6 is the button
Seat 3: pazii ($225.97 in chips)
Seat 6: manly70 ($345.35 in chips)
manly70: posts small blind $1
pazii: posts big blind $3
*** HOLE CARDS ***
manly70: raises $3 to $6
pazii: calls $3
*** FLOP *** [7s 6c 8s]
pazii: checks
manly70: bets $3
pazii: folds
Uncalled bet ($3) returned to manly70
manly70 collected $11.76 from pot
*** SUMMARY ***
Total pot $12 | Rake $0.24
Board [7s 6c 8s]
Seat 3: pazii (big blind) folded on the Flop
Seat 6: manly70 (button) (small blind) collected ($11.76)


PokerStars Hand #145214497622:  Hold'em Limit ($3/$6 USD) - 2015/12/12 4:30:15 ET
Table 'Karolinum' 6-max Seat #6 is the button
Seat 3: pazii ($232.21 in chips)
Seat 6: manly70 ($339.83 in chips)
manly70: posts small blind $1
pazii: posts big blind $3
*** HOLE CARDS ***
manly70: raises $3 to $6
pazii: raises $3 to $9
manly70: calls $3
*** FLOP *** [3s Td 8d]
pazii: bets $3
manly70: calls $3
*** TURN *** [3s Td 8d] [8c]
pazii: checks
manly70: bets $6
pazii: folds
Uncalled bet ($6) returned to manly70
manly70 collected $23.52 from pot
manly70: doesn't show hand
*** SUMMARY ***
Total pot $24 | Rake $0.48
Board [3s Td 8d 8c]
Seat 3: pazii (big blind) folded on the Turn
Seat 6: manly70 (button) (small blind) collected ($23.52)


PokerStars Hand #145214505252:  Hold'em Limit ($3/$6 USD) - 2015/12/12 4:30:34 ET
Table 'Karolinum' 6-max Seat #3 is the button
Seat 3: pazii ($220.21 in chips)
Seat 6: manly70 ($351.35 in chips)
pazii: posts small blind $1
manly70: posts big blind $3
*** HOLE CARDS ***
pazii: raises $3 to $6
manly70: calls $3
*** FLOP *** [5h Th 3d]
manly70: checks
pazii: bets $3
manly70: folds
Uncalled bet ($3) returned to pazii
pazii collected $11.76 from pot
pazii: doesn't show hand
*** SUMMARY ***
Total pot $12 | Rake $0.24
Board [5h Th 3d]
Seat 3: pazii (button) (small blind) collected ($11.76)
Seat 6: manly70 (big blind) folded on the Flop


PokerStars Hand #145214524151:  Hold'em Limit ($3/$6 USD) - 2015/12/12 4:31:22 ET
Table 'Karolinum' 6-max Seat #6 is the button
Seat 3: pazii ($222.97 in chips)
Seat 6: manly70 ($348.11 in chips)
manly70: posts small blind $1
pazii: posts big blind $3
*** HOLE CARDS ***
manly70: raises $3 to $6
pazii: folds
Uncalled bet ($3) returned to manly70
manly70 collected $6 from pot
manly70: doesn't show hand
*** SUMMARY ***
Total pot $6 | Rake $0
Seat 3: pazii (big blind) folded before Flop
Seat 6: manly70 (button) (small blind) collected ($6)


PokerStars Hand #145214527198:  Hold'em Limit ($3/$6 USD) - 2015/12/12 4:31:29 ET
Table 'Karolinum' 6-max Seat #3 is the button
Seat 3: pazii ($219.97 in chips)
Seat 6: manly70 ($351.11 in chips)
pazii: posts small blind $1
manly70: posts big blind $3
*** HOLE CARDS ***
pazii: folds
Uncalled bet ($2) returned to manly70
manly70 collected $2 from pot
*** SUMMARY ***
Total pot $2 | Rake $0
Seat 3: pazii (button) (small blind) folded before Flop
Seat 6: manly70 (big blind) collected ($2)


PokerStars Hand #145214537681:  Hold'em Limit ($3/$6 USD) - 2015/12/12 4:31:56 ET
Table 'Karolinum' 6-max Seat #3 is the button
Seat 3: pazii ($212.97 in chips)
Seat 6: manly70 ($357.87 in chips)
pazii: posts small blind $1
manly70: posts big blind $3
*** HOLE CARDS ***
pazii: raises $3 to $6
manly70: folds
Uncalled bet ($3) returned to pazii
pazii collected $6 from pot
pazii: doesn't show hand
*** SUMMARY ***
Total pot $6 | Rake $0
Seat 3: pazii (button) (small blind) collected ($6)
Seat 6: manly70 (big blind) folded before Flop


PokerStars Hand #145214529161:  Hold'em Limit ($3/$6 USD) - 2015/12/12 4:31:34 ET
Table 'Karolinum' 6-max Seat #6 is the button
Seat 3: pazii ($218.97 in chips)
Seat 6: manly70 ($352.11 in chips)
manly70: posts small blind $1
pazii: posts big blind $3
*** HOLE CARDS ***
manly70: raises $3 to $6
assitoni joins the table at seat #1
pazii: calls $3
*** FLOP *** [4d 7s 8d]
pazii: checks
manly70: bets $3
RockKillerTY leaves the table
pazii: folds
Uncalled bet ($3) returned to manly70
manly70 collected $11.76 from pot
manly70: doesn't show hand
*** SUMMARY ***
Total pot $12 | Rake $0.24
Board [4d 7s 8d]
Seat 3: pazii (big blind) folded on the Flop
Seat 6: manly70 (button) (small blind) collected ($11.76)


PokerStars Hand #145214555166:  Hold'em Limit ($3/$6 USD) - 2015/12/12 4:32:40 ET
Table 'Karolinum' 6-max Seat #1 is the button
Seat 1: assitoni ($114 in chips)
Seat 3: pazii ($230.25 in chips)
assitoni: posts small blind $1
pazii: posts big blind $3
*** HOLE CARDS ***
assitoni: raises $3 to $6
pazii: calls $3
*** FLOP *** [Ks Js Tc]
pazii: checks
assitoni: bets $3
pazii: calls $3
*** TURN *** [Ks Js Tc] [Th]
pazii: checks
assitoni: bets $6
pazii: calls $6
*** RIVER *** [Ks Js Tc Th] [4h]
pazii: checks
assitoni: checks
*** SHOW DOWN ***
pazii: shows [Jc 7h] (two pair, Jacks and Tens)
assitoni: mucks hand
pazii collected $29.50 from pot
*** SUMMARY ***
Total pot $30 | Rake $0.50
Board [Ks Js Tc Th 4h]
Seat 1: assitoni (button) (small blind) mucked
Seat 3: pazii (big blind) showed [Jc 7h] and won ($29.50) with two pair, Jacks and Tens


PokerStars Hand #145214579522:  Hold'em Limit ($3/$6 USD) - 2015/12/12 4:33:41 ET
Table 'Karolinum' 6-max Seat #3 is the button
Seat 1: assitoni ($99 in chips)
Seat 3: pazii ($244.75 in chips)
pazii: posts small blind $1
assitoni: posts big blind $3
*** HOLE CARDS ***
pazii: raises $3 to $6
assitoni: folds
Uncalled bet ($3) returned to pazii
pazii collected $6 from pot
pazii: doesn't show hand
*** SUMMARY ***
Total pot $6 | Rake $0
Seat 1: assitoni (big blind) folded before Flop
Seat 3: pazii (button) (small blind) collected ($6)


PokerStars Hand #145214584600:  Hold'em Limit ($3/$6 USD) - 2015/12/12 4:33:53 ET
Table 'Karolinum' 6-max Seat #1 is the button
Seat 1: assitoni ($96 in chips)
Seat 3: pazii ($247.75 in chips)
assitoni: posts small blind $1
pazii: posts big blind $3
*** HOLE CARDS ***
assitoni: raises $3 to $6
pazii: raises $3 to $9
assitoni: calls $3
*** FLOP *** [Th 2h 4c]
pazii: bets $3
assitoni: calls $3
*** TURN *** [Th 2h 4c] [9c]
pazii: bets $6
assitoni: raises $6 to $12
pazii: calls $6
*** RIVER *** [Th 2h 4c 9c] [3s]
pazii: checks
assitoni: checks
*** SHOW DOWN ***
pazii: shows [Jh Qh] (high card Queen)
assitoni: shows [5c Ac] (a straight, Ace to Five)
assitoni collected $47.50 from pot
*** SUMMARY ***
Total pot $48 | Rake $0.50
Board [Th 2h 4c 9c 3s]
Seat 1: assitoni (button) (small blind) showed [5c Ac] and won ($47.50) with a straight, Ace to Five
Seat 3: pazii (big blind) showed [Jh Qh] and lost with high card Queen


