PokerStars Hand #171725834657:  Hold'em Limit ($3/$6 USD) - 2017/06/13 12:30:47 ET
Table 'Karolinum' 6-max Seat #6 is the button
Seat 4: TbIP-TbIP 88 ($72 in chips)
Seat 6: igorkabmw ($74.40 in chips)
igorkabmw: posts small blind $1
TbIP-TbIP 88: posts big blind $3
*** HOLE CARDS ***
igorkabmw: folds
Uncalled bet ($2) returned to TbIP-TbIP 88
TbIP-TbIP 88 collected $2 from pot
TbIP-TbIP 88: doesn't show hand
*** SUMMARY ***
Total pot $2 | Rake $0
Seat 4: TbIP-TbIP 88 (big blind) collected ($2)
Seat 6: igorkabmw (button) (small blind) folded before Flop


PokerStars Hand #171725824342:  Hold'em Limit ($3/$6 USD) - 2017/06/13 12:30:32 ET
Table 'Karolinum' 6-max Seat #4 is the button
Seat 4: TbIP-TbIP 88 ($72 in chips)
Seat 6: igorkabmw ($59.90 in chips)
TbIP-TbIP 88: posts small blind $1
igorkabmw: posts big blind $3
*** HOLE CARDS ***
TbIP-TbIP 88: raises $3 to $6
igorkabmw: calls $3
*** FLOP *** [7s 2d Qd]
igorkabmw: checks
TbIP-TbIP 88: bets $3
igorkabmw: calls $3
*** TURN *** [7s 2d Qd] [Ad]
igorkabmw: checks
TbIP-TbIP 88: bets $6
igorkabmw: calls $6
*** RIVER *** [7s 2d Qd Ad] [3h]
igorkabmw: checks
TbIP-TbIP 88: checks
*** SHOW DOWN ***
igorkabmw: shows [5s Ac] (a pair of Aces)
TbIP-TbIP 88: mucks hand
igorkabmw collected $29.50 from pot
*** SUMMARY ***
Total pot $30 | Rake $0.50
Board [7s 2d Qd Ad 3h]
Seat 4: TbIP-TbIP 88 (button) (small blind) mucked
Seat 6: igorkabmw (big blind) showed [5s Ac] and won ($29.50) with a pair of Aces


PokerStars Hand #171725813977:  Hold'em Limit ($3/$6 USD) - 2017/06/13 12:30:16 ET
Table 'Karolinum' 6-max Seat #6 is the button
Seat 4: TbIP-TbIP 88 ($72 in chips)
Seat 6: igorkabmw ($57.02 in chips)
igorkabmw: posts small blind $1
TbIP-TbIP 88: posts big blind $3
*** HOLE CARDS ***
igorkabmw: calls $2
TbIP-TbIP 88: checks
*** FLOP *** [2h 5d Jh]
TbIP-TbIP 88: checks
igorkabmw: checks
*** TURN *** [2h 5d Jh] [5s]
TbIP-TbIP 88: checks
igorkabmw: checks
*** RIVER *** [2h 5d Jh 5s] [9c]
vestimokrec joins the table at seat #1
TbIP-TbIP 88: checks
igorkabmw: checks
*** SHOW DOWN ***
TbIP-TbIP 88: shows [4h 8d] (a pair of Fives)
igorkabmw: shows [Th Qh] (a pair of Fives - Queen kicker)
igorkabmw collected $5.88 from pot
*** SUMMARY ***
Total pot $6 | Rake $0.12
Board [2h 5d Jh 5s 9c]
Seat 4: TbIP-TbIP 88 (big blind) showed [4h 8d] and lost with a pair of Fives
Seat 6: igorkabmw (button) (small blind) showed [Th Qh] and won ($5.88) with a pair of Fives


PokerStars Hand #171725800992:  Hold'em Limit ($3/$6 USD) - 2017/06/13 12:29:57 ET
Table 'Karolinum' 6-max Seat #4 is the button
Seat 4: TbIP-TbIP 88 ($72 in chips)
Seat 6: igorkabmw ($42.52 in chips)
TbIP-TbIP 88: posts small blind $1
igorkabmw: posts big blind $3
*** HOLE CARDS ***
TbIP-TbIP 88: raises $3 to $6
igorkabmw: calls $3
*** FLOP *** [8c 8h Jc]
igorkabmw: checks
TbIP-TbIP 88: bets $3
igorkabmw: calls $3
*** TURN *** [8c 8h Jc] [Js]
igorkabmw: checks
TbIP-TbIP 88: checks
*** RIVER *** [8c 8h Jc Js] [Kh]
igorkabmw: bets $6
TbIP-TbIP 88: calls $6
*** SHOW DOWN ***
igorkabmw: shows [Kc 2s] (two pair, Kings and Jacks)
TbIP-TbIP 88: mucks hand
igorkabmw collected $29.50 from pot
*** SUMMARY ***
Total pot $30 | Rake $0.50
Board [8c 8h Jc Js Kh]
Seat 4: TbIP-TbIP 88 (button) (small blind) mucked
Seat 6: igorkabmw (big blind) showed [Kc 2s] and won ($29.50) with two pair, Kings and Jacks


PokerStars Hand #171725838266:  Hold'em Limit ($3/$6 USD) - 2017/06/13 12:30:53 ET
Table 'Karolinum' 6-max Seat #4 is the button
Seat 4: TbIP-TbIP 88 ($73 in chips)
Seat 6: igorkabmw ($73.40 in chips)
TbIP-TbIP 88: posts small blind $1
igorkabmw: posts big blind $3
*** HOLE CARDS ***
TbIP-TbIP 88: raises $3 to $6
igorkabmw: calls $3
*** FLOP *** [9h 4s 3d]
igorkabmw: checks
TbIP-TbIP 88: bets $3
igorkabmw: calls $3
*** TURN *** [9h 4s 3d] [6d]
igorkabmw: checks
TbIP-TbIP 88: bets $6
igorkabmw: calls $6
*** RIVER *** [9h 4s 3d 6d] [Qc]
igorkabmw: checks
TbIP-TbIP 88: bets $6
igorkabmw: calls $6
*** SHOW DOWN ***
TbIP-TbIP 88: shows [8c 9s] (a pair of Nines)
igorkabmw: mucks hand
TbIP-TbIP 88 collected $41.50 from pot
*** SUMMARY ***
Total pot $42 | Rake $0.50
Board [9h 4s 3d 6d Qc]
Seat 4: TbIP-TbIP 88 (button) (small blind) showed [8c 9s] and won ($41.50) with a pair of Nines
Seat 6: igorkabmw (big blind) mucked


PokerStars Hand #171725901560:  Hold'em Limit ($3/$6 USD) - 2017/06/13 12:32:27 ET
Table 'Karolinum' 6-max Seat #1 is the button
Seat 1: vestimokrec ($137.89 in chips)
Seat 6: igorkabmw ($51.40 in chips)
vestimokrec: posts small blind $1
TbIP-TbIP 88: is sitting out
igorkabmw: posts big blind $3
*** HOLE CARDS ***
vestimokrec: raises $3 to $6
igorkabmw: calls $3
*** FLOP *** [Ac 5c 7s]
TbIP-TbIP 88 leaves the table
igorkabmw: checks
vestimokrec: bets $3
igorkabmw: calls $3
*** TURN *** [Ac 5c 7s] [3c]
igorkabmw: checks
vestimokrec: checks
*** RIVER *** [Ac 5c 7s 3c] [9h]
igorkabmw: checks
vestimokrec: bets $6
igorkabmw: calls $6
*** SHOW DOWN ***
vestimokrec: shows [Jh 9s] (a pair of Nines)
igorkabmw: mucks hand
vestimokrec collected $29.50 from pot
*** SUMMARY ***
Total pot $30 | Rake $0.50
Board [Ac 5c 7s 3c 9h]
Seat 1: vestimokrec (button) (small blind) showed [Jh 9s] and won ($29.50) with a pair of Nines
Seat 6: igorkabmw (big blind) mucked


PokerStars Hand #171725982220:  Hold'em Limit ($3/$6 USD) - 2017/06/13 12:34:28 ET
Table 'Karolinum' 6-max Seat #1 is the button
Seat 1: vestimokrec ($125.39 in chips)
Seat 6: igorkabmw ($62.90 in chips)
vestimokrec: posts small blind $1
igorkabmw: posts big blind $3
*** HOLE CARDS ***
vestimokrec: raises $3 to $6
igorkabmw: calls $3
*** FLOP *** [4d 5d 8h]
igorkabmw: checks
vestimokrec: bets $3
igorkabmw: calls $3
*** TURN *** [4d 5d 8h] [8s]
igorkabmw: checks
vestimokrec: checks
*** RIVER *** [4d 5d 8h 8s] [4c]
igorkabmw: bets $6
vestimokrec: calls $6
*** SHOW DOWN ***
igorkabmw: shows [As 4s] (a full house, Fours full of Eights)
vestimokrec: mucks hand
igorkabmw collected $29.50 from pot
*** SUMMARY ***
Total pot $30 | Rake $0.50
Board [4d 5d 8h 8s 4c]
Seat 1: vestimokrec (button) (small blind) mucked
Seat 6: igorkabmw (big blind) showed [As 4s] and won ($29.50) with a full house, Fours full of Eights


PokerStars Hand #171725928775:  Hold'em Limit ($3/$6 USD) - 2017/06/13 12:33:08 ET
Table 'Karolinum' 6-max Seat #6 is the button
Seat 1: vestimokrec ($152.39 in chips)
Seat 6: igorkabmw ($36.40 in chips)
igorkabmw: posts small blind $1
vestimokrec: posts big blind $3
*** HOLE CARDS ***
igorkabmw: calls $2
vestimokrec: raises $3 to $6
igorkabmw: calls $3
*** FLOP *** [8d 6h 5d]
vestimokrec: bets $3
igorkabmw: calls $3
*** TURN *** [8d 6h 5d] [Ts]
vestimokrec: checks
igorkabmw: bets $6
vestimokrec: calls $6
*** RIVER *** [8d 6h 5d Ts] [2s]
vestimokrec: checks
igorkabmw: bets $6
vestimokrec: raises $6 to $12
igorkabmw: raises $6 to $18
vestimokrec: folds
Uncalled bet ($6) returned to igorkabmw
igorkabmw collected $53.50 from pot
*** SUMMARY ***
Total pot $54 | Rake $0.50
Board [8d 6h 5d Ts 2s]
Seat 1: vestimokrec (big blind) folded on the River
Seat 6: igorkabmw (button) (small blind) collected ($53.50)


PokerStars Hand #171726026398:  Hold'em Limit ($3/$6 USD) - 2017/06/13 12:35:34 ET
Table 'Karolinum' 6-max Seat #1 is the button
Seat 1: vestimokrec ($120.03 in chips)
Seat 6: igorkabmw ($67.40 in chips)
vestimokrec: posts small blind $1
igorkabmw: posts big blind $3
*** HOLE CARDS ***
vestimokrec: raises $3 to $6
igorkabmw: folds
Uncalled bet ($3) returned to vestimokrec
vestimokrec collected $6 from pot
vestimokrec: doesn't show hand
*** SUMMARY ***
Total pot $6 | Rake $0
Seat 1: vestimokrec (button) (small blind) collected ($6)
Seat 6: igorkabmw (big blind) folded before Flop


PokerStars Hand #171726023191:  Hold'em Limit ($3/$6 USD) - 2017/06/13 12:35:29 ET
Table 'Karolinum' 6-max Seat #6 is the button
Seat 1: vestimokrec ($119.03 in chips)
Seat 6: igorkabmw ($68.40 in chips)
igorkabmw: posts small blind $1
vestimokrec: posts big blind $3
*** HOLE CARDS ***
igorkabmw: folds
Uncalled bet ($2) returned to vestimokrec
vestimokrec collected $2 from pot
vestimokrec: doesn't show hand
*** SUMMARY ***
Total pot $2 | Rake $0
Seat 1: vestimokrec (big blind) collected ($2)
Seat 6: igorkabmw (button) (small blind) folded before Flop


PokerStars Hand #171726007247:  Hold'em Limit ($3/$6 USD) - 2017/06/13 12:35:05 ET
Table 'Karolinum' 6-max Seat #1 is the button
Seat 1: vestimokrec ($113.27 in chips)
Seat 6: igorkabmw ($74.40 in chips)
vestimokrec: posts small blind $1
igorkabmw: posts big blind $3
*** HOLE CARDS ***
vestimokrec: raises $3 to $6
igorkabmw: calls $3
*** FLOP *** [Jd 4c Qh]
igorkabmw: checks
vestimokrec: bets $3
igorkabmw: folds
Uncalled bet ($3) returned to vestimokrec
vestimokrec collected $11.76 from pot
vestimokrec: doesn't show hand
*** SUMMARY ***
Total pot $12 | Rake $0.24
Board [Jd 4c Qh]
Seat 1: vestimokrec (button) (small blind) collected ($11.76)
Seat 6: igorkabmw (big blind) folded on the Flop


PokerStars Hand #171725995761:  Hold'em Limit ($3/$6 USD) - 2017/06/13 12:34:48 ET
Table 'Karolinum' 6-max Seat #6 is the button
Seat 1: vestimokrec ($110.39 in chips)
Seat 6: igorkabmw ($77.40 in chips)
igorkabmw: posts small blind $1
vestimokrec: posts big blind $3
*** HOLE CARDS ***
igorkabmw: calls $2
vestimokrec: checks
*** FLOP *** [4h 3h Ah]
vestimokrec: bets $3
igorkabmw: folds
Uncalled bet ($3) returned to vestimokrec
vestimokrec collected $5.88 from pot
vestimokrec: doesn't show hand
*** SUMMARY ***
Total pot $6 | Rake $0.12
Board [4h 3h Ah]
Seat 1: vestimokrec (big blind) collected ($5.88)
Seat 6: igorkabmw (button) (small blind) folded on the Flop


PokerStars Hand #171726030930:  Hold'em Limit ($3/$6 USD) - 2017/06/13 12:35:41 ET
Table 'Karolinum' 6-max Seat #6 is the button
Seat 1: vestimokrec ($123.03 in chips)
Seat 6: igorkabmw ($64.40 in chips)
igorkabmw: posts small blind $1
vestimokrec: posts big blind $3
*** HOLE CARDS ***
igorkabmw: calls $2
vestimokrec: raises $3 to $6
igorkabmw: calls $3
*** FLOP *** [8h 2h As]
vestimokrec: bets $3
igorkabmw: calls $3
*** TURN *** [8h 2h As] [8d]
vestimokrec: checks
igorkabmw: bets $6
vestimokrec: calls $6
*** RIVER *** [8h 2h As 8d] [3h]
vestimokrec: checks
igorkabmw: bets $6
vestimokrec: calls $6
*** SHOW DOWN ***
igorkabmw: shows [6s Jh] (a pair of Eights)
vestimokrec: shows [Kc Kh] (two pair, Kings and Eights)
vestimokrec collected $41.50 from pot
*** SUMMARY ***
Total pot $42 | Rake $0.50
Board [8h 2h As 8d 3h]
Seat 1: vestimokrec (big blind) showed [Kc Kh] and won ($41.50) with two pair, Kings and Eights
Seat 6: igorkabmw (button) (small blind) showed [6s Jh] and lost with a pair of Eights


PokerStars Hand #171726050553:  Hold'em Limit ($3/$6 USD) - 2017/06/13 12:36:10 ET
Table 'Karolinum' 6-max Seat #1 is the button
Seat 1: vestimokrec ($143.53 in chips)
Seat 6: igorkabmw ($43.40 in chips)
vestimokrec: posts small blind $1
igorkabmw: posts big blind $3
*** HOLE CARDS ***
vestimokrec: raises $3 to $6
igorkabmw: calls $3
*** FLOP *** [6h 9h Ad]
igorkabmw: checks
vestimokrec: bets $3
igorkabmw: calls $3
*** TURN *** [6h 9h Ad] [4d]
igorkabmw: checks
vestimokrec: checks
*** RIVER *** [6h 9h Ad 4d] [Qd]
igorkabmw: checks
vestimokrec: bets $6
igorkabmw: folds
Uncalled bet ($6) returned to vestimokrec
vestimokrec collected $17.64 from pot
vestimokrec: doesn't show hand
*** SUMMARY ***
Total pot $18 | Rake $0.36
Board [6h 9h Ad 4d Qd]
Seat 1: vestimokrec (button) (small blind) collected ($17.64)
Seat 6: igorkabmw (big blind) folded on the River


PokerStars Hand #171726075298:  Hold'em Limit ($3/$6 USD) - 2017/06/13 12:36:46 ET
Table 'Karolinum' 6-max Seat #6 is the button
Seat 1: vestimokrec ($152.17 in chips)
Seat 6: igorkabmw ($34.40 in chips)
igorkabmw: posts small blind $1
vestimokrec: posts big blind $3
*** HOLE CARDS ***
igorkabmw: raises $3 to $6
vestimokrec: calls $3
*** FLOP *** [5c Kd 7h]
vestimokrec: checks
igorkabmw: checks
*** TURN *** [5c Kd 7h] [Qs]
vestimokrec: bets $6
igorkabmw: calls $6
*** RIVER *** [5c Kd 7h Qs] [Jd]
vestimokrec: checks
igorkabmw: bets $6
vestimokrec: folds
Uncalled bet ($6) returned to igorkabmw
igorkabmw collected $23.52 from pot
*** SUMMARY ***
Total pot $24 | Rake $0.48
Board [5c Kd 7h Qs Jd]
Seat 1: vestimokrec (big blind) folded on the River
Seat 6: igorkabmw (button) (small blind) collected ($23.52)


PokerStars Hand #171726135068:  Hold'em Limit ($3/$6 USD) - 2017/06/13 12:38:14 ET
Table 'Karolinum' 6-max Seat #6 is the button
Seat 1: vestimokrec ($125.17 in chips)
Seat 6: igorkabmw ($60.42 in chips)
igorkabmw: posts small blind $1
vestimokrec: posts big blind $3
*** HOLE CARDS ***
igorkabmw: folds
Uncalled bet ($2) returned to vestimokrec
vestimokrec collected $2 from pot
vestimokrec: doesn't show hand
*** SUMMARY ***
Total pot $2 | Rake $0
Seat 1: vestimokrec (big blind) collected ($2)
Seat 6: igorkabmw (button) (small blind) folded before Flop


PokerStars Hand #171726116748:  Hold'em Limit ($3/$6 USD) - 2017/06/13 12:37:48 ET
Table 'Karolinum' 6-max Seat #1 is the button
Seat 1: vestimokrec ($140.17 in chips)
Seat 6: igorkabmw ($45.92 in chips)
vestimokrec: posts small blind $1
igorkabmw: posts big blind $3
*** HOLE CARDS ***
vestimokrec: raises $3 to $6
igorkabmw: calls $3
*** FLOP *** [Ks 4d 2s]
igorkabmw: checks
vestimokrec: bets $3
igorkabmw: calls $3
*** TURN *** [Ks 4d 2s] [Tc]
igorkabmw: checks
Bestchoice20 joins the table at seat #3
vestimokrec: checks
*** RIVER *** [Ks 4d 2s Tc] [5d]
igorkabmw: checks
vestimokrec: bets $6
igorkabmw: calls $6
*** SHOW DOWN ***
vestimokrec: shows [7h 4h] (a pair of Fours)
igorkabmw: shows [5s 7d] (a pair of Fives)
igorkabmw collected $29.50 from pot
*** SUMMARY ***
Total pot $30 | Rake $0.50
Board [Ks 4d 2s Tc 5d]
Seat 1: vestimokrec (button) (small blind) showed [7h 4h] and lost with a pair of Fours
Seat 6: igorkabmw (big blind) showed [5s 7d] and won ($29.50) with a pair of Fives


