PokerStars Hand #151669500292:  Hold'em Limit ($3/$6 USD) - 2016/04/09 13:09:28 ET
Table 'Karolinum II' 6-max Seat #3 is the button
Seat 3: jl45259071 ($27.06 in chips)
Seat 4: AzureCaper ($86.40 in chips)
jl45259071: posts small blind $1
AzureCaper: posts big blind $3
*** HOLE CARDS ***
jl45259071: raises $3 to $6
AzureCaper: calls $3
*** FLOP *** [Qh Ac Jd]
AzureCaper: checks
jl45259071: bets $3
AzureCaper: folds
Uncalled bet ($3) returned to jl45259071
jl45259071 collected $11.76 from pot
jl45259071: doesn't show hand
*** SUMMARY ***
Total pot $12 | Rake $0.24
Board [Qh Ac Jd]
Seat 3: jl45259071 (button) (small blind) collected ($11.76)
Seat 4: AzureCaper (big blind) folded on the Flop


PokerStars Hand #151669543090:  Hold'em Limit ($3/$6 USD) - 2016/04/09 13:10:17 ET
Table 'Karolinum II' 6-max Seat #4 is the button
Seat 3: jl45259071 ($47.22 in chips)
Seat 4: AzureCaper ($72 in chips)
AzureCaper: posts small blind $1
jl45259071: posts big blind $3
*** HOLE CARDS ***
AzureCaper: raises $3 to $6
jl45259071: calls $3
*** FLOP *** [6h 3c Jh]
jl45259071: checks
AzureCaper: bets $3
jl45259071: raises $3 to $6
AzureCaper: calls $3
*** TURN *** [6h 3c Jh] [4d]
jl45259071: bets $6
AzureCaper: calls $6
*** RIVER *** [6h 3c Jh 4d] [Ac]
jl45259071: bets $6
AzureCaper: calls $6
*** SHOW DOWN ***
jl45259071: shows [8c Qd] (high card Ace)
AzureCaper: shows [Jc 5h] (a pair of Jacks)
AzureCaper collected $47.50 from pot
*** SUMMARY ***
Total pot $48 | Rake $0.50
Board [6h 3c Jh 4d Ac]
Seat 3: jl45259071 (big blind) showed [8c Qd] and lost with high card Ace
Seat 4: AzureCaper (button) (small blind) showed [Jc 5h] and won ($47.50) with a pair of Jacks


PokerStars Hand #151669511089:  Hold'em Limit ($3/$6 USD) - 2016/04/09 13:09:40 ET
Table 'Karolinum II' 6-max Seat #4 is the button
Seat 3: jl45259071 ($32.82 in chips)
Seat 4: AzureCaper ($80.40 in chips)
AzureCaper: posts small blind $1
jl45259071: posts big blind $3
*** HOLE CARDS ***
AzureCaper: raises $3 to $6
jl45259071: calls $3
*** FLOP *** [Ts 9h 4s]
jl45259071: checks
AzureCaper: bets $3
jl45259071: calls $3
*** TURN *** [Ts 9h 4s] [6d]
jl45259071: checks
AzureCaper: checks
*** RIVER *** [Ts 9h 4s 6d] [Jd]
jl45259071: bets $6
AzureCaper: folds
Uncalled bet ($6) returned to jl45259071
jl45259071 collected $17.64 from pot
jl45259071: doesn't show hand
*** SUMMARY ***
Total pot $18 | Rake $0.36
Board [Ts 9h 4s 6d Jd]
Seat 3: jl45259071 (big blind) collected ($17.64)
Seat 4: AzureCaper (button) (small blind) folded on the River


PokerStars Hand #151669557671:  Hold'em Limit ($3/$6 USD) - 2016/04/09 13:10:34 ET
Table 'Karolinum II' 6-max Seat #3 is the button
Seat 3: jl45259071 ($23.22 in chips)
Seat 4: AzureCaper ($95.50 in chips)
jl45259071: posts small blind $1
AzureCaper: posts big blind $3
*** HOLE CARDS ***
jl45259071: raises $3 to $6
AzureCaper: raises $3 to $9
jl45259071: raises $3 to $12
Betting is capped
AzureCaper: calls $3
*** FLOP *** [5h 8s Ac]
AzureCaper: checks
jl45259071: bets $3
AzureCaper: calls $3
*** TURN *** [5h 8s Ac] [4d]
AzureCaper: checks
jl45259071: bets $6
AzureCaper: raises $6 to $12
jl45259071: calls $2.22 and is all-in
Uncalled bet ($3.78) returned to AzureCaper
*** RIVER *** [5h 8s Ac 4d] [2s]
*** SHOW DOWN ***
AzureCaper: shows [Qc Qs] (a pair of Queens)
jl45259071: shows [8c 7h] (a pair of Eights)
AzureCaper collected $45.94 from pot
*** SUMMARY ***
Total pot $46.44 | Rake $0.50
Board [5h 8s Ac 4d 2s]
Seat 3: jl45259071 (button) (small blind) showed [8c 7h] and lost with a pair of Eights
Seat 4: AzureCaper (big blind) showed [Qc Qs] and won ($45.94) with a pair of Queens


