PokerStars Hand #150799783161:  Hold'em Limit ($3/$6 USD) - 2016/03/23 8:44:32 ET
Table 'Kartvelia' 10-max Seat #8 is the button
Seat 7: BuzovaPro ($75 in chips)
Seat 8: MobyDickDK ($44 in chips)
MobyDickDK: posts small blind $1
BuzovaPro: posts big blind $3
*** HOLE CARDS ***
MobyDickDK: raises $3 to $6
BuzovaPro: raises $3 to $9
MobyDickDK: raises $3 to $12
Betting is capped
BuzovaPro: calls $3
*** FLOP *** [6d Qd 9s]
BuzovaPro: checks
MobyDickDK: bets $3
BuzovaPro: calls $3
*** TURN *** [6d Qd 9s] [2s]
BuzovaPro: checks
MobyDickDK: checks
*** RIVER *** [6d Qd 9s 2s] [9c]
BuzovaPro: checks
MobyDickDK: bets $6
BuzovaPro: calls $6
*** SHOW DOWN ***
MobyDickDK: shows [Kc As] (a pair of Nines)
BuzovaPro: mucks hand
MobyDickDK collected $41.50 from pot
*** SUMMARY ***
Total pot $42 | Rake $0.50
Board [6d Qd 9s 2s 9c]
Seat 7: BuzovaPro (big blind) mucked
Seat 8: MobyDickDK (button) (small blind) showed [Kc As] and won ($41.50) with a pair of Nines


PokerStars Hand #150799801538:  Hold'em Limit ($3/$6 USD) - 2016/03/23 8:45:04 ET
Table 'Kartvelia' 10-max Seat #7 is the button
Seat 7: BuzovaPro ($72 in chips)
Seat 8: MobyDickDK ($64.50 in chips)
BuzovaPro: posts small blind $1
MobyDickDK: posts big blind $3
*** HOLE CARDS ***
BuzovaPro: raises $3 to $6
MobyDickDK: calls $3
*** FLOP *** [4c Ts Jd]
MobyDickDK: checks
BuzovaPro: checks
*** TURN *** [4c Ts Jd] [Qs]
MobyDickDK: checks
BuzovaPro: bets $6
MobyDickDK: folds
Uncalled bet ($6) returned to BuzovaPro
BuzovaPro collected $11.76 from pot
BuzovaPro: doesn't show hand
*** SUMMARY ***
Total pot $12 | Rake $0.24
Board [4c Ts Jd Qs]
Seat 7: BuzovaPro (button) (small blind) collected ($11.76)
Seat 8: MobyDickDK (big blind) folded on the Turn


PokerStars Hand #150799811929:  Hold'em Limit ($3/$6 USD) - 2016/03/23 8:45:23 ET
Table 'Kartvelia' 10-max Seat #8 is the button
Seat 7: BuzovaPro ($77.76 in chips)
Seat 8: MobyDickDK ($58.50 in chips)
MobyDickDK: posts small blind $1
BuzovaPro: posts big blind $3
*** HOLE CARDS ***
MobyDickDK: raises $3 to $6
BuzovaPro: calls $3
*** FLOP *** [7s 4c 2c]
BuzovaPro: checks
MobyDickDK: bets $3
BuzovaPro: raises $3 to $6
MobyDickDK: raises $3 to $9
BuzovaPro: calls $3
*** TURN *** [7s 4c 2c] [5s]
BuzovaPro: checks
MobyDickDK: bets $6
BuzovaPro: calls $6
*** RIVER *** [7s 4c 2c 5s] [7c]
BuzovaPro: checks
MobyDickDK: bets $6
BuzovaPro: folds
Uncalled bet ($6) returned to MobyDickDK
MobyDickDK collected $41.50 from pot
MobyDickDK: doesn't show hand
*** SUMMARY ***
Total pot $42 | Rake $0.50
Board [7s 4c 2c 5s 7c]
Seat 7: BuzovaPro (big blind) folded on the River
Seat 8: MobyDickDK (button) (small blind) collected ($41.50)


PokerStars Hand #150799830048:  Hold'em Limit ($3/$6 USD) - 2016/03/23 8:45:55 ET
Table 'Kartvelia' 10-max Seat #7 is the button
Seat 7: BuzovaPro ($72 in chips)
Seat 8: MobyDickDK ($79 in chips)
BuzovaPro: posts small blind $1
MobyDickDK: posts big blind $3
*** HOLE CARDS ***
BuzovaPro: raises $3 to $6
MobyDickDK: folds
Uncalled bet ($3) returned to BuzovaPro
BuzovaPro collected $6 from pot
BuzovaPro: doesn't show hand
*** SUMMARY ***
Total pot $6 | Rake $0
Seat 7: BuzovaPro (button) (small blind) collected ($6)
Seat 8: MobyDickDK (big blind) folded before Flop


PokerStars Hand #150799833815:  Hold'em Limit ($3/$6 USD) - 2016/03/23 8:46:02 ET
Table 'Kartvelia' 10-max Seat #8 is the button
Seat 7: BuzovaPro ($75 in chips)
Seat 8: MobyDickDK ($76 in chips)
MobyDickDK: posts small blind $1
BuzovaPro: posts big blind $3
*** HOLE CARDS ***
MobyDickDK: raises $3 to $6
BuzovaPro: calls $3
*** FLOP *** [Kh Js 6h]
BuzovaPro: checks
MobyDickDK: checks
*** TURN *** [Kh Js 6h] [Qs]
BuzovaPro: bets $6
MobyDickDK: calls $6
*** RIVER *** [Kh Js 6h Qs] [2d]
BuzovaPro: checks
MobyDickDK: checks
*** SHOW DOWN ***
BuzovaPro: shows [4s 7s] (high card King)
MobyDickDK: shows [9s Jh] (a pair of Jacks)
MobyDickDK collected $23.52 from pot
*** SUMMARY ***
Total pot $24 | Rake $0.48
Board [Kh Js 6h Qs 2d]
Seat 7: BuzovaPro (big blind) showed [4s 7s] and lost with high card King
Seat 8: MobyDickDK (button) (small blind) showed [9s Jh] and won ($23.52) with a pair of Jacks


PokerStars Hand #150799844268:  Hold'em Limit ($3/$6 USD) - 2016/03/23 8:46:21 ET
Table 'Kartvelia' 10-max Seat #7 is the button
Seat 7: BuzovaPro ($72 in chips)
Seat 8: MobyDickDK ($87.52 in chips)
BuzovaPro: posts small blind $1
MobyDickDK: posts big blind $3
*** HOLE CARDS ***
BuzovaPro: raises $3 to $6
MobyDickDK: folds
Uncalled bet ($3) returned to BuzovaPro
BuzovaPro collected $6 from pot
BuzovaPro: doesn't show hand
*** SUMMARY ***
Total pot $6 | Rake $0
Seat 7: BuzovaPro (button) (small blind) collected ($6)
Seat 8: MobyDickDK (big blind) folded before Flop


PokerStars Hand #150799851270:  Hold'em Limit ($3/$6 USD) - 2016/03/23 8:46:33 ET
Table 'Kartvelia' 10-max Seat #7 is the button
Seat 7: BuzovaPro ($72 in chips)
Seat 8: MobyDickDK ($87.52 in chips)
BuzovaPro: posts small blind $1
MobyDickDK: posts big blind $3
*** HOLE CARDS ***
BuzovaPro: raises $3 to $6
MobyDickDK: folds
Uncalled bet ($3) returned to BuzovaPro
BuzovaPro collected $6 from pot
BuzovaPro: doesn't show hand
*** SUMMARY ***
Total pot $6 | Rake $0
Seat 7: BuzovaPro (button) (small blind) collected ($6)
Seat 8: MobyDickDK (big blind) folded before Flop


PokerStars Hand #150799847937:  Hold'em Limit ($3/$6 USD) - 2016/03/23 8:46:27 ET
Table 'Kartvelia' 10-max Seat #8 is the button
Seat 7: BuzovaPro ($75 in chips)
Seat 8: MobyDickDK ($84.52 in chips)
MobyDickDK: posts small blind $1
BuzovaPro: posts big blind $3
*** HOLE CARDS ***
MobyDickDK: raises $3 to $6
BuzovaPro: folds
Uncalled bet ($3) returned to MobyDickDK
MobyDickDK collected $6 from pot
MobyDickDK: doesn't show hand
*** SUMMARY ***
Total pot $6 | Rake $0
Seat 7: BuzovaPro (big blind) folded before Flop
Seat 8: MobyDickDK (button) (small blind) collected ($6)


PokerStars Hand #150818523906:  Hold'em Limit ($3/$6 USD) - 2016/03/23 16:48:42 ET
Table 'Kartvelia' 10-max Seat #3 is the button
Seat 2: Pandakey ($162.97 in chips)
Seat 3: Makomar ($98.51 in chips)
Makomar: posts small blind $1
Pandakey: posts big blind $3
*** HOLE CARDS ***
Makomar: folds
Uncalled bet ($2) returned to Pandakey
Pandakey collected $2 from pot
Pandakey: doesn't show hand
*** SUMMARY ***
Total pot $2 | Rake $0
Seat 2: Pandakey (big blind) collected ($2)
Seat 3: Makomar (button) (small blind) folded before Flop


PokerStars Hand #150818516947:  Hold'em Limit ($3/$6 USD) - 2016/03/23 16:48:36 ET
Table 'Kartvelia' 10-max Seat #2 is the button
Seat 2: Pandakey ($163.97 in chips)
Seat 3: Makomar ($97.51 in chips)
Pandakey: posts small blind $1
Makomar: posts big blind $3
*** HOLE CARDS ***
olech1515 leaves the table
Pandakey: folds
Uncalled bet ($2) returned to Makomar
Makomar collected $2 from pot
Makomar: doesn't show hand
*** SUMMARY ***
Total pot $2 | Rake $0
Seat 2: Pandakey (button) (small blind) folded before Flop
Seat 3: Makomar (big blind) collected ($2)


PokerStars Hand #150818508598:  Hold'em Limit ($3/$6 USD) - 2016/03/23 16:48:30 ET
Table 'Kartvelia' 10-max Seat #3 is the button
Seat 2: Pandakey ($162.97 in chips)
Seat 3: Makomar ($98.51 in chips)
Makomar: posts small blind $1
olech1515: is sitting out
Pandakey: posts big blind $3
*** HOLE CARDS ***
Makomar: folds
Uncalled bet ($2) returned to Pandakey
Pandakey collected $2 from pot
Pandakey: doesn't show hand
*** SUMMARY ***
Total pot $2 | Rake $0
Seat 2: Pandakey (big blind) collected ($2)
Seat 3: Makomar (button) (small blind) folded before Flop


