PokerStars Hand #152422182734:  Hold'em Limit ($3/$6 USD) - 2016/04/25 9:32:00 ET
Table 'Kartvelia II' 10-max Seat #4 is the button
Seat 4: 5PRUT5 ($96 in chips)
Seat 5: ct-650 ($150 in chips)
5PRUT5: posts small blind $1
ct-650: posts big blind $3
*** HOLE CARDS ***
5PRUT5: raises $3 to $6
ct-650: calls $3
*** FLOP *** [7h 5c Kh]
ct-650: checks
5PRUT5: bets $3
ct-650: folds
Uncalled bet ($3) returned to 5PRUT5
5PRUT5 collected $11.76 from pot
5PRUT5: doesn't show hand
*** SUMMARY ***
Total pot $12 | Rake $0.24
Board [7h 5c Kh]
Seat 4: 5PRUT5 (button) (small blind) collected ($11.76)
Seat 5: ct-650 (big blind) folded on the Flop


PokerStars Hand #152422209509:  Hold'em Limit ($3/$6 USD) - 2016/04/25 9:32:45 ET
Table 'Kartvelia II' 10-max Seat #5 is the button
Seat 4: 5PRUT5 ($101.52 in chips)
Seat 5: ct-650 ($143.76 in chips)
ct-650: posts small blind $1
5PRUT5: posts big blind $3
*** HOLE CARDS ***
ct-650: raises $3 to $6
5PRUT5: calls $3
*** FLOP *** [9h 7h 7s]
5PRUT5: checks
ct-650: checks
*** TURN *** [9h 7h 7s] [3c]
5PRUT5: bets $6
ct-650: folds
Uncalled bet ($6) returned to 5PRUT5
5PRUT5 collected $11.76 from pot
5PRUT5: doesn't show hand
*** SUMMARY ***
Total pot $12 | Rake $0.24
Board [9h 7h 7s 3c]
Seat 4: 5PRUT5 (big blind) collected ($11.76)
Seat 5: ct-650 (button) (small blind) folded on the Turn


PokerStars Hand #152422200449:  Hold'em Limit ($3/$6 USD) - 2016/04/25 9:32:30 ET
Table 'Kartvelia II' 10-max Seat #4 is the button
Seat 4: 5PRUT5 ($95.76 in chips)
Seat 5: ct-650 ($149.76 in chips)
5PRUT5: posts small blind $1
ct-650: posts big blind $3
*** HOLE CARDS ***
5PRUT5: raises $3 to $6
ct-650: calls $3
*** FLOP *** [5c Ks 4c]
ct-650: checks
5PRUT5: bets $3
ct-650: folds
Uncalled bet ($3) returned to 5PRUT5
5PRUT5 collected $11.76 from pot
5PRUT5: doesn't show hand
*** SUMMARY ***
Total pot $12 | Rake $0.24
Board [5c Ks 4c]
Seat 4: 5PRUT5 (button) (small blind) collected ($11.76)
Seat 5: ct-650 (big blind) folded on the Flop


PokerStars Hand #152422194217:  Hold'em Limit ($3/$6 USD) - 2016/04/25 9:32:19 ET
Table 'Kartvelia II' 10-max Seat #5 is the button
Seat 4: 5PRUT5 ($101.76 in chips)
Seat 5: ct-650 ($144 in chips)
ct-650: posts small blind $1
5PRUT5: posts big blind $3
*** HOLE CARDS ***
ct-650: raises $3 to $6
5PRUT5: calls $3
*** FLOP *** [5d 8d 3h]
5PRUT5: checks
ct-650: bets $3
5PRUT5: folds
Uncalled bet ($3) returned to ct-650
ct-650 collected $11.76 from pot
*** SUMMARY ***
Total pot $12 | Rake $0.24
Board [5d 8d 3h]
Seat 4: 5PRUT5 (big blind) folded on the Flop
Seat 5: ct-650 (button) (small blind) collected ($11.76)


PokerStars Hand #152429850932:  Hold'em Limit ($3/$6 USD) - 2016/04/25 12:43:32 ET
Table 'Kartvelia II' 10-max Seat #10 is the button
Seat 2: HasThaHustle ($98.76 in chips)
Seat 10: lh9888 ($164.49 in chips)
lh9888: posts small blind $1
HasThaHustle: posts big blind $3
*** HOLE CARDS ***
lh9888: folds
Uncalled bet ($2) returned to HasThaHustle
HasThaHustle collected $2 from pot
HasThaHustle: doesn't show hand
*** SUMMARY ***
Total pot $2 | Rake $0
Seat 2: HasThaHustle (big blind) collected ($2)
Seat 10: lh9888 (button) (small blind) folded before Flop


PokerStars Hand #152429846240:  Hold'em Limit ($3/$6 USD) - 2016/04/25 12:43:26 ET
Table 'Kartvelia II' 10-max Seat #2 is the button
Seat 2: HasThaHustle ($99.76 in chips)
Seat 10: lh9888 ($163.49 in chips)
HasThaHustle: posts small blind $1
lh9888: posts big blind $3
*** HOLE CARDS ***
HasThaHustle: folds
Uncalled bet ($2) returned to lh9888
lh9888 collected $2 from pot
lh9888: doesn't show hand
*** SUMMARY ***
Total pot $2 | Rake $0
Seat 2: HasThaHustle (button) (small blind) folded before Flop
Seat 10: lh9888 (big blind) collected ($2)


PokerStars Hand #152429822647:  Hold'em Limit ($3/$6 USD) - 2016/04/25 12:42:56 ET
Table 'Kartvelia II' 10-max Seat #10 is the button
Seat 2: HasThaHustle ($94 in chips)
Seat 10: lh9888 ($169.49 in chips)
lh9888: posts small blind $1
vestimokrec: is sitting out
HasThaHustle: posts big blind $3
*** HOLE CARDS ***
vestimokrec leaves the table
lh9888: raises $3 to $6
HasThaHustle: calls $3
*** FLOP *** [8h Kh 7h]
HasThaHustle: checks
lh9888: checks
*** TURN *** [8h Kh 7h] [Jh]
HasThaHustle: checks
lh9888: checks
*** RIVER *** [8h Kh 7h Jh] [Kd]
HasThaHustle: bets $6
lh9888: folds
Uncalled bet ($6) returned to HasThaHustle
HasThaHustle collected $11.76 from pot
HasThaHustle: doesn't show hand
*** SUMMARY ***
Total pot $12 | Rake $0.24
Board [8h Kh 7h Jh Kd]
Seat 2: HasThaHustle (big blind) collected ($11.76)
Seat 10: lh9888 (button) (small blind) folded on the River


