PokerStars Hand #158235561331:  Hold'em Limit ($3/$6 USD) - 2016/09/06 8:58:28 ET
Table 'Kartvelia' 6-max Seat #3 is the button
Seat 3: Ingmar Ross ($36 in chips)
Seat 4: Mordnilap ($75 in chips)
Ingmar Ross: posts small blind $1
Mordnilap: posts big blind $3
*** HOLE CARDS ***
Macan joins the table at seat #5
Ingmar Ross: raises $3 to $6
Mordnilap: calls $3
*** FLOP *** [4d As 5d]
Mordnilap: checks
Ingmar Ross: checks
*** TURN *** [4d As 5d] [2d]
Mordnilap: checks
Ingmar Ross: checks
*** RIVER *** [4d As 5d 2d] [Ac]
Mordnilap: checks
Ingmar Ross: bets $6
Mordnilap: calls $6
*** SHOW DOWN ***
Ingmar Ross: shows [Qs Qc] (two pair, Aces and Queens)
Mordnilap: mucks hand
Ingmar Ross collected $23.52 from pot
*** SUMMARY ***
Total pot $24 | Rake $0.48
Board [4d As 5d 2d Ac]
Seat 3: Ingmar Ross (button) (small blind) showed [Qs Qc] and won ($23.52) with two pair, Aces and Queens
Seat 4: Mordnilap (big blind) mucked


PokerStars Hand #158235558475:  Hold'em Limit ($3/$6 USD) - 2016/09/06 8:58:22 ET
Table 'Kartvelia' 6-max Seat #4 is the button
Seat 3: Ingmar Ross ($39 in chips)
Seat 4: Mordnilap ($72 in chips)
Mordnilap: posts small blind $1
Ingmar Ross: posts big blind $3
*** HOLE CARDS ***
Mordnilap: raises $3 to $6
Ingmar Ross: folds
Uncalled bet ($3) returned to Mordnilap
Mordnilap collected $6 from pot
Mordnilap: doesn't show hand
*** SUMMARY ***
Total pot $6 | Rake $0
Seat 3: Ingmar Ross (big blind) folded before Flop
Seat 4: Mordnilap (button) (small blind) collected ($6)


PokerStars Hand #158235678114:  Hold'em Limit ($3/$6 USD) - 2016/09/06 9:02:24 ET
Table 'Kartvelia' 6-max Seat #3 is the button
Seat 3: Ingmar Ross ($103.46 in chips)
Seat 4: Mordnilap ($72 in chips)
Ingmar Ross: posts small blind $1
Mordnilap: posts big blind $3
*** HOLE CARDS ***
Ingmar Ross: raises $3 to $6
Mordnilap: calls $3
*** FLOP *** [8h 8c Kh]
Mordnilap: checks
Ingmar Ross: bets $3
Mordnilap: calls $3
*** TURN *** [8h 8c Kh] [4s]
Mordnilap: checks
Ingmar Ross: checks
*** RIVER *** [8h 8c Kh 4s] [Jd]
Mordnilap: bets $6
supersjakie joins the table at seat #6
Ingmar Ross: calls $6
*** SHOW DOWN ***
Mordnilap: shows [Tc Js] (two pair, Jacks and Eights)
Ingmar Ross: mucks hand
Mordnilap collected $29.50 from pot
*** SUMMARY ***
Total pot $30 | Rake $0.50
Board [8h 8c Kh 4s Jd]
Seat 3: Ingmar Ross (button) (small blind) mucked
Seat 4: Mordnilap (big blind) showed [Tc Js] and won ($29.50) with two pair, Jacks and Eights


PokerStars Hand #158235674334:  Hold'em Limit ($3/$6 USD) - 2016/09/06 9:02:17 ET
Table 'Kartvelia' 6-max Seat #4 is the button
Seat 3: Ingmar Ross ($102.46 in chips)
Seat 4: Mordnilap ($72 in chips)
Mordnilap: posts small blind $1
Ingmar Ross: posts big blind $3
*** HOLE CARDS ***
Mordnilap: folds
Uncalled bet ($2) returned to Ingmar Ross
Ingmar Ross said, "nh)"
Ingmar Ross collected $2 from pot
Ingmar Ross: doesn't show hand
*** SUMMARY ***
Total pot $2 | Rake $0
Seat 3: Ingmar Ross (big blind) collected ($2)
Seat 4: Mordnilap (button) (small blind) folded before Flop


