PokerStars Hand #145761002879:  Hold'em Limit ($3/$6 USD) - 2015/12/22 16:42:49 ET
Table 'Kasan IV' 6-max Seat #2 is the button
Seat 2: Pandakey ($255.47 in chips)
Seat 4: kakadu2015 ($143.13 in chips)
Pandakey: posts small blind $1
PelonCabelao: is sitting out
kakadu2015: posts big blind $3
*** HOLE CARDS ***
Pandakey: raises $3 to $6
kakadu2015: raises $3 to $9
Pandakey: calls $3
*** FLOP *** [3s 5h 8d]
kakadu2015: bets $3
Pandakey: calls $3
*** TURN *** [3s 5h 8d] [Js]
kakadu2015: bets $6
Pandakey: calls $6
*** RIVER *** [3s 5h 8d Js] [5c]
kakadu2015: bets $6
Pandakey: folds
Uncalled bet ($6) returned to kakadu2015
kakadu2015 collected $35.50 from pot
kakadu2015: doesn't show hand
*** SUMMARY ***
Total pot $36 | Rake $0.50
Board [3s 5h 8d Js 5c]
Seat 2: Pandakey (button) (small blind) folded on the River
Seat 4: kakadu2015 (big blind) collected ($35.50)


PokerStars Hand #145761025990:  Hold'em Limit ($3/$6 USD) - 2015/12/22 16:43:12 ET
Table 'Kasan IV' 6-max Seat #4 is the button
Seat 2: Pandakey ($237.47 in chips)
Seat 4: kakadu2015 ($160.63 in chips)
kakadu2015: posts small blind $1
Pandakey: posts big blind $3
*** HOLE CARDS ***
kakadu2015: folds
Uncalled bet ($2) returned to Pandakey
Pandakey collected $2 from pot
Pandakey: doesn't show hand
*** SUMMARY ***
Total pot $2 | Rake $0
Seat 2: Pandakey (big blind) collected ($2)
Seat 4: kakadu2015 (button) (small blind) folded before Flop


PokerStars Hand #145761083745:  Hold'em Limit ($3/$6 USD) - 2015/12/22 16:44:10 ET
Table 'Kasan IV' 6-max Seat #4 is the button
Seat 2: Pandakey ($253.87 in chips)
Seat 4: kakadu2015 ($143.63 in chips)
kakadu2015: posts small blind $1
Pandakey: posts big blind $3
*** HOLE CARDS ***
kakadu2015: folds
Uncalled bet ($2) returned to Pandakey
kakadu2015 leaves the table
Pandakey collected $2 from pot
Pandakey: doesn't show hand
*** SUMMARY ***
Total pot $2 | Rake $0
Seat 2: Pandakey (big blind) collected ($2)
Seat 4: kakadu2015 (button) (small blind) folded before Flop


PokerStars Hand #145761067251:  Hold'em Limit ($3/$6 USD) - 2015/12/22 16:43:53 ET
Table 'Kasan IV' 6-max Seat #2 is the button
Seat 2: Pandakey ($248.11 in chips)
Seat 4: kakadu2015 ($149.63 in chips)
Pandakey: posts small blind $1
kakadu2015: posts big blind $3
*** HOLE CARDS ***
Pandakey: raises $3 to $6
kakadu2015: calls $3
*** FLOP *** [6c 2d Qh]
kakadu2015: checks
Pandakey: bets $3
kakadu2015: folds
Uncalled bet ($3) returned to Pandakey
Pandakey collected $11.76 from pot
Pandakey: doesn't show hand
*** SUMMARY ***
Total pot $12 | Rake $0.24
Board [6c 2d Qh]
Seat 2: Pandakey (button) (small blind) collected ($11.76)
Seat 4: kakadu2015 (big blind) folded on the Flop


PokerStars Hand #145761059889:  Hold'em Limit ($3/$6 USD) - 2015/12/22 16:43:46 ET
Table 'Kasan IV' 6-max Seat #4 is the button
Seat 2: Pandakey ($247.11 in chips)
Seat 4: kakadu2015 ($150.63 in chips)
kakadu2015: posts small blind $1
Pandakey: posts big blind $3
*** HOLE CARDS ***
kakadu2015: folds
Uncalled bet ($2) returned to Pandakey
Pandakey collected $2 from pot
Pandakey: doesn't show hand
*** SUMMARY ***
Total pot $2 | Rake $0
Seat 2: Pandakey (big blind) collected ($2)
Seat 4: kakadu2015 (button) (small blind) folded before Flop


PokerStars Hand #145761033061:  Hold'em Limit ($3/$6 USD) - 2015/12/22 16:43:19 ET
Table 'Kasan IV' 6-max Seat #2 is the button
Seat 2: Pandakey ($238.47 in chips)
Seat 4: kakadu2015 ($159.63 in chips)
Pandakey: posts small blind $1
kakadu2015: posts big blind $3
*** HOLE CARDS ***
Pandakey: raises $3 to $6
kakadu2015: calls $3
*** FLOP *** [3s 2s 9c]
kakadu2015: checks
Pandakey: bets $3
kakadu2015: calls $3
*** TURN *** [3s 2s 9c] [9h]
kakadu2015: checks
Pandakey: bets $6
kakadu2015: folds
Uncalled bet ($6) returned to Pandakey
Pandakey collected $17.64 from pot
Pandakey: doesn't show hand
*** SUMMARY ***
Total pot $18 | Rake $0.36
Board [3s 2s 9c 9h]
Seat 2: Pandakey (button) (small blind) collected ($17.64)
Seat 4: kakadu2015 (big blind) folded on the Turn


