PokerStars Hand #176299345300:  Hold'em Limit ($3/$6 USD) - 2017/09/30 4:14:25 ET
Table 'Kasan' 6-max Seat #3 is the button
Seat 1: LifeisagameX ($84 in chips)
Seat 3: mbr1977 ($45.90 in chips)
mbr1977: posts small blind $1
LifeisagameX: posts big blind $3
*** HOLE CARDS ***
VolkovDmitri joins the table at seat #4
mbr1977: calls $2
LifeisagameX: raises $3 to $6
mbr1977: calls $3
*** FLOP *** [Kd As 7h]
LifeisagameX: bets $3
mbr1977: calls $3
*** TURN *** [Kd As 7h] [Qs]
LifeisagameX: checks
mbr1977: bets $6
LifeisagameX: raises $6 to $12
mbr1977: calls $6
*** RIVER *** [Kd As 7h Qs] [2c]
LifeisagameX: bets $6
mbr1977: calls $6
*** SHOW DOWN ***
LifeisagameX: shows [7d Ks] (two pair, Kings and Sevens)
mbr1977: mucks hand
LifeisagameX collected $53.50 from pot
*** SUMMARY ***
Total pot $54 | Rake $0.50
Board [Kd As 7h Qs 2c]
Seat 1: LifeisagameX (big blind) showed [7d Ks] and won ($53.50) with two pair, Kings and Sevens
Seat 3: mbr1977 (button) (small blind) mucked


PokerStars Hand #176299334847:  Hold'em Limit ($3/$6 USD) - 2017/09/30 4:13:50 ET
Table 'Kasan' 6-max Seat #1 is the button
Seat 1: LifeisagameX ($84 in chips)
Seat 3: mbr1977 ($46.15 in chips)
LifeisagameX: posts small blind $1
mbr1977: posts big blind $3
*** HOLE CARDS ***
LifeisagameX: raises $3 to $6
mbr1977: calls $3
*** FLOP *** [Js Qs 3s]
mbr1977: bets $3
LifeisagameX: calls $3
*** TURN *** [Js Qs 3s] [Ac]
mbr1977: bets $6
LifeisagameX: calls $6
*** RIVER *** [Js Qs 3s Ac] [Qc]
mbr1977: bets $6
LifeisagameX: calls $6
*** SHOW DOWN ***
mbr1977: shows [As 9d] (two pair, Aces and Queens)
LifeisagameX: shows [Ah 9c] (two pair, Aces and Queens)
mbr1977 collected $20.75 from pot
LifeisagameX collected $20.75 from pot
*** SUMMARY ***
Total pot $42 | Rake $0.50
Board [Js Qs 3s Ac Qc]
Seat 1: LifeisagameX (button) (small blind) showed [Ah 9c] and won ($20.75) with two pair, Aces and Queens
Seat 3: mbr1977 (big blind) showed [As 9d] and won ($20.75) with two pair, Aces and Queens


PokerStars Hand #176299352252:  Hold'em Limit ($3/$6 USD) - 2017/09/30 4:14:48 ET
Table 'Kasan' 6-max Seat #1 is the button
Seat 1: LifeisagameX ($110.50 in chips)
Seat 3: mbr1977 ($18.90 in chips)
LifeisagameX: posts small blind $1
mbr1977: posts big blind $3
*** HOLE CARDS ***
LifeisagameX: raises $3 to $6
mbr1977: calls $3
*** FLOP *** [Kd Qh Ad]
mbr1977: checks
LifeisagameX: bets $3
mbr1977: calls $3
*** TURN *** [Kd Qh Ad] [5d]
mbr1977: checks
LifeisagameX: bets $6
mbr1977: calls $6
*** RIVER *** [Kd Qh Ad 5d] [6s]
mbr1977: checks
LifeisagameX: bets $6
mbr1977: calls $3.90 and is all-in
Uncalled bet ($2.10) returned to LifeisagameX
*** SHOW DOWN ***
LifeisagameX: shows [7c Th] (high card Ace)
mbr1977: shows [9c Qs] (a pair of Queens)
mbr1977 collected $37.30 from pot
*** SUMMARY ***
Total pot $37.80 | Rake $0.50
Board [Kd Qh Ad 5d 6s]
Seat 1: LifeisagameX (button) (small blind) showed [7c Th] and lost with high card Ace
Seat 3: mbr1977 (big blind) showed [9c Qs] and won ($37.30) with a pair of Queens


PokerStars Hand #176299389670:  Hold'em Limit ($3/$6 USD) - 2017/09/30 4:16:52 ET
Table 'Kasan' 6-max Seat #4 is the button
Seat 2: artecris ($111.70 in chips)
Seat 4: VolkovDmitri ($154.11 in chips)
VolkovDmitri: posts small blind $1
artecris: posts big blind $3
*** HOLE CARDS ***
VolkovDmitri: raises $3 to $6
artecris: folds
Uncalled bet ($3) returned to VolkovDmitri
VolkovDmitri collected $6 from pot
VolkovDmitri: doesn't show hand
*** SUMMARY ***
Total pot $6 | Rake $0
Seat 2: artecris (big blind) folded before Flop
Seat 4: VolkovDmitri (button) (small blind) collected ($6)


PokerStars Hand #176299383082:  Hold'em Limit ($3/$6 USD) - 2017/09/30 4:16:30 ET
Table 'Kasan' 6-max Seat #2 is the button
Seat 2: artecris ($120.70 in chips)
Seat 4: VolkovDmitri ($145.47 in chips)
artecris: posts small blind $1
VolkovDmitri: posts big blind $3
*** HOLE CARDS ***
LifeisagameX leaves the table
artecris: calls $2
VolkovDmitri: raises $3 to $6
artecris: calls $3
*** FLOP *** [Ad 6c 8c]
VolkovDmitri: bets $3
artecris: calls $3
*** TURN *** [Ad 6c 8c] [4d]
VolkovDmitri: checks
artecris: checks
*** RIVER *** [Ad 6c 8c 4d] [5c]
VolkovDmitri: checks
artecris: checks
*** SHOW DOWN ***
VolkovDmitri: shows [2h 2d] (a pair of Deuces)
artecris: mucks hand
VolkovDmitri collected $17.64 from pot
*** SUMMARY ***
Total pot $18 | Rake $0.36
Board [Ad 6c 8c 4d 5c]
Seat 2: artecris (button) (small blind) mucked
Seat 4: VolkovDmitri (big blind) showed [2h 2d] and won ($17.64) with a pair of Deuces


PokerStars Hand #176299401964:  Hold'em Limit ($3/$6 USD) - 2017/09/30 4:17:32 ET
Table 'Kasan' 6-max Seat #4 is the button
Seat 2: artecris ($75.70 in chips)
Seat 4: VolkovDmitri ($189.37 in chips)
VolkovDmitri: posts small blind $1
artecris: posts big blind $3
*** HOLE CARDS ***
VolkovDmitri: raises $3 to $6
artecris: calls $3
*** FLOP *** [Jh 5h 7c]
artecris: checks
VolkovDmitri: bets $3
artecris: calls $3
*** TURN *** [Jh 5h 7c] [3d]
artecris: checks
VolkovDmitri: bets $6
artecris: calls $6
*** RIVER *** [Jh 5h 7c 3d] [7s]
artecris: bets $6
VolkovDmitri: calls $6
*** SHOW DOWN ***
artecris: shows [Ah 9h] (a pair of Sevens)
VolkovDmitri: shows [5d Kd] (two pair, Sevens and Fives)
VolkovDmitri collected $41.50 from pot
*** SUMMARY ***
Total pot $42 | Rake $0.50
Board [Jh 5h 7c 3d 7s]
Seat 2: artecris (big blind) showed [Ah 9h] and lost with a pair of Sevens
Seat 4: VolkovDmitri (button) (small blind) showed [5d Kd] and won ($41.50) with two pair, Sevens and Fives


PokerStars Hand #176299396598:  Hold'em Limit ($3/$6 USD) - 2017/09/30 4:17:14 ET
Table 'Kasan' 6-max Seat #4 is the button
Seat 2: artecris ($84.70 in chips)
Seat 4: VolkovDmitri ($180.61 in chips)
VolkovDmitri: posts small blind $1
artecris: posts big blind $3
*** HOLE CARDS ***
VolkovDmitri: raises $3 to $6
artecris: folds
Uncalled bet ($3) returned to VolkovDmitri
VolkovDmitri collected $6 from pot
VolkovDmitri: doesn't show hand
*** SUMMARY ***
Total pot $6 | Rake $0
Seat 2: artecris (big blind) folded before Flop
Seat 4: VolkovDmitri (button) (small blind) collected ($6)


PokerStars Hand #176299391281:  Hold'em Limit ($3/$6 USD) - 2017/09/30 4:16:57 ET
Table 'Kasan' 6-max Seat #2 is the button
Seat 2: artecris ($108.70 in chips)
Seat 4: VolkovDmitri ($157.11 in chips)
artecris: posts small blind $1
VolkovDmitri: posts big blind $3
*** HOLE CARDS ***
artecris: raises $3 to $6
VolkovDmitri: calls $3
*** FLOP *** [3d 8d 9s]
VolkovDmitri: checks
artecris: bets $3
VolkovDmitri: raises $3 to $6
artecris: calls $3
*** TURN *** [3d 8d 9s] [9d]
VolkovDmitri: bets $6
artecris: calls $6
*** RIVER *** [3d 8d 9s 9d] [8h]
VolkovDmitri: bets $6
artecris: calls $6
*** SHOW DOWN ***
VolkovDmitri: shows [Qc 8c] (a full house, Eights full of Nines)
artecris: mucks hand
VolkovDmitri collected $47.50 from pot
*** SUMMARY ***
Total pot $48 | Rake $0.50
Board [3d 8d 9s 9d 8h]
Seat 2: artecris (button) (small blind) mucked
Seat 4: VolkovDmitri (big blind) showed [Qc 8c] and won ($47.50) with a full house, Eights full of Nines


PokerStars Hand #176299398276:  Hold'em Limit ($3/$6 USD) - 2017/09/30 4:17:20 ET
Table 'Kasan' 6-max Seat #2 is the button
Seat 2: artecris ($81.70 in chips)
Seat 4: VolkovDmitri ($183.61 in chips)
artecris: posts small blind $1
VolkovDmitri: posts big blind $3
*** HOLE CARDS ***
artecris: calls $2
VolkovDmitri: raises $3 to $6
artecris: calls $3
*** FLOP *** [Tc 2h Jc]
VolkovDmitri: bets $3
artecris: folds
Uncalled bet ($3) returned to VolkovDmitri
VolkovDmitri collected $11.76 from pot
VolkovDmitri: doesn't show hand
*** SUMMARY ***
Total pot $12 | Rake $0.24
Board [Tc 2h Jc]
Seat 2: artecris (button) (small blind) folded on the Flop
Seat 4: VolkovDmitri (big blind) collected ($11.76)


