PokerStars Hand #159140282140:  Hold'em Limit ($3/$6 USD) - 2016/09/26 18:59:12 ET
Table 'Kassandra' 6-max Seat #1 is the button
Seat 1: dmonr ($55.74 in chips)
Seat 5: Jannuh ($51 in chips)
dmonr: posts small blind $1
Evgenia56 was removed from the table for failing to post
Jannuh: posts big blind $3
*** HOLE CARDS ***
dmonr: folds
Uncalled bet ($2) returned to Jannuh
Jannuh collected $2 from pot
*** SUMMARY ***
Total pot $2 | Rake $0
Seat 1: dmonr (button) (small blind) folded before Flop
Seat 5: Jannuh (big blind) collected ($2)


PokerStars Hand #159140278483:  Hold'em Limit ($3/$6 USD) - 2016/09/26 18:59:04 ET
Table 'Kassandra' 6-max Seat #5 is the button
Seat 1: dmonr ($58.74 in chips)
Seat 5: Jannuh ($48 in chips)
Jannuh: posts small blind $1
dmonr: posts big blind $3
*** HOLE CARDS ***
Jannuh: raises $3 to $6
dmonr: folds
Uncalled bet ($3) returned to Jannuh
Jannuh collected $6 from pot
*** SUMMARY ***
Total pot $6 | Rake $0
Seat 1: dmonr (big blind) folded before Flop
Seat 5: Jannuh (button) (small blind) collected ($6)


PokerStars Hand #159140275845:  Hold'em Limit ($3/$6 USD) - 2016/09/26 18:58:59 ET
Table 'Kassandra' 6-max Seat #1 is the button
Seat 1: dmonr ($59.74 in chips)
Seat 5: Jannuh ($47 in chips)
dmonr: posts small blind $1
ABATAPP: is sitting out
Jannuh: posts big blind $3
*** HOLE CARDS ***
dmonr: folds
Uncalled bet ($2) returned to Jannuh
Jannuh collected $2 from pot
*** SUMMARY ***
Total pot $2 | Rake $0
Seat 1: dmonr (button) (small blind) folded before Flop
Seat 5: Jannuh (big blind) collected ($2)


PokerStars Hand #159140285245:  Hold'em Limit ($3/$6 USD) - 2016/09/26 18:59:18 ET
Table 'Kassandra' 6-max Seat #5 is the button
Seat 1: dmonr ($54.74 in chips)
Seat 5: Jannuh ($52 in chips)
Jannuh: posts small blind $1
dmonr: posts big blind $3
*** HOLE CARDS ***
Jannuh: raises $3 to $6
dmonr: calls $3
*** FLOP *** [Jh 2h 7d]
dmonr: bets $3
Jannuh: raises $3 to $6
dmonr: calls $3
*** TURN *** [Jh 2h 7d] [8h]
sim5sim5 joins the table at seat #3
dmonr: bets $6
Jannuh: calls $6
*** RIVER *** [Jh 2h 7d 8h] [4c]
dmonr: bets $6
Jannuh: raises $6 to $12
dmonr: calls $6
*** SHOW DOWN ***
Jannuh: shows [Qc Qs] (a pair of Queens)
dmonr: shows [7c 8c] (two pair, Eights and Sevens)
dmonr collected $59.50 from pot
*** SUMMARY ***
Total pot $60 | Rake $0.50
Board [Jh 2h 7d 8h 4c]
Seat 1: dmonr (big blind) showed [7c 8c] and won ($59.50) with two pair, Eights and Sevens
Seat 5: Jannuh (button) (small blind) showed [Qc Qs] and lost with a pair of Queens


