PokerStars Hand #162918786191:  Hold'em Limit ($3/$6 USD) - 2016/12/14 3:22:57 ET
Table 'Kassandra' 6-max Seat #3 is the button
Seat 3: pappszultan ($134.83 in chips)
Seat 4: Agrotait ($72 in chips)
pappszultan: posts small blind $1
Agrotait: posts big blind $3
*** HOLE CARDS ***
pappszultan: raises $3 to $6
Agrotait: raises $3 to $9
B_loJkl joins the table at seat #5
pappszultan: calls $3
*** FLOP *** [5c 7h Ks]
Agrotait: bets $3
pappszultan: folds
Uncalled bet ($3) returned to Agrotait
Agrotait collected $17.64 from pot
Agrotait: doesn't show hand
*** SUMMARY ***
Total pot $18 | Rake $0.36
Board [5c 7h Ks]
Seat 3: pappszultan (button) (small blind) folded on the Flop
Seat 4: Agrotait (big blind) collected ($17.64)


PokerStars Hand #162918807589:  Hold'em Limit ($3/$6 USD) - 2016/12/14 3:24:06 ET
Table 'Kassandra' 6-max Seat #4 is the button
Seat 4: Agrotait ($104.17 in chips)
Seat 5: B_loJkl ($150 in chips)
Agrotait: posts small blind $1
B_loJkl: posts big blind $3
pappszultan leaves the table
*** HOLE CARDS ***
Agrotait: folds
Uncalled bet ($2) returned to B_loJkl
B_loJkl collected $2 from pot
B_loJkl: doesn't show hand
*** SUMMARY ***
Total pot $2 | Rake $0
Seat 4: Agrotait (button) (small blind) folded before Flop
Seat 5: B_loJkl (big blind) collected ($2)


