PokerStars Hand #175049204874:  Hold'em Limit ($3/$6 USD) - 2017/08/31 22:35:14 ET
Table 'Kassandra' 6-max Seat #2 is the button
Seat 1: karambakilla ($220.82 in chips)
Seat 2: tony@ng79 ($90.26 in chips)
tony@ng79: posts small blind $1
``MULAT``86: is sitting out
Bluf_To_Much: is sitting out
karambakilla: posts big blind $3
*** HOLE CARDS ***
tony@ng79: raises $3 to $6
karambakilla: raises $3 to $9
``MULAT``86 leaves the table
tony@ng79: calls $3
*** FLOP *** [7h 3h Js]
karambakilla: bets $3
tony@ng79: calls $3
*** TURN *** [7h 3h Js] [3c]
karambakilla: bets $6
tony@ng79: folds
Uncalled bet ($6) returned to karambakilla
karambakilla collected $23.52 from pot
karambakilla: doesn't show hand
*** SUMMARY ***
Total pot $24 | Rake $0.48
Board [7h 3h Js 3c]
Seat 1: karambakilla (big blind) collected ($23.52)
Seat 2: tony@ng79 (button) (small blind) folded on the Turn


PokerStars Hand #175049216833:  Hold'em Limit ($3/$6 USD) - 2017/08/31 22:35:52 ET
Table 'Kassandra' 6-max Seat #1 is the button
Seat 1: karambakilla ($235.10 in chips)
Seat 2: tony@ng79 ($75.26 in chips)
karambakilla: posts small blind $1
tony@ng79: posts big blind $3
*** HOLE CARDS ***
karambakilla: raises $3 to $6
tony@ng79: calls $3
*** FLOP *** [Ts 5h 5s]
tony@ng79: bets $3
karambakilla: calls $3
*** TURN *** [Ts 5h 5s] [7h]
tony@ng79: bets $6
karambakilla: calls $6
*** RIVER *** [Ts 5h 5s 7h] [Ac]
tony@ng79: bets $6
karambakilla: calls $6
*** SHOW DOWN ***
tony@ng79: shows [As 4s] (two pair, Aces and Fives)
karambakilla: mucks hand
tony@ng79 collected $41.50 from pot
*** SUMMARY ***
Total pot $42 | Rake $0.50
Board [Ts 5h 5s 7h Ac]
Seat 1: karambakilla (button) (small blind) mucked
Seat 2: tony@ng79 (big blind) showed [As 4s] and won ($41.50) with two pair, Aces and Fives


PokerStars Hand #175049228812:  Hold'em Limit ($3/$6 USD) - 2017/08/31 22:36:29 ET
Table 'Kassandra' 6-max Seat #1 is the button
Seat 1: karambakilla ($222.74 in chips)
Seat 2: tony@ng79 ($86.76 in chips)
karambakilla: posts small blind $1
tony@ng79: posts big blind $3
*** HOLE CARDS ***
karambakilla: folds
Uncalled bet ($2) returned to tony@ng79
tony@ng79 collected $2 from pot
tony@ng79: doesn't show hand
*** SUMMARY ***
Total pot $2 | Rake $0
Seat 1: karambakilla (button) (small blind) folded before Flop
Seat 2: tony@ng79 (big blind) collected ($2)


PokerStars Hand #175049214739:  Hold'em Limit ($3/$6 USD) - 2017/08/31 22:35:45 ET
Table 'Kassandra' 6-max Seat #2 is the button
Seat 1: karambakilla ($238.10 in chips)
Seat 2: tony@ng79 ($72.26 in chips)
tony@ng79: posts small blind $1
karambakilla: posts big blind $3
*** HOLE CARDS ***
tony@ng79: raises $3 to $6
karambakilla: folds
Uncalled bet ($3) returned to tony@ng79
tony@ng79 collected $6 from pot
tony@ng79: doesn't show hand
*** SUMMARY ***
Total pot $6 | Rake $0
Seat 1: karambakilla (big blind) folded before Flop
Seat 2: tony@ng79 (button) (small blind) collected ($6)


PokerStars Hand #175049210319:  Hold'em Limit ($3/$6 USD) - 2017/08/31 22:35:32 ET
Table 'Kassandra' 6-max Seat #1 is the button
Seat 1: karambakilla ($232.34 in chips)
Seat 2: tony@ng79 ($78.26 in chips)
karambakilla: posts small blind $1
tony@ng79: posts big blind $3
*** HOLE CARDS ***
karambakilla: raises $3 to $6
tony@ng79: calls $3
*** FLOP *** [Js 3s 3h]
tony@ng79: checks
karambakilla: bets $3
tony@ng79: folds
Uncalled bet ($3) returned to karambakilla
karambakilla collected $11.76 from pot
karambakilla: doesn't show hand
*** SUMMARY ***
Total pot $12 | Rake $0.24
Board [Js 3s 3h]
Seat 1: karambakilla (button) (small blind) collected ($11.76)
Seat 2: tony@ng79 (big blind) folded on the Flop


PokerStars Hand #175049225281:  Hold'em Limit ($3/$6 USD) - 2017/08/31 22:36:18 ET
Table 'Kassandra' 6-max Seat #1 is the button
Seat 1: karambakilla ($222.74 in chips)
Seat 2: tony@ng79 ($86.76 in chips)
karambakilla: posts small blind $1
tony@ng79: posts big blind $3
*** HOLE CARDS ***
karambakilla: folds
Uncalled bet ($2) returned to tony@ng79
tony@ng79 collected $2 from pot
tony@ng79: doesn't show hand
*** SUMMARY ***
Total pot $2 | Rake $0
Seat 1: karambakilla (button) (small blind) folded before Flop
Seat 2: tony@ng79 (big blind) collected ($2)


PokerStars Hand #175049221458:  Hold'em Limit ($3/$6 USD) - 2017/08/31 22:36:06 ET
Table 'Kassandra' 6-max Seat #2 is the button
Seat 1: karambakilla ($214.10 in chips)
Seat 2: tony@ng79 ($95.76 in chips)
tony@ng79: posts small blind $1
karambakilla: posts big blind $3
*** HOLE CARDS ***
tony@ng79: raises $3 to $6
karambakilla: raises $3 to $9
tony@ng79: calls $3
*** FLOP *** [Tc 7s Qd]
karambakilla: bets $3
tony@ng79: folds
Uncalled bet ($3) returned to karambakilla
karambakilla collected $17.64 from pot
karambakilla: doesn't show hand
*** SUMMARY ***
Total pot $18 | Rake $0.36
Board [Tc 7s Qd]
Seat 1: karambakilla (big blind) collected ($17.64)
Seat 2: tony@ng79 (button) (small blind) folded on the Flop


PokerStars Hand #175049226789:  Hold'em Limit ($3/$6 USD) - 2017/08/31 22:36:23 ET
Table 'Kassandra' 6-max Seat #2 is the button
Seat 1: karambakilla ($221.74 in chips)
Seat 2: tony@ng79 ($87.76 in chips)
tony@ng79: posts small blind $1
karambakilla: posts big blind $3
*** HOLE CARDS ***
tony@ng79: folds
Uncalled bet ($2) returned to karambakilla
karambakilla collected $2 from pot
karambakilla: doesn't show hand
*** SUMMARY ***
Total pot $2 | Rake $0
Seat 1: karambakilla (big blind) collected ($2)
Seat 2: tony@ng79 (button) (small blind) folded before Flop


PokerStars Hand #175049241137:  Hold'em Limit ($3/$6 USD) - 2017/08/31 22:37:07 ET
Table 'Kassandra' 6-max Seat #2 is the button
Seat 1: karambakilla ($236.26 in chips)
Seat 2: tony@ng79 ($72.76 in chips)
tony@ng79: posts small blind $1
karambakilla: posts big blind $3
*** HOLE CARDS ***
tony@ng79: raises $3 to $6
karambakilla: folds
Uncalled bet ($3) returned to tony@ng79
tony@ng79 collected $6 from pot
tony@ng79: doesn't show hand
*** SUMMARY ***
Total pot $6 | Rake $0
Seat 1: karambakilla (big blind) folded before Flop
Seat 2: tony@ng79 (button) (small blind) collected ($6)


PokerStars Hand #175049230878:  Hold'em Limit ($3/$6 USD) - 2017/08/31 22:36:35 ET
Table 'Kassandra' 6-max Seat #2 is the button
Seat 1: karambakilla ($221.74 in chips)
Seat 2: tony@ng79 ($87.76 in chips)
tony@ng79: posts small blind $1
karambakilla: posts big blind $3
*** HOLE CARDS ***
tony@ng79: raises $3 to $6
karambakilla: calls $3
*** FLOP *** [2d Js 3h]
karambakilla: checks
tony@ng79: bets $3
karambakilla: raises $3 to $6
tony@ng79: calls $3
*** TURN *** [2d Js 3h] [Jd]
karambakilla: bets $6
tony@ng79: folds
Uncalled bet ($6) returned to karambakilla
karambakilla collected $23.52 from pot
karambakilla: doesn't show hand
*** SUMMARY ***
Total pot $24 | Rake $0.48
Board [2d Js 3h Jd]
Seat 1: karambakilla (big blind) collected ($23.52)
Seat 2: tony@ng79 (button) (small blind) folded on the Turn


PokerStars Hand #175049239328:  Hold'em Limit ($3/$6 USD) - 2017/08/31 22:37:02 ET
Table 'Kassandra' 6-max Seat #1 is the button
Seat 1: karambakilla ($233.26 in chips)
Seat 2: tony@ng79 ($75.76 in chips)
karambakilla: posts small blind $1
tony@ng79: posts big blind $3
*** HOLE CARDS ***
karambakilla: raises $3 to $6
tony@ng79: folds
Uncalled bet ($3) returned to karambakilla
karambakilla collected $6 from pot
karambakilla: doesn't show hand
*** SUMMARY ***
Total pot $6 | Rake $0
Seat 1: karambakilla (button) (small blind) collected ($6)
Seat 2: tony@ng79 (big blind) folded before Flop


PokerStars Hand #175049243476:  Hold'em Limit ($3/$6 USD) - 2017/08/31 22:37:14 ET
Table 'Kassandra' 6-max Seat #1 is the button
Seat 1: karambakilla ($233.26 in chips)
Seat 2: tony@ng79 ($75.76 in chips)
karambakilla: posts small blind $1
tony@ng79: posts big blind $3
*** HOLE CARDS ***
karambakilla: raises $3 to $6
tony@ng79: calls $3
*** FLOP *** [6s 5c 6c]
tony@ng79: checks
karambakilla: bets $3
tony@ng79: raises $3 to $6
karambakilla: calls $3
*** TURN *** [6s 5c 6c] [2s]
tony@ng79: bets $6
karambakilla: calls $6
*** RIVER *** [6s 5c 6c 2s] [Ac]
tony@ng79: bets $6
karambakilla: calls $6
*** SHOW DOWN ***
tony@ng79: shows [Ad 5d] (two pair, Aces and Sixes)
karambakilla: mucks hand
tony@ng79 collected $47.50 from pot
*** SUMMARY ***
Total pot $48 | Rake $0.50
Board [6s 5c 6c 2s Ac]
Seat 1: karambakilla (button) (small blind) mucked
Seat 2: tony@ng79 (big blind) showed [Ad 5d] and won ($47.50) with two pair, Aces and Sixes


PokerStars Hand #175049262690:  Hold'em Limit ($3/$6 USD) - 2017/08/31 22:38:15 ET
Table 'Kassandra' 6-max Seat #1 is the button
Seat 1: karambakilla ($191.26 in chips)
Seat 2: tony@ng79 ($116.76 in chips)
karambakilla: posts small blind $1
tony@ng79: posts big blind $3
*** HOLE CARDS ***
karambakilla: raises $3 to $6
tony@ng79: calls $3
*** FLOP *** [3s 9s 4h]
tony@ng79: checks
karambakilla: bets $3
tony@ng79: raises $3 to $6
karambakilla: folds
Uncalled bet ($3) returned to tony@ng79
tony@ng79 collected $17.64 from pot
tony@ng79: doesn't show hand
*** SUMMARY ***
Total pot $18 | Rake $0.36
Board [3s 9s 4h]
Seat 1: karambakilla (button) (small blind) folded on the Flop
Seat 2: tony@ng79 (big blind) collected ($17.64)


PokerStars Hand #175049253852:  Hold'em Limit ($3/$6 USD) - 2017/08/31 22:37:47 ET
Table 'Kassandra' 6-max Seat #2 is the button
Seat 1: karambakilla ($209.26 in chips)
Seat 2: tony@ng79 ($99.26 in chips)
tony@ng79: posts small blind $1
karambakilla: posts big blind $3
*** HOLE CARDS ***
tony@ng79: raises $3 to $6
karambakilla: raises $3 to $9
tony@ng79: calls $3
*** FLOP *** [9d 8d 7s]
karambakilla: bets $3
tony@ng79: calls $3
*** TURN *** [9d 8d 7s] [Ac]
karambakilla: bets $6
tony@ng79: calls $6
*** RIVER *** [9d 8d 7s Ac] [8c]
karambakilla: checks
tony@ng79: checks
*** SHOW DOWN ***
karambakilla: shows [Qd Js] (a pair of Eights)
tony@ng79: shows [5d 7c] (two pair, Eights and Sevens)
tony@ng79 collected $35.50 from pot
*** SUMMARY ***
Total pot $36 | Rake $0.50
Board [9d 8d 7s Ac 8c]
Seat 1: karambakilla (big blind) showed [Qd Js] and lost with a pair of Eights
Seat 2: tony@ng79 (button) (small blind) showed [5d 7c] and won ($35.50) with two pair, Eights and Sevens


PokerStars Hand #175049269907:  Hold'em Limit ($3/$6 USD) - 2017/08/31 22:38:37 ET
Table 'Kassandra' 6-max Seat #1 is the button
Seat 1: karambakilla ($183.26 in chips)
Seat 2: tony@ng79 ($124.40 in chips)
karambakilla: posts small blind $1
tony@ng79: posts big blind $3
*** HOLE CARDS ***
karambakilla: raises $3 to $6
tony@ng79: folds
Uncalled bet ($3) returned to karambakilla
karambakilla collected $6 from pot
karambakilla: doesn't show hand
*** SUMMARY ***
Total pot $6 | Rake $0
Seat 1: karambakilla (button) (small blind) collected ($6)
Seat 2: tony@ng79 (big blind) folded before Flop


PokerStars Hand #175049268090:  Hold'em Limit ($3/$6 USD) - 2017/08/31 22:38:31 ET
Table 'Kassandra' 6-max Seat #2 is the button
Seat 1: karambakilla ($182.26 in chips)
Seat 2: tony@ng79 ($125.40 in chips)
tony@ng79: posts small blind $1
karambakilla: posts big blind $3
*** HOLE CARDS ***
tony@ng79: folds
Uncalled bet ($2) returned to karambakilla
karambakilla collected $2 from pot
karambakilla: doesn't show hand
*** SUMMARY ***
Total pot $2 | Rake $0
Seat 1: karambakilla (big blind) collected ($2)
Seat 2: tony@ng79 (button) (small blind) folded before Flop


PokerStars Hand #175049277093:  Hold'em Limit ($3/$6 USD) - 2017/08/31 22:38:59 ET
Table 'Kassandra' 6-max Seat #1 is the button
Seat 1: karambakilla ($194.90 in chips)
Seat 2: tony@ng79 ($112.40 in chips)
karambakilla: posts small blind $1
tony@ng79: posts big blind $3
*** HOLE CARDS ***
karambakilla: folds
Uncalled bet ($2) returned to tony@ng79
tony@ng79 collected $2 from pot
tony@ng79: doesn't show hand
*** SUMMARY ***
Total pot $2 | Rake $0
Seat 1: karambakilla (button) (small blind) folded before Flop
Seat 2: tony@ng79 (big blind) collected ($2)


PokerStars Hand #175049278982:  Hold'em Limit ($3/$6 USD) - 2017/08/31 22:39:05 ET
Table 'Kassandra' 6-max Seat #2 is the button
Seat 1: karambakilla ($193.90 in chips)
Seat 2: tony@ng79 ($113.40 in chips)
tony@ng79: posts small blind $1
karambakilla: posts big blind $3
*** HOLE CARDS ***
tony@ng79: raises $3 to $6
karambakilla: calls $3
*** FLOP *** [7h Td 9d]
karambakilla: checks
tony@ng79: bets $3
karambakilla: raises $3 to $6
tony@ng79: calls $3
*** TURN *** [7h Td 9d] [Kc]
karambakilla: bets $6
tony@ng79: raises $6 to $12
karambakilla: calls $6
*** RIVER *** [7h Td 9d Kc] [2d]
karambakilla: checks
tony@ng79: bets $6
karambakilla: calls $6
*** SHOW DOWN ***
tony@ng79: shows [Kd 4d] (a flush, King high)
karambakilla: mucks hand
tony@ng79 collected $59.50 from pot
*** SUMMARY ***
Total pot $60 | Rake $0.50
Board [7h Td 9d Kc 2d]
Seat 1: karambakilla (big blind) mucked
Seat 2: tony@ng79 (button) (small blind) showed [Kd 4d] and won ($59.50) with a flush, King high


PokerStars Hand #175049288146:  Hold'em Limit ($3/$6 USD) - 2017/08/31 22:39:34 ET
Table 'Kassandra' 6-max Seat #1 is the button
Seat 1: karambakilla ($163.90 in chips)
Seat 2: tony@ng79 ($142.90 in chips)
karambakilla: posts small blind $1
tony@ng79: posts big blind $3
*** HOLE CARDS ***
karambakilla: folds
Uncalled bet ($2) returned to tony@ng79
tony@ng79 collected $2 from pot
tony@ng79: doesn't show hand
*** SUMMARY ***
Total pot $2 | Rake $0
Seat 1: karambakilla (button) (small blind) folded before Flop
Seat 2: tony@ng79 (big blind) collected ($2)


PokerStars Hand #175049300244:  Hold'em Limit ($3/$6 USD) - 2017/08/31 22:40:12 ET
Table 'Kassandra' 6-max Seat #2 is the button
Seat 1: karambakilla ($170.54 in chips)
Seat 2: tony@ng79 ($135.90 in chips)
tony@ng79: posts small blind $1
karambakilla: posts big blind $3
*** HOLE CARDS ***
tony@ng79: folds
Uncalled bet ($2) returned to karambakilla
karambakilla collected $2 from pot
karambakilla: doesn't show hand
*** SUMMARY ***
Total pot $2 | Rake $0
Seat 1: karambakilla (big blind) collected ($2)
Seat 2: tony@ng79 (button) (small blind) folded before Flop


PokerStars Hand #175049298592:  Hold'em Limit ($3/$6 USD) - 2017/08/31 22:40:07 ET
Table 'Kassandra' 6-max Seat #1 is the button
Seat 1: karambakilla ($171.54 in chips)
Seat 2: tony@ng79 ($134.90 in chips)
karambakilla: posts small blind $1
tony@ng79: posts big blind $3
*** HOLE CARDS ***
karambakilla: folds
Uncalled bet ($2) returned to tony@ng79
tony@ng79 collected $2 from pot
tony@ng79: doesn't show hand
*** SUMMARY ***
Total pot $2 | Rake $0
Seat 1: karambakilla (button) (small blind) folded before Flop
Seat 2: tony@ng79 (big blind) collected ($2)


PokerStars Hand #175049290325:  Hold'em Limit ($3/$6 USD) - 2017/08/31 22:39:41 ET
Table 'Kassandra' 6-max Seat #2 is the button
Seat 1: karambakilla ($162.90 in chips)
Seat 2: tony@ng79 ($143.90 in chips)
tony@ng79: posts small blind $1
karambakilla: posts big blind $3
*** HOLE CARDS ***
tony@ng79: raises $3 to $6
karambakilla: calls $3
*** FLOP *** [6d Jh 4d]
karambakilla: checks
tony@ng79: bets $3
karambakilla: calls $3
*** TURN *** [6d Jh 4d] [4s]
karambakilla: checks
tony@ng79: checks
*** RIVER *** [6d Jh 4d 4s] [Th]
karambakilla: bets $6
tony@ng79: folds
Uncalled bet ($6) returned to karambakilla
karambakilla collected $17.64 from pot
karambakilla: doesn't show hand
*** SUMMARY ***
Total pot $18 | Rake $0.36
Board [6d Jh 4d 4s Th]
Seat 1: karambakilla (big blind) collected ($17.64)
Seat 2: tony@ng79 (button) (small blind) folded on the River


PokerStars Hand #175049302073:  Hold'em Limit ($3/$6 USD) - 2017/08/31 22:40:18 ET
Table 'Kassandra' 6-max Seat #1 is the button
Seat 1: karambakilla ($171.54 in chips)
Seat 2: tony@ng79 ($134.90 in chips)
karambakilla: posts small blind $1
tony@ng79: posts big blind $3
*** HOLE CARDS ***
karambakilla: raises $3 to $6
tony@ng79: calls $3
*** FLOP *** [Kd Ks Qh]
tony@ng79: checks
karambakilla: bets $3
tony@ng79: calls $3
*** TURN *** [Kd Ks Qh] [Qs]
tony@ng79: checks
karambakilla: bets $6
tony@ng79: calls $6
*** RIVER *** [Kd Ks Qh Qs] [Ad]
tony@ng79: checks
karambakilla: checks
*** SHOW DOWN ***
tony@ng79: shows [Ah 4s] (two pair, Aces and Kings)
karambakilla: mucks hand
tony@ng79 collected $29.50 from pot
*** SUMMARY ***
Total pot $30 | Rake $0.50
Board [Kd Ks Qh Qs Ad]
Seat 1: karambakilla (button) (small blind) mucked
Seat 2: tony@ng79 (big blind) showed [Ah 4s] and won ($29.50) with two pair, Aces and Kings


PokerStars Hand #175049318700:  Hold'em Limit ($3/$6 USD) - 2017/08/31 22:41:10 ET
Table 'Kassandra' 6-max Seat #1 is the button
Seat 1: karambakilla ($147.54 in chips)
Seat 2: tony@ng79 ($158.04 in chips)
karambakilla: posts small blind $1
tony@ng79: posts big blind $3
*** HOLE CARDS ***
karambakilla: folds
Uncalled bet ($2) returned to tony@ng79
tony@ng79 collected $2 from pot
tony@ng79: doesn't show hand
*** SUMMARY ***
Total pot $2 | Rake $0
Seat 1: karambakilla (button) (small blind) folded before Flop
Seat 2: tony@ng79 (big blind) collected ($2)


PokerStars Hand #175049312354:  Hold'em Limit ($3/$6 USD) - 2017/08/31 22:40:50 ET
Table 'Kassandra' 6-max Seat #2 is the button
Seat 1: karambakilla ($156.54 in chips)
Seat 2: tony@ng79 ($149.40 in chips)
tony@ng79: posts small blind $1
karambakilla: posts big blind $3
*** HOLE CARDS ***
tony@ng79: raises $3 to $6
karambakilla: calls $3
*** FLOP *** [4h 2c Kc]
karambakilla: checks
tony@ng79: bets $3
karambakilla: calls $3
*** TURN *** [4h 2c Kc] [Ah]
karambakilla: checks
tony@ng79: bets $6
karambakilla: folds
Uncalled bet ($6) returned to tony@ng79
tony@ng79 collected $17.64 from pot
tony@ng79: doesn't show hand
*** SUMMARY ***
Total pot $18 | Rake $0.36
Board [4h 2c Kc Ah]
Seat 1: karambakilla (big blind) folded on the Turn
Seat 2: tony@ng79 (button) (small blind) collected ($17.64)


PokerStars Hand #175049320678:  Hold'em Limit ($3/$6 USD) - 2017/08/31 22:41:16 ET
Table 'Kassandra' 6-max Seat #2 is the button
Seat 1: karambakilla ($146.54 in chips)
Seat 2: tony@ng79 ($159.04 in chips)
tony@ng79: posts small blind $1
karambakilla: posts big blind $3
*** HOLE CARDS ***
tony@ng79: raises $3 to $6
karambakilla: calls $3
*** FLOP *** [9s 8c Th]
karambakilla: checks
tony@ng79: checks
*** TURN *** [9s 8c Th] [5d]
karambakilla: bets $6
tony@ng79: calls $6
*** RIVER *** [9s 8c Th 5d] [Ac]
karambakilla: checks
tony@ng79: checks
*** SHOW DOWN ***
karambakilla: shows [3c 4c] (high card Ace)
tony@ng79: shows [5h Ks] (a pair of Fives)
tony@ng79 collected $23.52 from pot
*** SUMMARY ***
Total pot $24 | Rake $0.48
Board [9s 8c Th 5d Ac]
Seat 1: karambakilla (big blind) showed [3c 4c] and lost with high card Ace
Seat 2: tony@ng79 (button) (small blind) showed [5h Ks] and won ($23.52) with a pair of Fives


PokerStars Hand #175049345290:  Hold'em Limit ($3/$6 USD) - 2017/08/31 22:42:33 ET
Table 'Kassandra' 6-max Seat #1 is the button
Seat 1: karambakilla ($166.54 in chips)
Seat 2: tony@ng79 ($137.56 in chips)
karambakilla: posts small blind $1
tony@ng79: posts big blind $3
*** HOLE CARDS ***
karambakilla: folds
Uncalled bet ($2) returned to tony@ng79
tony@ng79 collected $2 from pot
tony@ng79: doesn't show hand
*** SUMMARY ***
Total pot $2 | Rake $0
Seat 1: karambakilla (button) (small blind) folded before Flop
Seat 2: tony@ng79 (big blind) collected ($2)


PokerStars Hand #175049327058:  Hold'em Limit ($3/$6 USD) - 2017/08/31 22:41:36 ET
Table 'Kassandra' 6-max Seat #1 is the button
Seat 1: karambakilla ($134.54 in chips)
Seat 2: tony@ng79 ($170.56 in chips)
karambakilla: posts small blind $1
tony@ng79: posts big blind $3
*** HOLE CARDS ***
karambakilla: raises $3 to $6
tony@ng79: calls $3
*** FLOP *** [Jc Ts 4s]
tony@ng79: checks
karambakilla: bets $3
tony@ng79: raises $3 to $6
karambakilla: calls $3
*** TURN *** [Jc Ts 4s] [4h]
tony@ng79: checks
karambakilla: checks
*** RIVER *** [Jc Ts 4s 4h] [9c]
tony@ng79: bets $6
karambakilla: raises $6 to $12
tony@ng79: folds
Uncalled bet ($6) returned to karambakilla
karambakilla collected $35.50 from pot
karambakilla: doesn't show hand
*** SUMMARY ***
Total pot $36 | Rake $0.50
Board [Jc Ts 4s 4h 9c]
Seat 1: karambakilla (button) (small blind) collected ($35.50)
Seat 2: tony@ng79 (big blind) folded on the River


PokerStars Hand #175049337592:  Hold'em Limit ($3/$6 USD) - 2017/08/31 22:42:09 ET
Table 'Kassandra' 6-max Seat #2 is the button
Seat 1: karambakilla ($152.04 in chips)
Seat 2: tony@ng79 ($152.56 in chips)
tony@ng79: posts small blind $1
karambakilla: posts big blind $3
*** HOLE CARDS ***
tony@ng79: raises $3 to $6
karambakilla: calls $3
*** FLOP *** [3s 9d 2c]
karambakilla: checks
tony@ng79: bets $3
karambakilla: calls $3
*** TURN *** [3s 9d 2c] [8h]
karambakilla: checks
tony@ng79: checks
*** RIVER *** [3s 9d 2c 8h] [Js]
karambakilla: checks
tony@ng79: bets $6
karambakilla: calls $6
*** SHOW DOWN ***
tony@ng79: shows [5s 4s] (high card Jack)
karambakilla: shows [2s Ah] (a pair of Deuces)
karambakilla collected $29.50 from pot
*** SUMMARY ***
Total pot $30 | Rake $0.50
Board [3s 9d 2c 8h Js]
Seat 1: karambakilla (big blind) showed [2s Ah] and won ($29.50) with a pair of Deuces
Seat 2: tony@ng79 (button) (small blind) showed [5s 4s] and lost with high card Jack


PokerStars Hand #175049354850:  Hold'em Limit ($3/$6 USD) - 2017/08/31 22:43:03 ET
Table 'Kassandra' 6-max Seat #2 is the button
Seat 1: karambakilla ($159.54 in chips)
Seat 2: tony@ng79 ($144.20 in chips)
tony@ng79: posts small blind $1
karambakilla: posts big blind $3
*** HOLE CARDS ***
tony@ng79: raises $3 to $6
karambakilla: raises $3 to $9
tony@ng79: calls $3
*** FLOP *** [3d 7d 9s]
karambakilla: bets $3
tony@ng79: raises $3 to $6
karambakilla: calls $3
*** TURN *** [3d 7d 9s] [9c]
karambakilla: checks
tony@ng79: checks
*** RIVER *** [3d 7d 9s 9c] [4c]
karambakilla: checks
tony@ng79: bets $6
karambakilla: raises $6 to $12
tony@ng79: calls $6
*** SHOW DOWN ***
karambakilla: shows [Qh Qs] (two pair, Queens and Nines)
tony@ng79: shows [9d 6h] (three of a kind, Nines)
tony@ng79 collected $53.50 from pot
*** SUMMARY ***
Total pot $54 | Rake $0.50
Board [3d 7d 9s 9c 4c]
Seat 1: karambakilla (big blind) showed [Qh Qs] and lost with two pair, Queens and Nines
Seat 2: tony@ng79 (button) (small blind) showed [9d 6h] and won ($53.50) with three of a kind, Nines


PokerStars Hand #175049352688:  Hold'em Limit ($3/$6 USD) - 2017/08/31 22:42:56 ET
Table 'Kassandra' 6-max Seat #1 is the button
Seat 1: karambakilla ($156.54 in chips)
Seat 2: tony@ng79 ($147.20 in chips)
karambakilla: posts small blind $1
tony@ng79: posts big blind $3
*** HOLE CARDS ***
karambakilla: raises $3 to $6
tony@ng79: folds
Uncalled bet ($3) returned to karambakilla
karambakilla collected $6 from pot
karambakilla: doesn't show hand
*** SUMMARY ***
Total pot $6 | Rake $0
Seat 1: karambakilla (button) (small blind) collected ($6)
Seat 2: tony@ng79 (big blind) folded before Flop


PokerStars Hand #175049346870:  Hold'em Limit ($3/$6 USD) - 2017/08/31 22:42:38 ET
Table 'Kassandra' 6-max Seat #2 is the button
Seat 1: karambakilla ($165.54 in chips)
Seat 2: tony@ng79 ($138.56 in chips)
tony@ng79: posts small blind $1
karambakilla: posts big blind $3
*** HOLE CARDS ***
tony@ng79: raises $3 to $6
karambakilla: calls $3
*** FLOP *** [6c Kh 7d]
karambakilla: checks
tony@ng79: bets $3
karambakilla: calls $3
*** TURN *** [6c Kh 7d] [Jc]
karambakilla: checks
tony@ng79: bets $6
karambakilla: folds
Uncalled bet ($6) returned to tony@ng79
tony@ng79 collected $17.64 from pot
tony@ng79: doesn't show hand
*** SUMMARY ***
Total pot $18 | Rake $0.36
Board [6c Kh 7d Jc]
Seat 1: karambakilla (big blind) folded on the Turn
Seat 2: tony@ng79 (button) (small blind) collected ($17.64)


PokerStars Hand #175049364888:  Hold'em Limit ($3/$6 USD) - 2017/08/31 22:43:34 ET
Table 'Kassandra' 6-max Seat #1 is the button
Seat 1: karambakilla ($132.54 in chips)
Seat 2: tony@ng79 ($170.70 in chips)
karambakilla: posts small blind $1
tony@ng79: posts big blind $3
*** HOLE CARDS ***
karambakilla: raises $3 to $6
tony@ng79: calls $3
*** FLOP *** [2h 2d 6s]
tony@ng79: checks
karambakilla: checks
*** TURN *** [2h 2d 6s] [5h]
tony@ng79: bets $6
karambakilla: folds
Uncalled bet ($6) returned to tony@ng79
tony@ng79 collected $11.76 from pot
tony@ng79: doesn't show hand
*** SUMMARY ***
Total pot $12 | Rake $0.24
Board [2h 2d 6s 5h]
Seat 1: karambakilla (button) (small blind) folded on the Turn
Seat 2: tony@ng79 (big blind) collected ($11.76)


PokerStars Hand #175049376812:  Hold'em Limit ($3/$6 USD) - 2017/08/31 22:44:13 ET
Table 'Kassandra' 6-max Seat #1 is the button
Seat 1: karambakilla ($102.54 in chips)
Seat 2: tony@ng79 ($199.96 in chips)
karambakilla: posts small blind $1
tony@ng79: posts big blind $3
*** HOLE CARDS ***
karambakilla: raises $3 to $6
tony@ng79: calls $3
*** FLOP *** [2h 6d 6h]
tony@ng79: bets $3
karambakilla: calls $3
*** TURN *** [2h 6d 6h] [Qc]
tony@ng79: bets $6
karambakilla: raises $6 to $12
tony@ng79: calls $6
*** RIVER *** [2h 6d 6h Qc] [Ah]
tony@ng79: checks
karambakilla: checks
*** SHOW DOWN ***
tony@ng79: shows [Qd 8s] (two pair, Queens and Sixes)
karambakilla: mucks hand
tony@ng79 collected $41.50 from pot
*** SUMMARY ***
Total pot $42 | Rake $0.50
Board [2h 6d 6h Qc Ah]
Seat 1: karambakilla (button) (small blind) mucked
Seat 2: tony@ng79 (big blind) showed [Qd 8s] and won ($41.50) with two pair, Queens and Sixes


PokerStars Hand #175049369217:  Hold'em Limit ($3/$6 USD) - 2017/08/31 22:43:48 ET
Table 'Kassandra' 6-max Seat #2 is the button
Seat 1: karambakilla ($126.54 in chips)
Seat 2: tony@ng79 ($176.46 in chips)
tony@ng79: posts small blind $1
karambakilla: posts big blind $3
*** HOLE CARDS ***
tony@ng79: raises $3 to $6
karambakilla: raises $3 to $9
tony@ng79: calls $3
*** FLOP *** [Jc Tc 9c]
karambakilla: bets $3
tony@ng79: calls $3
*** TURN *** [Jc Tc 9c] [5c]
karambakilla: bets $6
tony@ng79: calls $6
*** RIVER *** [Jc Tc 9c 5c] [3s]
karambakilla: bets $6
tony@ng79: calls $6
*** SHOW DOWN ***
karambakilla: shows [7s 5h] (a pair of Fives)
tony@ng79: shows [3c Qd] (a flush, Jack high)
tony@ng79 collected $47.50 from pot
*** SUMMARY ***
Total pot $48 | Rake $0.50
Board [Jc Tc 9c 5c 3s]
Seat 1: karambakilla (big blind) showed [7s 5h] and lost with a pair of Fives
Seat 2: tony@ng79 (button) (small blind) showed [3c Qd] and won ($47.50) with a flush, Jack high


PokerStars Hand #175049391696:  Hold'em Limit ($3/$6 USD) - 2017/08/31 22:45:00 ET
Table 'Kassandra' 6-max Seat #1 is the button
Seat 1: karambakilla ($60.54 in chips)
Seat 2: tony@ng79 ($240.96 in chips)
karambakilla: posts small blind $1
tony@ng79: posts big blind $3
*** HOLE CARDS ***
karambakilla: raises $3 to $6
tony@ng79: calls $3
*** FLOP *** [5h 2c 9d]
tony@ng79: bets $3
karambakilla: raises $3 to $6
tony@ng79: calls $3
*** TURN *** [5h 2c 9d] [Jc]
tony@ng79: checks
karambakilla: checks
*** RIVER *** [5h 2c 9d Jc] [9s]
tony@ng79: bets $6
karambakilla: calls $6
*** SHOW DOWN ***
tony@ng79: shows [Th 4h] (a pair of Nines)
karambakilla: shows [Kh 4d] (a pair of Nines - King kicker)
karambakilla collected $35.50 from pot
*** SUMMARY ***
Total pot $36 | Rake $0.50
Board [5h 2c 9d Jc 9s]
Seat 1: karambakilla (button) (small blind) showed [Kh 4d] and won ($35.50) with a pair of Nines
Seat 2: tony@ng79 (big blind) showed [Th 4h] and lost with a pair of Nines


PokerStars Hand #175049385023:  Hold'em Limit ($3/$6 USD) - 2017/08/31 22:44:39 ET
Table 'Kassandra' 6-max Seat #2 is the button
Seat 1: karambakilla ($81.54 in chips)
Seat 2: tony@ng79 ($220.46 in chips)
tony@ng79: posts small blind $1
karambakilla: posts big blind $3
*** HOLE CARDS ***
tony@ng79: raises $3 to $6
karambakilla: calls $3
*** FLOP *** [Ts 8s Td]
karambakilla: checks
tony@ng79: bets $3
karambakilla: calls $3
*** TURN *** [Ts 8s Td] [3h]
karambakilla: checks
tony@ng79: bets $6
karambakilla: calls $6
*** RIVER *** [Ts 8s Td 3h] [8h]
karambakilla: checks
tony@ng79: bets $6
karambakilla: calls $6
*** SHOW DOWN ***
tony@ng79: shows [Ac Ah] (two pair, Aces and Tens)
karambakilla: mucks hand
tony@ng79 collected $41.50 from pot
*** SUMMARY ***
Total pot $42 | Rake $0.50
Board [Ts 8s Td 3h 8h]
Seat 1: karambakilla (big blind) mucked
Seat 2: tony@ng79 (button) (small blind) showed [Ac Ah] and won ($41.50) with two pair, Aces and Tens


PokerStars Hand #175049400578:  Hold'em Limit ($3/$6 USD) - 2017/08/31 22:45:28 ET
Table 'Kassandra' 6-max Seat #2 is the button
Seat 1: karambakilla ($78.04 in chips)
Seat 2: tony@ng79 ($222.96 in chips)
tony@ng79: posts small blind $1
karambakilla: posts big blind $3
*** HOLE CARDS ***
tony@ng79: raises $3 to $6
karambakilla: calls $3
*** FLOP *** [Qh 3h 3s]
karambakilla: checks
tony@ng79: checks
*** TURN *** [Qh 3h 3s] [Jc]
karambakilla: bets $6
tony@ng79: raises $6 to $12
karambakilla: calls $6
*** RIVER *** [Qh 3h 3s Jc] [9c]
karambakilla: checks
tony@ng79: bets $6
karambakilla: calls $6
*** SHOW DOWN ***
tony@ng79: shows [3d 3c] (four of a kind, Threes)
karambakilla: mucks hand
tony@ng79 collected $47.50 from pot
*** SUMMARY ***
Total pot $48 | Rake $0.50
Board [Qh 3h 3s Jc 9c]
Seat 1: karambakilla (big blind) mucked
Seat 2: tony@ng79 (button) (small blind) showed [3d 3c] and won ($47.50) with four of a kind, Threes


PokerStars Hand #175049416444:  Hold'em Limit ($3/$6 USD) - 2017/08/31 22:46:19 ET
Table 'Kassandra' 6-max Seat #2 is the button
Seat 1: karambakilla ($24.04 in chips)
Seat 2: tony@ng79 ($275.96 in chips)
tony@ng79: posts small blind $1
karambakilla: posts big blind $3
*** HOLE CARDS ***
tony@ng79: raises $3 to $6
karambakilla: calls $3
*** FLOP *** [Ks 8d Ac]
karambakilla: checks
tony@ng79: bets $3
karambakilla: raises $3 to $6
tony@ng79: folds
Uncalled bet ($3) returned to karambakilla
karambakilla collected $17.64 from pot
karambakilla: doesn't show hand
*** SUMMARY ***
Total pot $18 | Rake $0.36
Board [Ks 8d Ac]
Seat 1: karambakilla (big blind) collected ($17.64)
Seat 2: tony@ng79 (button) (small blind) folded on the Flop


PokerStars Hand #175049407908:  Hold'em Limit ($3/$6 USD) - 2017/08/31 22:45:52 ET
Table 'Kassandra' 6-max Seat #1 is the button
Seat 1: karambakilla ($54.04 in chips)
Seat 2: tony@ng79 ($246.46 in chips)
karambakilla: posts small blind $1
tony@ng79: posts big blind $3
*** HOLE CARDS ***
karambakilla: raises $3 to $6
tony@ng79: calls $3
*** FLOP *** [4d Jd Ad]
tony@ng79: bets $3
karambakilla: raises $3 to $6
tony@ng79: calls $3
*** TURN *** [4d Jd Ad] [8h]
tony@ng79: checks
karambakilla: bets $6
tony@ng79: calls $6
*** RIVER *** [4d Jd Ad 8h] [2d]
tony@ng79: bets $6
karambakilla: raises $6 to $12
tony@ng79: raises $6 to $18
karambakilla: folds
Uncalled bet ($6) returned to tony@ng79
tony@ng79 collected $59.50 from pot
tony@ng79: doesn't show hand
*** SUMMARY ***
Total pot $60 | Rake $0.50
Board [4d Jd Ad 8h 2d]
Seat 1: karambakilla (button) (small blind) folded on the River
Seat 2: tony@ng79 (big blind) collected ($59.50)


PokerStars Hand #175049421618:  Hold'em Limit ($3/$6 USD) - 2017/08/31 22:46:36 ET
Table 'Kassandra' 6-max Seat #1 is the button
Seat 1: karambakilla ($92.68 in chips)
Seat 2: tony@ng79 ($266.96 in chips)
karambakilla: posts small blind $1
tony@ng79: posts big blind $3
*** HOLE CARDS ***
karambakilla: raises $3 to $6
tony@ng79: calls $3
*** FLOP *** [8h Ts 3d]
tony@ng79: checks
karambakilla: bets $3
tony@ng79: calls $3
*** TURN *** [8h Ts 3d] [2c]
tony@ng79: checks
karambakilla: bets $6
tony@ng79: calls $6
*** RIVER *** [8h Ts 3d 2c] [4s]
tony@ng79: checks
karambakilla: bets $6
tony@ng79: calls $6
*** SHOW DOWN ***
karambakilla: shows [Jc 7s] (high card Jack)
tony@ng79: shows [9h Ah] (high card Ace)
tony@ng79 collected $41.50 from pot
*** SUMMARY ***
Total pot $42 | Rake $0.50
Board [8h Ts 3d 2c 4s]
Seat 1: karambakilla (button) (small blind) showed [Jc 7s] and lost with high card Jack
Seat 2: tony@ng79 (big blind) showed [9h Ah] and won ($41.50) with high card Ace


PokerStars Hand #175049429157:  Hold'em Limit ($3/$6 USD) - 2017/08/31 22:47:00 ET
Table 'Kassandra' 6-max Seat #2 is the button
Seat 1: karambakilla ($71.68 in chips)
Seat 2: tony@ng79 ($287.46 in chips)
tony@ng79: posts small blind $1
karambakilla: posts big blind $3
*** HOLE CARDS ***
tony@ng79: raises $3 to $6
karambakilla: calls $3
*** FLOP *** [2h 7d 9s]
karambakilla: bets $3
tony@ng79: calls $3
*** TURN *** [2h 7d 9s] [Jc]
karambakilla: bets $6
tony@ng79: folds
Uncalled bet ($6) returned to karambakilla
karambakilla collected $17.64 from pot
karambakilla: doesn't show hand
*** SUMMARY ***
Total pot $18 | Rake $0.36
Board [2h 7d 9s Jc]
Seat 1: karambakilla (big blind) collected ($17.64)
Seat 2: tony@ng79 (button) (small blind) folded on the Turn


PokerStars Hand #175049434875:  Hold'em Limit ($3/$6 USD) - 2017/08/31 22:47:18 ET
Table 'Kassandra' 6-max Seat #1 is the button
Seat 1: karambakilla ($80.32 in chips)
Seat 2: tony@ng79 ($278.46 in chips)
karambakilla: posts small blind $1
tony@ng79: posts big blind $3
*** HOLE CARDS ***
karambakilla: raises $3 to $6
tony@ng79: folds
Uncalled bet ($3) returned to karambakilla
karambakilla collected $6 from pot
karambakilla: doesn't show hand
*** SUMMARY ***
Total pot $6 | Rake $0
Seat 1: karambakilla (button) (small blind) collected ($6)
Seat 2: tony@ng79 (big blind) folded before Flop


PokerStars Hand #175049438328:  Hold'em Limit ($3/$6 USD) - 2017/08/31 22:47:29 ET
Table 'Kassandra' 6-max Seat #2 is the button
Seat 1: karambakilla ($83.32 in chips)
Seat 2: tony@ng79 ($275.46 in chips)
tony@ng79: posts small blind $1
karambakilla: posts big blind $3
*** HOLE CARDS ***
tony@ng79: raises $3 to $6
karambakilla: calls $3
*** FLOP *** [6c 8h 4c]
karambakilla: bets $3
tony@ng79: calls $3
*** TURN *** [6c 8h 4c] [2c]
karambakilla: bets $6
tony@ng79: calls $6
*** RIVER *** [6c 8h 4c 2c] [Ad]
karambakilla: checks
tony@ng79: checks
*** SHOW DOWN ***
karambakilla: shows [Jc 4s] (a pair of Fours)
tony@ng79: mucks hand
karambakilla collected $29.50 from pot
*** SUMMARY ***
Total pot $30 | Rake $0.50
Board [6c 8h 4c 2c Ad]
Seat 1: karambakilla (big blind) showed [Jc 4s] and won ($29.50) with a pair of Fours
Seat 2: tony@ng79 (button) (small blind) mucked


PokerStars Hand #175049449197:  Hold'em Limit ($3/$6 USD) - 2017/08/31 22:48:04 ET
Table 'Kassandra' 6-max Seat #1 is the button
Seat 1: karambakilla ($97.82 in chips)
Seat 2: tony@ng79 ($260.46 in chips)
karambakilla: posts small blind $1
tony@ng79: posts big blind $3
*** HOLE CARDS ***
karambakilla: raises $3 to $6
tony@ng79: calls $3
*** FLOP *** [6c 3d As]
tony@ng79: checks
karambakilla: bets $3
tony@ng79: calls $3
*** TURN *** [6c 3d As] [Th]
tony@ng79: checks
karambakilla: bets $6
tony@ng79: calls $6
*** RIVER *** [6c 3d As Th] [7h]
tony@ng79: checks
karambakilla: bets $6
tony@ng79: calls $6
*** SHOW DOWN ***
karambakilla: shows [Ad Qh] (a pair of Aces)
tony@ng79: mucks hand
karambakilla collected $41.50 from pot
*** SUMMARY ***
Total pot $42 | Rake $0.50
Board [6c 3d As Th 7h]
Seat 1: karambakilla (button) (small blind) showed [Ad Qh] and won ($41.50) with a pair of Aces
Seat 2: tony@ng79 (big blind) mucked


PokerStars Hand #175049457737:  Hold'em Limit ($3/$6 USD) - 2017/08/31 22:48:31 ET
Table 'Kassandra' 6-max Seat #2 is the button
Seat 1: karambakilla ($118.32 in chips)
Seat 2: tony@ng79 ($239.46 in chips)
tony@ng79: posts small blind $1
karambakilla: posts big blind $3
*** HOLE CARDS ***
tony@ng79: folds
Uncalled bet ($2) returned to karambakilla
karambakilla collected $2 from pot
karambakilla: doesn't show hand
*** SUMMARY ***
Total pot $2 | Rake $0
Seat 1: karambakilla (big blind) collected ($2)
Seat 2: tony@ng79 (button) (small blind) folded before Flop


PokerStars Hand #175049459498:  Hold'em Limit ($3/$6 USD) - 2017/08/31 22:48:37 ET
Table 'Kassandra' 6-max Seat #1 is the button
Seat 1: karambakilla ($119.32 in chips)
Seat 2: tony@ng79 ($238.46 in chips)
karambakilla: posts small blind $1
tony@ng79: posts big blind $3
*** HOLE CARDS ***
karambakilla: raises $3 to $6
tony@ng79: calls $3
*** FLOP *** [4h 9c 8c]
tony@ng79: checks
karambakilla: checks
*** TURN *** [4h 9c 8c] [Ah]
tony@ng79: checks
karambakilla: bets $6
tony@ng79: raises $6 to $12
karambakilla: folds
Uncalled bet ($6) returned to tony@ng79
tony@ng79 collected $23.52 from pot
tony@ng79: doesn't show hand
*** SUMMARY ***
Total pot $24 | Rake $0.48
Board [4h 9c 8c Ah]
Seat 1: karambakilla (button) (small blind) folded on the Turn
Seat 2: tony@ng79 (big blind) collected ($23.52)


PokerStars Hand #175049467676:  Hold'em Limit ($3/$6 USD) - 2017/08/31 22:49:03 ET
Table 'Kassandra' 6-max Seat #1 is the button
Seat 1: karambakilla ($104.32 in chips)
Seat 2: tony@ng79 ($252.98 in chips)
karambakilla: posts small blind $1
tony@ng79: posts big blind $3
*** HOLE CARDS ***
karambakilla: raises $3 to $6
tony@ng79: calls $3
*** FLOP *** [5c Qs 6h]
tony@ng79: checks
karambakilla: checks
*** TURN *** [5c Qs 6h] [7d]
tony@ng79: bets $6
karambakilla: calls $6
*** RIVER *** [5c Qs 6h 7d] [As]
tony@ng79: checks
karambakilla: bets $6
tony@ng79: calls $6
*** SHOW DOWN ***
karambakilla: shows [9c Ac] (a pair of Aces)
tony@ng79: mucks hand
karambakilla collected $35.50 from pot
*** SUMMARY ***
Total pot $36 | Rake $0.50
Board [5c Qs 6h 7d As]
Seat 1: karambakilla (button) (small blind) showed [9c Ac] and won ($35.50) with a pair of Aces
Seat 2: tony@ng79 (big blind) mucked


PokerStars Hand #175049465278:  Hold'em Limit ($3/$6 USD) - 2017/08/31 22:48:55 ET
Table 'Kassandra' 6-max Seat #2 is the button
Seat 1: karambakilla ($107.32 in chips)
Seat 2: tony@ng79 ($249.98 in chips)
tony@ng79: posts small blind $1
karambakilla: posts big blind $3
*** HOLE CARDS ***
tony@ng79: raises $3 to $6
karambakilla: folds
Uncalled bet ($3) returned to tony@ng79
tony@ng79 collected $6 from pot
tony@ng79: doesn't show hand
*** SUMMARY ***
Total pot $6 | Rake $0
Seat 1: karambakilla (big blind) folded before Flop
Seat 2: tony@ng79 (button) (small blind) collected ($6)


PokerStars Hand #175049474646:  Hold'em Limit ($3/$6 USD) - 2017/08/31 22:49:25 ET
Table 'Kassandra' 6-max Seat #2 is the button
Seat 1: karambakilla ($121.82 in chips)
Seat 2: tony@ng79 ($234.98 in chips)
tony@ng79: posts small blind $1
karambakilla: posts big blind $3
*** HOLE CARDS ***
tony@ng79: raises $3 to $6
karambakilla: calls $3
*** FLOP *** [4c Ts Jc]
karambakilla: bets $3
tony@ng79: calls $3
*** TURN *** [4c Ts Jc] [Ad]
karambakilla: checks
tony@ng79: checks
*** RIVER *** [4c Ts Jc Ad] [7h]
karambakilla: bets $6
tony@ng79: folds
Uncalled bet ($6) returned to karambakilla
karambakilla collected $17.64 from pot
karambakilla: doesn't show hand
*** SUMMARY ***
Total pot $18 | Rake $0.36
Board [4c Ts Jc Ad 7h]
Seat 1: karambakilla (big blind) collected ($17.64)
Seat 2: tony@ng79 (button) (small blind) folded on the River


PokerStars Hand #175049482703:  Hold'em Limit ($3/$6 USD) - 2017/08/31 22:49:51 ET
Table 'Kassandra' 6-max Seat #1 is the button
Seat 1: karambakilla ($130.46 in chips)
Seat 2: tony@ng79 ($225.98 in chips)
karambakilla: posts small blind $1
tony@ng79: posts big blind $3
*** HOLE CARDS ***
karambakilla: raises $3 to $6
tony@ng79: calls $3
*** FLOP *** [3d Ts 6c]
tony@ng79: checks
karambakilla: checks
*** TURN *** [3d Ts 6c] [3h]
tony@ng79: bets $6
karambakilla: calls $6
*** RIVER *** [3d Ts 6c 3h] [Kh]
tony@ng79: checks
karambakilla: bets $6
tony@ng79: calls $6
*** SHOW DOWN ***
karambakilla: shows [9h 7s] (a pair of Threes)
tony@ng79: shows [Jc Ac] (a pair of Threes - Ace kicker)
tony@ng79 collected $35.50 from pot
*** SUMMARY ***
Total pot $36 | Rake $0.50
Board [3d Ts 6c 3h Kh]
Seat 1: karambakilla (button) (small blind) showed [9h 7s] and lost with a pair of Threes
Seat 2: tony@ng79 (big blind) showed [Jc Ac] and won ($35.50) with a pair of Threes


PokerStars Hand #175049489207:  Hold'em Limit ($3/$6 USD) - 2017/08/31 22:50:11 ET
Table 'Kassandra' 6-max Seat #2 is the button
Seat 1: karambakilla ($112.46 in chips)
Seat 2: tony@ng79 ($243.48 in chips)
tony@ng79: posts small blind $1
karambakilla: posts big blind $3
*** HOLE CARDS ***
tony@ng79: raises $3 to $6
karambakilla: calls $3
*** FLOP *** [3d Kd Jc]
karambakilla: checks
tony@ng79: bets $3
karambakilla: raises $3 to $6
tony@ng79: calls $3
*** TURN *** [3d Kd Jc] [5d]
karambakilla: bets $6
tony@ng79: calls $6
*** RIVER *** [3d Kd Jc 5d] [Js]
karambakilla: bets $6
tony@ng79: calls $6
*** SHOW DOWN ***
karambakilla: shows [Kh Td] (two pair, Kings and Jacks)
tony@ng79: mucks hand
karambakilla collected $47.50 from pot
*** SUMMARY ***
Total pot $48 | Rake $0.50
Board [3d Kd Jc 5d Js]
Seat 1: karambakilla (big blind) showed [Kh Td] and won ($47.50) with two pair, Kings and Jacks
Seat 2: tony@ng79 (button) (small blind) mucked


PokerStars Hand #175049505498:  Hold'em Limit ($3/$6 USD) - 2017/08/31 22:51:04 ET
Table 'Kassandra' 6-max Seat #2 is the button
Seat 1: karambakilla ($105.96 in chips)
Seat 2: tony@ng79 ($248.98 in chips)
tony@ng79: posts small blind $1
karambakilla: posts big blind $3
*** HOLE CARDS ***
tony@ng79: raises $3 to $6
karambakilla: calls $3
*** FLOP *** [9s 2d Th]
karambakilla: bets $3
tony@ng79: raises $3 to $6
karambakilla: calls $3
*** TURN *** [9s 2d Th] [5h]
karambakilla: checks
tony@ng79: bets $6
karambakilla: calls $6
*** RIVER *** [9s 2d Th 5h] [Kd]
karambakilla: checks
tony@ng79: checks
*** SHOW DOWN ***
karambakilla: shows [5c As] (a pair of Fives)
tony@ng79: shows [9c 7c] (a pair of Nines)
tony@ng79 collected $35.50 from pot
*** SUMMARY ***
Total pot $36 | Rake $0.50
Board [9s 2d Th 5h Kd]
Seat 1: karambakilla (big blind) showed [5c As] and lost with a pair of Fives
Seat 2: tony@ng79 (button) (small blind) showed [9c 7c] and won ($35.50) with a pair of Nines


PokerStars Hand #175049497259:  Hold'em Limit ($3/$6 USD) - 2017/08/31 22:50:37 ET
Table 'Kassandra' 6-max Seat #1 is the button
Seat 1: karambakilla ($135.96 in chips)
Seat 2: tony@ng79 ($219.48 in chips)
karambakilla: posts small blind $1
tony@ng79: posts big blind $3
*** HOLE CARDS ***
karambakilla: raises $3 to $6
tony@ng79: raises $3 to $9
karambakilla: calls $3
*** FLOP *** [3d 5s Ac]
tony@ng79: bets $3
karambakilla: calls $3
*** TURN *** [3d 5s Ac] [Ks]
tony@ng79: bets $6
karambakilla: raises $6 to $12
tony@ng79: calls $6
*** RIVER *** [3d 5s Ac Ks] [9c]
tony@ng79: checks
karambakilla: bets $6
tony@ng79: calls $6
*** SHOW DOWN ***
karambakilla: shows [Js Ad] (a pair of Aces)
tony@ng79: shows [Ah Qs] (a pair of Aces - King+Queen kicker)
tony@ng79 collected $59.50 from pot
*** SUMMARY ***
Total pot $60 | Rake $0.50
Board [3d 5s Ac Ks 9c]
Seat 1: karambakilla (button) (small blind) showed [Js Ad] and lost with a pair of Aces
Seat 2: tony@ng79 (big blind) showed [Ah Qs] and won ($59.50) with a pair of Aces


PokerStars Hand #175049527377:  Hold'em Limit ($3/$6 USD) - 2017/08/31 22:52:06 ET
Table 'Kassandra' 6-max Seat #1 is the button
Seat 1: karambakilla ($117.10 in chips)
Seat 2: tony@ng79 ($236.48 in chips)
karambakilla: posts small blind $1
tony@ng79: posts big blind $3
*** HOLE CARDS ***
karambakilla: folds
Uncalled bet ($2) returned to tony@ng79
tony@ng79 collected $2 from pot
tony@ng79: doesn't show hand
*** SUMMARY ***
Total pot $2 | Rake $0
Seat 1: karambakilla (button) (small blind) folded before Flop
Seat 2: tony@ng79 (big blind) collected ($2)


PokerStars Hand #175049528931:  Hold'em Limit ($3/$6 USD) - 2017/08/31 22:52:11 ET
Table 'Kassandra' 6-max Seat #2 is the button
Seat 1: karambakilla ($116.10 in chips)
Seat 2: tony@ng79 ($237.48 in chips)
tony@ng79: posts small blind $1
karambakilla: posts big blind $3
*** HOLE CARDS ***
tony@ng79: raises $3 to $6
karambakilla: calls $3
*** FLOP *** [3c Td Tc]
karambakilla: checks
tony@ng79: bets $3
karambakilla: calls $3
*** TURN *** [3c Td Tc] [Qd]
karambakilla: bets $6
tony@ng79: calls $6
*** RIVER *** [3c Td Tc Qd] [Ad]
karambakilla: bets $6
tony@ng79: calls $6
*** SHOW DOWN ***
karambakilla: shows [8c Th] (three of a kind, Tens)
tony@ng79: mucks hand
karambakilla collected $41.50 from pot
*** SUMMARY ***
Total pot $42 | Rake $0.50
Board [3c Td Tc Qd Ad]
Seat 1: karambakilla (big blind) showed [8c Th] and won ($41.50) with three of a kind, Tens
Seat 2: tony@ng79 (button) (small blind) mucked


PokerStars Hand #175049522972:  Hold'em Limit ($3/$6 USD) - 2017/08/31 22:51:51 ET
Table 'Kassandra' 6-max Seat #2 is the button
Seat 1: karambakilla ($108.46 in chips)
Seat 2: tony@ng79 ($245.48 in chips)
tony@ng79: posts small blind $1
karambakilla: posts big blind $3
*** HOLE CARDS ***
tony@ng79: raises $3 to $6
karambakilla: raises $3 to $9
tony@ng79: calls $3
*** FLOP *** [Th Kd 4h]
karambakilla: bets $3
tony@ng79: folds
Uncalled bet ($3) returned to karambakilla
karambakilla collected $17.64 from pot
karambakilla: doesn't show hand
*** SUMMARY ***
Total pot $18 | Rake $0.36
Board [Th Kd 4h]
Seat 1: karambakilla (big blind) collected ($17.64)
Seat 2: tony@ng79 (button) (small blind) folded on the Flop


PokerStars Hand #175049512151:  Hold'em Limit ($3/$6 USD) - 2017/08/31 22:51:25 ET
Table 'Kassandra' 6-max Seat #1 is the button
Seat 1: karambakilla ($87.96 in chips)
Seat 2: tony@ng79 ($266.48 in chips)
karambakilla: posts small blind $1
tony@ng79: posts big blind $3
*** HOLE CARDS ***
karambakilla: raises $3 to $6
tony@ng79: calls $3
*** FLOP *** [Qs Qc Tc]
tony@ng79: bets $3
karambakilla: calls $3
*** TURN *** [Qs Qc Tc] [Th]
tony@ng79: checks
karambakilla: checks
*** RIVER *** [Qs Qc Tc Th] [5d]
tony@ng79: checks
karambakilla: bets $6
tony@ng79: raises $6 to $12
karambakilla: calls $6
*** SHOW DOWN ***
tony@ng79: shows [Ks 2d] (two pair, Queens and Tens)
karambakilla: shows [Ac 5c] (two pair, Queens and Tens - Ace kicker)
karambakilla collected $41.50 from pot
*** SUMMARY ***
Total pot $42 | Rake $0.50
Board [Qs Qc Tc Th 5d]
Seat 1: karambakilla (button) (small blind) showed [Ac 5c] and won ($41.50) with two pair, Queens and Tens
Seat 2: tony@ng79 (big blind) showed [Ks 2d] and lost with two pair, Queens and Tens


PokerStars Hand #175049549274:  Hold'em Limit ($3/$6 USD) - 2017/08/31 22:53:17 ET
Table 'Kassandra' 6-max Seat #2 is the button
Seat 1: karambakilla ($100.60 in chips)
Seat 2: tony@ng79 ($251.62 in chips)
tony@ng79: posts small blind $1
karambakilla: posts big blind $3
*** HOLE CARDS ***
tony@ng79: raises $3 to $6
karambakilla: raises $3 to $9
tony@ng79: calls $3
*** FLOP *** [3h 2c Ah]
karambakilla: bets $3
tony@ng79: calls $3
*** TURN *** [3h 2c Ah] [Qs]
karambakilla: checks
tony@ng79: bets $6
karambakilla: raises $6 to $12
tony@ng79: folds
Uncalled bet ($6) returned to karambakilla
karambakilla collected $35.50 from pot
karambakilla: doesn't show hand
*** SUMMARY ***
Total pot $36 | Rake $0.50
Board [3h 2c Ah Qs]
Seat 1: karambakilla (big blind) collected ($35.50)
Seat 2: tony@ng79 (button) (small blind) folded on the Turn


PokerStars Hand #175049542087:  Hold'em Limit ($3/$6 USD) - 2017/08/31 22:52:54 ET
Table 'Kassandra' 6-max Seat #1 is the button
Seat 1: karambakilla ($124.60 in chips)
Seat 2: tony@ng79 ($228.12 in chips)
karambakilla: posts small blind $1
tony@ng79: posts big blind $3
*** HOLE CARDS ***
karambakilla: raises $3 to $6
tony@ng79: calls $3
*** FLOP *** [Kh 7h 7s]
tony@ng79: bets $3
karambakilla: raises $3 to $6
tony@ng79: calls $3
*** TURN *** [Kh 7h 7s] [Qh]
tony@ng79: checks
karambakilla: bets $6
tony@ng79: calls $6
*** RIVER *** [Kh 7h 7s Qh] [3h]
tony@ng79: bets $6
karambakilla: calls $6
*** SHOW DOWN ***
tony@ng79: shows [Ad 9h] (a flush, King high)
karambakilla: mucks hand
tony@ng79 collected $47.50 from pot
*** SUMMARY ***
Total pot $48 | Rake $0.50
Board [Kh 7h 7s Qh 3h]
Seat 1: karambakilla (button) (small blind) mucked
Seat 2: tony@ng79 (big blind) showed [Ad 9h] and won ($47.50) with a flush, King high


PokerStars Hand #175049539976:  Hold'em Limit ($3/$6 USD) - 2017/08/31 22:52:47 ET
Table 'Kassandra' 6-max Seat #2 is the button
Seat 1: karambakilla ($127.60 in chips)
Seat 2: tony@ng79 ($225.12 in chips)
tony@ng79: posts small blind $1
karambakilla: posts big blind $3
*** HOLE CARDS ***
tony@ng79: raises $3 to $6
karambakilla: folds
Uncalled bet ($3) returned to tony@ng79
tony@ng79 collected $6 from pot
tony@ng79: doesn't show hand
*** SUMMARY ***
Total pot $6 | Rake $0
Seat 1: karambakilla (big blind) folded before Flop
Seat 2: tony@ng79 (button) (small blind) collected ($6)


PokerStars Hand #175049535640:  Hold'em Limit ($3/$6 USD) - 2017/08/31 22:52:33 ET
Table 'Kassandra' 6-max Seat #1 is the button
Seat 1: karambakilla ($136.60 in chips)
Seat 2: tony@ng79 ($216.48 in chips)
karambakilla: posts small blind $1
tony@ng79: posts big blind $3
*** HOLE CARDS ***
karambakilla: raises $3 to $6
tony@ng79: calls $3
*** FLOP *** [3c Kd 5d]
tony@ng79: checks
karambakilla: bets $3
tony@ng79: raises $3 to $6
karambakilla: folds
Uncalled bet ($3) returned to tony@ng79
tony@ng79 collected $17.64 from pot
tony@ng79: doesn't show hand
*** SUMMARY ***
Total pot $18 | Rake $0.36
Board [3c Kd 5d]
Seat 1: karambakilla (button) (small blind) folded on the Flop
Seat 2: tony@ng79 (big blind) collected ($17.64)


PokerStars Hand #175049568325:  Hold'em Limit ($3/$6 USD) - 2017/08/31 22:54:19 ET
Table 'Kassandra' 6-max Seat #1 is the button
Seat 1: karambakilla ($87.10 in chips)
Seat 2: tony@ng79 ($264.12 in chips)
karambakilla: posts small blind $1
tony@ng79: posts big blind $3
*** HOLE CARDS ***
karambakilla: raises $3 to $6
tony@ng79: calls $3
*** FLOP *** [6s 7d 5s]
tony@ng79: checks
karambakilla: bets $3
tony@ng79: calls $3
*** TURN *** [6s 7d 5s] [8c]
tony@ng79: checks
karambakilla: checks
*** RIVER *** [6s 7d 5s 8c] [Js]
tony@ng79: bets $6
karambakilla: calls $6
*** SHOW DOWN ***
tony@ng79: shows [3s Jd] (a pair of Jacks)
karambakilla: shows [7c 5h] (two pair, Sevens and Fives)
karambakilla collected $29.50 from pot
*** SUMMARY ***
Total pot $30 | Rake $0.50
Board [6s 7d 5s 8c Js]
Seat 1: karambakilla (button) (small blind) showed [7c 5h] and won ($29.50) with two pair, Sevens and Fives
Seat 2: tony@ng79 (big blind) showed [3s Jd] and lost with a pair of Jacks


PokerStars Hand #175049558519:  Hold'em Limit ($3/$6 USD) - 2017/08/31 22:53:47 ET
Table 'Kassandra' 6-max Seat #2 is the button
Seat 1: karambakilla ($117.10 in chips)
Seat 2: tony@ng79 ($234.62 in chips)
tony@ng79: posts small blind $1
karambakilla: posts big blind $3
*** HOLE CARDS ***
tony@ng79: raises $3 to $6
karambakilla: calls $3
*** FLOP *** [2h 6h 5c]
karambakilla: checks
tony@ng79: bets $3
karambakilla: raises $3 to $6
tony@ng79: calls $3
*** TURN *** [2h 6h 5c] [3s]
karambakilla: bets $6
tony@ng79: raises $6 to $12
karambakilla: calls $6
*** RIVER *** [2h 6h 5c 3s] [Kc]
karambakilla: checks
tony@ng79: bets $6
karambakilla: calls $6
*** SHOW DOWN ***
tony@ng79: shows [8d 4s] (a straight, Deuce to Six)
karambakilla: mucks hand
tony@ng79 collected $59.50 from pot
*** SUMMARY ***
Total pot $60 | Rake $0.50
Board [2h 6h 5c 3s Kc]
Seat 1: karambakilla (big blind) mucked
Seat 2: tony@ng79 (button) (small blind) showed [8d 4s] and won ($59.50) with a straight, Deuce to Six


PokerStars Hand #175049556689:  Hold'em Limit ($3/$6 USD) - 2017/08/31 22:53:41 ET
Table 'Kassandra' 6-max Seat #1 is the button
Seat 1: karambakilla ($118.10 in chips)
Seat 2: tony@ng79 ($233.62 in chips)
karambakilla: posts small blind $1
tony@ng79: posts big blind $3
*** HOLE CARDS ***
karambakilla: folds
Uncalled bet ($2) returned to tony@ng79
tony@ng79 collected $2 from pot
tony@ng79: doesn't show hand
*** SUMMARY ***
Total pot $2 | Rake $0
Seat 1: karambakilla (button) (small blind) folded before Flop
Seat 2: tony@ng79 (big blind) collected ($2)


PokerStars Hand #175049587298:  Hold'em Limit ($3/$6 USD) - 2017/08/31 22:55:20 ET
Table 'Kassandra' 6-max Seat #2 is the button
Seat 1: karambakilla ($92.24 in chips)
Seat 2: tony@ng79 ($257.62 in chips)
tony@ng79: posts small blind $1
karambakilla: posts big blind $3
*** HOLE CARDS ***
tony@ng79: raises $3 to $6
karambakilla: calls $3
*** FLOP *** [2h 6s Kd]
karambakilla: bets $3
tony@ng79: folds
Uncalled bet ($3) returned to karambakilla
karambakilla collected $11.76 from pot
karambakilla: doesn't show hand
*** SUMMARY ***
Total pot $12 | Rake $0.24
Board [2h 6s Kd]
Seat 1: karambakilla (big blind) collected ($11.76)
Seat 2: tony@ng79 (button) (small blind) folded on the Flop


PokerStars Hand #175049575308:  Hold'em Limit ($3/$6 USD) - 2017/08/31 22:54:41 ET
Table 'Kassandra' 6-max Seat #2 is the button
Seat 1: karambakilla ($101.60 in chips)
Seat 2: tony@ng79 ($249.12 in chips)
tony@ng79: posts small blind $1
karambakilla: posts big blind $3
*** HOLE CARDS ***
tony@ng79: raises $3 to $6
karambakilla: raises $3 to $9
tony@ng79: calls $3
*** FLOP *** [Qd 9d 2c]
karambakilla: bets $3
tony@ng79: folds
Uncalled bet ($3) returned to karambakilla
karambakilla collected $17.64 from pot
karambakilla: doesn't show hand
*** SUMMARY ***
Total pot $18 | Rake $0.36
Board [Qd 9d 2c]
Seat 1: karambakilla (big blind) collected ($17.64)
Seat 2: tony@ng79 (button) (small blind) folded on the Flop


PokerStars Hand #175049579373:  Hold'em Limit ($3/$6 USD) - 2017/08/31 22:54:54 ET
Table 'Kassandra' 6-max Seat #1 is the button
Seat 1: karambakilla ($110.24 in chips)
Seat 2: tony@ng79 ($240.12 in chips)
karambakilla: posts small blind $1
tony@ng79: posts big blind $3
*** HOLE CARDS ***
karambakilla: raises $3 to $6
tony@ng79: raises $3 to $9
karambakilla: calls $3
*** FLOP *** [Th Kd 9c]
tony@ng79: bets $3
karambakilla: calls $3
*** TURN *** [Th Kd 9c] [7c]
tony@ng79: bets $6
karambakilla: calls $6
*** RIVER *** [Th Kd 9c 7c] [As]
tony@ng79: checks
karambakilla: checks
*** SHOW DOWN ***
tony@ng79: shows [Qc Tc] (a pair of Tens)
karambakilla: mucks hand
tony@ng79 collected $35.50 from pot
*** SUMMARY ***
Total pot $36 | Rake $0.50
Board [Th Kd 9c 7c As]
Seat 1: karambakilla (button) (small blind) mucked
Seat 2: tony@ng79 (big blind) showed [Qc Tc] and won ($35.50) with a pair of Tens


PokerStars Hand #175049594749:  Hold'em Limit ($3/$6 USD) - 2017/08/31 22:55:48 ET
Table 'Kassandra' 6-max Seat #2 is the button
Seat 1: karambakilla ($103.76 in chips)
Seat 2: tony@ng79 ($245.62 in chips)
tony@ng79: posts small blind $1
karambakilla: posts big blind $3
*** HOLE CARDS ***
tony@ng79: raises $3 to $6
karambakilla: calls $3
*** FLOP *** [6h 9h Qc]
karambakilla: checks
tony@ng79: bets $3
karambakilla: folds
Uncalled bet ($3) returned to tony@ng79
tony@ng79 collected $11.76 from pot
tony@ng79: doesn't show hand
*** SUMMARY ***
Total pot $12 | Rake $0.24
Board [6h 9h Qc]
Seat 1: karambakilla (big blind) folded on the Flop
Seat 2: tony@ng79 (button) (small blind) collected ($11.76)


PokerStars Hand #175049599324:  Hold'em Limit ($3/$6 USD) - 2017/08/31 22:56:05 ET
Table 'Kassandra' 6-max Seat #1 is the button
Seat 1: karambakilla ($97.76 in chips)
Seat 2: tony@ng79 ($251.38 in chips)
karambakilla: posts small blind $1
tony@ng79: posts big blind $3
*** HOLE CARDS ***
karambakilla: raises $3 to $6
tony@ng79: raises $3 to $9
karambakilla: calls $3
*** FLOP *** [Qd 6d 7d]
tony@ng79: bets $3
karambakilla: calls $3
*** TURN *** [Qd 6d 7d] [9c]
tony@ng79: checks
karambakilla: bets $6
tony@ng79: folds
Uncalled bet ($6) returned to karambakilla
karambakilla collected $23.52 from pot
karambakilla: doesn't show hand
*** SUMMARY ***
Total pot $24 | Rake $0.48
Board [Qd 6d 7d 9c]
Seat 1: karambakilla (button) (small blind) collected ($23.52)
Seat 2: tony@ng79 (big blind) folded on the Turn


PokerStars Hand #175049591515:  Hold'em Limit ($3/$6 USD) - 2017/08/31 22:55:36 ET
Table 'Kassandra' 6-max Seat #1 is the button
Seat 1: karambakilla ($98 in chips)
Seat 2: tony@ng79 ($251.62 in chips)
karambakilla: posts small blind $1
tony@ng79: posts big blind $3
*** HOLE CARDS ***
karambakilla: raises $3 to $6
tony@ng79: calls $3
*** FLOP *** [Kd 8s Qc]
tony@ng79: checks
karambakilla: bets $3
tony@ng79: folds
Uncalled bet ($3) returned to karambakilla
karambakilla collected $11.76 from pot
karambakilla: doesn't show hand
*** SUMMARY ***
Total pot $12 | Rake $0.24
Board [Kd 8s Qc]
Seat 1: karambakilla (button) (small blind) collected ($11.76)
Seat 2: tony@ng79 (big blind) folded on the Flop


PokerStars Hand #175049616808:  Hold'em Limit ($3/$6 USD) - 2017/08/31 22:57:08 ET
Table 'Kassandra' 6-max Seat #2 is the button
Seat 1: karambakilla ($111.78 in chips)
Seat 2: tony@ng79 ($235.90 in chips)
tony@ng79: posts small blind $1
karambakilla: posts big blind $3
*** HOLE CARDS ***
tony@ng79: raises $3 to $6
karambakilla: calls $3
*** FLOP *** [9h 5s Ac]
karambakilla: checks
tony@ng79: bets $3
karambakilla: calls $3
*** TURN *** [9h 5s Ac] [2d]
karambakilla: checks
tony@ng79: bets $6
karambakilla: calls $6
*** RIVER *** [9h 5s Ac 2d] [3s]
karambakilla: checks
tony@ng79: bets $6
karambakilla: calls $6
*** SHOW DOWN ***
tony@ng79: shows [6h 6c] (a pair of Sixes)
karambakilla: mucks hand
tony@ng79 collected $41.50 from pot
*** SUMMARY ***
Total pot $42 | Rake $0.50
Board [9h 5s Ac 2d 3s]
Seat 1: karambakilla (big blind) mucked
Seat 2: tony@ng79 (button) (small blind) showed [6h 6c] and won ($41.50) with a pair of Sixes


PokerStars Hand #175049622678:  Hold'em Limit ($3/$6 USD) - 2017/08/31 22:57:29 ET
Table 'Kassandra' 6-max Seat #1 is the button
Seat 1: karambakilla ($90.78 in chips)
Seat 2: tony@ng79 ($256.40 in chips)
karambakilla: posts small blind $1
tony@ng79: posts big blind $3
*** HOLE CARDS ***
karambakilla: raises $3 to $6
tony@ng79: calls $3
*** FLOP *** [Tc 7h As]
tony@ng79: checks
karambakilla: bets $3
tony@ng79: folds
Uncalled bet ($3) returned to karambakilla
karambakilla collected $11.76 from pot
karambakilla: doesn't show hand
*** SUMMARY ***
Total pot $12 | Rake $0.24
Board [Tc 7h As]
Seat 1: karambakilla (button) (small blind) collected ($11.76)
Seat 2: tony@ng79 (big blind) folded on the Flop


PokerStars Hand #175049605508:  Hold'em Limit ($3/$6 USD) - 2017/08/31 22:56:27 ET
Table 'Kassandra' 6-max Seat #2 is the button
Seat 1: karambakilla ($109.28 in chips)
Seat 2: tony@ng79 ($239.38 in chips)
tony@ng79: posts small blind $1
karambakilla: posts big blind $3
*** HOLE CARDS ***
tony@ng79: raises $3 to $6
karambakilla: calls $3
*** FLOP *** [8s Jd 7h]
karambakilla: bets $3
tony@ng79: calls $3
*** TURN *** [8s Jd 7h] [6h]
karambakilla: bets $6
tony@ng79: calls $6
*** RIVER *** [8s Jd 7h 6h] [Ac]
karambakilla: bets $6
tony@ng79: folds
Uncalled bet ($6) returned to karambakilla
karambakilla collected $29.50 from pot
karambakilla: doesn't show hand
*** SUMMARY ***
Total pot $30 | Rake $0.50
Board [8s Jd 7h 6h Ac]
Seat 1: karambakilla (big blind) collected ($29.50)
Seat 2: tony@ng79 (button) (small blind) folded on the River


PokerStars Hand #175049612134:  Hold'em Limit ($3/$6 USD) - 2017/08/31 22:56:51 ET
Table 'Kassandra' 6-max Seat #1 is the button
Seat 1: karambakilla ($123.78 in chips)
Seat 2: tony@ng79 ($224.38 in chips)
karambakilla: posts small blind $1
tony@ng79: posts big blind $3
*** HOLE CARDS ***
karambakilla: raises $3 to $6
tony@ng79: raises $3 to $9
karambakilla: calls $3
*** FLOP *** [Kh 4h Jh]
tony@ng79: bets $3
karambakilla: calls $3
*** TURN *** [Kh 4h Jh] [6c]
tony@ng79: bets $6
karambakilla: folds
Uncalled bet ($6) returned to tony@ng79
tony@ng79 collected $23.52 from pot
tony@ng79: doesn't show hand
*** SUMMARY ***
Total pot $24 | Rake $0.48
Board [Kh 4h Jh 6c]
Seat 1: karambakilla (button) (small blind) folded on the Turn
Seat 2: tony@ng79 (big blind) collected ($23.52)


PokerStars Hand #175049626964:  Hold'em Limit ($3/$6 USD) - 2017/08/31 22:57:45 ET
Table 'Kassandra' 6-max Seat #2 is the button
Seat 1: karambakilla ($96.54 in chips)
Seat 2: tony@ng79 ($250.40 in chips)
tony@ng79: posts small blind $1
karambakilla: posts big blind $3
*** HOLE CARDS ***
tony@ng79: raises $3 to $6
karambakilla: raises $3 to $9
tony@ng79: calls $3
*** FLOP *** [7c 4d 4h]
karambakilla: bets $3
tony@ng79: calls $3
*** TURN *** [7c 4d 4h] [7d]
karambakilla: checks
tony@ng79: bets $6
karambakilla: calls $6
*** RIVER *** [7c 4d 4h 7d] [2d]
karambakilla: checks
tony@ng79: bets $6
karambakilla: calls $6
*** SHOW DOWN ***
tony@ng79: shows [Ah 9h] (two pair, Sevens and Fours)
karambakilla: shows [5d Ad] (a flush, Ace high)
karambakilla collected $47.50 from pot
*** SUMMARY ***
Total pot $48 | Rake $0.50
Board [7c 4d 4h 7d 2d]
Seat 1: karambakilla (big blind) showed [5d Ad] and won ($47.50) with a flush, Ace high
Seat 2: tony@ng79 (button) (small blind) showed [Ah 9h] and lost with two pair, Sevens and Fours


PokerStars Hand #175049633254:  Hold'em Limit ($3/$6 USD) - 2017/08/31 22:58:07 ET
Table 'Kassandra' 6-max Seat #1 is the button
Seat 1: karambakilla ($120.04 in chips)
Seat 2: tony@ng79 ($226.40 in chips)
karambakilla: posts small blind $1
tony@ng79: posts big blind $3
*** HOLE CARDS ***
karambakilla: raises $3 to $6
tony@ng79: calls $3
*** FLOP *** [As 7d Jd]
tony@ng79: checks
karambakilla: bets $3
tony@ng79: calls $3
*** TURN *** [As 7d Jd] [7s]
tony@ng79: checks
karambakilla: checks
*** RIVER *** [As 7d Jd 7s] [Td]
tony@ng79: bets $6
karambakilla: folds
Uncalled bet ($6) returned to tony@ng79
tony@ng79 collected $17.64 from pot
tony@ng79: doesn't show hand
*** SUMMARY ***
Total pot $18 | Rake $0.36
Board [As 7d Jd 7s Td]
Seat 1: karambakilla (button) (small blind) folded on the River
Seat 2: tony@ng79 (big blind) collected ($17.64)


PokerStars Hand #175049658095:  Hold'em Limit ($3/$6 USD) - 2017/08/31 22:59:37 ET
Table 'Kassandra' 6-max Seat #2 is the button
Seat 1: karambakilla ($128.06 in chips)
Seat 2: tony@ng79 ($216.44 in chips)
tony@ng79: posts small blind $1
karambakilla: posts big blind $3
*** HOLE CARDS ***
tony@ng79: folds
Uncalled bet ($2) returned to karambakilla
karambakilla collected $2 from pot
karambakilla: doesn't show hand
*** SUMMARY ***
Total pot $2 | Rake $0
Seat 1: karambakilla (big blind) collected ($2)
Seat 2: tony@ng79 (button) (small blind) folded before Flop


PokerStars Hand #175049649711:  Hold'em Limit ($3/$6 USD) - 2017/08/31 22:59:07 ET
Table 'Kassandra' 6-max Seat #2 is the button
Seat 1: karambakilla ($113.56 in chips)
Seat 2: tony@ng79 ($231.68 in chips)
tony@ng79: posts small blind $1
karambakilla: posts big blind $3
*** HOLE CARDS ***
tony@ng79: raises $3 to $6
karambakilla: calls $3
*** FLOP *** [9d 5c Kc]
karambakilla: checks
tony@ng79: bets $3
karambakilla: folds
Uncalled bet ($3) returned to tony@ng79
tony@ng79 collected $11.76 from pot
tony@ng79: doesn't show hand
*** SUMMARY ***
Total pot $12 | Rake $0.24
Board [9d 5c Kc]
Seat 1: karambakilla (big blind) folded on the Flop
Seat 2: tony@ng79 (button) (small blind) collected ($11.76)


PokerStars Hand #175049644492:  Hold'em Limit ($3/$6 USD) - 2017/08/31 22:58:48 ET
Table 'Kassandra' 6-max Seat #1 is the button
Seat 1: karambakilla ($102.04 in chips)
Seat 2: tony@ng79 ($243.68 in chips)
karambakilla: posts small blind $1
tony@ng79: posts big blind $3
*** HOLE CARDS ***
karambakilla: raises $3 to $6
tony@ng79: calls $3
*** FLOP *** [7s Jh Jc]
tony@ng79: checks
karambakilla: checks
*** TURN *** [7s Jh Jc] [9h]
tony@ng79: bets $6
karambakilla: calls $6
*** RIVER *** [7s Jh Jc 9h] [Ah]
tony@ng79: checks
karambakilla: bets $6
tony@ng79: folds
Uncalled bet ($6) returned to karambakilla
karambakilla collected $23.52 from pot
karambakilla: doesn't show hand
*** SUMMARY ***
Total pot $24 | Rake $0.48
Board [7s Jh Jc 9h Ah]
Seat 1: karambakilla (button) (small blind) collected ($23.52)
Seat 2: tony@ng79 (big blind) folded on the River


PokerStars Hand #175049639750:  Hold'em Limit ($3/$6 USD) - 2017/08/31 22:58:31 ET
Table 'Kassandra' 6-max Seat #2 is the button
Seat 1: karambakilla ($111.04 in chips)
Seat 2: tony@ng79 ($235.04 in chips)
tony@ng79: posts small blind $1
karambakilla: posts big blind $3
*** HOLE CARDS ***
tony@ng79: raises $3 to $6
karambakilla: calls $3
*** FLOP *** [Ad Td Qs]
karambakilla: checks
tony@ng79: bets $3
karambakilla: calls $3
*** TURN *** [Ad Td Qs] [4c]
karambakilla: checks
tony@ng79: bets $6
karambakilla: folds
Uncalled bet ($6) returned to tony@ng79
tony@ng79 collected $17.64 from pot
tony@ng79: doesn't show hand
*** SUMMARY ***
Total pot $18 | Rake $0.36
Board [Ad Td Qs 4c]
Seat 1: karambakilla (big blind) folded on the Turn
Seat 2: tony@ng79 (button) (small blind) collected ($17.64)


PokerStars Hand #175049652417:  Hold'em Limit ($3/$6 USD) - 2017/08/31 22:59:17 ET
Table 'Kassandra' 6-max Seat #1 is the button
Seat 1: karambakilla ($107.56 in chips)
Seat 2: tony@ng79 ($237.44 in chips)
karambakilla: posts small blind $1
tony@ng79: posts big blind $3
*** HOLE CARDS ***
karambakilla: raises $3 to $6
tony@ng79: raises $3 to $9
karambakilla: calls $3
*** FLOP *** [5h Qh Jd]
tony@ng79: checks
karambakilla: checks
*** TURN *** [5h Qh Jd] [Ks]
tony@ng79: checks
karambakilla: bets $6
tony@ng79: calls $6
*** RIVER *** [5h Qh Jd Ks] [Ac]
tony@ng79: bets $6
karambakilla: calls $6
*** SHOW DOWN ***
tony@ng79: shows [7c As] (a pair of Aces)
karambakilla: shows [Kd Jc] (two pair, Kings and Jacks)
karambakilla collected $41.50 from pot
*** SUMMARY ***
Total pot $42 | Rake $0.50
Board [5h Qh Jd Ks Ac]
Seat 1: karambakilla (button) (small blind) showed [Kd Jc] and won ($41.50) with two pair, Kings and Jacks
Seat 2: tony@ng79 (big blind) showed [7c As] and lost with a pair of Aces


PokerStars Hand #175049662858:  Hold'em Limit ($3/$6 USD) - 2017/08/31 22:59:55 ET
Table 'Kassandra' 6-max Seat #2 is the button
Seat 1: karambakilla ($134.82 in chips)
Seat 2: tony@ng79 ($209.44 in chips)
tony@ng79: posts small blind $1
karambakilla: posts big blind $3
*** HOLE CARDS ***
tony@ng79: raises $3 to $6
karambakilla: folds
Uncalled bet ($3) returned to tony@ng79
tony@ng79 collected $6 from pot
tony@ng79: doesn't show hand
*** SUMMARY ***
Total pot $6 | Rake $0
Seat 1: karambakilla (big blind) folded before Flop
Seat 2: tony@ng79 (button) (small blind) collected ($6)


PokerStars Hand #175049659922:  Hold'em Limit ($3/$6 USD) - 2017/08/31 22:59:44 ET
Table 'Kassandra' 6-max Seat #1 is the button
Seat 1: karambakilla ($129.06 in chips)
Seat 2: tony@ng79 ($215.44 in chips)
karambakilla: posts small blind $1
tony@ng79: posts big blind $3
*** HOLE CARDS ***
karambakilla: raises $3 to $6
tony@ng79: calls $3
*** FLOP *** [6s 3c 8s]
tony@ng79: checks
karambakilla: bets $3
tony@ng79: folds
Uncalled bet ($3) returned to karambakilla
karambakilla collected $11.76 from pot
karambakilla: doesn't show hand
*** SUMMARY ***
Total pot $12 | Rake $0.24
Board [6s 3c 8s]
Seat 1: karambakilla (button) (small blind) collected ($11.76)
Seat 2: tony@ng79 (big blind) folded on the Flop


PokerStars Hand #175049664681:  Hold'em Limit ($3/$6 USD) - 2017/08/31 23:00:01 ET
Table 'Kassandra' 6-max Seat #1 is the button
Seat 1: karambakilla ($131.82 in chips)
Seat 2: tony@ng79 ($212.44 in chips)
karambakilla: posts small blind $1
tony@ng79: posts big blind $3
*** HOLE CARDS ***
karambakilla: raises $3 to $6
tony@ng79: calls $3
*** FLOP *** [7d Jh As]
tony@ng79: checks
karambakilla: bets $3
tony@ng79: calls $3
*** TURN *** [7d Jh As] [6h]
tony@ng79: checks
karambakilla: checks
*** RIVER *** [7d Jh As 6h] [9d]
tony@ng79: bets $6
karambakilla: folds
Uncalled bet ($6) returned to tony@ng79
tony@ng79 collected $17.64 from pot
tony@ng79: doesn't show hand
*** SUMMARY ***
Total pot $18 | Rake $0.36
Board [7d Jh As 6h 9d]
Seat 1: karambakilla (button) (small blind) folded on the River
Seat 2: tony@ng79 (big blind) collected ($17.64)


PokerStars Hand #175049679899:  Hold'em Limit ($3/$6 USD) - 2017/08/31 23:00:55 ET
Table 'Kassandra' 6-max Seat #2 is the button
Seat 1: karambakilla ($130.46 in chips)
Seat 2: tony@ng79 ($213.08 in chips)
tony@ng79: posts small blind $1
karambakilla: posts big blind $3
*** HOLE CARDS ***
tony@ng79: raises $3 to $6
karambakilla: folds
Uncalled bet ($3) returned to tony@ng79
tony@ng79 collected $6 from pot
tony@ng79: doesn't show hand
*** SUMMARY ***
Total pot $6 | Rake $0
Seat 1: karambakilla (big blind) folded before Flop
Seat 2: tony@ng79 (button) (small blind) collected ($6)


PokerStars Hand #175049690673:  Hold'em Limit ($3/$6 USD) - 2017/08/31 23:01:28 ET
Table 'Kassandra' 6-max Seat #2 is the button
Seat 1: karambakilla ($133.22 in chips)
Seat 2: tony@ng79 ($210.08 in chips)
tony@ng79: posts small blind $1
karambakilla: posts big blind $3
*** HOLE CARDS ***
tony@ng79: raises $3 to $6
karambakilla: folds
Uncalled bet ($3) returned to tony@ng79
tony@ng79 collected $6 from pot
tony@ng79: doesn't show hand
*** SUMMARY ***
Total pot $6 | Rake $0
Seat 1: karambakilla (big blind) folded before Flop
Seat 2: tony@ng79 (button) (small blind) collected ($6)


PokerStars Hand #175049687921:  Hold'em Limit ($3/$6 USD) - 2017/08/31 23:01:22 ET
Table 'Kassandra' 6-max Seat #1 is the button
Seat 1: karambakilla ($130.22 in chips)
Seat 2: tony@ng79 ($213.08 in chips)
karambakilla: posts small blind $1
tony@ng79: posts big blind $3
*** HOLE CARDS ***
karambakilla: raises $3 to $6
tony@ng79: folds
Uncalled bet ($3) returned to karambakilla
karambakilla collected $6 from pot
karambakilla: doesn't show hand
*** SUMMARY ***
Total pot $6 | Rake $0
Seat 1: karambakilla (button) (small blind) collected ($6)
Seat 2: tony@ng79 (big blind) folded before Flop


PokerStars Hand #175049685863:  Hold'em Limit ($3/$6 USD) - 2017/08/31 23:01:15 ET
Table 'Kassandra' 6-max Seat #2 is the button
Seat 1: karambakilla ($133.22 in chips)
Seat 2: tony@ng79 ($210.08 in chips)
tony@ng79: posts small blind $1
karambakilla: posts big blind $3
*** HOLE CARDS ***
tony@ng79: raises $3 to $6
karambakilla: folds
Uncalled bet ($3) returned to tony@ng79
tony@ng79 collected $6 from pot
tony@ng79: doesn't show hand
*** SUMMARY ***
Total pot $6 | Rake $0
Seat 1: karambakilla (big blind) folded before Flop
Seat 2: tony@ng79 (button) (small blind) collected ($6)


PokerStars Hand #175049678136:  Hold'em Limit ($3/$6 USD) - 2017/08/31 23:00:49 ET
Table 'Kassandra' 6-max Seat #1 is the button
Seat 1: karambakilla ($131.46 in chips)
Seat 2: tony@ng79 ($212.08 in chips)
karambakilla: posts small blind $1
tony@ng79: posts big blind $3
*** HOLE CARDS ***
karambakilla: folds
Uncalled bet ($2) returned to tony@ng79
tony@ng79 collected $2 from pot
tony@ng79: doesn't show hand
*** SUMMARY ***
Total pot $2 | Rake $0
Seat 1: karambakilla (button) (small blind) folded before Flop
Seat 2: tony@ng79 (big blind) collected ($2)


PokerStars Hand #175049670573:  Hold'em Limit ($3/$6 USD) - 2017/08/31 23:00:22 ET
Table 'Kassandra' 6-max Seat #2 is the button
Seat 1: karambakilla ($122.82 in chips)
Seat 2: tony@ng79 ($221.08 in chips)
tony@ng79: posts small blind $1
karambakilla: posts big blind $3
*** HOLE CARDS ***
tony@ng79: raises $3 to $6
karambakilla: calls $3
*** FLOP *** [Td Jh Ts]
karambakilla: checks
tony@ng79: bets $3
karambakilla: calls $3
*** TURN *** [Td Jh Ts] [9c]
karambakilla: checks
tony@ng79: checks
*** RIVER *** [Td Jh Ts 9c] [6s]
karambakilla: bets $6
tony@ng79: folds
Uncalled bet ($6) returned to karambakilla
karambakilla collected $17.64 from pot
karambakilla: doesn't show hand
*** SUMMARY ***
Total pot $18 | Rake $0.36
Board [Td Jh Ts 9c 6s]
Seat 1: karambakilla (big blind) collected ($17.64)
Seat 2: tony@ng79 (button) (small blind) folded on the River


PokerStars Hand #175049681955:  Hold'em Limit ($3/$6 USD) - 2017/08/31 23:01:02 ET
Table 'Kassandra' 6-max Seat #1 is the button
Seat 1: karambakilla ($127.46 in chips)
Seat 2: tony@ng79 ($216.08 in chips)
karambakilla: posts small blind $1
tony@ng79: posts big blind $3
*** HOLE CARDS ***
karambakilla: raises $3 to $6
tony@ng79: calls $3
*** FLOP *** [Qh 4d Js]
tony@ng79: checks
karambakilla: bets $3
tony@ng79: folds
Uncalled bet ($3) returned to karambakilla
karambakilla collected $11.76 from pot
karambakilla: doesn't show hand
*** SUMMARY ***
Total pot $12 | Rake $0.24
Board [Qh 4d Js]
Seat 1: karambakilla (button) (small blind) collected ($11.76)
Seat 2: tony@ng79 (big blind) folded on the Flop


PokerStars Hand #175049710301:  Hold'em Limit ($3/$6 USD) - 2017/08/31 23:02:33 ET
Table 'Kassandra' 6-max Seat #2 is the button
Seat 1: karambakilla ($117.72 in chips)
Seat 2: tony@ng79 ($224.10 in chips)
tony@ng79: posts small blind $1
karambakilla: posts big blind $3
*** HOLE CARDS ***
tony@ng79: folds
Uncalled bet ($2) returned to karambakilla
karambakilla collected $2 from pot
karambakilla: doesn't show hand
*** SUMMARY ***
Total pot $2 | Rake $0
Seat 1: karambakilla (big blind) collected ($2)
Seat 2: tony@ng79 (button) (small blind) folded before Flop


PokerStars Hand #175049705132:  Hold'em Limit ($3/$6 USD) - 2017/08/31 23:02:16 ET
Table 'Kassandra' 6-max Seat #1 is the button
Seat 1: karambakilla ($129.72 in chips)
Seat 2: tony@ng79 ($212.58 in chips)
karambakilla: posts small blind $1
tony@ng79: posts big blind $3
*** HOLE CARDS ***
karambakilla: raises $3 to $6
tony@ng79: raises $3 to $9
karambakilla: calls $3
*** FLOP *** [7s 9c 2c]
tony@ng79: bets $3
karambakilla: calls $3
*** TURN *** [7s 9c 2c] [7d]
tony@ng79: bets $6
karambakilla: folds
Uncalled bet ($6) returned to tony@ng79
tony@ng79 collected $23.52 from pot
tony@ng79: doesn't show hand
*** SUMMARY ***
Total pot $24 | Rake $0.48
Board [7s 9c 2c 7d]
Seat 1: karambakilla (button) (small blind) folded on the Turn
Seat 2: tony@ng79 (big blind) collected ($23.52)


PokerStars Hand #175049699683:  Hold'em Limit ($3/$6 USD) - 2017/08/31 23:01:57 ET
Table 'Kassandra' 6-max Seat #2 is the button
Seat 1: karambakilla ($112.22 in chips)
Seat 2: tony@ng79 ($230.58 in chips)
tony@ng79: posts small blind $1
karambakilla: posts big blind $3
*** HOLE CARDS ***
tony@ng79: raises $3 to $6
karambakilla: calls $3
*** FLOP *** [Jc 7c 8d]
karambakilla: checks
tony@ng79: checks
*** TURN *** [Jc 7c 8d] [3c]
karambakilla: bets $6
tony@ng79: calls $6
*** RIVER *** [Jc 7c 8d 3c] [7s]
karambakilla: bets $6
tony@ng79: calls $6
*** SHOW DOWN ***
karambakilla: shows [4h 8h] (two pair, Eights and Sevens)
tony@ng79: mucks hand
karambakilla collected $35.50 from pot
*** SUMMARY ***
Total pot $36 | Rake $0.50
Board [Jc 7c 8d 3c 7s]
Seat 1: karambakilla (big blind) showed [4h 8h] and won ($35.50) with two pair, Eights and Sevens
Seat 2: tony@ng79 (button) (small blind) mucked


PokerStars Hand #175049692620:  Hold'em Limit ($3/$6 USD) - 2017/08/31 23:01:34 ET
Table 'Kassandra' 6-max Seat #1 is the button
Seat 1: karambakilla ($130.22 in chips)
Seat 2: tony@ng79 ($213.08 in chips)
karambakilla: posts small blind $1
tony@ng79: posts big blind $3
*** HOLE CARDS ***
karambakilla: raises $3 to $6
tony@ng79: calls $3
*** FLOP *** [Th 3d 4s]
tony@ng79: checks
karambakilla: checks
*** TURN *** [Th 3d 4s] [Jh]
tony@ng79: checks
karambakilla: bets $6
tony@ng79: calls $6
*** RIVER *** [Th 3d 4s Jh] [5d]
tony@ng79: checks
karambakilla: bets $6
tony@ng79: calls $6
*** SHOW DOWN ***
karambakilla: shows [7c 9h] (high card Jack)
tony@ng79: shows [6d Ah] (high card Ace)
tony@ng79 collected $35.50 from pot
*** SUMMARY ***
Total pot $36 | Rake $0.50
Board [Th 3d 4s Jh 5d]
Seat 1: karambakilla (button) (small blind) showed [7c 9h] and lost with high card Jack
Seat 2: tony@ng79 (big blind) showed [6d Ah] and won ($35.50) with high card Ace


PokerStars Hand #175049723449:  Hold'em Limit ($3/$6 USD) - 2017/08/31 23:03:15 ET
Table 'Kassandra' 6-max Seat #1 is the button
Seat 1: karambakilla ($94.72 in chips)
Seat 2: tony@ng79 ($246.60 in chips)
karambakilla: posts small blind $1
tony@ng79: posts big blind $3
*** HOLE CARDS ***
karambakilla: raises $3 to $6
tony@ng79: calls $3
*** FLOP *** [Jd 2c 9h]
tony@ng79: checks
karambakilla: bets $3
tony@ng79: calls $3
*** TURN *** [Jd 2c 9h] [5h]
tony@ng79: checks
karambakilla: bets $6
tony@ng79: folds
Uncalled bet ($6) returned to karambakilla
karambakilla collected $17.64 from pot
karambakilla: doesn't show hand
*** SUMMARY ***
Total pot $18 | Rake $0.36
Board [Jd 2c 9h 5h]
Seat 1: karambakilla (button) (small blind) collected ($17.64)
Seat 2: tony@ng79 (big blind) folded on the Turn


PokerStars Hand #175049712024:  Hold'em Limit ($3/$6 USD) - 2017/08/31 23:02:38 ET
Table 'Kassandra' 6-max Seat #1 is the button
Seat 1: karambakilla ($118.72 in chips)
Seat 2: tony@ng79 ($223.10 in chips)
karambakilla: posts small blind $1
tony@ng79: posts big blind $3
*** HOLE CARDS ***
karambakilla: raises $3 to $6
tony@ng79: calls $3
*** FLOP *** [Qh 3d Jc]
tony@ng79: checks
karambakilla: bets $3
tony@ng79: calls $3
*** TURN *** [Qh 3d Jc] [Kd]
tony@ng79: checks
karambakilla: bets $6
tony@ng79: raises $6 to $12
karambakilla: calls $6
*** RIVER *** [Qh 3d Jc Kd] [5h]
tony@ng79: bets $6
karambakilla: folds
Uncalled bet ($6) returned to tony@ng79
tony@ng79 collected $41.50 from pot
tony@ng79: doesn't show hand
*** SUMMARY ***
Total pot $42 | Rake $0.50
Board [Qh 3d Jc Kd 5h]
Seat 1: karambakilla (button) (small blind) folded on the River
Seat 2: tony@ng79 (big blind) collected ($41.50)


PokerStars Hand #175049773961:  Hold'em Limit ($3/$6 USD) - 2017/08/31 23:05:53 ET
Table 'Kassandra' 6-max Seat #1 is the button
Seat 1: karambakilla ($52 in chips)
Seat 2: tony@ng79 ($340.70 in chips)
karambakilla: posts small blind $1
tony@ng79: posts big blind $3
*** HOLE CARDS ***
karambakilla: raises $3 to $6
tony@ng79: calls $3
*** FLOP *** [4c 9d 9c]
tony@ng79: checks
karambakilla: bets $3
tony@ng79: raises $3 to $6
karambakilla: calls $3
*** TURN *** [4c 9d 9c] [Ah]
tony@ng79: checks
karambakilla: checks
*** RIVER *** [4c 9d 9c Ah] [3s]
tony@ng79: bets $6
karambakilla: calls $6
LeandroNSN joins the table at seat #4
*** SHOW DOWN ***
tony@ng79: shows [Tc 2c] (a pair of Nines)
karambakilla: shows [4h 5d] (two pair, Nines and Fours)
karambakilla collected $35.50 from pot
*** SUMMARY ***
Total pot $36 | Rake $0.50
Board [4c 9d 9c Ah 3s]
Seat 1: karambakilla (button) (small blind) showed [4h 5d] and won ($35.50) with two pair, Nines and Fours
Seat 2: tony@ng79 (big blind) showed [Tc 2c] and lost with a pair of Nines


PokerStars Hand #175050431135:  Hold'em Limit ($3/$6 USD) - 2017/08/31 23:42:19 ET
Table 'Kassandra' 6-max Seat #5 is the button
Seat 1: karambakilla ($249.53 in chips)
Seat 5: Bluf_To_Much ($201.13 in chips)
Bluf_To_Much: posts small blind $1
karambakilla: posts big blind $3
*** HOLE CARDS ***
SLK500 joins the table at seat #2
Bluf_To_Much: raises $3 to $6
karambakilla: folds
Uncalled bet ($3) returned to Bluf_To_Much
Bluf_To_Much collected $6 from pot
*** SUMMARY ***
Total pot $6 | Rake $0
Seat 1: karambakilla (big blind) folded before Flop
Seat 5: Bluf_To_Much (button) (small blind) collected ($6)


PokerStars Hand #175050450606:  Hold'em Limit ($3/$6 USD) - 2017/08/31 23:43:28 ET
Table 'Kassandra' 6-max Seat #5 is the button
Seat 2: SLK500 ($135.10 in chips)
Seat 5: Bluf_To_Much ($189.13 in chips)
Bluf_To_Much: posts small blind $1
karambakilla: is sitting out
SLK500: posts big blind $3
*** HOLE CARDS ***
Bluf_To_Much: raises $3 to $6
SLK500: calls $3
*** FLOP *** [9s Ad Qs]
SLK500: checks
Bluf_To_Much: bets $3
SLK500: folds
Uncalled bet ($3) returned to Bluf_To_Much
Bluf_To_Much collected $11.76 from pot
*** SUMMARY ***
Total pot $12 | Rake $0.24
Board [9s Ad Qs]
Seat 2: SLK500 (big blind) folded on the Flop
Seat 5: Bluf_To_Much (button) (small blind) collected ($11.76)


