PokerStars Hand #155844612005:  Hold'em Limit ($3/$6 USD) - 2016/07/11 14:40:33 ET
Table 'Kastalia' 6-max Seat #3 is the button
Seat 3: buddhasway ($53 in chips)
Seat 4: AzureCaper ($72 in chips)
buddhasway: posts small blind $1
AzureCaper: posts big blind $3
*** HOLE CARDS ***
buddhasway: raises $3 to $6
AzureCaper: calls $3
*** FLOP *** [Jd Js 2c]
AzureCaper: checks
buddhasway: bets $3
AzureCaper: folds
Uncalled bet ($3) returned to buddhasway
buddhasway collected $11.76 from pot
buddhasway: doesn't show hand
*** SUMMARY ***
Total pot $12 | Rake $0.24
Board [Jd Js 2c]
Seat 3: buddhasway (button) (small blind) collected ($11.76)
Seat 4: AzureCaper (big blind) folded on the Flop


PokerStars Hand #155844677593:  Hold'em Limit ($3/$6 USD) - 2016/07/11 14:41:59 ET
Table 'Kastalia' 6-max Seat #4 is the button
Seat 3: buddhasway ($54.40 in chips)
Seat 4: AzureCaper ($84.64 in chips)
AzureCaper: posts small blind $1
buddhasway: posts big blind $3
*** HOLE CARDS ***
AzureCaper: folds
Uncalled bet ($2) returned to buddhasway
buddhasway collected $2 from pot
buddhasway: doesn't show hand
*** SUMMARY ***
Total pot $2 | Rake $0
Seat 3: buddhasway (big blind) collected ($2)
Seat 4: AzureCaper (button) (small blind) folded before Flop


PokerStars Hand #155844664394:  Hold'em Limit ($3/$6 USD) - 2016/07/11 14:41:42 ET
Table 'Kastalia' 6-max Seat #3 is the button
Seat 3: buddhasway ($63.40 in chips)
Seat 4: AzureCaper ($76 in chips)
buddhasway: posts small blind $1
AzureCaper: posts big blind $3
*** HOLE CARDS ***
buddhasway: calls $2
AzureCaper: checks
*** FLOP *** [6s Js 5c]
AzureCaper: checks
buddhasway: checks
*** TURN *** [6s Js 5c] [3h]
AzureCaper: bets $6
buddhasway: calls $6
*** RIVER *** [6s Js 5c 3h] [6c]
AzureCaper: checks
buddhasway: checks
*** SHOW DOWN ***
AzureCaper: shows [8c 3s] (two pair, Sixes and Threes)
buddhasway: mucks hand
AzureCaper collected $17.64 from pot
*** SUMMARY ***
Total pot $18 | Rake $0.36
Board [6s Js 5c 3h 6c]
Seat 3: buddhasway (button) (small blind) mucked
Seat 4: AzureCaper (big blind) showed [8c 3s] and won ($17.64) with two pair, Sixes and Threes


PokerStars Hand #155844659904:  Hold'em Limit ($3/$6 USD) - 2016/07/11 14:41:36 ET
Table 'Kastalia' 6-max Seat #4 is the button
Seat 3: buddhasway ($62.40 in chips)
Seat 4: AzureCaper ($77 in chips)
AzureCaper: posts small blind $1
buddhasway: posts big blind $3
*** HOLE CARDS ***
AzureCaper: folds
Uncalled bet ($2) returned to buddhasway
buddhasway collected $2 from pot
buddhasway: doesn't show hand
*** SUMMARY ***
Total pot $2 | Rake $0
Seat 3: buddhasway (big blind) collected ($2)
Seat 4: AzureCaper (button) (small blind) folded before Flop


PokerStars Hand #155844655878:  Hold'em Limit ($3/$6 USD) - 2016/07/11 14:41:30 ET
Table 'Kastalia' 6-max Seat #3 is the button
Seat 3: buddhasway ($63.40 in chips)
Seat 4: AzureCaper ($76 in chips)
buddhasway: posts small blind $1
AzureCaper: posts big blind $3
*** HOLE CARDS ***
buddhasway: folds
Uncalled bet ($2) returned to AzureCaper
AzureCaper collected $2 from pot
AzureCaper: doesn't show hand
*** SUMMARY ***
Total pot $2 | Rake $0
Seat 3: buddhasway (button) (small blind) folded before Flop
Seat 4: AzureCaper (big blind) collected ($2)


PokerStars Hand #155844651909:  Hold'em Limit ($3/$6 USD) - 2016/07/11 14:41:25 ET
Table 'Kastalia' 6-max Seat #4 is the button
Seat 3: buddhasway ($66.40 in chips)
Seat 4: AzureCaper ($73 in chips)
AzureCaper: posts small blind $1
buddhasway: posts big blind $3
*** HOLE CARDS ***
AzureCaper: raises $3 to $6
buddhasway: folds
Uncalled bet ($3) returned to AzureCaper
AzureCaper collected $6 from pot
AzureCaper: doesn't show hand
*** SUMMARY ***
Total pot $6 | Rake $0
Seat 3: buddhasway (big blind) folded before Flop
Seat 4: AzureCaper (button) (small blind) collected ($6)


PokerStars Hand #155844647574:  Hold'em Limit ($3/$6 USD) - 2016/07/11 14:41:20 ET
Table 'Kastalia' 6-max Seat #3 is the button
Seat 3: buddhasway ($67.40 in chips)
Seat 4: AzureCaper ($72 in chips)
buddhasway: posts small blind $1
AzureCaper: posts big blind $3
*** HOLE CARDS ***
buddhasway: folds
Uncalled bet ($2) returned to AzureCaper
AzureCaper collected $2 from pot
AzureCaper: doesn't show hand
*** SUMMARY ***
Total pot $2 | Rake $0
Seat 3: buddhasway (button) (small blind) folded before Flop
Seat 4: AzureCaper (big blind) collected ($2)


PokerStars Hand #155844626488:  Hold'em Limit ($3/$6 USD) - 2016/07/11 14:40:52 ET
Table 'Kastalia' 6-max Seat #4 is the button
Seat 3: buddhasway ($58.76 in chips)
Seat 4: AzureCaper ($72 in chips)
AzureCaper: posts small blind $1
buddhasway: posts big blind $3
*** HOLE CARDS ***
AzureCaper: raises $3 to $6
buddhasway: calls $3
*** FLOP *** [8c 3h 5s]
buddhasway: checks
AzureCaper: bets $3
buddhasway: calls $3
*** TURN *** [8c 3h 5s] [5c]
buddhasway: checks
AzureCaper: checks
*** RIVER *** [8c 3h 5s 5c] [6d]
buddhasway: checks
AzureCaper: checks
*** SHOW DOWN ***
buddhasway: shows [Ad 9h] (a pair of Fives)
AzureCaper: mucks hand
buddhasway collected $17.64 from pot
*** SUMMARY ***
Total pot $18 | Rake $0.36
Board [8c 3h 5s 5c 6d]
Seat 3: buddhasway (big blind) showed [Ad 9h] and won ($17.64) with a pair of Fives
Seat 4: AzureCaper (button) (small blind) mucked


PokerStars Hand #155844726781:  Hold'em Limit ($3/$6 USD) - 2016/07/11 14:42:52 ET
Table 'Kastalia' 6-max Seat #3 is the button
Seat 3: buddhasway ($72.90 in chips)
Seat 4: AzureCaper ($72 in chips)
buddhasway: posts small blind $1
AzureCaper: posts big blind $3
*** HOLE CARDS ***
buddhasway: folds
Uncalled bet ($2) returned to AzureCaper
AzureCaper collected $2 from pot
AzureCaper: doesn't show hand
*** SUMMARY ***
Total pot $2 | Rake $0
Seat 3: buddhasway (button) (small blind) folded before Flop
Seat 4: AzureCaper (big blind) collected ($2)


PokerStars Hand #155844721675:  Hold'em Limit ($3/$6 USD) - 2016/07/11 14:42:45 ET
Table 'Kastalia' 6-max Seat #4 is the button
Seat 3: buddhasway ($71.90 in chips)
Seat 4: AzureCaper ($72 in chips)
AzureCaper: posts small blind $1
buddhasway: posts big blind $3
*** HOLE CARDS ***
AzureCaper: folds
Uncalled bet ($2) returned to buddhasway
buddhasway collected $2 from pot
buddhasway: doesn't show hand
*** SUMMARY ***
Total pot $2 | Rake $0
Seat 3: buddhasway (big blind) collected ($2)
Seat 4: AzureCaper (button) (small blind) folded before Flop


PokerStars Hand #155844694260:  Hold'em Limit ($3/$6 USD) - 2016/07/11 14:42:20 ET
Table 'Kastalia' 6-max Seat #3 is the button
Seat 3: buddhasway ($51.40 in chips)
Seat 4: AzureCaper ($87.64 in chips)
buddhasway: posts small blind $1
AzureCaper: posts big blind $3
*** HOLE CARDS ***
buddhasway: raises $3 to $6
AzureCaper: calls $3
*** FLOP *** [2h 9c Tc]
AzureCaper: checks
buddhasway: bets $3
AzureCaper: calls $3
*** TURN *** [2h 9c Tc] [7c]
AzureCaper: checks
buddhasway: bets $6
AzureCaper: calls $6
*** RIVER *** [2h 9c Tc 7c] [Qc]
AzureCaper: checks
buddhasway: bets $6
AzureCaper: calls $6
*** SHOW DOWN ***
buddhasway: shows [Kc 3c] (a flush, King high)
AzureCaper: mucks hand
buddhasway collected $41.50 from pot
*** SUMMARY ***
Total pot $42 | Rake $0.50
Board [2h 9c Tc 7c Qc]
Seat 3: buddhasway (button) (small blind) showed [Kc 3c] and won ($41.50) with a flush, King high
Seat 4: AzureCaper (big blind) mucked


PokerStars Hand #155844688949:  Hold'em Limit ($3/$6 USD) - 2016/07/11 14:42:13 ET
Table 'Kastalia' 6-max Seat #4 is the button
Seat 3: buddhasway ($54.40 in chips)
Seat 4: AzureCaper ($84.64 in chips)
AzureCaper: posts small blind $1
buddhasway: posts big blind $3
*** HOLE CARDS ***
AzureCaper: raises $3 to $6
buddhasway: folds
Uncalled bet ($3) returned to AzureCaper
AzureCaper collected $6 from pot
AzureCaper: doesn't show hand
*** SUMMARY ***
Total pot $6 | Rake $0
Seat 3: buddhasway (big blind) folded before Flop
Seat 4: AzureCaper (button) (small blind) collected ($6)


PokerStars Hand #155844681177:  Hold'em Limit ($3/$6 USD) - 2016/07/11 14:42:03 ET
Table 'Kastalia' 6-max Seat #3 is the button
Seat 3: buddhasway ($55.40 in chips)
Seat 4: AzureCaper ($83.64 in chips)
buddhasway: posts small blind $1
AzureCaper: posts big blind $3
*** HOLE CARDS ***
buddhasway: folds
Uncalled bet ($2) returned to AzureCaper
AzureCaper collected $2 from pot
AzureCaper: doesn't show hand
*** SUMMARY ***
Total pot $2 | Rake $0
Seat 3: buddhasway (button) (small blind) folded before Flop
Seat 4: AzureCaper (big blind) collected ($2)


PokerStars Hand #155844769362:  Hold'em Limit ($3/$6 USD) - 2016/07/11 14:43:47 ET
Table 'Kastalia' 6-max Seat #4 is the button
Seat 3: buddhasway ($83.40 in chips)
Seat 4: AzureCaper ($72 in chips)
AzureCaper: posts small blind $1
buddhasway: posts big blind $3
*** HOLE CARDS ***
AzureCaper: folds
Uncalled bet ($2) returned to buddhasway
buddhasway collected $2 from pot
buddhasway: doesn't show hand
*** SUMMARY ***
Total pot $2 | Rake $0
Seat 3: buddhasway (big blind) collected ($2)
Seat 4: AzureCaper (button) (small blind) folded before Flop


PokerStars Hand #155844743166:  Hold'em Limit ($3/$6 USD) - 2016/07/11 14:43:13 ET
Table 'Kastalia' 6-max Seat #3 is the button
Seat 3: buddhasway ($65.90 in chips)
Seat 4: AzureCaper ($78.76 in chips)
buddhasway: posts small blind $1
AzureCaper: posts big blind $3
*** HOLE CARDS ***
buddhasway: calls $2
AzureCaper: checks
*** FLOP *** [3c 3s 6c]
AzureCaper: bets $3
buddhasway: calls $3
*** TURN *** [3c 3s 6c] [2s]
AzureCaper: bets $6
buddhasway: calls $6
*** RIVER *** [3c 3s 6c 2s] [Qc]
AzureCaper: checks
buddhasway: bets $6
AzureCaper: calls $6
*** SHOW DOWN ***
buddhasway: shows [5d 4h] (a straight, Deuce to Six)
AzureCaper: mucks hand
buddhasway collected $35.50 from pot
*** SUMMARY ***
Total pot $36 | Rake $0.50
Board [3c 3s 6c 2s Qc]
Seat 3: buddhasway (button) (small blind) showed [5d 4h] and won ($35.50) with a straight, Deuce to Six
Seat 4: AzureCaper (big blind) mucked


PokerStars Hand #155844730552:  Hold'em Limit ($3/$6 USD) - 2016/07/11 14:42:57 ET
Table 'Kastalia' 6-max Seat #4 is the button
Seat 3: buddhasway ($71.90 in chips)
Seat 4: AzureCaper ($73 in chips)
AzureCaper: posts small blind $1
buddhasway: posts big blind $3
*** HOLE CARDS ***
AzureCaper: raises $3 to $6
buddhasway: calls $3
*** FLOP *** [Kd Qh 8s]
buddhasway: checks
AzureCaper: bets $3
buddhasway: folds
Uncalled bet ($3) returned to AzureCaper
AzureCaper collected $11.76 from pot
AzureCaper: doesn't show hand
*** SUMMARY ***
Total pot $12 | Rake $0.24
Board [Kd Qh 8s]
Seat 3: buddhasway (big blind) folded on the Flop
Seat 4: AzureCaper (button) (small blind) collected ($11.76)


PokerStars Hand #155844811040:  Hold'em Limit ($3/$6 USD) - 2016/07/11 14:44:41 ET
Table 'Kastalia' 6-max Seat #4 is the button
Seat 3: buddhasway ($82.16 in chips)
Seat 4: AzureCaper ($73.64 in chips)
AzureCaper: posts small blind $1
buddhasway: posts big blind $3
*** HOLE CARDS ***
AzureCaper: raises $3 to $6
buddhasway: calls $3
*** FLOP *** [Ks 9s 4h]
buddhasway: checks
AzureCaper: bets $3
buddhasway: calls $3
*** TURN *** [Ks 9s 4h] [2s]
buddhasway: checks
AzureCaper: bets $6
buddhasway: calls $6
*** RIVER *** [Ks 9s 4h 2s] [3s]
buddhasway: checks
AzureCaper: bets $6
buddhasway: folds
Uncalled bet ($6) returned to AzureCaper
AzureCaper collected $29.50 from pot
AzureCaper: doesn't show hand
*** SUMMARY ***
Total pot $30 | Rake $0.50
Board [Ks 9s 4h 2s 3s]
Seat 3: buddhasway (big blind) folded on the River
Seat 4: AzureCaper (button) (small blind) collected ($29.50)


PokerStars Hand #155844798835:  Hold'em Limit ($3/$6 USD) - 2016/07/11 14:44:25 ET
Table 'Kastalia' 6-max Seat #3 is the button
Seat 3: buddhasway ($76.40 in chips)
Seat 4: AzureCaper ($79.64 in chips)
buddhasway: posts small blind $1
AzureCaper: posts big blind $3
*** HOLE CARDS ***
buddhasway: raises $3 to $6
AzureCaper: calls $3
*** FLOP *** [Js Tc 9d]
AzureCaper: checks
buddhasway: bets $3
AzureCaper: folds
Uncalled bet ($3) returned to buddhasway
buddhasway collected $11.76 from pot
buddhasway: doesn't show hand
*** SUMMARY ***
Total pot $12 | Rake $0.24
Board [Js Tc 9d]
Seat 3: buddhasway (button) (small blind) collected ($11.76)
Seat 4: AzureCaper (big blind) folded on the Flop


PokerStars Hand #155844795169:  Hold'em Limit ($3/$6 USD) - 2016/07/11 14:44:21 ET
Table 'Kastalia' 6-max Seat #4 is the button
Seat 3: buddhasway ($75.40 in chips)
Seat 4: AzureCaper ($80.64 in chips)
AzureCaper: posts small blind $1
buddhasway: posts big blind $3
*** HOLE CARDS ***
AzureCaper: folds
Uncalled bet ($2) returned to buddhasway
buddhasway collected $2 from pot
buddhasway: doesn't show hand
*** SUMMARY ***
Total pot $2 | Rake $0
Seat 3: buddhasway (big blind) collected ($2)
Seat 4: AzureCaper (button) (small blind) folded before Flop


PokerStars Hand #155844772850:  Hold'em Limit ($3/$6 USD) - 2016/07/11 14:43:52 ET
Table 'Kastalia' 6-max Seat #3 is the button
Seat 3: buddhasway ($84.40 in chips)
Seat 4: AzureCaper ($72 in chips)
buddhasway: posts small blind $1
AzureCaper: posts big blind $3
*** HOLE CARDS ***
buddhasway: raises $3 to $6
AzureCaper: raises $3 to $9
buddhasway: calls $3
*** FLOP *** [8s Kh 2c]
AzureCaper: bets $3
buddhasway: folds
Uncalled bet ($3) returned to AzureCaper
AzureCaper collected $17.64 from pot
AzureCaper: doesn't show hand
*** SUMMARY ***
Total pot $18 | Rake $0.36
Board [8s Kh 2c]
Seat 3: buddhasway (button) (small blind) folded on the Flop
Seat 4: AzureCaper (big blind) collected ($17.64)


PokerStars Hand #155844854920:  Hold'em Limit ($3/$6 USD) - 2016/07/11 14:45:38 ET
Table 'Kastalia' 6-max Seat #3 is the button
Seat 3: buddhasway ($78.80 in chips)
Seat 4: AzureCaper ($76.14 in chips)
buddhasway: posts small blind $1
AzureCaper: posts big blind $3
*** HOLE CARDS ***
buddhasway: calls $2
AzureCaper: checks
*** FLOP *** [7d 9s As]
AzureCaper: checks
buddhasway: checks
*** TURN *** [7d 9s As] [8c]
AzureCaper: checks
buddhasway: checks
*** RIVER *** [7d 9s As 8c] [Kc]
AzureCaper: checks
buddhasway: checks
*** SHOW DOWN ***
AzureCaper: shows [4c 5d] (high card Ace)
buddhasway: shows [3c Tc] (high card Ace - King+Ten kicker)
buddhasway collected $5.88 from pot
*** SUMMARY ***
Total pot $6 | Rake $0.12
Board [7d 9s As 8c Kc]
Seat 3: buddhasway (button) (small blind) showed [3c Tc] and won ($5.88) with high card Ace
Seat 4: AzureCaper (big blind) showed [4c 5d] and lost with high card Ace


PokerStars Hand #155844834300:  Hold'em Limit ($3/$6 USD) - 2016/07/11 14:45:11 ET
Table 'Kastalia' 6-max Seat #4 is the button
Seat 3: buddhasway ($70.16 in chips)
Seat 4: AzureCaper ($85.14 in chips)
AzureCaper: posts small blind $1
buddhasway: posts big blind $3
*** HOLE CARDS ***
AzureCaper: raises $3 to $6
buddhasway: calls $3
*** FLOP *** [Tc Ks 6d]
buddhasway: checks
AzureCaper: bets $3
buddhasway: calls $3
*** TURN *** [Tc Ks 6d] [7d]
buddhasway: checks
AzureCaper: checks
*** RIVER *** [Tc Ks 6d 7d] [Jh]
buddhasway: bets $6
AzureCaper: folds
Uncalled bet ($6) returned to buddhasway
buddhasway collected $17.64 from pot
buddhasway: doesn't show hand
*** SUMMARY ***
Total pot $18 | Rake $0.36
Board [Tc Ks 6d 7d Jh]
Seat 3: buddhasway (big blind) collected ($17.64)
Seat 4: AzureCaper (button) (small blind) folded on the River


PokerStars Hand #155844828744:  Hold'em Limit ($3/$6 USD) - 2016/07/11 14:45:04 ET
Table 'Kastalia' 6-max Seat #3 is the button
Seat 3: buddhasway ($67.16 in chips)
Seat 4: AzureCaper ($88.14 in chips)
buddhasway: posts small blind $1
AzureCaper: posts big blind $3
*** HOLE CARDS ***
buddhasway: raises $3 to $6
AzureCaper: folds
Uncalled bet ($3) returned to buddhasway
buddhasway collected $6 from pot
buddhasway: doesn't show hand
*** SUMMARY ***
Total pot $6 | Rake $0
Seat 3: buddhasway (button) (small blind) collected ($6)
Seat 4: AzureCaper (big blind) folded before Flop


PokerStars Hand #155844876699:  Hold'em Limit ($3/$6 USD) - 2016/07/11 14:46:06 ET
Table 'Kastalia' 6-max Seat #4 is the button
Seat 3: buddhasway ($81.68 in chips)
Seat 4: AzureCaper ($73.14 in chips)
AzureCaper: posts small blind $1
buddhasway: posts big blind $3
*** HOLE CARDS ***
AzureCaper: raises $3 to $6
buddhasway: calls $3
*** FLOP *** [Qc 7s 6h]
buddhasway: checks
AzureCaper: bets $3
buddhasway: calls $3
*** TURN *** [Qc 7s 6h] [Qd]
buddhasway: checks
AzureCaper: bets $6
buddhasway: calls $6
*** RIVER *** [Qc 7s 6h Qd] [2h]
buddhasway: checks
AzureCaper: bets $6
buddhasway: folds
Uncalled bet ($6) returned to AzureCaper
AzureCaper collected $29.50 from pot
AzureCaper: doesn't show hand
*** SUMMARY ***
Total pot $30 | Rake $0.50
Board [Qc 7s 6h Qd 2h]
Seat 3: buddhasway (big blind) folded on the River
Seat 4: AzureCaper (button) (small blind) collected ($29.50)


PokerStars Hand #155844947101:  Hold'em Limit ($3/$6 USD) - 2016/07/11 14:47:37 ET
Table 'Kastalia' 6-max Seat #3 is the button
Seat 3: buddhasway ($75.34 in chips)
Seat 4: AzureCaper ($80.64 in chips)
buddhasway: posts small blind $1
AzureCaper: posts big blind $3
*** HOLE CARDS ***
buddhasway: raises $3 to $6
edekyk joins the table at seat #6
AzureCaper: folds
Uncalled bet ($3) returned to buddhasway
buddhasway collected $6 from pot
buddhasway: doesn't show hand
*** SUMMARY ***
Total pot $6 | Rake $0
Seat 3: buddhasway (button) (small blind) collected ($6)
Seat 4: AzureCaper (big blind) folded before Flop


PokerStars Hand #155844928405:  Hold'em Limit ($3/$6 USD) - 2016/07/11 14:47:13 ET
Table 'Kastalia' 6-max Seat #4 is the button
Seat 3: buddhasway ($84.18 in chips)
Seat 4: AzureCaper ($72 in chips)
AzureCaper: posts small blind $1
buddhasway: posts big blind $3
*** HOLE CARDS ***
AzureCaper: raises $3 to $6
buddhasway: calls $3
*** FLOP *** [Ac 3h Ah]
buddhasway: checks
AzureCaper: bets $3
buddhasway: calls $3
*** TURN *** [Ac 3h Ah] [4d]
buddhasway: checks
AzureCaper: checks
*** RIVER *** [Ac 3h Ah 4d] [7s]
buddhasway: checks
AzureCaper: checks
Wurst2000 joins the table at seat #2
*** SHOW DOWN ***
buddhasway: shows [Th 8c] (a pair of Aces)
AzureCaper: shows [8s Jh] (a pair of Aces - Jack kicker)
AzureCaper collected $17.64 from pot
*** SUMMARY ***
Total pot $18 | Rake $0.36
Board [Ac 3h Ah 4d 7s]
Seat 3: buddhasway (big blind) showed [Th 8c] and lost with a pair of Aces
Seat 4: AzureCaper (button) (small blind) showed [8s Jh] and won ($17.64) with a pair of Aces


PokerStars Hand #155844903603:  Hold'em Limit ($3/$6 USD) - 2016/07/11 14:46:41 ET
Table 'Kastalia' 6-max Seat #3 is the button
Seat 3: buddhasway ($66.68 in chips)
Seat 4: AzureCaper ($87.64 in chips)
buddhasway: posts small blind $1
AzureCaper: posts big blind $3
*** HOLE CARDS ***
buddhasway: calls $2
AzureCaper: checks
*** FLOP *** [3h Ks 9s]
AzureCaper: bets $3
buddhasway: calls $3
*** TURN *** [3h Ks 9s] [9d]
AzureCaper: bets $6
buddhasway: calls $6
*** RIVER *** [3h Ks 9s 9d] [Js]
AzureCaper: checks
buddhasway: bets $6
AzureCaper: calls $6
*** SHOW DOWN ***
buddhasway: shows [9c 6c] (three of a kind, Nines)
AzureCaper: mucks hand
buddhasway collected $35.50 from pot
*** SUMMARY ***
Total pot $36 | Rake $0.50
Board [3h Ks 9s 9d Js]
Seat 3: buddhasway (button) (small blind) showed [9c 6c] and won ($35.50) with three of a kind, Nines
Seat 4: AzureCaper (big blind) mucked


