PokerStars Hand #169289146751:  Hold'em Limit ($3/$6 USD) - 2017/04/19 22:33:16 ET
Table 'Kastalia' 6-max Seat #3 is the button
Seat 3: 40 ft cliff ($120 in chips)
Seat 4: TbIP-TbIP 88 ($72 in chips)
40 ft cliff: posts small blind $1
TbIP-TbIP 88: posts big blind $3
*** HOLE CARDS ***
40 ft cliff: raises $3 to $6
TbIP-TbIP 88: calls $3
*** FLOP *** [8d 9s Jh]
TbIP-TbIP 88: checks
40 ft cliff: bets $3
TbIP-TbIP 88: calls $3
*** TURN *** [8d 9s Jh] [5s]
TbIP-TbIP 88: checks
40 ft cliff: checks
*** RIVER *** [8d 9s Jh 5s] [2h]
TbIP-TbIP 88: bets $6
40 ft cliff: calls $6
*** SHOW DOWN ***
TbIP-TbIP 88: shows [7d 8c] (a pair of Eights)
40 ft cliff: mucks hand
TbIP-TbIP 88 collected $29.50 from pot
*** SUMMARY ***
Total pot $30 | Rake $0.50
Board [8d 9s Jh 5s 2h]
Seat 3: 40 ft cliff (button) (small blind) mucked
Seat 4: TbIP-TbIP 88 (big blind) showed [7d 8c] and won ($29.50) with a pair of Eights


PokerStars Hand #169289184147:  Hold'em Limit ($3/$6 USD) - 2017/04/19 22:35:06 ET
Table 'Kastalia' 6-max Seat #3 is the button
Seat 3: 40 ft cliff ($90 in chips)
Seat 4: TbIP-TbIP 88 ($101 in chips)
40 ft cliff: posts small blind $1
TbIP-TbIP 88: posts big blind $3
*** HOLE CARDS ***
40 ft cliff: raises $3 to $6
TbIP-TbIP 88: calls $3
*** FLOP *** [Ah Ac 5c]
TbIP-TbIP 88: checks
40 ft cliff: bets $3
TbIP-TbIP 88: calls $3
*** TURN *** [Ah Ac 5c] [9c]
TbIP-TbIP 88: checks
40 ft cliff: bets $6
TbIP-TbIP 88: calls $6
*** RIVER *** [Ah Ac 5c 9c] [4c]
TbIP-TbIP 88: bets $6
40 ft cliff: calls $6
*** SHOW DOWN ***
TbIP-TbIP 88: shows [Th Qc] (a flush, Ace high)
40 ft cliff: mucks hand
TbIP-TbIP 88 collected $41.50 from pot
*** SUMMARY ***
Total pot $42 | Rake $0.50
Board [Ah Ac 5c 9c 4c]
Seat 3: 40 ft cliff (button) (small blind) mucked
Seat 4: TbIP-TbIP 88 (big blind) showed [Th Qc] and won ($41.50) with a flush, Ace high


PokerStars Hand #169289163721:  Hold'em Limit ($3/$6 USD) - 2017/04/19 22:34:06 ET
Table 'Kastalia' 6-max Seat #4 is the button
Seat 3: 40 ft cliff ($105 in chips)
Seat 4: TbIP-TbIP 88 ($86.50 in chips)
TbIP-TbIP 88: posts small blind $1
40 ft cliff: posts big blind $3
*** HOLE CARDS ***
TbIP-TbIP 88: raises $3 to $6
40 ft cliff: calls $3
*** FLOP *** [9d 3d 5c]
40 ft cliff: checks
TbIP-TbIP 88: bets $3
40 ft cliff: calls $3
*** TURN *** [9d 3d 5c] [Kh]
40 ft cliff: checks
TbIP-TbIP 88: checks
*** RIVER *** [9d 3d 5c Kh] [2c]
40 ft cliff: checks
TbIP-TbIP 88: bets $6
40 ft cliff: calls $6
*** SHOW DOWN ***
TbIP-TbIP 88: shows [Qh 3c] (a pair of Threes)
40 ft cliff: mucks hand
TbIP-TbIP 88 collected $29.50 from pot
*** SUMMARY ***
Total pot $30 | Rake $0.50
Board [9d 3d 5c Kh 2c]
Seat 3: 40 ft cliff (big blind) mucked
Seat 4: TbIP-TbIP 88 (button) (small blind) showed [Qh 3c] and won ($29.50) with a pair of Threes


PokerStars Hand #169289195390:  Hold'em Limit ($3/$6 USD) - 2017/04/19 22:35:39 ET
Table 'Kastalia' 6-max Seat #4 is the button
Seat 3: 40 ft cliff ($69 in chips)
Seat 4: TbIP-TbIP 88 ($121.50 in chips)
TbIP-TbIP 88: posts small blind $1
40 ft cliff: posts big blind $3
*** HOLE CARDS ***
TbIP-TbIP 88: raises $3 to $6
40 ft cliff: calls $3
*** FLOP *** [Th 7d Kh]
40 ft cliff: bets $3
TbIP-TbIP 88: folds
Uncalled bet ($3) returned to 40 ft cliff
40 ft cliff collected $11.76 from pot
40 ft cliff: doesn't show hand
*** SUMMARY ***
Total pot $12 | Rake $0.24
Board [Th 7d Kh]
Seat 3: 40 ft cliff (big blind) collected ($11.76)
Seat 4: TbIP-TbIP 88 (button) (small blind) folded on the Flop


PokerStars Hand #169289224133:  Hold'em Limit ($3/$6 USD) - 2017/04/19 22:37:02 ET
Table 'Kastalia' 6-max Seat #4 is the button
Seat 3: 40 ft cliff ($85.26 in chips)
Seat 4: TbIP-TbIP 88 ($104.50 in chips)
TbIP-TbIP 88: posts small blind $1
40 ft cliff: posts big blind $3
*** HOLE CARDS ***
TbIP-TbIP 88: folds
Uncalled bet ($2) returned to 40 ft cliff
40 ft cliff collected $2 from pot
40 ft cliff: doesn't show hand
*** SUMMARY ***
Total pot $2 | Rake $0
Seat 3: 40 ft cliff (big blind) collected ($2)
Seat 4: TbIP-TbIP 88 (button) (small blind) folded before Flop


PokerStars Hand #169289222208:  Hold'em Limit ($3/$6 USD) - 2017/04/19 22:36:57 ET
Table 'Kastalia' 6-max Seat #3 is the button
Seat 3: 40 ft cliff ($86.26 in chips)
Seat 4: TbIP-TbIP 88 ($103.50 in chips)
40 ft cliff: posts small blind $1
TbIP-TbIP 88: posts big blind $3
*** HOLE CARDS ***
40 ft cliff: folds
Uncalled bet ($2) returned to TbIP-TbIP 88
TbIP-TbIP 88 collected $2 from pot
TbIP-TbIP 88: doesn't show hand
*** SUMMARY ***
Total pot $2 | Rake $0
Seat 3: 40 ft cliff (button) (small blind) folded before Flop
Seat 4: TbIP-TbIP 88 (big blind) collected ($2)


PokerStars Hand #169289202058:  Hold'em Limit ($3/$6 USD) - 2017/04/19 22:35:58 ET
Table 'Kastalia' 6-max Seat #3 is the button
Seat 3: 40 ft cliff ($74.76 in chips)
Seat 4: TbIP-TbIP 88 ($115.50 in chips)
40 ft cliff: posts small blind $1
TbIP-TbIP 88: posts big blind $3
*** HOLE CARDS ***
40 ft cliff: raises $3 to $6
TbIP-TbIP 88: calls $3
*** FLOP *** [4h 6c 9d]
TbIP-TbIP 88: checks
40 ft cliff: bets $3
TbIP-TbIP 88: calls $3
*** TURN *** [4h 6c 9d] [4d]
TbIP-TbIP 88: checks
40 ft cliff: bets $6
TbIP-TbIP 88: calls $6
*** RIVER *** [4h 6c 9d 4d] [8d]
TbIP-TbIP 88: checks
40 ft cliff: checks
*** SHOW DOWN ***
TbIP-TbIP 88: shows [5h 3h] (a pair of Fours)
40 ft cliff: shows [Jc Ac] (a pair of Fours - Ace kicker)
40 ft cliff collected $29.50 from pot
*** SUMMARY ***
Total pot $30 | Rake $0.50
Board [4h 6c 9d 4d 8d]
Seat 3: 40 ft cliff (button) (small blind) showed [Jc Ac] and won ($29.50) with a pair of Fours
Seat 4: TbIP-TbIP 88 (big blind) showed [5h 3h] and lost with a pair of Fours


PokerStars Hand #169289226075:  Hold'em Limit ($3/$6 USD) - 2017/04/19 22:37:08 ET
Table 'Kastalia' 6-max Seat #3 is the button
Seat 3: 40 ft cliff ($86.26 in chips)
Seat 4: TbIP-TbIP 88 ($103.50 in chips)
40 ft cliff: posts small blind $1
TbIP-TbIP 88: posts big blind $3
*** HOLE CARDS ***
40 ft cliff: folds
Uncalled bet ($2) returned to TbIP-TbIP 88
TbIP-TbIP 88 collected $2 from pot
TbIP-TbIP 88: doesn't show hand
*** SUMMARY ***
Total pot $2 | Rake $0
Seat 3: 40 ft cliff (button) (small blind) folded before Flop
Seat 4: TbIP-TbIP 88 (big blind) collected ($2)


PokerStars Hand #169289219984:  Hold'em Limit ($3/$6 USD) - 2017/04/19 22:36:50 ET
Table 'Kastalia' 6-max Seat #4 is the button
Seat 3: 40 ft cliff ($89.26 in chips)
Seat 4: TbIP-TbIP 88 ($100.50 in chips)
TbIP-TbIP 88: posts small blind $1
40 ft cliff: posts big blind $3
*** HOLE CARDS ***
TbIP-TbIP 88: raises $3 to $6
40 ft cliff: folds
Uncalled bet ($3) returned to TbIP-TbIP 88
TbIP-TbIP 88 collected $6 from pot
TbIP-TbIP 88: doesn't show hand
*** SUMMARY ***
Total pot $6 | Rake $0
Seat 3: 40 ft cliff (big blind) folded before Flop
Seat 4: TbIP-TbIP 88 (button) (small blind) collected ($6)


PokerStars Hand #169289228187:  Hold'em Limit ($3/$6 USD) - 2017/04/19 22:37:14 ET
Table 'Kastalia' 6-max Seat #4 is the button
Seat 3: 40 ft cliff ($85.26 in chips)
Seat 4: TbIP-TbIP 88 ($104.50 in chips)
TbIP-TbIP 88: posts small blind $1
40 ft cliff: posts big blind $3
*** HOLE CARDS ***
TbIP-TbIP 88: raises $3 to $6
40 ft cliff: calls $3
*** FLOP *** [4c 3h 6c]
40 ft cliff: bets $3
TbIP-TbIP 88: raises $3 to $6
40 ft cliff: calls $3
*** TURN *** [4c 3h 6c] [Th]
40 ft cliff: checks
TbIP-TbIP 88: checks
*** RIVER *** [4c 3h 6c Th] [7h]
40 ft cliff: bets $6
TbIP-TbIP 88: raises $6 to $12
40 ft cliff: raises $6 to $18
TbIP-TbIP 88: calls $6
*** SHOW DOWN ***
40 ft cliff: shows [5d Jc] (a straight, Three to Seven)
TbIP-TbIP 88: shows [5c 9d] (a straight, Three to Seven)
40 ft cliff collected $29.75 from pot
TbIP-TbIP 88 collected $29.75 from pot
*** SUMMARY ***
Total pot $60 | Rake $0.50
Board [4c 3h 6c Th 7h]
Seat 3: 40 ft cliff (big blind) showed [5d Jc] and won ($29.75) with a straight, Three to Seven
Seat 4: TbIP-TbIP 88 (button) (small blind) showed [5c 9d] and won ($29.75) with a straight, Three to Seven


PokerStars Hand #169289256354:  Hold'em Limit ($3/$6 USD) - 2017/04/19 22:38:37 ET
Table 'Kastalia' 6-max Seat #3 is the button
Seat 3: 40 ft cliff ($85.01 in chips)
Seat 4: TbIP-TbIP 88 ($104.25 in chips)
40 ft cliff: posts small blind $1
TbIP-TbIP 88: posts big blind $3
*** HOLE CARDS ***
40 ft cliff: raises $3 to $6
TbIP-TbIP 88: calls $3
*** FLOP *** [2s 5c 6s]
TbIP-TbIP 88: checks
40 ft cliff: bets $3
TbIP-TbIP 88: calls $3
*** TURN *** [2s 5c 6s] [6h]
TbIP-TbIP 88: checks
40 ft cliff: bets $6
TbIP-TbIP 88: calls $6
*** RIVER *** [2s 5c 6s 6h] [4s]
TbIP-TbIP 88: bets $6
40 ft cliff: calls $6
*** SHOW DOWN ***
TbIP-TbIP 88: shows [3h Kc] (a straight, Deuce to Six)
40 ft cliff: mucks hand
TbIP-TbIP 88 collected $41.50 from pot
*** SUMMARY ***
Total pot $42 | Rake $0.50
Board [2s 5c 6s 6h 4s]
Seat 3: 40 ft cliff (button) (small blind) mucked
Seat 4: TbIP-TbIP 88 (big blind) showed [3h Kc] and won ($41.50) with a straight, Deuce to Six


PokerStars Hand #169289276890:  Hold'em Limit ($3/$6 USD) - 2017/04/19 22:39:38 ET
Table 'Kastalia' 6-max Seat #4 is the button
Seat 3: 40 ft cliff ($64.01 in chips)
Seat 4: TbIP-TbIP 88 ($124.75 in chips)
TbIP-TbIP 88: posts small blind $1
40 ft cliff: posts big blind $3
*** HOLE CARDS ***
TbIP-TbIP 88: raises $3 to $6
40 ft cliff: raises $3 to $9
TbIP-TbIP 88: calls $3
*** FLOP *** [3d 8d 9s]
40 ft cliff: bets $3
TbIP-TbIP 88: calls $3
*** TURN *** [3d 8d 9s] [7s]
40 ft cliff: bets $6
TbIP-TbIP 88: calls $6
*** RIVER *** [3d 8d 9s 7s] [Jc]
40 ft cliff: bets $6
TbIP-TbIP 88: raises $6 to $12
40 ft cliff: calls $6
*** SHOW DOWN ***
TbIP-TbIP 88: shows [4d Td] (a straight, Seven to Jack)
40 ft cliff: mucks hand
TbIP-TbIP 88 collected $59.50 from pot
*** SUMMARY ***
Total pot $60 | Rake $0.50
Board [3d 8d 9s 7s Jc]
Seat 3: 40 ft cliff (big blind) mucked
Seat 4: TbIP-TbIP 88 (button) (small blind) showed [4d Td] and won ($59.50) with a straight, Seven to Jack


PokerStars Hand #169289292909:  Hold'em Limit ($3/$6 USD) - 2017/04/19 22:40:26 ET
Table 'Kastalia' 6-max Seat #3 is the button
Seat 3: 40 ft cliff ($34.01 in chips)
Seat 4: TbIP-TbIP 88 ($154.25 in chips)
40 ft cliff: posts small blind $1
TbIP-TbIP 88: posts big blind $3
*** HOLE CARDS ***
40 ft cliff: folds
Uncalled bet ($2) returned to TbIP-TbIP 88
TbIP-TbIP 88 collected $2 from pot
TbIP-TbIP 88: doesn't show hand
*** SUMMARY ***
Total pot $2 | Rake $0
Seat 3: 40 ft cliff (button) (small blind) folded before Flop
Seat 4: TbIP-TbIP 88 (big blind) collected ($2)


PokerStars Hand #169289295247:  Hold'em Limit ($3/$6 USD) - 2017/04/19 22:40:33 ET
Table 'Kastalia' 6-max Seat #4 is the button
Seat 3: 40 ft cliff ($33.01 in chips)
Seat 4: TbIP-TbIP 88 ($155.25 in chips)
TbIP-TbIP 88: posts small blind $1
40 ft cliff: posts big blind $3
*** HOLE CARDS ***
TbIP-TbIP 88: raises $3 to $6
40 ft cliff: calls $3
*** FLOP *** [9d Qh Kd]
40 ft cliff: checks
TbIP-TbIP 88: bets $3
40 ft cliff: folds
Uncalled bet ($3) returned to TbIP-TbIP 88
TbIP-TbIP 88 collected $11.76 from pot
TbIP-TbIP 88: doesn't show hand
*** SUMMARY ***
Total pot $12 | Rake $0.24
Board [9d Qh Kd]
Seat 3: 40 ft cliff (big blind) folded on the Flop
Seat 4: TbIP-TbIP 88 (button) (small blind) collected ($11.76)


PokerStars Hand #169289303132:  Hold'em Limit ($3/$6 USD) - 2017/04/19 22:40:56 ET
Table 'Kastalia' 6-max Seat #3 is the button
Seat 3: 40 ft cliff ($27.01 in chips)
Seat 4: TbIP-TbIP 88 ($161.01 in chips)
40 ft cliff: posts small blind $1
TbIP-TbIP 88: posts big blind $3
*** HOLE CARDS ***
40 ft cliff: raises $3 to $6
TbIP-TbIP 88: calls $3
*** FLOP *** [3c Jh 2h]
TbIP-TbIP 88: checks
40 ft cliff: bets $3
TbIP-TbIP 88: calls $3
*** TURN *** [3c Jh 2h] [Kh]
TbIP-TbIP 88: checks
40 ft cliff: bets $6
TbIP-TbIP 88: calls $6
*** RIVER *** [3c Jh 2h Kh] [Ah]
TbIP-TbIP 88: checks
40 ft cliff: bets $6
TbIP-TbIP 88: calls $6
*** SHOW DOWN ***
40 ft cliff: shows [6d 7d] (high card Ace)
TbIP-TbIP 88: shows [2s Ad] (two pair, Aces and Deuces)
TbIP-TbIP 88 collected $41.50 from pot
*** SUMMARY ***
Total pot $42 | Rake $0.50
Board [3c Jh 2h Kh Ah]
Seat 3: 40 ft cliff (button) (small blind) showed [6d 7d] and lost with high card Ace
Seat 4: TbIP-TbIP 88 (big blind) showed [2s Ad] and won ($41.50) with two pair, Aces and Deuces


PokerStars Hand #169289315589:  Hold'em Limit ($3/$6 USD) - 2017/04/19 22:41:33 ET
Table 'Kastalia' 6-max Seat #4 is the button
Seat 3: 40 ft cliff ($6.01 in chips)
Seat 4: TbIP-TbIP 88 ($181.51 in chips)
TbIP-TbIP 88: posts small blind $1
40 ft cliff: posts big blind $3
*** HOLE CARDS ***
TbIP-TbIP 88: raises $3 to $6
40 ft cliff: raises $0.01 to $6.01 and is all-in
TbIP-TbIP 88: calls $0.01
*** FLOP *** [Qd 8s 3h]
*** TURN *** [Qd 8s 3h] [9h]
*** RIVER *** [Qd 8s 3h 9h] [6c]
*** SHOW DOWN ***
40 ft cliff: shows [Kc 2h] (high card King)
TbIP-TbIP 88: shows [6d 4h] (a pair of Sixes)
TbIP-TbIP 88 collected $11.78 from pot
*** SUMMARY ***
Total pot $12.02 | Rake $0.24
Board [Qd 8s 3h 9h 6c]
Seat 3: 40 ft cliff (big blind) showed [Kc 2h] and lost with high card King
Seat 4: TbIP-TbIP 88 (button) (small blind) showed [6d 4h] and won ($11.78) with a pair of Sixes


