PokerStars Hand #171672610912:  Hold'em Limit ($3/$6 USD) - 2017/06/12 6:48:39 ET
Table 'Kastra' 6-max Seat #3 is the button
Seat 2: MTails ($128.76 in chips)
Seat 3: inforitall30 ($66.13 in chips)
inforitall30: posts small blind $1
MTails: posts big blind $3
*** HOLE CARDS ***
inforitall30: calls $2
MTails: raises $3 to $6
inforitall30: calls $3
*** FLOP *** [5s Ac 2s]
MTails: bets $3
inforitall30: folds
Uncalled bet ($3) returned to MTails
MTails collected $11.76 from pot
*** SUMMARY ***
Total pot $12 | Rake $0.24
Board [5s Ac 2s]
Seat 2: MTails (big blind) collected ($11.76)
Seat 3: inforitall30 (button) (small blind) folded on the Flop


PokerStars Hand #171672607817:  Hold'em Limit ($3/$6 USD) - 2017/06/12 6:48:32 ET
Table 'Kastra' 6-max Seat #2 is the button
Seat 2: MTails ($125.76 in chips)
Seat 3: inforitall30 ($69.13 in chips)
MTails: posts small blind $1
inforitall30: posts big blind $3
*** HOLE CARDS ***
MTails: raises $3 to $6
inforitall30: folds
Uncalled bet ($3) returned to MTails
MTails collected $6 from pot
*** SUMMARY ***
Total pot $6 | Rake $0
Seat 2: MTails (button) (small blind) collected ($6)
Seat 3: inforitall30 (big blind) folded before Flop


PokerStars Hand #171672599441:  Hold'em Limit ($3/$6 USD) - 2017/06/12 6:48:11 ET
Table 'Kastra' 6-max Seat #3 is the button
Seat 2: MTails ($120 in chips)
Seat 3: inforitall30 ($75.13 in chips)
inforitall30: posts small blind $1
TbIP-TbIP 88: is sitting out
MTails: posts big blind $3
*** HOLE CARDS ***
TbIP-TbIP 88 leaves the table
inforitall30: calls $2
MTails: raises $3 to $6
inforitall30: calls $3
*** FLOP *** [Ad 3c Jc]
MTails: bets $3
inforitall30: folds
Uncalled bet ($3) returned to MTails
MTails collected $11.76 from pot
*** SUMMARY ***
Total pot $12 | Rake $0.24
Board [Ad 3c Jc]
Seat 2: MTails (big blind) collected ($11.76)
Seat 3: inforitall30 (button) (small blind) folded on the Flop


PokerStars Hand #171672628378:  Hold'em Limit ($3/$6 USD) - 2017/06/12 6:49:22 ET
Table 'Kastra' 6-max Seat #2 is the button
Seat 2: MTails ($149.02 in chips)
Seat 3: inforitall30 ($44.77 in chips)
MTails: posts small blind $1
inforitall30: posts big blind $3
*** HOLE CARDS ***
MTails: raises $3 to $6
inforitall30: calls $3
*** FLOP *** [Jh 4h Ts]
inforitall30: checks
MTails: bets $3
inforitall30: calls $3
*** TURN *** [Jh 4h Ts] [Td]
inforitall30: checks
MTails: bets $6
inforitall30: calls $6
*** RIVER *** [Jh 4h Ts Td] [2h]
inforitall30: checks
MTails: bets $6
inforitall30: calls $6
*** SHOW DOWN ***
MTails: shows [Qc Tc] (three of a kind, Tens)
inforitall30: mucks hand
MTails collected $41.50 from pot
*** SUMMARY ***
Total pot $42 | Rake $0.50
Board [Jh 4h Ts Td 2h]
Seat 2: MTails (button) (small blind) showed [Qc Tc] and won ($41.50) with three of a kind, Tens
Seat 3: inforitall30 (big blind) mucked


PokerStars Hand #171672614418:  Hold'em Limit ($3/$6 USD) - 2017/06/12 6:48:48 ET
Table 'Kastra' 6-max Seat #2 is the button
Seat 2: MTails ($134.52 in chips)
Seat 3: inforitall30 ($60.13 in chips)
MTails: posts small blind $1
inforitall30: posts big blind $3
*** HOLE CARDS ***
MTails: raises $3 to $6
inforitall30: raises $3 to $9
MTails: calls $3
*** FLOP *** [Qh Tc As]
inforitall30: bets $3
MTails: calls $3
*** TURN *** [Qh Tc As] [Jc]
inforitall30: checks
MTails: bets $6
inforitall30: calls $6
*** RIVER *** [Qh Tc As Jc] [8d]
inforitall30: checks
MTails: bets $6
inforitall30: calls $6
*** SHOW DOWN ***
MTails: shows [Kc 7h] (a straight, Ten to Ace)
inforitall30: mucks hand
MTails collected $47.50 from pot
*** SUMMARY ***
Total pot $48 | Rake $0.50
Board [Qh Tc As Jc 8d]
Seat 2: MTails (button) (small blind) showed [Kc 7h] and won ($47.50) with a straight, Ten to Ace
Seat 3: inforitall30 (big blind) mucked


PokerStars Hand #171672622659:  Hold'em Limit ($3/$6 USD) - 2017/06/12 6:49:08 ET
Table 'Kastra' 6-max Seat #3 is the button
Seat 2: MTails ($158.02 in chips)
Seat 3: inforitall30 ($36.13 in chips)
inforitall30: posts small blind $1
MTails: posts big blind $3
*** HOLE CARDS ***
inforitall30: raises $3 to $6
hookonhook joins the table at seat #4
MTails: calls $3
*** FLOP *** [8h Jc 2s]
MTails: checks
inforitall30: bets $3
MTails: calls $3
*** TURN *** [8h Jc 2s] [Qd]
MTails: checks
inforitall30: bets $6
MTails: folds
Uncalled bet ($6) returned to inforitall30
inforitall30 collected $17.64 from pot
inforitall30: doesn't show hand
*** SUMMARY ***
Total pot $18 | Rake $0.36
Board [8h Jc 2s Qd]
Seat 2: MTails (big blind) folded on the Turn
Seat 3: inforitall30 (button) (small blind) collected ($17.64)


PokerStars Hand #171672658232:  Hold'em Limit ($3/$6 USD) - 2017/06/12 6:50:36 ET
Table 'Kastra' 6-max Seat #2 is the button
Seat 2: MTails ($168.65 in chips)
Seat 4: hookonhook ($142.44 in chips)
MTails: posts small blind $1
hookonhook: posts big blind $3
*** HOLE CARDS ***
MTails: raises $3 to $6
hookonhook: calls $3
*** FLOP *** [Kc Jd 5s]
hookonhook: checks
MTails: bets $3
hookonhook: folds
Uncalled bet ($3) returned to MTails
MTails collected $11.76 from pot
*** SUMMARY ***
Total pot $12 | Rake $0.24
Board [Kc Jd 5s]
Seat 2: MTails (button) (small blind) collected ($11.76)
Seat 4: hookonhook (big blind) folded on the Flop


