PokerStars Hand #158328364469:  Hold'em Limit ($3/$6 USD) - 2016/09/08 11:11:21 ET
Table 'Kastalia' 6-max Seat #4 is the button
Seat 1: Auge72 ($119 in chips)
Seat 4: Agrotait ($73 in chips)
Agrotait: posts small blind $1
Auge72: posts big blind $3
*** HOLE CARDS ***
Agrotait: folds
Uncalled bet ($2) returned to Auge72
Auge72 collected $2 from pot
*** SUMMARY ***
Total pot $2 | Rake $0
Seat 1: Auge72 (big blind) collected ($2)
Seat 4: Agrotait (button) (small blind) folded before Flop


PokerStars Hand #158328368256:  Hold'em Limit ($3/$6 USD) - 2016/09/08 11:11:27 ET
Table 'Kastalia' 6-max Seat #1 is the button
Seat 1: Auge72 ($120 in chips)
Seat 4: Agrotait ($72 in chips)
Auge72: posts small blind $1
Agrotait: posts big blind $3
*** HOLE CARDS ***
Auge72: raises $3 to $6
Agrotait: calls $3
*** FLOP *** [5d 8s Jd]
Agrotait: checks
Auge72: bets $3
Agrotait: raises $3 to $6
Auge72: raises $3 to $9
Agrotait: raises $3 to $12
Betting is capped
Auge72: calls $3
*** TURN *** [5d 8s Jd] [Ts]
Agrotait: bets $6
Auge72: calls $6
*** RIVER *** [5d 8s Jd Ts] [9s]
Agrotait: bets $6
Auge72: raises $6 to $12
Agrotait: calls $6
*** SHOW DOWN ***
Auge72: shows [Qh Qc] (a straight, Eight to Queen)
Agrotait: mucks hand
Auge72 collected $71.50 from pot
*** SUMMARY ***
Total pot $72 | Rake $0.50
Board [5d 8s Jd Ts 9s]
Seat 1: Auge72 (button) (small blind) showed [Qh Qc] and won ($71.50) with a straight, Eight to Queen
Seat 4: Agrotait (big blind) mucked


PokerStars Hand #158328385327:  Hold'em Limit ($3/$6 USD) - 2016/09/08 11:11:55 ET
Table 'Kastalia' 6-max Seat #4 is the button
Seat 1: Auge72 ($155.50 in chips)
Seat 4: Agrotait ($72 in chips)
Agrotait: posts small blind $1
Auge72: posts big blind $3
*** HOLE CARDS ***
Agrotait: raises $3 to $6
Auge72: raises $3 to $9
Agrotait: calls $3
*** FLOP *** [2h 2s Tc]
Auge72: bets $3
Agrotait: calls $3
*** TURN *** [2h 2s Tc] [Ac]
Auge72: bets $6
Agrotait: calls $6
*** RIVER *** [2h 2s Tc Ac] [3s]
Auge72: bets $6
Agrotait: folds
Uncalled bet ($6) returned to Auge72
Auge72 collected $35.50 from pot
Auge72: doesn't show hand
*** SUMMARY ***
Total pot $36 | Rake $0.50
Board [2h 2s Tc Ac 3s]
Seat 1: Auge72 (big blind) collected ($35.50)
Seat 4: Agrotait (button) (small blind) folded on the River


PokerStars Hand #158328395190:  Hold'em Limit ($3/$6 USD) - 2016/09/08 11:12:11 ET
Table 'Kastalia' 6-max Seat #1 is the button
Seat 1: Auge72 ($173 in chips)
Seat 4: Agrotait ($72 in chips)
Auge72: posts small blind $1
Agrotait: posts big blind $3
*** HOLE CARDS ***
Auge72: raises $3 to $6
Agrotait: calls $3
*** FLOP *** [Ts 6d 8c]
Agrotait: checks
Auge72: bets $3
Agrotait: calls $3
*** TURN *** [Ts 6d 8c] [7s]
Agrotait: checks
Auge72: bets $6
Agrotait: folds
Uncalled bet ($6) returned to Auge72
Auge72 collected $17.64 from pot
Auge72: doesn't show hand
*** SUMMARY ***
Total pot $18 | Rake $0.36
Board [Ts 6d 8c 7s]
Seat 1: Auge72 (button) (small blind) collected ($17.64)
Seat 4: Agrotait (big blind) folded on the Turn


PokerStars Hand #158328415450:  Hold'em Limit ($3/$6 USD) - 2016/09/08 11:12:44 ET
Table 'Kastalia' 6-max Seat #1 is the button
Seat 1: Auge72 ($178.64 in chips)
Seat 4: Agrotait ($66 in chips)
Auge72: posts small blind $1
Agrotait: posts big blind $3
*** HOLE CARDS ***
Auge72: raises $3 to $6
Agrotait: folds
Uncalled bet ($3) returned to Auge72
Auge72 collected $6 from pot
Auge72: doesn't show hand
*** SUMMARY ***
Total pot $6 | Rake $0
Seat 1: Auge72 (button) (small blind) collected ($6)
Seat 4: Agrotait (big blind) folded before Flop


PokerStars Hand #158328411580:  Hold'em Limit ($3/$6 USD) - 2016/09/08 11:12:38 ET
Table 'Kastalia' 6-max Seat #4 is the button
Seat 1: Auge72 ($181.64 in chips)
Seat 4: Agrotait ($63 in chips)
Agrotait: posts small blind $1
Auge72: posts big blind $3
*** HOLE CARDS ***
Agrotait: raises $3 to $6
Auge72: folds
Uncalled bet ($3) returned to Agrotait
Agrotait collected $6 from pot
Agrotait: doesn't show hand
*** SUMMARY ***
Total pot $6 | Rake $0
Seat 1: Auge72 (big blind) folded before Flop
Seat 4: Agrotait (button) (small blind) collected ($6)


PokerStars Hand #158328423322:  Hold'em Limit ($3/$6 USD) - 2016/09/08 11:12:57 ET
Table 'Kastalia' 6-max Seat #1 is the button
Seat 1: Auge72 ($182.64 in chips)
Seat 4: Agrotait ($62 in chips)
Auge72: posts small blind $1
Agrotait: posts big blind $3
*** HOLE CARDS ***
Auge72: folds
Uncalled bet ($2) returned to Agrotait
Agrotait collected $2 from pot
Agrotait: doesn't show hand
*** SUMMARY ***
Total pot $2 | Rake $0
Seat 1: Auge72 (button) (small blind) folded before Flop
Seat 4: Agrotait (big blind) collected ($2)


PokerStars Hand #158328419029:  Hold'em Limit ($3/$6 USD) - 2016/09/08 11:12:50 ET
Table 'Kastalia' 6-max Seat #4 is the button
Seat 1: Auge72 ($181.64 in chips)
Seat 4: Agrotait ($63 in chips)
Agrotait: posts small blind $1
Auge72: posts big blind $3
*** HOLE CARDS ***
Agrotait: folds
Uncalled bet ($2) returned to Auge72
Auge72 collected $2 from pot
Auge72: doesn't show hand
*** SUMMARY ***
Total pot $2 | Rake $0
Seat 1: Auge72 (big blind) collected ($2)
Seat 4: Agrotait (button) (small blind) folded before Flop


PokerStars Hand #158328430083:  Hold'em Limit ($3/$6 USD) - 2016/09/08 11:13:08 ET
Table 'Kastalia' 6-max Seat #1 is the button
Seat 1: Auge72 ($182.64 in chips)
Seat 4: Agrotait ($62 in chips)
Auge72: posts small blind $1
Agrotait: posts big blind $3
*** HOLE CARDS ***
Auge72: folds
Uncalled bet ($2) returned to Agrotait
Agrotait collected $2 from pot
Agrotait: doesn't show hand
*** SUMMARY ***
Total pot $2 | Rake $0
Seat 1: Auge72 (button) (small blind) folded before Flop
Seat 4: Agrotait (big blind) collected ($2)


PokerStars Hand #158328426331:  Hold'em Limit ($3/$6 USD) - 2016/09/08 11:13:02 ET
Table 'Kastalia' 6-max Seat #4 is the button
Seat 1: Auge72 ($181.64 in chips)
Seat 4: Agrotait ($63 in chips)
Agrotait: posts small blind $1
Auge72: posts big blind $3
*** HOLE CARDS ***
Agrotait: folds
Uncalled bet ($2) returned to Auge72
Auge72 collected $2 from pot
Auge72: doesn't show hand
*** SUMMARY ***
Total pot $2 | Rake $0
Seat 1: Auge72 (big blind) collected ($2)
Seat 4: Agrotait (button) (small blind) folded before Flop


PokerStars Hand #158328433365:  Hold'em Limit ($3/$6 USD) - 2016/09/08 11:13:14 ET
Table 'Kastalia' 6-max Seat #4 is the button
Seat 1: Auge72 ($181.64 in chips)
Seat 4: Agrotait ($63 in chips)
Agrotait: posts small blind $1
Auge72: posts big blind $3
*** HOLE CARDS ***
Agrotait: raises $3 to $6
Auge72: folds
Uncalled bet ($3) returned to Agrotait
Agrotait collected $6 from pot
Agrotait: doesn't show hand
*** SUMMARY ***
Total pot $6 | Rake $0
Seat 1: Auge72 (big blind) folded before Flop
Seat 4: Agrotait (button) (small blind) collected ($6)


PokerStars Hand #158328453716:  Hold'em Limit ($3/$6 USD) - 2016/09/08 11:13:47 ET
Table 'Kastalia' 6-max Seat #4 is the button
Seat 1: Auge72 ($190.16 in chips)
Seat 4: Agrotait ($72 in chips)
Agrotait: posts small blind $1
Auge72: posts big blind $3
*** HOLE CARDS ***
Agrotait: folds
Uncalled bet ($2) returned to Auge72
Auge72 collected $2 from pot
Auge72: doesn't show hand
*** SUMMARY ***
Total pot $2 | Rake $0
Seat 1: Auge72 (big blind) collected ($2)
Seat 4: Agrotait (button) (small blind) folded before Flop


PokerStars Hand #158328441402:  Hold'em Limit ($3/$6 USD) - 2016/09/08 11:13:27 ET
Table 'Kastalia' 6-max Seat #1 is the button
Seat 1: Auge72 ($178.64 in chips)
Seat 4: Agrotait ($66 in chips)
Auge72: posts small blind $1
Agrotait: posts big blind $3
*** HOLE CARDS ***
Auge72: raises $3 to $6
Agrotait: calls $3
*** FLOP *** [5s Ts Js]
Agrotait: checks
Auge72: checks
*** TURN *** [5s Ts Js] [9c]
Agrotait: checks
Auge72: checks
*** RIVER *** [5s Ts Js 9c] [Qh]
Agrotait: bets $6
Auge72: raises $6 to $12
Agrotait: folds
Uncalled bet ($6) returned to Auge72
Auge72 collected $23.52 from pot
Auge72: doesn't show hand
*** SUMMARY ***
Total pot $24 | Rake $0.48
Board [5s Ts Js 9c Qh]
Seat 1: Auge72 (button) (small blind) collected ($23.52)
Seat 4: Agrotait (big blind) folded on the River


PokerStars Hand #158328456977:  Hold'em Limit ($3/$6 USD) - 2016/09/08 11:13:52 ET
Table 'Kastalia' 6-max Seat #1 is the button
Seat 1: Auge72 ($191.16 in chips)
Seat 4: Agrotait ($71 in chips)
Auge72: posts small blind $1
Agrotait: posts big blind $3
*** HOLE CARDS ***
Auge72: raises $3 to $6
Agrotait: calls $3
*** FLOP *** [Td Qd Ac]
Agrotait: checks
Auge72: checks
*** TURN *** [Td Qd Ac] [7d]
BuzovaPro joins the table at seat #2
Agrotait: checks
Auge72: checks
*** RIVER *** [Td Qd Ac 7d] [Jc]
Agrotait: bets $6
Auge72: raises $6 to $12
Agrotait: folds
Uncalled bet ($6) returned to Auge72
Auge72 collected $23.52 from pot
Auge72: doesn't show hand
*** SUMMARY ***
Total pot $24 | Rake $0.48
Board [Td Qd Ac 7d Jc]
Seat 1: Auge72 (button) (small blind) collected ($23.52)
Seat 4: Agrotait (big blind) folded on the River


PokerStars Hand #158328474779:  Hold'em Limit ($3/$6 USD) - 2016/09/08 11:14:21 ET
Table 'Kastalia' 6-max Seat #4 is the button
Seat 1: Auge72 ($202.68 in chips)
Seat 4: Agrotait ($72 in chips)
Agrotait: posts small blind $1
Auge72: posts big blind $3
*** HOLE CARDS ***
Krazy90 joins the table at seat #3
Agrotait: raises $3 to $6
Auge72: calls $3
*** FLOP *** [Tc 7c 4h]
Auge72: checks
Agrotait: checks
*** TURN *** [Tc 7c 4h] [6s]
Auge72: checks
Agrotait: checks
*** RIVER *** [Tc 7c 4h 6s] [Jh]
Auge72: checks
Agrotait: checks
*** SHOW DOWN ***
Auge72: shows [6h 9d] (a pair of Sixes)
Agrotait: mucks hand
Auge72 collected $11.76 from pot
*** SUMMARY ***
Total pot $12 | Rake $0.24
Board [Tc 7c 4h 6s Jh]
Seat 1: Auge72 (big blind) showed [6h 9d] and won ($11.76) with a pair of Sixes
Seat 4: Agrotait (button) (small blind) mucked


