PokerStars Hand #166322964827:  Hold'em Limit ($3/$6 USD) - 2017/02/16 19:55:17 ET
Table 'Kastalia' 6-max Seat #2 is the button
Seat 2: MForce007 ($45.26 in chips)
Seat 4: Actionni13 ($150 in chips)
MForce007: posts small blind $1
Actionni13: posts big blind $3
*** HOLE CARDS ***
MForce007: calls $2
Actionni13: checks
*** FLOP *** [Ac 9s 5s]
Actionni13: checks
MForce007: bets $3
Actionni13: folds
Uncalled bet ($3) returned to MForce007
MForce007 collected $5.88 from pot
MForce007: doesn't show hand
*** SUMMARY ***
Total pot $6 | Rake $0.12
Board [Ac 9s 5s]
Seat 2: MForce007 (button) (small blind) collected ($5.88)
Seat 4: Actionni13 (big blind) folded on the Flop


PokerStars Hand #166322955772:  Hold'em Limit ($3/$6 USD) - 2017/02/16 19:54:59 ET
Table 'Kastalia' 6-max Seat #2 is the button
Seat 2: MForce007 ($40.50 in chips)
Seat 4: Actionni13 ($150 in chips)
MForce007: posts small blind $1
Actionni13: posts big blind $3
*** HOLE CARDS ***
MForce007: folds
Uncalled bet ($2) returned to Actionni13
Actionni13 collected $2 from pot
*** SUMMARY ***
Total pot $2 | Rake $0
Seat 2: MForce007 (button) (small blind) folded before Flop
Seat 4: Actionni13 (big blind) collected ($2)


PokerStars Hand #166322970533:  Hold'em Limit ($3/$6 USD) - 2017/02/16 19:55:29 ET
Table 'Kastalia' 6-max Seat #4 is the button
Seat 2: MForce007 ($48.14 in chips)
Seat 4: Actionni13 ($150 in chips)
Actionni13: posts small blind $1
MForce007: posts big blind $3
*** HOLE CARDS ***
Actionni13: raises $3 to $6
MForce007: calls $3
*** FLOP *** [7s Qc Jc]
MForce007: checks
Actionni13: bets $3
MForce007: calls $3
*** TURN *** [7s Qc Jc] [4s]
MForce007: checks
Actionni13: bets $6
MForce007: calls $6
*** RIVER *** [7s Qc Jc 4s] [Tc]
MForce007: checks
Actionni13: bets $6
MForce007: calls $6
*** SHOW DOWN ***
Actionni13: shows [8s 8c] (a pair of Eights)
MForce007: shows [2c Jh] (a pair of Jacks)
MForce007 collected $41.50 from pot
*** SUMMARY ***
Total pot $42 | Rake $0.50
Board [7s Qc Jc 4s Tc]
Seat 2: MForce007 (big blind) showed [2c Jh] and won ($41.50) with a pair of Jacks
Seat 4: Actionni13 (button) (small blind) showed [8s 8c] and lost with a pair of Eights


PokerStars Hand #166322979751:  Hold'em Limit ($3/$6 USD) - 2017/02/16 19:55:49 ET
Table 'Kastalia' 6-max Seat #2 is the button
Seat 2: MForce007 ($68.64 in chips)
Seat 4: Actionni13 ($150 in chips)
MForce007: posts small blind $1
Actionni13: posts big blind $3
*** HOLE CARDS ***
MForce007: calls $2
Actionni13: raises $3 to $6
MForce007: calls $3
*** FLOP *** [5s Qh Js]
Actionni13: bets $3
MForce007: calls $3
*** TURN *** [5s Qh Js] [Qs]
Actionni13: checks
MForce007: bets $6
Actionni13: calls $6
*** RIVER *** [5s Qh Js Qs] [9c]
Actionni13: checks
MForce007: bets $6
Actionni13: folds
Uncalled bet ($6) returned to MForce007
MForce007 collected $29.50 from pot
MForce007: doesn't show hand
*** SUMMARY ***
Total pot $30 | Rake $0.50
Board [5s Qh Js Qs 9c]
Seat 2: MForce007 (button) (small blind) collected ($29.50)
Seat 4: Actionni13 (big blind) folded on the River


