PokerStars Hand #161945004632:  Hold'em Limit ($3/$6 USD) - 2016/11/25 13:11:50 ET
Table 'Kastra' 6-max Seat #6 is the button
Seat 3: kapelos32 ($31.92 in chips)
Seat 6: xalkai2 ($57.76 in chips)
xalkai2: posts small blind $1
kapelos32: posts big blind $3
*** HOLE CARDS ***
xalkai2: calls $2
kapelos32: raises $3 to $6
xalkai2: calls $3
*** FLOP *** [3s Jc Ts]
kapelos32: bets $3
xalkai2: calls $3
*** TURN *** [3s Jc Ts] [6c]
kapelos32: bets $6
xalkai2: folds
Uncalled bet ($6) returned to kapelos32
kapelos32 collected $17.64 from pot
kapelos32: doesn't show hand
*** SUMMARY ***
Total pot $18 | Rake $0.36
Board [3s Jc Ts 6c]
Seat 3: kapelos32 (big blind) collected ($17.64)
Seat 6: xalkai2 (button) (small blind) folded on the Turn


PokerStars Hand #161944992955:  Hold'em Limit ($3/$6 USD) - 2016/11/25 13:11:37 ET
Table 'Kastra' 6-max Seat #3 is the button
Seat 3: kapelos32 ($23.28 in chips)
Seat 6: xalkai2 ($66.76 in chips)
kapelos32: posts small blind $1
xalkai2: posts big blind $3
*** HOLE CARDS ***
kapelos32: raises $3 to $6
xalkai2: calls $3
*** FLOP *** [Ad 9c 5d]
xalkai2: checks
kapelos32: bets $3
xalkai2: calls $3
*** TURN *** [Ad 9c 5d] [4s]
xalkai2: checks
kapelos32: bets $6
xalkai2: folds
Uncalled bet ($6) returned to kapelos32
kapelos32 collected $17.64 from pot
kapelos32: doesn't show hand
*** SUMMARY ***
Total pot $18 | Rake $0.36
Board [Ad 9c 5d 4s]
Seat 3: kapelos32 (button) (small blind) collected ($17.64)
Seat 6: xalkai2 (big blind) folded on the Turn


PokerStars Hand #161945014529:  Hold'em Limit ($3/$6 USD) - 2016/11/25 13:12:02 ET
Table 'Kastra' 6-max Seat #3 is the button
Seat 3: kapelos32 ($40.56 in chips)
Seat 6: xalkai2 ($48.76 in chips)
kapelos32: posts small blind $1
xalkai2: posts big blind $3
*** HOLE CARDS ***
kapelos32: raises $3 to $6
xalkai2: calls $3
*** FLOP *** [Qh 5h 4c]
xalkai2: checks
kapelos32: bets $3
xalkai2: calls $3
*** TURN *** [Qh 5h 4c] [Jd]
xalkai2: checks
kapelos32: bets $6
xalkai2: calls $6
*** RIVER *** [Qh 5h 4c Jd] [Ad]
xalkai2: checks
kapelos32: bets $6
xalkai2: calls $6
*** SHOW DOWN ***
kapelos32: shows [7c 5d] (a pair of Fives)
xalkai2: mucks hand
kapelos32 collected $41.50 from pot
*** SUMMARY ***
Total pot $42 | Rake $0.50
Board [Qh 5h 4c Jd Ad]
Seat 3: kapelos32 (button) (small blind) showed [7c 5d] and won ($41.50) with a pair of Fives
Seat 6: xalkai2 (big blind) mucked


PokerStars Hand #161945033961:  Hold'em Limit ($3/$6 USD) - 2016/11/25 13:12:24 ET
Table 'Kastra' 6-max Seat #6 is the button
Seat 3: kapelos32 ($61.06 in chips)
Seat 6: xalkai2 ($27.76 in chips)
xalkai2: posts small blind $1
kapelos32: posts big blind $3
*** HOLE CARDS ***
B_loJkl joins the table at seat #1
xalkai2: raises $3 to $6
kapelos32: calls $3
*** FLOP *** [Kd Jd Kc]
kapelos32: checks
xalkai2: bets $3
kapelos32: calls $3
*** TURN *** [Kd Jd Kc] [9s]
kapelos32: checks
xalkai2: bets $6
kapelos32: calls $6
*** RIVER *** [Kd Jd Kc 9s] [Qh]
kapelos32: checks
xalkai2: bets $6
kapelos32: folds
Uncalled bet ($6) returned to xalkai2
xalkai2 collected $29.50 from pot
xalkai2: doesn't show hand
*** SUMMARY ***
Total pot $30 | Rake $0.50
Board [Kd Jd Kc 9s Qh]
Seat 3: kapelos32 (big blind) folded on the River
Seat 6: xalkai2 (button) (small blind) collected ($29.50)


PokerStars Hand #161945712407:  Hold'em Limit ($3/$6 USD) - 2016/11/25 13:25:41 ET
Table 'Kastra' 6-max Seat #2 is the button
Seat 2: Psynto ($106.63 in chips)
Seat 6: parnishka11 ($33.46 in chips)
Psynto: posts small blind $1
vestimokrec: is sitting out
B_loJkl: is sitting out
parnishka11: posts big blind $3
*** HOLE CARDS ***
Psynto: raises $3 to $6
B_loJkl leaves the table
parnishka11: calls $3
*** FLOP *** [Ad Qh Th]
parnishka11: checks
B_loJkl joins the table at seat #1
Psynto: bets $3
parnishka11: raises $3 to $6
Psynto: folds
Uncalled bet ($3) returned to parnishka11
parnishka11 collected $17.64 from pot
vestimokrec leaves the table
*** SUMMARY ***
Total pot $18 | Rake $0.36
Board [Ad Qh Th]
Seat 2: Psynto (button) (small blind) folded on the Flop
Seat 6: parnishka11 (big blind) collected ($17.64)


