PokerStars Hand #168836589402:  Hold'em Limit ($3/$6 USD) - 2017/04/10 7:25:20 ET
Table 'Kastalia II' 6-max Seat #3 is the button
Seat 3: macca04 ($30 in chips)
Seat 4: MTails ($120 in chips)
macca04: posts small blind $1
MTails: posts big blind $3
*** HOLE CARDS ***
macca04: folds
Uncalled bet ($2) returned to MTails
MTails collected $2 from pot
*** SUMMARY ***
Total pot $2 | Rake $0
Seat 3: macca04 (button) (small blind) folded before Flop
Seat 4: MTails (big blind) collected ($2)


PokerStars Hand #168836596734:  Hold'em Limit ($3/$6 USD) - 2017/04/10 7:25:37 ET
Table 'Kastalia II' 6-max Seat #4 is the button
Seat 3: macca04 ($29 in chips)
Seat 4: MTails ($121 in chips)
MTails: posts small blind $1
macca04: posts big blind $3
*** HOLE CARDS ***
MTails: raises $3 to $6
macca04: calls $3
*** FLOP *** [Js 6h Qs]
macca04: checks
MTails: bets $3
macca04: calls $3
*** TURN *** [Js 6h Qs] [6s]
macca04: checks
MTails: bets $6
macca04: calls $6
*** RIVER *** [Js 6h Qs 6s] [7s]
macca04: checks
MTails: bets $6
macca04: calls $6
*** SHOW DOWN ***
MTails: shows [4d Th] (a pair of Sixes)
macca04: shows [9c Jh] (two pair, Jacks and Sixes)
macca04 collected $41.50 from pot
*** SUMMARY ***
Total pot $42 | Rake $0.50
Board [Js 6h Qs 6s 7s]
Seat 3: macca04 (big blind) showed [9c Jh] and won ($41.50) with two pair, Jacks and Sixes
Seat 4: MTails (button) (small blind) showed [4d Th] and lost with a pair of Sixes


PokerStars Hand #168836606794:  Hold'em Limit ($3/$6 USD) - 2017/04/10 7:26:00 ET
Table 'Kastalia II' 6-max Seat #3 is the button
Seat 3: macca04 ($49.50 in chips)
Seat 4: MTails ($100 in chips)
macca04: posts small blind $1
MTails: posts big blind $3
*** HOLE CARDS ***
macca04: calls $2
MTails: raises $3 to $6
macca04: calls $3
*** FLOP *** [Jd 2h 8d]
MTails: bets $3
macca04: folds
Uncalled bet ($3) returned to MTails
MTails collected $11.76 from pot
*** SUMMARY ***
Total pot $12 | Rake $0.24
Board [Jd 2h 8d]
Seat 3: macca04 (button) (small blind) folded on the Flop
Seat 4: MTails (big blind) collected ($11.76)


PokerStars Hand #168836611832:  Hold'em Limit ($3/$6 USD) - 2017/04/10 7:26:12 ET
Table 'Kastalia II' 6-max Seat #4 is the button
Seat 3: macca04 ($43.50 in chips)
Seat 4: MTails ($105.76 in chips)
MTails: posts small blind $1
macca04: posts big blind $3
*** HOLE CARDS ***
MTails: raises $3 to $6
macca04: calls $3
*** FLOP *** [9c 9d 9s]
macca04: checks
MTails: bets $3
macca04: calls $3
*** TURN *** [9c 9d 9s] [4c]
macca04: checks
MTails: bets $6
macca04: calls $6
*** RIVER *** [9c 9d 9s 4c] [Js]
macca04: checks
MTails: bets $6
macca04: calls $6
*** SHOW DOWN ***
MTails: shows [7c 7s] (a full house, Nines full of Sevens)
macca04: mucks hand
MTails collected $41.50 from pot
*** SUMMARY ***
Total pot $42 | Rake $0.50
Board [9c 9d 9s 4c Js]
Seat 3: macca04 (big blind) mucked
Seat 4: MTails (button) (small blind) showed [7c 7s] and won ($41.50) with a full house, Nines full of Sevens


PokerStars Hand #168836621730:  Hold'em Limit ($3/$6 USD) - 2017/04/10 7:26:35 ET
Table 'Kastalia II' 6-max Seat #3 is the button
Seat 3: macca04 ($22.50 in chips)
Seat 4: MTails ($126.26 in chips)
macca04: posts small blind $1
MTails: posts big blind $3
*** HOLE CARDS ***
macca04: folds
Uncalled bet ($2) returned to MTails
MTails collected $2 from pot
*** SUMMARY ***
Total pot $2 | Rake $0
Seat 3: macca04 (button) (small blind) folded before Flop
Seat 4: MTails (big blind) collected ($2)


PokerStars Hand #168836632157:  Hold'em Limit ($3/$6 USD) - 2017/04/10 7:27:00 ET
Table 'Kastalia II' 6-max Seat #3 is the button
Seat 3: macca04 ($42.50 in chips)
Seat 4: MTails ($105.76 in chips)
macca04: posts small blind $1
MTails: posts big blind $3
*** HOLE CARDS ***
macca04: folds
Uncalled bet ($2) returned to MTails
MTails collected $2 from pot
*** SUMMARY ***
Total pot $2 | Rake $0
Seat 3: macca04 (button) (small blind) folded before Flop
Seat 4: MTails (big blind) collected ($2)


PokerStars Hand #168836624623:  Hold'em Limit ($3/$6 USD) - 2017/04/10 7:26:42 ET
Table 'Kastalia II' 6-max Seat #4 is the button
Seat 3: macca04 ($21.50 in chips)
Seat 4: MTails ($127.26 in chips)
MTails: posts small blind $1
macca04: posts big blind $3
*** HOLE CARDS ***
MTails: raises $3 to $6
macca04: calls $3
*** FLOP *** [Kc 4d 7c]
macca04: checks
MTails: bets $3
macca04: raises $3 to $6
MTails: calls $3
*** TURN *** [Kc 4d 7c] [5c]
macca04: bets $6
MTails: calls $6
*** RIVER *** [Kc 4d 7c 5c] [Tc]
macca04: bets $3.50 and is all-in
MTails: calls $3.50
*** SHOW DOWN ***
macca04: shows [7d 8c] (a flush, King high)
MTails: shows [7s Th] (two pair, Tens and Sevens)
macca04 collected $42.50 from pot
*** SUMMARY ***
Total pot $43 | Rake $0.50
Board [Kc 4d 7c 5c Tc]
Seat 3: macca04 (big blind) showed [7d 8c] and won ($42.50) with a flush, King high
Seat 4: MTails (button) (small blind) showed [7s Th] and lost with two pair, Tens and Sevens


PokerStars Hand #168836634321:  Hold'em Limit ($3/$6 USD) - 2017/04/10 7:27:05 ET
Table 'Kastalia II' 6-max Seat #4 is the button
Seat 3: macca04 ($41.50 in chips)
Seat 4: MTails ($106.76 in chips)
MTails: posts small blind $1
macca04: posts big blind $3
*** HOLE CARDS ***
MTails: raises $3 to $6
macca04: raises $3 to $9
MTails: calls $3
*** FLOP *** [Td 6d 6c]
macca04: bets $3
MTails: calls $3
*** TURN *** [Td 6d 6c] [Ac]
macca04: bets $6
MTails: folds
Uncalled bet ($6) returned to macca04
macca04 collected $23.52 from pot
macca04: doesn't show hand
*** SUMMARY ***
Total pot $24 | Rake $0.48
Board [Td 6d 6c Ac]
Seat 3: macca04 (big blind) collected ($23.52)
Seat 4: MTails (button) (small blind) folded on the Turn


PokerStars Hand #168836641225:  Hold'em Limit ($3/$6 USD) - 2017/04/10 7:27:20 ET
Table 'Kastalia II' 6-max Seat #3 is the button
Seat 3: macca04 ($53.02 in chips)
Seat 4: MTails ($94.76 in chips)
macca04: posts small blind $1
MTails: posts big blind $3
*** HOLE CARDS ***
macca04: calls $2
MTails: raises $3 to $6
macca04: calls $3
*** FLOP *** [6d 6c Td]
MTails: bets $3
macca04: calls $3
*** TURN *** [6d 6c Td] [3d]
MTails: checks
macca04: checks
*** RIVER *** [6d 6c Td 3d] [9h]
MTails: checks
macca04: bets $6
MTails: calls $6
*** SHOW DOWN ***
macca04: shows [8c Qc] (a pair of Sixes)
MTails: shows [7c Kc] (a pair of Sixes - King kicker)
MTails collected $29.50 from pot
*** SUMMARY ***
Total pot $30 | Rake $0.50
Board [6d 6c Td 3d 9h]
Seat 3: macca04 (button) (small blind) showed [8c Qc] and lost with a pair of Sixes
Seat 4: MTails (big blind) showed [7c Kc] and won ($29.50) with a pair of Sixes


PokerStars Hand #168836648283:  Hold'em Limit ($3/$6 USD) - 2017/04/10 7:27:37 ET
Table 'Kastalia II' 6-max Seat #4 is the button
Seat 3: macca04 ($38.02 in chips)
Seat 4: MTails ($109.26 in chips)
MTails: posts small blind $1
macca04: posts big blind $3
*** HOLE CARDS ***
MTails: raises $3 to $6
macca04: raises $3 to $9
MTails: calls $3
*** FLOP *** [8d 9c 4h]
macca04: bets $3
MTails: calls $3
*** TURN *** [8d 9c 4h] [9s]
macca04: checks
MTails: checks
*** RIVER *** [8d 9c 4h 9s] [Ks]
macca04: checks
MTails: bets $6
macca04: folds
Uncalled bet ($6) returned to MTails
MTails collected $23.52 from pot
*** SUMMARY ***
Total pot $24 | Rake $0.48
Board [8d 9c 4h 9s Ks]
Seat 3: macca04 (big blind) folded on the River
Seat 4: MTails (button) (small blind) collected ($23.52)


PokerStars Hand #168836656686:  Hold'em Limit ($3/$6 USD) - 2017/04/10 7:27:56 ET
Table 'Kastalia II' 6-max Seat #3 is the button
Seat 3: macca04 ($26.02 in chips)
Seat 4: MTails ($120.78 in chips)
macca04: posts small blind $1
MTails: posts big blind $3
*** HOLE CARDS ***
macca04: folds
Uncalled bet ($2) returned to MTails
MTails collected $2 from pot
*** SUMMARY ***
Total pot $2 | Rake $0
Seat 3: macca04 (button) (small blind) folded before Flop
Seat 4: MTails (big blind) collected ($2)


PokerStars Hand #168836659056:  Hold'em Limit ($3/$6 USD) - 2017/04/10 7:28:02 ET
Table 'Kastalia II' 6-max Seat #4 is the button
Seat 3: macca04 ($25.02 in chips)
Seat 4: MTails ($121.78 in chips)
MTails: posts small blind $1
macca04: posts big blind $3
*** HOLE CARDS ***
MTails: raises $3 to $6
macca04: folds
Uncalled bet ($3) returned to MTails
MTails collected $6 from pot
*** SUMMARY ***
Total pot $6 | Rake $0
Seat 3: macca04 (big blind) folded before Flop
Seat 4: MTails (button) (small blind) collected ($6)


PokerStars Hand #168836662122:  Hold'em Limit ($3/$6 USD) - 2017/04/10 7:28:09 ET
Table 'Kastalia II' 6-max Seat #3 is the button
Seat 3: macca04 ($22.02 in chips)
Seat 4: MTails ($124.78 in chips)
macca04: posts small blind $1
MTails: posts big blind $3
*** HOLE CARDS ***
macca04: raises $3 to $6
sim5sim5 joins the table at seat #5
MTails: calls $3
*** FLOP *** [8c 5d 4d]
MTails: checks
macca04: bets $3
MTails: calls $3
*** TURN *** [8c 5d 4d] [2s]
MTails: checks
macca04: bets $6
MTails: calls $6
*** RIVER *** [8c 5d 4d 2s] [Ks]
MTails: checks
macca04: bets $6
MTails: folds
Uncalled bet ($6) returned to macca04
macca04 collected $29.50 from pot
macca04: doesn't show hand
*** SUMMARY ***
Total pot $30 | Rake $0.50
Board [8c 5d 4d 2s Ks]
Seat 3: macca04 (button) (small blind) collected ($29.50)
Seat 4: MTails (big blind) folded on the River


PokerStars Hand #168837784357:  Hold'em Limit ($3/$6 USD) - 2017/04/10 8:10:37 ET
Table 'Kastalia II' 6-max Seat #3 is the button
Seat 2: Qvidde ($201.43 in chips)
Seat 3: Psynto ($123.82 in chips)
Psynto: posts small blind $1
Qvidde: posts big blind $3
*** HOLE CARDS ***
kungsbjörn leaves the table
Psynto: raises $3 to $6
Qvidde: raises $3 to $9
Psynto: calls $3
*** FLOP *** [3d 6d 5s]
Qvidde: bets $3
Psynto: raises $3 to $6
Qvidde: calls $3
*** TURN *** [3d 6d 5s] [Qh]
Qvidde: checks
Psynto: bets $6
Qvidde: calls $6
*** RIVER *** [3d 6d 5s Qh] [6s]
Qvidde: checks
Psynto: bets $6
Qvidde: folds
Uncalled bet ($6) returned to Psynto
Psynto collected $41.50 from pot
Psynto: doesn't show hand
*** SUMMARY ***
Total pot $42 | Rake $0.50
Board [3d 6d 5s Qh 6s]
Seat 2: Qvidde (big blind) folded on the River
Seat 3: Psynto (button) (small blind) collected ($41.50)


