PokerStars Hand #162362685304:  Hold'em Limit ($3/$6 USD) - 2016/12/03 16:21:40 ET
Table 'Katanga' 6-max Seat #2 is the button
Seat 2: _fayzulllo_ ($71.40 in chips)
Seat 3: LifeisagameX ($84 in chips)
_fayzulllo_: posts small blind $1
LifeisagameX: posts big blind $3
*** HOLE CARDS ***
_fayzulllo_: raises $3 to $6
LifeisagameX: calls $3
*** FLOP *** [2h Qh 5c]
Shnah leaves the table
LifeisagameX: checks
_fayzulllo_: checks
*** TURN *** [2h Qh 5c] [3d]
LifeisagameX: bets $6
_fayzulllo_: raises $6 to $12
LifeisagameX: calls $6
*** RIVER *** [2h Qh 5c 3d] [Ks]
LifeisagameX: bets $6
_fayzulllo_: raises $6 to $12
LifeisagameX: calls $6
*** SHOW DOWN ***
_fayzulllo_: shows [Qd Qc] (three of a kind, Queens)
LifeisagameX: mucks hand
_fayzulllo_ collected $59.50 from pot
*** SUMMARY ***
Total pot $60 | Rake $0.50
Board [2h Qh 5c 3d Ks]
Seat 2: _fayzulllo_ (button) (small blind) showed [Qd Qc] and won ($59.50) with three of a kind, Queens
Seat 3: LifeisagameX (big blind) mucked


PokerStars Hand #162362735175:  Hold'em Limit ($3/$6 USD) - 2016/12/03 16:22:34 ET
Table 'Katanga' 6-max Seat #3 is the button
Seat 2: _fayzulllo_ ($100.90 in chips)
Seat 3: LifeisagameX ($84 in chips)
LifeisagameX: posts small blind $1
_fayzulllo_: posts big blind $3
*** HOLE CARDS ***
LifeisagameX: raises $3 to $6
ToDaFelt joins the table at seat #4
_fayzulllo_: folds
Uncalled bet ($3) returned to LifeisagameX
LifeisagameX collected $6 from pot
LifeisagameX: doesn't show hand
*** SUMMARY ***
Total pot $6 | Rake $0
Seat 2: _fayzulllo_ (big blind) folded before Flop
Seat 3: LifeisagameX (button) (small blind) collected ($6)


PokerStars Hand #162362750635:  Hold'em Limit ($3/$6 USD) - 2016/12/03 16:22:50 ET
Table 'Katanga' 6-max Seat #2 is the button
Seat 2: _fayzulllo_ ($97.90 in chips)
Seat 3: LifeisagameX ($87 in chips)
_fayzulllo_: posts small blind $1
LifeisagameX: posts big blind $3
*** HOLE CARDS ***
_fayzulllo_: calls $2
LifeisagameX: checks
*** FLOP *** [9h Ad Qc]
LifeisagameX: checks
_fayzulllo_: bets $3
LifeisagameX: calls $3
*** TURN *** [9h Ad Qc] [Js]
LifeisagameX: checks
_fayzulllo_: checks
*** RIVER *** [9h Ad Qc Js] [8d]
LifeisagameX: checks
_fayzulllo_: checks
*** SHOW DOWN ***
LifeisagameX: shows [4d 9d] (a pair of Nines)
_fayzulllo_: shows [Ks 9c] (a pair of Nines - Ace+King kicker)
_fayzulllo_ collected $11.76 from pot
*** SUMMARY ***
Total pot $12 | Rake $0.24
Board [9h Ad Qc Js 8d]
Seat 2: _fayzulllo_ (button) (small blind) showed [Ks 9c] and won ($11.76) with a pair of Nines
Seat 3: LifeisagameX (big blind) showed [4d 9d] and lost with a pair of Nines


PokerStars Hand #162362841849:  Hold'em Limit ($3/$6 USD) - 2016/12/03 16:24:28 ET
Table 'Katanga' 6-max Seat #2 is the button
Seat 2: _fayzulllo_ ($79.66 in chips)
Seat 4: ToDaFelt ($114 in chips)
poker111141 will be allowed to play after the button
_fayzulllo_: posts small blind $1
ToDaFelt: posts big blind $3
*** HOLE CARDS ***
LifeisagameX leaves the table
_fayzulllo_: folds
Uncalled bet ($2) returned to ToDaFelt
vestimokrec joins the table at seat #3
ToDaFelt collected $2 from pot
ToDaFelt: doesn't show hand
*** SUMMARY ***
Total pot $2 | Rake $0
Seat 2: _fayzulllo_ (button) (small blind) folded before Flop
Seat 4: ToDaFelt (big blind) collected ($2)


PokerStars Hand #162364630635:  Hold'em Limit ($3/$6 USD) - 2016/12/03 16:55:37 ET
Table 'Katanga' 6-max Seat #6 is the button
Seat 4: ToDaFelt ($191.76 in chips)
Seat 6: wobetting ($57 in chips)
wobetting: posts small blind $1
Widegermany was removed from the table for failing to post
vestimokrec: is sitting out
ToDaFelt: posts big blind $3
*** HOLE CARDS ***
wobetting: folds
Uncalled bet ($2) returned to ToDaFelt
ToDaFelt collected $2 from pot
ToDaFelt: doesn't show hand
*** SUMMARY ***
Total pot $2 | Rake $0
Seat 4: ToDaFelt (big blind) collected ($2)
Seat 6: wobetting (button) (small blind) folded before Flop


