PokerStars Hand #164248033917:  Hold'em Limit ($3/$6 USD) - 2017/01/08 12:47:56 ET
Table 'Katharina' 6-max Seat #4 is the button
Seat 3: llmaiconll ($119 in chips)
Seat 4: VolkovDmitri ($121 in chips)
VolkovDmitri: posts small blind $1
llmaiconll: posts big blind $3
*** HOLE CARDS ***
VolkovDmitri: raises $3 to $6
llmaiconll: folds
Uncalled bet ($3) returned to VolkovDmitri
VolkovDmitri collected $6 from pot
VolkovDmitri: doesn't show hand
*** SUMMARY ***
Total pot $6 | Rake $0
Seat 3: llmaiconll (big blind) folded before Flop
Seat 4: VolkovDmitri (button) (small blind) collected ($6)


PokerStars Hand #164248045111:  Hold'em Limit ($3/$6 USD) - 2017/01/08 12:48:06 ET
Table 'Katharina' 6-max Seat #3 is the button
Seat 3: llmaiconll ($116 in chips)
Seat 4: VolkovDmitri ($124 in chips)
llmaiconll: posts small blind $1
VolkovDmitri: posts big blind $3
*** HOLE CARDS ***
llmaiconll: raises $3 to $6
VolkovDmitri: calls $3
*** FLOP *** [2d Th Qh]
VolkovDmitri: checks
llmaiconll: bets $3
VolkovDmitri: folds
Uncalled bet ($3) returned to llmaiconll
llmaiconll collected $11.76 from pot
llmaiconll: doesn't show hand
*** SUMMARY ***
Total pot $12 | Rake $0.24
Board [2d Th Qh]
Seat 3: llmaiconll (button) (small blind) collected ($11.76)
Seat 4: VolkovDmitri (big blind) folded on the Flop


PokerStars Hand #164248062546:  Hold'em Limit ($3/$6 USD) - 2017/01/08 12:48:22 ET
Table 'Katharina' 6-max Seat #4 is the button
Seat 3: llmaiconll ($121.76 in chips)
Seat 4: VolkovDmitri ($120 in chips)
VolkovDmitri: posts small blind $1
llmaiconll: posts big blind $3
*** HOLE CARDS ***
VolkovDmitri: raises $3 to $6
llmaiconll: folds
Uncalled bet ($3) returned to VolkovDmitri
VolkovDmitri collected $6 from pot
VolkovDmitri: doesn't show hand
*** SUMMARY ***
Total pot $6 | Rake $0
Seat 3: llmaiconll (big blind) folded before Flop
Seat 4: VolkovDmitri (button) (small blind) collected ($6)


PokerStars Hand #164248072170:  Hold'em Limit ($3/$6 USD) - 2017/01/08 12:48:30 ET
Table 'Katharina' 6-max Seat #3 is the button
Seat 3: llmaiconll ($118.76 in chips)
Seat 4: VolkovDmitri ($123 in chips)
llmaiconll: posts small blind $1
VolkovDmitri: posts big blind $3
*** HOLE CARDS ***
llmaiconll: raises $3 to $6
VolkovDmitri: folds
Uncalled bet ($3) returned to llmaiconll
llmaiconll collected $6 from pot
llmaiconll: doesn't show hand
*** SUMMARY ***
Total pot $6 | Rake $0
Seat 3: llmaiconll (button) (small blind) collected ($6)
Seat 4: VolkovDmitri (big blind) folded before Flop


PokerStars Hand #164248084270:  Hold'em Limit ($3/$6 USD) - 2017/01/08 12:48:41 ET
Table 'Katharina' 6-max Seat #4 is the button
Seat 3: llmaiconll ($121.76 in chips)
Seat 4: VolkovDmitri ($120 in chips)
VolkovDmitri: posts small blind $1
llmaiconll: posts big blind $3
*** HOLE CARDS ***
VolkovDmitri: raises $3 to $6
llmaiconll: folds
Uncalled bet ($3) returned to VolkovDmitri
VolkovDmitri collected $6 from pot
VolkovDmitri: doesn't show hand
*** SUMMARY ***
Total pot $6 | Rake $0
Seat 3: llmaiconll (big blind) folded before Flop
Seat 4: VolkovDmitri (button) (small blind) collected ($6)


PokerStars Hand #164248091361:  Hold'em Limit ($3/$6 USD) - 2017/01/08 12:48:48 ET
Table 'Katharina' 6-max Seat #3 is the button
Seat 3: llmaiconll ($118.76 in chips)
Seat 4: VolkovDmitri ($123 in chips)
llmaiconll: posts small blind $1
VolkovDmitri: posts big blind $3
*** HOLE CARDS ***
llmaiconll: raises $3 to $6
VolkovDmitri: raises $3 to $9
llmaiconll: raises $3 to $12
Betting is capped
VolkovDmitri: calls $3
*** FLOP *** [Qd 9d 2c]
VolkovDmitri: checks
llmaiconll: bets $3
VolkovDmitri: calls $3
*** TURN *** [Qd 9d 2c] [6h]
VolkovDmitri: checks
llmaiconll: bets $6
VolkovDmitri: calls $6
*** RIVER *** [Qd 9d 2c 6h] [4d]
VolkovDmitri: checks
llmaiconll: bets $6
VolkovDmitri: calls $6
*** SHOW DOWN ***
llmaiconll: shows [6s 7d] (a pair of Sixes)
VolkovDmitri: mucks hand
llmaiconll collected $53.50 from pot
*** SUMMARY ***
Total pot $54 | Rake $0.50
Board [Qd 9d 2c 6h 4d]
Seat 3: llmaiconll (button) (small blind) showed [6s 7d] and won ($53.50) with a pair of Sixes
Seat 4: VolkovDmitri (big blind) mucked


PokerStars Hand #164248134871:  Hold'em Limit ($3/$6 USD) - 2017/01/08 12:49:26 ET
Table 'Katharina' 6-max Seat #4 is the button
Seat 3: llmaiconll ($145.26 in chips)
Seat 4: VolkovDmitri ($120 in chips)
VolkovDmitri: posts small blind $1
llmaiconll: posts big blind $3
*** HOLE CARDS ***
VolkovDmitri: raises $3 to $6
llmaiconll: raises $3 to $9
VolkovDmitri: calls $3
*** FLOP *** [7c 8c 8s]
llmaiconll: bets $3
VolkovDmitri: folds
Uncalled bet ($3) returned to llmaiconll
llmaiconll collected $17.64 from pot
llmaiconll: doesn't show hand
*** SUMMARY ***
Total pot $18 | Rake $0.36
Board [7c 8c 8s]
Seat 3: llmaiconll (big blind) collected ($17.64)
Seat 4: VolkovDmitri (button) (small blind) folded on the Flop


PokerStars Hand #164248156655:  Hold'em Limit ($3/$6 USD) - 2017/01/08 12:49:46 ET
Table 'Katharina' 6-max Seat #3 is the button
Seat 3: llmaiconll ($153.90 in chips)
Seat 4: VolkovDmitri ($120 in chips)
llmaiconll: posts small blind $1
VolkovDmitri: posts big blind $3
*** HOLE CARDS ***
llmaiconll: raises $3 to $6
VolkovDmitri: calls $3
*** FLOP *** [4h Th Ts]
VolkovDmitri: checks
llmaiconll: bets $3
VolkovDmitri: calls $3
*** TURN *** [4h Th Ts] [5c]
VolkovDmitri: checks
llmaiconll: checks
*** RIVER *** [4h Th Ts 5c] [Ks]
VolkovDmitri: checks
llmaiconll: checks
*** SHOW DOWN ***
VolkovDmitri: shows [9s Jd] (a pair of Tens)
llmaiconll: mucks hand
VolkovDmitri collected $17.64 from pot
*** SUMMARY ***
Total pot $18 | Rake $0.36
Board [4h Th Ts 5c Ks]
Seat 3: llmaiconll (button) (small blind) mucked
Seat 4: VolkovDmitri (big blind) showed [9s Jd] and won ($17.64) with a pair of Tens


PokerStars Hand #164248187685:  Hold'em Limit ($3/$6 USD) - 2017/01/08 12:50:14 ET
Table 'Katharina' 6-max Seat #4 is the button
Seat 3: llmaiconll ($144.90 in chips)
Seat 4: VolkovDmitri ($128.64 in chips)
VolkovDmitri: posts small blind $1
llmaiconll: posts big blind $3
*** HOLE CARDS ***
VolkovDmitri: raises $3 to $6
llmaiconll: raises $3 to $9
VolkovDmitri: calls $3
*** FLOP *** [8s 3c Kd]
llmaiconll: bets $3
VolkovDmitri: calls $3
*** TURN *** [8s 3c Kd] [5h]
llmaiconll: bets $6
VolkovDmitri: folds
Uncalled bet ($6) returned to llmaiconll
llmaiconll collected $23.52 from pot
llmaiconll: doesn't show hand
*** SUMMARY ***
Total pot $24 | Rake $0.48
Board [8s 3c Kd 5h]
Seat 3: llmaiconll (big blind) collected ($23.52)
Seat 4: VolkovDmitri (button) (small blind) folded on the Turn


PokerStars Hand #164248220562:  Hold'em Limit ($3/$6 USD) - 2017/01/08 12:50:43 ET
Table 'Katharina' 6-max Seat #3 is the button
Seat 3: llmaiconll ($156.42 in chips)
Seat 4: VolkovDmitri ($120 in chips)
llmaiconll: posts small blind $1
VolkovDmitri: posts big blind $3
*** HOLE CARDS ***
llmaiconll: raises $3 to $6
VolkovDmitri: calls $3
*** FLOP *** [3c 9s 8s]
VolkovDmitri: checks
llmaiconll: bets $3
VolkovDmitri: raises $3 to $6
llmaiconll: raises $3 to $9
VolkovDmitri: calls $3
*** TURN *** [3c 9s 8s] [Qh]
VolkovDmitri: checks
llmaiconll: bets $6
VolkovDmitri: calls $6
*** RIVER *** [3c 9s 8s Qh] [8d]
VolkovDmitri: checks
llmaiconll: checks
*** SHOW DOWN ***
VolkovDmitri: shows [2s Js] (a pair of Eights)
llmaiconll: shows [Ts As] (a pair of Eights - Ace kicker)
llmaiconll collected $41.50 from pot
*** SUMMARY ***
Total pot $42 | Rake $0.50
Board [3c 9s 8s Qh 8d]
Seat 3: llmaiconll (button) (small blind) showed [Ts As] and won ($41.50) with a pair of Eights
Seat 4: VolkovDmitri (big blind) showed [2s Js] and lost with a pair of Eights


PokerStars Hand #164248245450:  Hold'em Limit ($3/$6 USD) - 2017/01/08 12:51:05 ET
Table 'Katharina' 6-max Seat #4 is the button
Seat 3: llmaiconll ($176.92 in chips)
Seat 4: VolkovDmitri ($120 in chips)
VolkovDmitri: posts small blind $1
llmaiconll: posts big blind $3
*** HOLE CARDS ***
VolkovDmitri: raises $3 to $6
llmaiconll: raises $3 to $9
VolkovDmitri: raises $3 to $12
Betting is capped
llmaiconll: calls $3
*** FLOP *** [6s Ts 6d]
llmaiconll: bets $3
VolkovDmitri: calls $3
*** TURN *** [6s Ts 6d] [7c]
llmaiconll: bets $6
VolkovDmitri: calls $6
*** RIVER *** [6s Ts 6d 7c] [8c]
llmaiconll: bets $6
VolkovDmitri: calls $6
*** SHOW DOWN ***
llmaiconll: shows [Kd Td] (two pair, Tens and Sixes)
VolkovDmitri: mucks hand
llmaiconll collected $53.50 from pot
*** SUMMARY ***
Total pot $54 | Rake $0.50
Board [6s Ts 6d 7c 8c]
Seat 3: llmaiconll (big blind) showed [Kd Td] and won ($53.50) with two pair, Tens and Sixes
Seat 4: VolkovDmitri (button) (small blind) mucked


PokerStars Hand #164248271428:  Hold'em Limit ($3/$6 USD) - 2017/01/08 12:51:29 ET
Table 'Katharina' 6-max Seat #3 is the button
Seat 3: llmaiconll ($203.42 in chips)
Seat 4: VolkovDmitri ($120 in chips)
llmaiconll: posts small blind $1
VolkovDmitri: posts big blind $3
*** HOLE CARDS ***
llmaiconll: raises $3 to $6
VolkovDmitri: folds
Uncalled bet ($3) returned to llmaiconll
llmaiconll collected $6 from pot
llmaiconll: doesn't show hand
*** SUMMARY ***
Total pot $6 | Rake $0
Seat 3: llmaiconll (button) (small blind) collected ($6)
Seat 4: VolkovDmitri (big blind) folded before Flop


PokerStars Hand #164248329445:  Hold'em Limit ($3/$6 USD) - 2017/01/08 12:52:20 ET
Table 'Katharina' 6-max Seat #4 is the button
Seat 3: llmaiconll ($200.42 in chips)
Seat 4: VolkovDmitri ($125.64 in chips)
VolkovDmitri: posts small blind $1
llmaiconll: posts big blind $3
*** HOLE CARDS ***
VolkovDmitri: raises $3 to $6
llmaiconll: calls $3
*** FLOP *** [Jd 8d 9c]
llmaiconll: checks
VolkovDmitri: bets $3
llmaiconll: raises $3 to $6
VolkovDmitri: calls $3
*** TURN *** [Jd 8d 9c] [5h]
denn69 joins the table at seat #5
llmaiconll: bets $6
VolkovDmitri: folds
Uncalled bet ($6) returned to llmaiconll
llmaiconll collected $23.52 from pot
llmaiconll: doesn't show hand
*** SUMMARY ***
Total pot $24 | Rake $0.48
Board [Jd 8d 9c 5h]
Seat 3: llmaiconll (big blind) collected ($23.52)
Seat 4: VolkovDmitri (button) (small blind) folded on the Turn


PokerStars Hand #164248282230:  Hold'em Limit ($3/$6 USD) - 2017/01/08 12:51:38 ET
Table 'Katharina' 6-max Seat #4 is the button
Seat 3: llmaiconll ($206.42 in chips)
Seat 4: VolkovDmitri ($120 in chips)
VolkovDmitri: posts small blind $1
llmaiconll: posts big blind $3
*** HOLE CARDS ***
VolkovDmitri: raises $3 to $6
llmaiconll: calls $3
*** FLOP *** [2c Ac Qc]
llmaiconll: checks
VolkovDmitri: bets $3
llmaiconll: calls $3
*** TURN *** [2c Ac Qc] [Ks]
llmaiconll: checks
VolkovDmitri: checks
*** RIVER *** [2c Ac Qc Ks] [3d]
llmaiconll: checks
VolkovDmitri: checks
*** SHOW DOWN ***
llmaiconll: shows [5c Td] (high card Ace)
VolkovDmitri: shows [2s 4s] (a pair of Deuces)
VolkovDmitri collected $17.64 from pot
*** SUMMARY ***
Total pot $18 | Rake $0.36
Board [2c Ac Qc Ks 3d]
Seat 3: llmaiconll (big blind) showed [5c Td] and lost with high card Ace
Seat 4: VolkovDmitri (button) (small blind) showed [2s 4s] and won ($17.64) with a pair of Deuces


PokerStars Hand #164248315880:  Hold'em Limit ($3/$6 USD) - 2017/01/08 12:52:08 ET
Table 'Katharina' 6-max Seat #3 is the button
Seat 3: llmaiconll ($197.42 in chips)
Seat 4: VolkovDmitri ($128.64 in chips)
llmaiconll: posts small blind $1
VolkovDmitri: posts big blind $3
*** HOLE CARDS ***
llmaiconll: raises $3 to $6
VolkovDmitri: folds
Uncalled bet ($3) returned to llmaiconll
llmaiconll collected $6 from pot
llmaiconll: doesn't show hand
*** SUMMARY ***
Total pot $6 | Rake $0
Seat 3: llmaiconll (button) (small blind) collected ($6)
Seat 4: VolkovDmitri (big blind) folded before Flop


PokerStars Hand #164248368984:  Hold'em Limit ($3/$6 USD) - 2017/01/08 12:52:56 ET
Table 'Katharina' 6-max Seat #3 is the button
Seat 3: llmaiconll ($211.94 in chips)
Seat 4: VolkovDmitri ($120 in chips)
llmaiconll: posts small blind $1
VolkovDmitri: posts big blind $3
*** HOLE CARDS ***
llmaiconll: raises $3 to $6
VolkovDmitri: calls $3
*** FLOP *** [3s 7h Tc]
VolkovDmitri: checks
llmaiconll: bets $3
VolkovDmitri: folds
Uncalled bet ($3) returned to llmaiconll
llmaiconll collected $11.76 from pot
llmaiconll: doesn't show hand
*** SUMMARY ***
Total pot $12 | Rake $0.24
Board [3s 7h Tc]
Seat 3: llmaiconll (button) (small blind) collected ($11.76)
Seat 4: VolkovDmitri (big blind) folded on the Flop


PokerStars Hand #164248556733:  Hold'em Limit ($3/$6 USD) - 2017/01/08 12:55:56 ET
Table 'Katharina' 6-max Seat #4 is the button
Seat 3: llmaiconll ($251.72 in chips)
Seat 4: VolkovDmitri ($171.90 in chips)
VolkovDmitri: posts small blind $1
llmaiconll: posts big blind $3
*** HOLE CARDS ***
VolkovDmitri: raises $3 to $6
llmaiconll: calls $3
*** FLOP *** [6d Ad 8c]
llmaiconll: checks
VolkovDmitri: checks
*** TURN *** [6d Ad 8c] [Qc]
llmaiconll: checks
VolkovDmitri: bets $6
llmaiconll: folds
Uncalled bet ($6) returned to VolkovDmitri
VolkovDmitri collected $11.76 from pot
VolkovDmitri: doesn't show hand
*** SUMMARY ***
Total pot $12 | Rake $0.24
Board [6d Ad 8c Qc]
Seat 3: llmaiconll (big blind) folded on the Turn
Seat 4: VolkovDmitri (button) (small blind) collected ($11.76)


PokerStars Hand #164248581248:  Hold'em Limit ($3/$6 USD) - 2017/01/08 12:56:26 ET
Table 'Katharina' 6-max Seat #4 is the button
Seat 3: llmaiconll ($244.72 in chips)
Seat 4: VolkovDmitri ($178.66 in chips)
VolkovDmitri: posts small blind $1
llmaiconll: posts big blind $3
*** HOLE CARDS ***
VolkovDmitri: folds
Uncalled bet ($2) returned to llmaiconll
llmaiconll collected $2 from pot
llmaiconll: doesn't show hand
*** SUMMARY ***
Total pot $2 | Rake $0
Seat 3: llmaiconll (big blind) collected ($2)
Seat 4: VolkovDmitri (button) (small blind) folded before Flop


PokerStars Hand #164248577117:  Hold'em Limit ($3/$6 USD) - 2017/01/08 12:56:21 ET
Table 'Katharina' 6-max Seat #3 is the button
Seat 3: llmaiconll ($245.72 in chips)
Seat 4: VolkovDmitri ($177.66 in chips)
llmaiconll: posts small blind $1
VolkovDmitri: posts big blind $3
*** HOLE CARDS ***
llmaiconll: folds
Uncalled bet ($2) returned to VolkovDmitri
VolkovDmitri collected $2 from pot
VolkovDmitri: doesn't show hand
*** SUMMARY ***
Total pot $2 | Rake $0
Seat 3: llmaiconll (button) (small blind) folded before Flop
Seat 4: VolkovDmitri (big blind) collected ($2)


PokerStars Hand #164248586113:  Hold'em Limit ($3/$6 USD) - 2017/01/08 12:56:32 ET
Table 'Katharina' 6-max Seat #3 is the button
Seat 3: llmaiconll ($245.72 in chips)
Seat 4: VolkovDmitri ($177.66 in chips)
llmaiconll: posts small blind $1
VolkovDmitri: posts big blind $3
*** HOLE CARDS ***
llmaiconll: raises $3 to $6
VolkovDmitri: calls $3
*** FLOP *** [4d Kh Jh]
VolkovDmitri: checks
llmaiconll: checks
*** TURN *** [4d Kh Jh] [2h]
VolkovDmitri: bets $6
llmaiconll: calls $6
*** RIVER *** [4d Kh Jh 2h] [Ks]
VolkovDmitri: bets $6
llmaiconll: folds
Uncalled bet ($6) returned to VolkovDmitri
VolkovDmitri collected $23.52 from pot
VolkovDmitri: doesn't show hand
*** SUMMARY ***
Total pot $24 | Rake $0.48
Board [4d Kh Jh 2h Ks]
Seat 3: llmaiconll (button) (small blind) folded on the River
Seat 4: VolkovDmitri (big blind) collected ($23.52)


PokerStars Hand #164254019304:  Hold'em Limit ($3/$6 USD) - 2017/01/08 14:19:14 ET
Table 'Katharina' 6-max Seat #6 is the button
Seat 2: juicedog ($138.21 in chips)
Seat 6: PycV ($133.74 in chips)
PycV: posts small blind $1
Krazy90 joins the table at seat #3
juicedog: posts big blind $3
*** HOLE CARDS ***
PycV: raises $3 to $6
juicedog: calls $3
*** FLOP *** [Qc 2c 4d]
juicedog: checks
PycV: bets $3
juicedog: calls $3
*** TURN *** [Qc 2c 4d] [7d]
juicedog: checks
PycV: bets $6
juicedog: calls $6
*** RIVER *** [Qc 2c 4d 7d] [2s]
juicedog: checks
PycV: bets $6
juicedog: calls $6
*** SHOW DOWN ***
PycV: shows [Jc 7c] (two pair, Sevens and Deuces)
juicedog: mucks hand
PycV collected $41.50 from pot
*** SUMMARY ***
Total pot $42 | Rake $0.50
Board [Qc 2c 4d 7d 2s]
Seat 2: juicedog (big blind) mucked
Seat 6: PycV (button) (small blind) showed [Jc 7c] and won ($41.50) with two pair, Sevens and Deuces


PokerStars Hand #164257227198:  Hold'em Limit ($3/$6 USD) - 2017/01/08 15:07:23 ET
Table 'Katharina' 6-max Seat #5 is the button
Seat 5: sokol-max-PS ($82.06 in chips)
Seat 6: PycV ($137.33 in chips)
sokol-max-PS: posts small blind $1
PycV: posts big blind $3
*** HOLE CARDS ***
sokol-max-PS: folds
Uncalled bet ($2) returned to PycV
PycV collected $2 from pot
PycV: doesn't show hand
*** SUMMARY ***
Total pot $2 | Rake $0
Seat 5: sokol-max-PS (button) (small blind) folded before Flop
Seat 6: PycV (big blind) collected ($2)


PokerStars Hand #164257207400:  Hold'em Limit ($3/$6 USD) - 2017/01/08 15:07:06 ET
Table 'Katharina' 6-max Seat #6 is the button
Seat 5: sokol-max-PS ($73.42 in chips)
Seat 6: PycV ($146.33 in chips)
PycV: posts small blind $1
jvc336: is sitting out
sokol-max-PS: posts big blind $3
*** HOLE CARDS ***
PycV: raises $3 to $6
sokol-max-PS: raises $3 to $9
PycV: calls $3
*** FLOP *** [Qc Ks 6h]
sokol-max-PS: bets $3
PycV: folds
Uncalled bet ($3) returned to sokol-max-PS
sokol-max-PS collected $17.64 from pot
sokol-max-PS: doesn't show hand
*** SUMMARY ***
Total pot $18 | Rake $0.36
Board [Qc Ks 6h]
Seat 5: sokol-max-PS (big blind) collected ($17.64)
Seat 6: PycV (button) (small blind) folded on the Flop


