PokerStars Hand #150944884599:  Hold'em Limit ($3/$6 USD) - 2016/03/26 4:20:35 ET
Table 'Katharina' 6-max Seat #1 is the button
Seat 1: riccs23 ($120 in chips)
Seat 4: Mudager ($120 in chips)
riccs23: posts small blind $1
Mudager: posts big blind $3
*** HOLE CARDS ***
riccs23: calls $2
Mudager: raises $3 to $6
riccs23: calls $3
*** FLOP *** [7h Kc 4s]
Mudager: bets $3
riccs23: calls $3
*** TURN *** [7h Kc 4s] [Jc]
Mudager: bets $6
riccs23: raises $6 to $12
Mudager: calls $6
*** RIVER *** [7h Kc 4s Jc] [2h]
Mudager: checks
riccs23: bets $6
Mudager: calls $6
*** SHOW DOWN ***
riccs23: shows [Jh 5s] (a pair of Jacks)
Mudager: mucks hand
riccs23 collected $53.50 from pot
*** SUMMARY ***
Total pot $54 | Rake $0.50
Board [7h Kc 4s Jc 2h]
Seat 1: riccs23 (button) (small blind) showed [Jh 5s] and won ($53.50) with a pair of Jacks
Seat 4: Mudager (big blind) mucked


PokerStars Hand #150944919168:  Hold'em Limit ($3/$6 USD) - 2016/03/26 4:22:14 ET
Table 'Katharina' 6-max Seat #1 is the button
Seat 1: riccs23 ($131.38 in chips)
Seat 4: Mudager ($134.50 in chips)
riccs23: posts small blind $1
Mudager: posts big blind $3
*** HOLE CARDS ***
riccs23: folds
Uncalled bet ($2) returned to Mudager
Mudager collected $2 from pot
Mudager: doesn't show hand
*** SUMMARY ***
Total pot $2 | Rake $0
Seat 1: riccs23 (button) (small blind) folded before Flop
Seat 4: Mudager (big blind) collected ($2)


PokerStars Hand #150944916935:  Hold'em Limit ($3/$6 USD) - 2016/03/26 4:22:07 ET
Table 'Katharina' 6-max Seat #4 is the button
Seat 1: riccs23 ($134.38 in chips)
Seat 4: Mudager ($131.50 in chips)
Mudager: posts small blind $1
riccs23: posts big blind $3
*** HOLE CARDS ***
Mudager: raises $3 to $6
riccs23: folds
Uncalled bet ($3) returned to Mudager
Mudager collected $6 from pot
Mudager: doesn't show hand
*** SUMMARY ***
Total pot $6 | Rake $0
Seat 1: riccs23 (big blind) folded before Flop
Seat 4: Mudager (button) (small blind) collected ($6)


PokerStars Hand #150944910567:  Hold'em Limit ($3/$6 USD) - 2016/03/26 4:21:49 ET
Table 'Katharina' 6-max Seat #1 is the button
Seat 1: riccs23 ($131.50 in chips)
Seat 4: Mudager ($134.50 in chips)
riccs23: posts small blind $1
Mudager: posts big blind $3
*** HOLE CARDS ***
riccs23: calls $2
Mudager: checks
*** FLOP *** [4h 9d 5h]
Mudager: checks
riccs23: bets $3
Mudager: folds
Uncalled bet ($3) returned to riccs23
riccs23 collected $5.88 from pot
riccs23: doesn't show hand
*** SUMMARY ***
Total pot $6 | Rake $0.12
Board [4h 9d 5h]
Seat 1: riccs23 (button) (small blind) collected ($5.88)
Seat 4: Mudager (big blind) folded on the Flop


PokerStars Hand #150944897774:  Hold'em Limit ($3/$6 USD) - 2016/03/26 4:21:13 ET
Table 'Katharina' 6-max Seat #4 is the button
Seat 1: riccs23 ($146.50 in chips)
Seat 4: Mudager ($120 in chips)
Mudager: posts small blind $1
riccs23: posts big blind $3
*** HOLE CARDS ***
Mudager: raises $3 to $6
riccs23: calls $3
*** FLOP *** [8h 7h Kd]
riccs23: checks
Mudager: bets $3
riccs23: calls $3
*** TURN *** [8h 7h Kd] [9c]
riccs23: checks
Mudager: checks
*** RIVER *** [8h 7h Kd 9c] [Ts]
riccs23: bets $6
Mudager: raises $6 to $12
riccs23: folds
Uncalled bet ($6) returned to Mudager
Mudager collected $29.50 from pot
Mudager: doesn't show hand
*** SUMMARY ***
Total pot $30 | Rake $0.50
Board [8h 7h Kd 9c Ts]
Seat 1: riccs23 (big blind) folded on the River
Seat 4: Mudager (button) (small blind) collected ($29.50)


PokerStars Hand #150944930391:  Hold'em Limit ($3/$6 USD) - 2016/03/26 4:22:46 ET
Table 'Katharina' 6-max Seat #1 is the button
Seat 1: riccs23 ($121.38 in chips)
Seat 4: Mudager ($144.14 in chips)
riccs23: posts small blind $1
Mudager: posts big blind $3
*** HOLE CARDS ***
riccs23: folds
Uncalled bet ($2) returned to Mudager
Mudager collected $2 from pot
Mudager: doesn't show hand
*** SUMMARY ***
Total pot $2 | Rake $0
Seat 1: riccs23 (button) (small blind) folded before Flop
Seat 4: Mudager (big blind) collected ($2)


PokerStars Hand #150944921355:  Hold'em Limit ($3/$6 USD) - 2016/03/26 4:22:20 ET
Table 'Katharina' 6-max Seat #4 is the button
Seat 1: riccs23 ($130.38 in chips)
Seat 4: Mudager ($135.50 in chips)
Mudager: posts small blind $1
riccs23: posts big blind $3
*** HOLE CARDS ***
Mudager: raises $3 to $6
riccs23: calls $3
*** FLOP *** [8s 8h 3c]
riccs23: checks
Mudager: bets $3
riccs23: calls $3
*** TURN *** [8s 8h 3c] [9d]
riccs23: checks
Mudager: checks
*** RIVER *** [8s 8h 3c 9d] [8d]
riccs23: checks
Mudager: checks
*** SHOW DOWN ***
riccs23: shows [6d Td] (three of a kind, Eights)
Mudager: shows [Qh Th] (three of a kind, Eights - Queen kicker)
Mudager collected $17.64 from pot
*** SUMMARY ***
Total pot $18 | Rake $0.36
Board [8s 8h 3c 9d 8d]
Seat 1: riccs23 (big blind) showed [6d Td] and lost with three of a kind, Eights
Seat 4: Mudager (button) (small blind) showed [Qh Th] and won ($17.64) with three of a kind, Eights


PokerStars Hand #150944940941:  Hold'em Limit ($3/$6 USD) - 2016/03/26 4:23:16 ET
Table 'Katharina' 6-max Seat #1 is the button
Seat 1: riccs23 ($105.38 in chips)
Seat 4: Mudager ($159.64 in chips)
riccs23: posts small blind $1
Mudager: posts big blind $3
*** HOLE CARDS ***
riccs23: folds
Uncalled bet ($2) returned to Mudager
Mudager collected $2 from pot
Mudager: doesn't show hand
*** SUMMARY ***
Total pot $2 | Rake $0
Seat 1: riccs23 (button) (small blind) folded before Flop
Seat 4: Mudager (big blind) collected ($2)


PokerStars Hand #150944932364:  Hold'em Limit ($3/$6 USD) - 2016/03/26 4:22:51 ET
Table 'Katharina' 6-max Seat #4 is the button
Seat 1: riccs23 ($120.38 in chips)
Seat 4: Mudager ($145.14 in chips)
Mudager: posts small blind $1
riccs23: posts big blind $3
*** HOLE CARDS ***
Mudager: raises $3 to $6
riccs23: calls $3
*** FLOP *** [Tc Js 8d]
riccs23: checks
Mudager: bets $3
riccs23: calls $3
*** TURN *** [Tc Js 8d] [9c]
riccs23: checks
Mudager: checks
*** RIVER *** [Tc Js 8d 9c] [Kc]
riccs23: bets $6
Mudager: calls $6
*** SHOW DOWN ***
riccs23: shows [As 4c] (high card Ace)
Mudager: shows [5c Jd] (a pair of Jacks)
Mudager collected $29.50 from pot
*** SUMMARY ***
Total pot $30 | Rake $0.50
Board [Tc Js 8d 9c Kc]
Seat 1: riccs23 (big blind) showed [As 4c] and lost with high card Ace
Seat 4: Mudager (button) (small blind) showed [5c Jd] and won ($29.50) with a pair of Jacks


PokerStars Hand #150944942716:  Hold'em Limit ($3/$6 USD) - 2016/03/26 4:23:21 ET
Table 'Katharina' 6-max Seat #4 is the button
Seat 1: riccs23 ($104.38 in chips)
Seat 4: Mudager ($160.64 in chips)
Mudager: posts small blind $1
riccs23: posts big blind $3
*** HOLE CARDS ***
Mudager: folds
Uncalled bet ($2) returned to riccs23
Ale4o joins the table at seat #2
riccs23 collected $2 from pot
riccs23: doesn't show hand
*** SUMMARY ***
Total pot $2 | Rake $0
Seat 1: riccs23 (big blind) collected ($2)
Seat 4: Mudager (button) (small blind) folded before Flop


PokerStars Hand #150944982575:  Hold'em Limit ($3/$6 USD) - 2016/03/26 4:25:14 ET
Table 'Katharina' 6-max Seat #3 is the button
Seat 3: RinaFox ($112 in chips)
Seat 4: riccs23 ($102.25 in chips)
RinaFox: posts small blind $1
riccs23: posts big blind $3
*** HOLE CARDS ***
RinaFox: raises $3 to $6
riccs23: folds
Uncalled bet ($3) returned to RinaFox
riccs23 leaves the table
RinaFox collected $6 from pot
RinaFox: doesn't show hand
*** SUMMARY ***
Total pot $6 | Rake $0
Seat 3: RinaFox (button) (small blind) collected ($6)
Seat 4: riccs23 (big blind) folded before Flop


PokerStars Hand #150944975056:  Hold'em Limit ($3/$6 USD) - 2016/03/26 4:24:53 ET
Table 'Katharina' 6-max Seat #2 is the button
Seat 2: Ale4o ($109 in chips)
Seat 3: RinaFox ($111 in chips)
Ale4o: posts small blind $1
RinaFox: posts big blind $3
*** HOLE CARDS ***
Ale4o: folds
Uncalled bet ($2) returned to RinaFox
RinaFox collected $2 from pot
RinaFox: doesn't show hand
*** SUMMARY ***
Total pot $2 | Rake $0
Seat 2: Ale4o (button) (small blind) folded before Flop
Seat 3: RinaFox (big blind) collected ($2)


