PokerStars Hand #159517315803:  Hold'em Limit ($3/$6 USD) - 2016/10/05 14:04:11 ET
Table 'Katja III' 6-max Seat #2 is the button
Seat 2: TinaTurner72 ($120 in chips)
Seat 3: Tsoy777 ($120 in chips)
TinaTurner72: posts small blind $1
Tsoy777: posts big blind $3
*** HOLE CARDS ***
TinaTurner72: raises $3 to $6
Tsoy777: calls $3
*** FLOP *** [Qd Qs 4d]
Tsoy777: checks
TinaTurner72: bets $3
Tsoy777: folds
Uncalled bet ($3) returned to TinaTurner72
TinaTurner72 collected $11.76 from pot
TinaTurner72: doesn't show hand
*** SUMMARY ***
Total pot $12 | Rake $0.24
Board [Qd Qs 4d]
Seat 2: TinaTurner72 (button) (small blind) collected ($11.76)
Seat 3: Tsoy777 (big blind) folded on the Flop


PokerStars Hand #159517350682:  Hold'em Limit ($3/$6 USD) - 2016/10/05 14:04:53 ET
Table 'Katja III' 6-max Seat #2 is the button
Seat 2: TinaTurner72 ($140.26 in chips)
Seat 3: Tsoy777 ($99 in chips)
TinaTurner72: posts small blind $1
Tsoy777: posts big blind $3
*** HOLE CARDS ***
TinaTurner72: folds
Uncalled bet ($2) returned to Tsoy777
Tsoy777 collected $2 from pot
Tsoy777: doesn't show hand
*** SUMMARY ***
Total pot $2 | Rake $0
Seat 2: TinaTurner72 (button) (small blind) folded before Flop
Seat 3: Tsoy777 (big blind) collected ($2)


PokerStars Hand #159517335799:  Hold'em Limit ($3/$6 USD) - 2016/10/05 14:04:35 ET
Table 'Katja III' 6-max Seat #3 is the button
Seat 2: TinaTurner72 ($125.76 in chips)
Seat 3: Tsoy777 ($114 in chips)
Tsoy777: posts small blind $1
TinaTurner72: posts big blind $3
*** HOLE CARDS ***
Tsoy777: raises $3 to $6
TinaTurner72: calls $3
*** FLOP *** [2s 4h 7s]
TinaTurner72: checks
ChinaBoy420 joins the table at seat #4
Tsoy777: bets $3
TinaTurner72: calls $3
*** TURN *** [2s 4h 7s] [Ah]
TinaTurner72: checks
Tsoy777: bets $6
TinaTurner72: calls $6
*** RIVER *** [2s 4h 7s Ah] [4c]
TinaTurner72: bets $6
Tsoy777: folds
Uncalled bet ($6) returned to TinaTurner72
TinaTurner72 collected $29.50 from pot
TinaTurner72: doesn't show hand
*** SUMMARY ***
Total pot $30 | Rake $0.50
Board [2s 4h 7s Ah 4c]
Seat 2: TinaTurner72 (big blind) collected ($29.50)
Seat 3: Tsoy777 (button) (small blind) folded on the River


PokerStars Hand #159517547017:  Hold'em Limit ($3/$6 USD) - 2016/10/05 14:08:49 ET
Table 'Katja III' 6-max Seat #4 is the button
Seat 3: Tsoy777 ($111.17 in chips)
Seat 4: ChinaBoy420 ($117.84 in chips)
ChinaBoy420: posts small blind $1
TinaTurner72: is sitting out
Tsoy777: posts big blind $3
*** HOLE CARDS ***
TinaTurner72 leaves the table
ChinaBoy420: raises $3 to $6
Tsoy777: raises $3 to $9
ChinaBoy420: raises $3 to $12
Betting is capped
Tsoy777: calls $3
*** FLOP *** [8s 8d 4d]
Tsoy777: bets $3
ChinaBoy420: calls $3
*** TURN *** [8s 8d 4d] [Ks]
Tsoy777: checks
ChinaBoy420: bets $6
Tsoy777: raises $6 to $12
ChinaBoy420: calls $6
*** RIVER *** [8s 8d 4d Ks] [9c]
Tsoy777: bets $6
ChinaBoy420: raises $6 to $12
Tsoy777: raises $6 to $18
ChinaBoy420: raises $6 to $24
Betting is capped
Tsoy777: calls $6
*** SHOW DOWN ***
ChinaBoy420: shows [9s 9d] (a full house, Nines full of Eights)
Tsoy777: mucks hand
ChinaBoy420 collected $101.50 from pot
*** SUMMARY ***
Total pot $102 | Rake $0.50
Board [8s 8d 4d Ks 9c]
Seat 3: Tsoy777 (big blind) mucked
Seat 4: ChinaBoy420 (button) (small blind) showed [9s 9d] and won ($101.50) with a full house, Nines full of Eights


PokerStars Hand #159517569275:  Hold'em Limit ($3/$6 USD) - 2016/10/05 14:09:16 ET
Table 'Katja III' 6-max Seat #3 is the button
Seat 3: Tsoy777 ($60.17 in chips)
Seat 4: ChinaBoy420 ($168.34 in chips)
Tsoy777: posts small blind $1
ChinaBoy420: posts big blind $3
*** HOLE CARDS ***
Tsoy777: raises $3 to $6
ChinaBoy420: calls $3
*** FLOP *** [2s 4h Ks]
ChinaBoy420: checks
Tsoy777: bets $3
ChinaBoy420: folds
Uncalled bet ($3) returned to Tsoy777
Tsoy777 collected $11.76 from pot
Tsoy777: doesn't show hand
*** SUMMARY ***
Total pot $12 | Rake $0.24
Board [2s 4h Ks]
Seat 3: Tsoy777 (button) (small blind) collected ($11.76)
Seat 4: ChinaBoy420 (big blind) folded on the Flop


PokerStars Hand #159517579207:  Hold'em Limit ($3/$6 USD) - 2016/10/05 14:09:28 ET
Table 'Katja III' 6-max Seat #4 is the button
Seat 3: Tsoy777 ($65.93 in chips)
Seat 4: ChinaBoy420 ($162.34 in chips)
ChinaBoy420: posts small blind $1
Tsoy777: posts big blind $3
*** HOLE CARDS ***
ChinaBoy420: folds
Uncalled bet ($2) returned to Tsoy777
Tsoy777 collected $2 from pot
Tsoy777: doesn't show hand
*** SUMMARY ***
Total pot $2 | Rake $0
Seat 3: Tsoy777 (big blind) collected ($2)
Seat 4: ChinaBoy420 (button) (small blind) folded before Flop


PokerStars Hand #159517588740:  Hold'em Limit ($3/$6 USD) - 2016/10/05 14:09:39 ET
Table 'Katja III' 6-max Seat #4 is the button
Seat 3: Tsoy777 ($65.93 in chips)
Seat 4: ChinaBoy420 ($162.34 in chips)
ChinaBoy420: posts small blind $1
Tsoy777: posts big blind $3
*** HOLE CARDS ***
ChinaBoy420: folds
Uncalled bet ($2) returned to Tsoy777
Tsoy777 collected $2 from pot
Tsoy777: doesn't show hand
*** SUMMARY ***
Total pot $2 | Rake $0
Seat 3: Tsoy777 (big blind) collected ($2)
Seat 4: ChinaBoy420 (button) (small blind) folded before Flop


PokerStars Hand #159517583887:  Hold'em Limit ($3/$6 USD) - 2016/10/05 14:09:33 ET
Table 'Katja III' 6-max Seat #3 is the button
Seat 3: Tsoy777 ($66.93 in chips)
Seat 4: ChinaBoy420 ($161.34 in chips)
Tsoy777: posts small blind $1
ChinaBoy420: posts big blind $3
*** HOLE CARDS ***
Tsoy777: folds
Uncalled bet ($2) returned to ChinaBoy420
ChinaBoy420 collected $2 from pot
ChinaBoy420: doesn't show hand
*** SUMMARY ***
Total pot $2 | Rake $0
Seat 3: Tsoy777 (button) (small blind) folded before Flop
Seat 4: ChinaBoy420 (big blind) collected ($2)


