PokerStars Hand #169214917202:  Hold'em Limit ($3/$6 USD) - 2017/04/18 10:43:49 ET
Table 'Katja' 6-max Seat #1 is the button
Seat 1: LifeisagameX ($84 in chips)
Seat 2: HAOYUN88888 ($120 in chips)
LifeisagameX: posts small blind $1
HAOYUN88888: posts big blind $3
*** HOLE CARDS ***
pdsnr joins the table at seat #3
LifeisagameX: raises $3 to $6
HAOYUN88888: folds
Uncalled bet ($3) returned to LifeisagameX
LifeisagameX collected $6 from pot
LifeisagameX: doesn't show hand
*** SUMMARY ***
Total pot $6 | Rake $0
Seat 1: LifeisagameX (button) (small blind) collected ($6)
Seat 2: HAOYUN88888 (big blind) folded before Flop


PokerStars Hand #169215452066:  Hold'em Limit ($3/$6 USD) - 2017/04/18 10:57:15 ET
Table 'Katja' 6-max Seat #4 is the button
Seat 1: Qvidde ($94.56 in chips)
Seat 4: B_loJkl ($103.75 in chips)
B_loJkl: posts small blind $1
degal76: is sitting out
Qvidde: posts big blind $3
*** HOLE CARDS ***
degal76 leaves the table
B_loJkl: folds
Uncalled bet ($2) returned to Qvidde
Qvidde collected $2 from pot
Qvidde: doesn't show hand
*** SUMMARY ***
Total pot $2 | Rake $0
Seat 1: Qvidde (big blind) collected ($2)
Seat 4: B_loJkl (button) (small blind) folded before Flop


