PokerStars Hand #145647100384:  Hold'em Limit ($3/$6 USD) - 2015/12/20 13:59:30 ET
Table 'Katja' 6-max Seat #2 is the button
Seat 1: korrnel ($120 in chips)
Seat 2: Dok2920 ($207.67 in chips)
Dok2920: posts small blind $1
Mordnilap: is sitting out
korrnel: posts big blind $3
*** HOLE CARDS ***
Dok2920: raises $3 to $6
Mordnilap leaves the table
korrnel: calls $3
*** FLOP *** [4s 4d Qd]
korrnel: checks
Dok2920: bets $3
korrnel: calls $3
*** TURN *** [4s 4d Qd] [Jh]
korrnel: checks
Dok2920: bets $6
korrnel: calls $6
*** RIVER *** [4s 4d Qd Jh] [9d]
korrnel: checks
Dok2920: checks
*** SHOW DOWN ***
korrnel: shows [As 3s] (a pair of Fours)
Dok2920: shows [Ac 5s] (a pair of Fours)
korrnel collected $14.75 from pot
Dok2920 collected $14.75 from pot
*** SUMMARY ***
Total pot $30 | Rake $0.50
Board [4s 4d Qd Jh 9d]
Seat 1: korrnel (big blind) showed [As 3s] and won ($14.75) with a pair of Fours
Seat 2: Dok2920 (button) (small blind) showed [Ac 5s] and won ($14.75) with a pair of Fours


