PokerStars Hand #176104756302:  Hold'em Limit ($3/$6 USD) - 2017/09/25 11:20:44 ET
Table 'Kayala' 6-max Seat #1 is the button
Seat 1: ANIN1337 ($31.95 in chips)
Seat 4: Agrotait ($66 in chips)
ANIN1337: posts small blind $1
Agrotait: posts big blind $3
*** HOLE CARDS ***
ANIN1337: raises $3 to $6
Ag3r0n joins the table at seat #2
Agrotait: raises $3 to $9
ANIN1337: calls $3
*** FLOP *** [Ks As 3s]
Agrotait: bets $3
ANIN1337: calls $3
*** TURN *** [Ks As 3s] [Jc]
Agrotait: bets $6
ANIN1337: folds
Uncalled bet ($6) returned to Agrotait
Agrotait collected $23.52 from pot
Agrotait: doesn't show hand
*** SUMMARY ***
Total pot $24 | Rake $0.48
Board [Ks As 3s Jc]
Seat 1: ANIN1337 (button) (small blind) folded on the Turn
Seat 4: Agrotait (big blind) collected ($23.52)


PokerStars Hand #176104772080:  Hold'em Limit ($3/$6 USD) - 2017/09/25 11:21:11 ET
Table 'Kayala' 6-max Seat #4 is the button
Seat 1: ANIN1337 ($19.95 in chips)
Seat 4: Agrotait ($77.52 in chips)
Agrotait: posts small blind $1
ANIN1337: posts big blind $3
*** HOLE CARDS ***
Agrotait: raises $3 to $6
ANIN1337: folds
Uncalled bet ($3) returned to Agrotait
Agrotait collected $6 from pot
Agrotait: doesn't show hand
*** SUMMARY ***
Total pot $6 | Rake $0
Seat 1: ANIN1337 (big blind) folded before Flop
Seat 4: Agrotait (button) (small blind) collected ($6)


PokerStars Hand #176104959135:  Hold'em Limit ($3/$6 USD) - 2017/09/25 11:26:26 ET
Table 'Kayala' 6-max Seat #3 is the button
Seat 2: Ag3r0n ($96.81 in chips)
Seat 3: Whatze Phuck ($77 in chips)
Whatze Phuck: posts small blind $1
Ag3r0n: posts big blind $3
*** HOLE CARDS ***
Whatze Phuck: raises $3 to $6
Ag3r0n: folds
Uncalled bet ($3) returned to Whatze Phuck
Whatze Phuck collected $6 from pot
Whatze Phuck: doesn't show hand
*** SUMMARY ***
Total pot $6 | Rake $0
Seat 2: Ag3r0n (big blind) folded before Flop
Seat 3: Whatze Phuck (button) (small blind) collected ($6)


