PokerStars Hand #146895619245:  Hold'em Limit ($3/$6 USD) - 2016/01/12 0:00:54 ET
Table 'Keeler' 2-max Seat #2 is the button
Seat 1: marisacrisom ($120 in chips)
Seat 2: Masqb ($126 in chips)
Masqb: posts small blind $1
marisacrisom: posts big blind $3
*** HOLE CARDS ***
Masqb: folds
Uncalled bet ($2) returned to marisacrisom
marisacrisom collected $2 from pot
marisacrisom: doesn't show hand
*** SUMMARY ***
Total pot $2 | Rake $0
Seat 1: marisacrisom (big blind) collected ($2)
Seat 2: Masqb (button) (small blind) folded before Flop


PokerStars Hand #146895636877:  Hold'em Limit ($3/$6 USD) - 2016/01/12 0:01:57 ET
Table 'Keeler' 2-max Seat #1 is the button
Seat 1: marisacrisom ($85 in chips)
Seat 2: Masqb ($160.14 in chips)
marisacrisom: posts small blind $1
Masqb: posts big blind $3
*** HOLE CARDS ***
marisacrisom: raises $3 to $6
Masqb: calls $3
*** FLOP *** [8c 7d 2h]
Masqb: checks
marisacrisom: bets $3
Masqb: calls $3
*** TURN *** [8c 7d 2h] [4h]
Masqb: checks
marisacrisom: bets $6
Masqb: calls $6
*** RIVER *** [8c 7d 2h 4h] [9c]
Masqb: checks
marisacrisom: checks
*** SHOW DOWN ***
Masqb: shows [Ks Tc] (high card King)
marisacrisom: shows [8h Qh] (a pair of Eights)
marisacrisom collected $29.50 from pot
*** SUMMARY ***
Total pot $30 | Rake $0.50
Board [8c 7d 2h 4h 9c]
Seat 1: marisacrisom (button) (small blind) showed [8h Qh] and won ($29.50) with a pair of Eights
Seat 2: Masqb (big blind) showed [Ks Tc] and lost with high card King


PokerStars Hand #146895630760:  Hold'em Limit ($3/$6 USD) - 2016/01/12 0:01:35 ET
Table 'Keeler' 2-max Seat #2 is the button
Seat 1: marisacrisom ($94 in chips)
Seat 2: Masqb ($151.50 in chips)
Masqb: posts small blind $1
marisacrisom: posts big blind $3
*** HOLE CARDS ***
Masqb: raises $3 to $6
marisacrisom: calls $3
*** FLOP *** [4h 8s 8d]
marisacrisom: checks
Masqb: bets $3
marisacrisom: calls $3
*** TURN *** [4h 8s 8d] [Tc]
marisacrisom: checks
Masqb: bets $6
marisacrisom: folds
Uncalled bet ($6) returned to Masqb
Masqb collected $17.64 from pot
Masqb: doesn't show hand
*** SUMMARY ***
Total pot $18 | Rake $0.36
Board [4h 8s 8d Tc]
Seat 1: marisacrisom (big blind) folded on the Turn
Seat 2: Masqb (button) (small blind) collected ($17.64)


PokerStars Hand #146895624318:  Hold'em Limit ($3/$6 USD) - 2016/01/12 0:01:12 ET
Table 'Keeler' 2-max Seat #1 is the button
Seat 1: marisacrisom ($121 in chips)
Seat 2: Masqb ($125 in chips)
marisacrisom: posts small blind $1
Masqb: posts big blind $3
*** HOLE CARDS ***
marisacrisom: raises $3 to $6
Masqb: calls $3
*** FLOP *** [Tc Qh 5c]
Masqb: checks
marisacrisom: bets $3
Masqb: calls $3
*** TURN *** [Tc Qh 5c] [Kh]
Masqb: checks
marisacrisom: bets $6
Masqb: raises $6 to $12
marisacrisom: calls $6
*** RIVER *** [Tc Qh 5c Kh] [7c]
Masqb: bets $6
marisacrisom: calls $6
*** SHOW DOWN ***
Masqb: shows [Kc 7s] (two pair, Kings and Sevens)
marisacrisom: mucks hand
Masqb collected $53.50 from pot
*** SUMMARY ***
Total pot $54 | Rake $0.50
Board [Tc Qh 5c Kh 7c]
Seat 1: marisacrisom (button) (small blind) mucked
Seat 2: Masqb (big blind) showed [Kc 7s] and won ($53.50) with two pair, Kings and Sevens


PokerStars Hand #146895648600:  Hold'em Limit ($3/$6 USD) - 2016/01/12 0:02:37 ET
Table 'Keeler' 2-max Seat #1 is the button
Seat 1: marisacrisom ($129.66 in chips)
Seat 2: Masqb ($150.90 in chips)
marisacrisom: posts small blind $1
Masqb: posts big blind $3
*** HOLE CARDS ***
marisacrisom: raises $3 to $6
Masqb: raises $3 to $9
marisacrisom: raises $3 to $12
Betting is capped
Masqb: calls $3
*** FLOP *** [Tc 8c 5c]
Masqb: checks
marisacrisom: bets $3
Masqb: raises $3 to $6
marisacrisom: calls $3
*** TURN *** [Tc 8c 5c] [Qs]
Masqb: bets $6
marisacrisom: calls $6
*** RIVER *** [Tc 8c 5c Qs] [5h]
Masqb: bets $6
marisacrisom: calls $6
*** SHOW DOWN ***
Masqb: shows [Kc Kd] (two pair, Kings and Fives)
marisacrisom: mucks hand
Masqb collected $59.50 from pot
*** SUMMARY ***
Total pot $60 | Rake $0.50
Board [Tc 8c 5c Qs 5h]
Seat 1: marisacrisom (button) (small blind) mucked
Seat 2: Masqb (big blind) showed [Kc Kd] and won ($59.50) with two pair, Kings and Fives


PokerStars Hand #146895645321:  Hold'em Limit ($3/$6 USD) - 2016/01/12 0:02:25 ET
Table 'Keeler' 2-max Seat #2 is the button
Seat 1: marisacrisom ($135.66 in chips)
Seat 2: Masqb ($145.14 in chips)
Masqb: posts small blind $1
marisacrisom: posts big blind $3
*** HOLE CARDS ***
Masqb: raises $3 to $6
marisacrisom: calls $3
*** FLOP *** [Qc 3d 7c]
marisacrisom: folds
Masqb collected $11.76 from pot
Masqb: doesn't show hand
*** SUMMARY ***
Total pot $12 | Rake $0.24
Board [Qc 3d 7c]
Seat 1: marisacrisom (big blind) folded on the Flop
Seat 2: Masqb (button) (small blind) collected ($11.76)


PokerStars Hand #146895678249:  Hold'em Limit ($3/$6 USD) - 2016/01/12 0:04:20 ET
Table 'Keeler' 2-max Seat #1 is the button
Seat 1: marisacrisom ($89.42 in chips)
Seat 2: Masqb ($189.90 in chips)
marisacrisom: posts small blind $1
Masqb: posts big blind $3
*** HOLE CARDS ***
marisacrisom: folds
Uncalled bet ($2) returned to Masqb
Masqb collected $2 from pot
Masqb: doesn't show hand
*** SUMMARY ***
Total pot $2 | Rake $0
Seat 1: marisacrisom (button) (small blind) folded before Flop
Seat 2: Masqb (big blind) collected ($2)


PokerStars Hand #146895670313:  Hold'em Limit ($3/$6 USD) - 2016/01/12 0:03:53 ET
Table 'Keeler' 2-max Seat #2 is the button
Seat 1: marisacrisom ($83.66 in chips)
Seat 2: Masqb ($195.90 in chips)
Masqb: posts small blind $1
marisacrisom: posts big blind $3
*** HOLE CARDS ***
Masqb: raises $3 to $6
marisacrisom: calls $3
*** FLOP *** [Jc 9d 8h]
marisacrisom: checks
Masqb: checks
*** TURN *** [Jc 9d 8h] [2d]
marisacrisom: checks
Masqb: checks
*** RIVER *** [Jc 9d 8h 2d] [Th]
marisacrisom: bets $6
Masqb: folds
Uncalled bet ($6) returned to marisacrisom
marisacrisom collected $11.76 from pot
marisacrisom: doesn't show hand
*** SUMMARY ***
Total pot $12 | Rake $0.24
Board [Jc 9d 8h 2d Th]
Seat 1: marisacrisom (big blind) collected ($11.76)
Seat 2: Masqb (button) (small blind) folded on the River


PokerStars Hand #146895668550:  Hold'em Limit ($3/$6 USD) - 2016/01/12 0:03:47 ET
Table 'Keeler' 2-max Seat #1 is the button
Seat 1: marisacrisom ($80.66 in chips)
Seat 2: Masqb ($198.90 in chips)
marisacrisom: posts small blind $1
Masqb: posts big blind $3
*** HOLE CARDS ***
marisacrisom: raises $3 to $6
Masqb: folds
Uncalled bet ($3) returned to marisacrisom
marisacrisom collected $6 from pot
marisacrisom: doesn't show hand
*** SUMMARY ***
Total pot $6 | Rake $0
Seat 1: marisacrisom (button) (small blind) collected ($6)
Seat 2: Masqb (big blind) folded before Flop


PokerStars Hand #146895666319:  Hold'em Limit ($3/$6 USD) - 2016/01/12 0:03:39 ET
Table 'Keeler' 2-max Seat #2 is the button
Seat 1: marisacrisom ($83.66 in chips)
Seat 2: Masqb ($195.90 in chips)
Masqb: posts small blind $1
marisacrisom: posts big blind $3
*** HOLE CARDS ***
Masqb: raises $3 to $6
marisacrisom: folds
Uncalled bet ($3) returned to Masqb
Masqb collected $6 from pot
Masqb: doesn't show hand
*** SUMMARY ***
Total pot $6 | Rake $0
Seat 1: marisacrisom (big blind) folded before Flop
Seat 2: Masqb (button) (small blind) collected ($6)


PokerStars Hand #146895665073:  Hold'em Limit ($3/$6 USD) - 2016/01/12 0:03:35 ET
Table 'Keeler' 2-max Seat #1 is the button
Seat 1: marisacrisom ($84.66 in chips)
Seat 2: Masqb ($194.90 in chips)
marisacrisom: posts small blind $1
Masqb: posts big blind $3
*** HOLE CARDS ***
marisacrisom: folds
Uncalled bet ($2) returned to Masqb
Masqb collected $2 from pot
Masqb: doesn't show hand
*** SUMMARY ***
Total pot $2 | Rake $0
Seat 1: marisacrisom (button) (small blind) folded before Flop
Seat 2: Masqb (big blind) collected ($2)


PokerStars Hand #146895657370:  Hold'em Limit ($3/$6 USD) - 2016/01/12 0:03:08 ET
Table 'Keeler' 2-max Seat #2 is the button
Seat 1: marisacrisom ($99.66 in chips)
Seat 2: Masqb ($180.40 in chips)
Masqb: posts small blind $1
marisacrisom: posts big blind $3
*** HOLE CARDS ***
Masqb: raises $3 to $6
marisacrisom: calls $3
*** FLOP *** [Qs 7d 2d]
marisacrisom: bets $3
Masqb: calls $3
*** TURN *** [Qs 7d 2d] [5h]
marisacrisom: checks
Masqb: checks
*** RIVER *** [Qs 7d 2d 5h] [Qc]
marisacrisom: bets $6
Masqb: calls $6
*** SHOW DOWN ***
marisacrisom: shows [Js 4s] (a pair of Queens)
Masqb: shows [4c Ac] (a pair of Queens - Ace kicker)
Masqb collected $29.50 from pot
*** SUMMARY ***
Total pot $30 | Rake $0.50
Board [Qs 7d 2d 5h Qc]
Seat 1: marisacrisom (big blind) showed [Js 4s] and lost with a pair of Queens
Seat 2: Masqb (button) (small blind) showed [4c Ac] and won ($29.50) with a pair of Queens


PokerStars Hand #146895685025:  Hold'em Limit ($3/$6 USD) - 2016/01/12 0:04:44 ET
Table 'Keeler' 2-max Seat #2 is the button
Seat 1: marisacrisom ($85.42 in chips)
Seat 2: Masqb ($193.66 in chips)
Masqb: posts small blind $1
marisacrisom: posts big blind $3
*** HOLE CARDS ***
Masqb: raises $3 to $6
marisacrisom: calls $3
*** FLOP *** [8h Ac 5h]
marisacrisom: bets $3
Masqb: calls $3
*** TURN *** [8h Ac 5h] [Td]
marisacrisom: bets $6
Masqb: folds
Uncalled bet ($6) returned to marisacrisom
marisacrisom collected $17.64 from pot
*** SUMMARY ***
Total pot $18 | Rake $0.36
Board [8h Ac 5h Td]
Seat 1: marisacrisom (big blind) collected ($17.64)
Seat 2: Masqb (button) (small blind) folded on the Turn


PokerStars Hand #146895683156:  Hold'em Limit ($3/$6 USD) - 2016/01/12 0:04:38 ET
Table 'Keeler' 2-max Seat #1 is the button
Seat 1: marisacrisom ($82.42 in chips)
Seat 2: Masqb ($196.66 in chips)
marisacrisom: posts small blind $1
Masqb: posts big blind $3
*** HOLE CARDS ***
marisacrisom: raises $3 to $6
Masqb: folds
Uncalled bet ($3) returned to marisacrisom
marisacrisom collected $6 from pot
marisacrisom: doesn't show hand
*** SUMMARY ***
Total pot $6 | Rake $0
Seat 1: marisacrisom (button) (small blind) collected ($6)
Seat 2: Masqb (big blind) folded before Flop


PokerStars Hand #146895679598:  Hold'em Limit ($3/$6 USD) - 2016/01/12 0:04:25 ET
Table 'Keeler' 2-max Seat #2 is the button
Seat 1: marisacrisom ($88.42 in chips)
Seat 2: Masqb ($190.90 in chips)
Masqb: posts small blind $1
marisacrisom: posts big blind $3
*** HOLE CARDS ***
Masqb: raises $3 to $6
marisacrisom: calls $3
*** FLOP *** [Ad Kc Kd]
marisacrisom: checks
Masqb: bets $3
marisacrisom: folds
Uncalled bet ($3) returned to Masqb
Masqb collected $11.76 from pot
Masqb: doesn't show hand
*** SUMMARY ***
Total pot $12 | Rake $0.24
Board [Ad Kc Kd]
Seat 1: marisacrisom (big blind) folded on the Flop
Seat 2: Masqb (button) (small blind) collected ($11.76)


PokerStars Hand #146895713566:  Hold'em Limit ($3/$6 USD) - 2016/01/12 0:06:22 ET
Table 'Keeler' 2-max Seat #1 is the button
Seat 1: marisacrisom ($72.70 in chips)
Seat 2: Masqb ($205.16 in chips)
marisacrisom: posts small blind $1
Masqb: posts big blind $3
*** HOLE CARDS ***
marisacrisom: folds
Uncalled bet ($2) returned to Masqb
Masqb collected $2 from pot
Masqb: doesn't show hand
*** SUMMARY ***
Total pot $2 | Rake $0
Seat 1: marisacrisom (button) (small blind) folded before Flop
Seat 2: Masqb (big blind) collected ($2)


PokerStars Hand #146895691058:  Hold'em Limit ($3/$6 USD) - 2016/01/12 0:05:05 ET
Table 'Keeler' 2-max Seat #1 is the button
Seat 1: marisacrisom ($94.06 in chips)
Seat 2: Masqb ($184.66 in chips)
marisacrisom: posts small blind $1
Masqb: posts big blind $3
*** HOLE CARDS ***
marisacrisom: raises $3 to $6
Masqb: raises $3 to $9
marisacrisom: raises $3 to $12
Betting is capped
Masqb: calls $3
*** FLOP *** [Kc 3h 9c]
Masqb: checks
marisacrisom: bets $3
Masqb: raises $3 to $6
marisacrisom: calls $3
*** TURN *** [Kc 3h 9c] [Th]
Masqb: bets $6
marisacrisom: calls $6
*** RIVER *** [Kc 3h 9c Th] [5c]
Masqb: bets $6
marisacrisom: calls $6
*** SHOW DOWN ***
Masqb: shows [Kh 9h] (two pair, Kings and Nines)
marisacrisom: mucks hand
Masqb collected $59.50 from pot
*** SUMMARY ***
Total pot $60 | Rake $0.50
Board [Kc 3h 9c Th 5c]
Seat 1: marisacrisom (button) (small blind) mucked
Seat 2: Masqb (big blind) showed [Kh 9h] and won ($59.50) with two pair, Kings and Nines


PokerStars Hand #146895727894:  Hold'em Limit ($3/$6 USD) - 2016/01/12 0:07:11 ET
Table 'Keeler' 2-max Seat #1 is the button
Seat 1: marisacrisom ($50.58 in chips)
Seat 2: Masqb ($226.66 in chips)
marisacrisom: posts small blind $1
Masqb: posts big blind $3
*** HOLE CARDS ***
marisacrisom: calls $2
Masqb: raises $3 to $6
marisacrisom: calls $3
*** FLOP *** [9s 3d 5s]
Masqb: bets $3
marisacrisom: calls $3
*** TURN *** [9s 3d 5s] [Ah]
Masqb: bets $6
marisacrisom: folds
Uncalled bet ($6) returned to Masqb
Masqb collected $17.64 from pot
Masqb: doesn't show hand
*** SUMMARY ***
Total pot $18 | Rake $0.36
Board [9s 3d 5s Ah]
Seat 1: marisacrisom (button) (small blind) folded on the Turn
Seat 2: Masqb (big blind) collected ($17.64)


PokerStars Hand #146895726545:  Hold'em Limit ($3/$6 USD) - 2016/01/12 0:07:06 ET
Table 'Keeler' 2-max Seat #2 is the button
Seat 1: marisacrisom ($53.58 in chips)
Seat 2: Masqb ($223.66 in chips)
Masqb: posts small blind $1
marisacrisom: posts big blind $3
*** HOLE CARDS ***
Masqb: raises $3 to $6
marisacrisom: folds
Uncalled bet ($3) returned to Masqb
Masqb collected $6 from pot
Masqb: doesn't show hand
*** SUMMARY ***
Total pot $6 | Rake $0
Seat 1: marisacrisom (big blind) folded before Flop
Seat 2: Masqb (button) (small blind) collected ($6)


PokerStars Hand #146895721986:  Hold'em Limit ($3/$6 USD) - 2016/01/12 0:06:51 ET
Table 'Keeler' 2-max Seat #1 is the button
Seat 1: marisacrisom ($50.70 in chips)
Seat 2: Masqb ($226.66 in chips)
marisacrisom: posts small blind $1
Masqb: posts big blind $3
*** HOLE CARDS ***
marisacrisom: calls $2
Masqb: checks
*** FLOP *** [3h As 3d]
Masqb: checks
marisacrisom: checks
*** TURN *** [3h As 3d] [5c]
Masqb: checks
marisacrisom: bets $6
Masqb: folds
Uncalled bet ($6) returned to marisacrisom
marisacrisom collected $5.88 from pot
marisacrisom: doesn't show hand
*** SUMMARY ***
Total pot $6 | Rake $0.12
Board [3h As 3d 5c]
Seat 1: marisacrisom (button) (small blind) collected ($5.88)
Seat 2: Masqb (big blind) folded on the Turn


PokerStars Hand #146895714945:  Hold'em Limit ($3/$6 USD) - 2016/01/12 0:06:27 ET
Table 'Keeler' 2-max Seat #2 is the button
Seat 1: marisacrisom ($71.70 in chips)
Seat 2: Masqb ($206.16 in chips)
Masqb: posts small blind $1
marisacrisom: posts big blind $3
*** HOLE CARDS ***
Masqb: raises $3 to $6
marisacrisom: calls $3
*** FLOP *** [Kc Qh 9d]
marisacrisom: checks
Masqb: bets $3
marisacrisom: calls $3
*** TURN *** [Kc Qh 9d] [Qs]
marisacrisom: checks
Masqb: bets $6
marisacrisom: calls $6
*** RIVER *** [Kc Qh 9d Qs] [Js]
marisacrisom: checks
Masqb: bets $6
marisacrisom: calls $6
*** SHOW DOWN ***
Masqb: shows [7d Qc] (three of a kind, Queens)
marisacrisom: mucks hand
Masqb collected $41.50 from pot
*** SUMMARY ***
Total pot $42 | Rake $0.50
Board [Kc Qh 9d Qs Js]
Seat 1: marisacrisom (big blind) mucked
Seat 2: Masqb (button) (small blind) showed [7d Qc] and won ($41.50) with three of a kind, Queens


PokerStars Hand #146895746202:  Hold'em Limit ($3/$6 USD) - 2016/01/12 0:08:15 ET
Table 'Keeler' 2-max Seat #2 is the button
Seat 1: marisacrisom ($58.96 in chips)
Seat 2: Masqb ($217.30 in chips)
Masqb: posts small blind $1
marisacrisom: posts big blind $3
*** HOLE CARDS ***
Masqb: raises $3 to $6
marisacrisom: folds
Uncalled bet ($3) returned to Masqb
Masqb collected $6 from pot
Masqb: doesn't show hand
*** SUMMARY ***
Total pot $6 | Rake $0
Seat 1: marisacrisom (big blind) folded before Flop
Seat 2: Masqb (button) (small blind) collected ($6)


PokerStars Hand #146895741405:  Hold'em Limit ($3/$6 USD) - 2016/01/12 0:07:58 ET
Table 'Keeler' 2-max Seat #1 is the button
Seat 1: marisacrisom ($56.08 in chips)
Seat 2: Masqb ($220.30 in chips)
marisacrisom: posts small blind $1
Masqb: posts big blind $3
*** HOLE CARDS ***
marisacrisom: calls $2
Masqb: checks
*** FLOP *** [9s Ks 9d]
Masqb: checks
marisacrisom: bets $3
Masqb: folds
Uncalled bet ($3) returned to marisacrisom
marisacrisom collected $5.88 from pot
*** SUMMARY ***
Total pot $6 | Rake $0.12
Board [9s Ks 9d]
Seat 1: marisacrisom (button) (small blind) collected ($5.88)
Seat 2: Masqb (big blind) folded on the Flop


PokerStars Hand #146895732066:  Hold'em Limit ($3/$6 USD) - 2016/01/12 0:07:25 ET
Table 'Keeler' 2-max Seat #2 is the button
Seat 1: marisacrisom ($41.58 in chips)
Seat 2: Masqb ($235.30 in chips)
Masqb: posts small blind $1
marisacrisom: posts big blind $3
*** HOLE CARDS ***
Masqb: raises $3 to $6
marisacrisom: calls $3
*** FLOP *** [4s 2s Kd]
marisacrisom: bets $3
Masqb: calls $3
*** TURN *** [4s 2s Kd] [8c]
marisacrisom: bets $6
Masqb: calls $6
*** RIVER *** [4s 2s Kd 8c] [Th]
marisacrisom: bets $6
Masqb: folds
Uncalled bet ($6) returned to marisacrisom
marisacrisom collected $29.50 from pot
*** SUMMARY ***
Total pot $30 | Rake $0.50
Board [4s 2s Kd 8c Th]
Seat 1: marisacrisom (big blind) collected ($29.50)
Seat 2: Masqb (button) (small blind) folded on the River


PokerStars Hand #146895748061:  Hold'em Limit ($3/$6 USD) - 2016/01/12 0:08:21 ET
Table 'Keeler' 2-max Seat #1 is the button
Seat 1: marisacrisom ($55.96 in chips)
Seat 2: Masqb ($220.30 in chips)
marisacrisom: posts small blind $1
Masqb: posts big blind $3
*** HOLE CARDS ***
marisacrisom: raises $3 to $6
Masqb: calls $3
*** FLOP *** [Js 7h 5c]
Masqb: checks
marisacrisom: bets $3
Masqb: folds
Uncalled bet ($3) returned to marisacrisom
marisacrisom collected $11.76 from pot
marisacrisom: doesn't show hand
Masqb leaves the table
*** SUMMARY ***
Total pot $12 | Rake $0.24
Board [Js 7h 5c]
Seat 1: marisacrisom (button) (small blind) collected ($11.76)
Seat 2: Masqb (big blind) folded on the Flop


