PokerStars Hand #151137337596:  Hold'em Limit ($3/$6 USD) - 2016/03/29 17:37:06 ET
Table 'Keeler II' 6-max Seat #6 is the button
Seat 1: Arsenavet ($148.82 in chips)
Seat 6: MissEKAmouse ($232.56 in chips)
MissEKAmouse: posts small blind $1
Arsenavet: posts big blind $3
*** HOLE CARDS ***
MissEKAmouse: folds
Uncalled bet ($2) returned to Arsenavet
Arsenavet collected $2 from pot
Arsenavet: doesn't show hand
masterblstr8 joins the table at seat #2
*** SUMMARY ***
Total pot $2 | Rake $0
Seat 1: Arsenavet (big blind) collected ($2)
Seat 6: MissEKAmouse (button) (small blind) folded before Flop


PokerStars Hand #151137330069:  Hold'em Limit ($3/$6 USD) - 2016/03/29 17:36:58 ET
Table 'Keeler II' 6-max Seat #1 is the button
Seat 1: Arsenavet ($149.82 in chips)
Seat 6: MissEKAmouse ($231.56 in chips)
Arsenavet: posts small blind $1
ValeryRon: is sitting out
masterblstr8: is sitting out
Zubasa07: is sitting out
MissEKAmouse: posts big blind $3
*** HOLE CARDS ***
ValeryRon leaves the table
Zubasa07 leaves the table
Arsenavet: folds
Uncalled bet ($2) returned to MissEKAmouse
MissEKAmouse collected $2 from pot
masterblstr8 leaves the table
MissEKAmouse: doesn't show hand
*** SUMMARY ***
Total pot $2 | Rake $0
Seat 1: Arsenavet (button) (small blind) folded before Flop
Seat 6: MissEKAmouse (big blind) collected ($2)


