PokerStars Hand #169532776832:  Hold'em Limit ($3/$6 USD) - 2017/04/25 7:56:11 ET
Table 'Keid' 6-max Seat #4 is the button
Seat 3: WOL2015 ($190.31 in chips)
Seat 4: Mordnilap ($72 in chips)
Mordnilap: posts small blind $1
WOL2015: posts big blind $3
*** HOLE CARDS ***
Mordnilap: raises $3 to $6
WOL2015: calls $3
*** FLOP *** [6h 4d 9d]
WOL2015: checks
Mordnilap: checks
*** TURN *** [6h 4d 9d] [7s]
RockKillerTY joins the table at seat #5
WOL2015: bets $6
Mordnilap: calls $6
*** RIVER *** [6h 4d 9d 7s] [3c]
WOL2015: bets $6
Mordnilap: calls $6
*** SHOW DOWN ***
WOL2015: shows [9h Jc] (a pair of Nines)
Mordnilap: mucks hand
WOL2015 collected $35.50 from pot
*** SUMMARY ***
Total pot $36 | Rake $0.50
Board [6h 4d 9d 7s 3c]
Seat 3: WOL2015 (big blind) showed [9h Jc] and won ($35.50) with a pair of Nines
Seat 4: Mordnilap (button) (small blind) mucked


PokerStars Hand #169532789851:  Hold'em Limit ($3/$6 USD) - 2017/04/25 7:56:42 ET
Table 'Keid' 6-max Seat #3 is the button
Seat 3: WOL2015 ($207.81 in chips)
Seat 4: Mordnilap ($72 in chips)
WOL2015: posts small blind $1
Mordnilap: posts big blind $3
*** HOLE CARDS ***
WOL2015: raises $3 to $6
Mordnilap: calls $3
*** FLOP *** [8h Ac Jc]
Mordnilap: checks
WOL2015: bets $3
Mordnilap: raises $3 to $6
WOL2015: calls $3
*** TURN *** [8h Ac Jc] [Ad]
Mordnilap: bets $6
WOL2015: calls $6
*** RIVER *** [8h Ac Jc Ad] [Js]
Mordnilap: bets $6
WOL2015: calls $6
*** SHOW DOWN ***
Mordnilap: shows [2c Ah] (a full house, Aces full of Jacks)
WOL2015: mucks hand
Mordnilap collected $47.50 from pot
*** SUMMARY ***
Total pot $48 | Rake $0.50
Board [8h Ac Jc Ad Js]
Seat 3: WOL2015 (button) (small blind) mucked
Seat 4: Mordnilap (big blind) showed [2c Ah] and won ($47.50) with a full house, Aces full of Jacks


PokerStars Hand #169532980538:  Hold'em Limit ($3/$6 USD) - 2017/04/25 8:03:49 ET
Table 'Keid' 6-max Seat #4 is the button
Seat 3: WOL2015 ($184.17 in chips)
Seat 4: Mordnilap ($92.42 in chips)
Mordnilap: posts small blind $1
WOL2015: posts big blind $3
*** HOLE CARDS ***
Mordnilap: raises $3 to $6
WOL2015: calls $3
*** FLOP *** [8s 9s 3s]
WOL2015: checks
Mordnilap: checks
*** TURN *** [8s 9s 3s] [2h]
WOL2015: bets $6
Mordnilap: calls $6
*** RIVER *** [8s 9s 3s 2h] [Ad]
WOL2015: bets $6
Mordnilap: calls $6
*** SHOW DOWN ***
WOL2015: shows [Ks 4h] (high card Ace)
Mordnilap: shows [3h 5h] (a pair of Threes)
Mordnilap collected $35.50 from pot
*** SUMMARY ***
Total pot $36 | Rake $0.50
Board [8s 9s 3s 2h Ad]
Seat 3: WOL2015 (big blind) showed [Ks 4h] and lost with high card Ace
Seat 4: Mordnilap (button) (small blind) showed [3h 5h] and won ($35.50) with a pair of Threes


PokerStars Hand #169532956920:  Hold'em Limit ($3/$6 USD) - 2017/04/25 8:03:00 ET
Table 'Keid' 6-max Seat #3 is the button
Seat 3: WOL2015 ($178.41 in chips)
Seat 4: Mordnilap ($98.42 in chips)
WOL2015: posts small blind $1
Mordnilap: posts big blind $3
*** HOLE CARDS ***
WOL2015: raises $3 to $6
Mordnilap: calls $3
*** FLOP *** [Ah Ts Jc]
Mordnilap: checks
WOL2015: bets $3
Mordnilap: folds
Uncalled bet ($3) returned to WOL2015
WOL2015 collected $11.76 from pot
WOL2015: doesn't show hand
*** SUMMARY ***
Total pot $12 | Rake $0.24
Board [Ah Ts Jc]
Seat 3: WOL2015 (button) (small blind) collected ($11.76)
Seat 4: Mordnilap (big blind) folded on the Flop


PokerStars Hand #169532994543:  Hold'em Limit ($3/$6 USD) - 2017/04/25 8:04:18 ET
Table 'Keid' 6-max Seat #3 is the button
Seat 3: WOL2015 ($166.17 in chips)
Seat 4: Mordnilap ($109.92 in chips)
WOL2015: posts small blind $1
Mordnilap: posts big blind $3
*** HOLE CARDS ***
WOL2015: raises $3 to $6
Mordnilap: calls $3
*** FLOP *** [5d Ks 5h]
Mordnilap: checks
WOL2015: bets $3
Mordnilap: calls $3
*** TURN *** [5d Ks 5h] [3d]
Mordnilap: checks
WOL2015: checks
*** RIVER *** [5d Ks 5h 3d] [8d]
Mordnilap: bets $6
WOL2015: calls $6
*** SHOW DOWN ***
Mordnilap: shows [2s 2d] (two pair, Fives and Deuces)
WOL2015: mucks hand
Mordnilap collected $29.50 from pot
*** SUMMARY ***
Total pot $30 | Rake $0.50
Board [5d Ks 5h 3d 8d]
Seat 3: WOL2015 (button) (small blind) mucked
Seat 4: Mordnilap (big blind) showed [2s 2d] and won ($29.50) with two pair, Fives and Deuces


PokerStars Hand #169533010561:  Hold'em Limit ($3/$6 USD) - 2017/04/25 8:04:51 ET
Table 'Keid' 6-max Seat #3 is the button
Seat 3: WOL2015 ($145.17 in chips)
Seat 4: Mordnilap ($130.18 in chips)
WOL2015: posts small blind $1
Mordnilap: posts big blind $3
*** HOLE CARDS ***
WOL2015: folds
Uncalled bet ($2) returned to Mordnilap
Mordnilap collected $2 from pot
Mordnilap: doesn't show hand
*** SUMMARY ***
Total pot $2 | Rake $0
Seat 3: WOL2015 (button) (small blind) folded before Flop
Seat 4: Mordnilap (big blind) collected ($2)


PokerStars Hand #169533005666:  Hold'em Limit ($3/$6 USD) - 2017/04/25 8:04:41 ET
Table 'Keid' 6-max Seat #4 is the button
Seat 3: WOL2015 ($151.17 in chips)
Seat 4: Mordnilap ($124.42 in chips)
Mordnilap: posts small blind $1
WOL2015: posts big blind $3
*** HOLE CARDS ***
Mordnilap: raises $3 to $6
WOL2015: calls $3
*** FLOP *** [Kc Jd Qc]
WOL2015: checks
Mordnilap: bets $3
WOL2015: folds
Uncalled bet ($3) returned to Mordnilap
Mordnilap collected $11.76 from pot
Mordnilap: doesn't show hand
*** SUMMARY ***
Total pot $12 | Rake $0.24
Board [Kc Jd Qc]
Seat 3: WOL2015 (big blind) folded on the Flop
Seat 4: Mordnilap (button) (small blind) collected ($11.76)


PokerStars Hand #169533013089:  Hold'em Limit ($3/$6 USD) - 2017/04/25 8:04:56 ET
Table 'Keid' 6-max Seat #4 is the button
Seat 3: WOL2015 ($144.17 in chips)
Seat 4: Mordnilap ($131.18 in chips)
Mordnilap: posts small blind $1
WOL2015: posts big blind $3
*** HOLE CARDS ***
Mordnilap: raises $3 to $6
WOL2015: calls $3
*** FLOP *** [3s 6s Qh]
WOL2015: checks
Mordnilap: bets $3
WOL2015: calls $3
*** TURN *** [3s 6s Qh] [4d]
WOL2015: checks
Mordnilap: bets $6
WOL2015: folds
Uncalled bet ($6) returned to Mordnilap
Mordnilap collected $17.64 from pot
Mordnilap: doesn't show hand
*** SUMMARY ***
Total pot $18 | Rake $0.36
Board [3s 6s Qh 4d]
Seat 3: WOL2015 (big blind) folded on the Turn
Seat 4: Mordnilap (button) (small blind) collected ($17.64)


PokerStars Hand #169533027066:  Hold'em Limit ($3/$6 USD) - 2017/04/25 8:05:26 ET
Table 'Keid' 6-max Seat #3 is the button
Seat 3: WOL2015 ($135.17 in chips)
Seat 4: Mordnilap ($139.82 in chips)
WOL2015: posts small blind $1
Mordnilap: posts big blind $3
*** HOLE CARDS ***
WOL2015: raises $3 to $6
Mordnilap: calls $3
*** FLOP *** [6c 3d Qd]
Mordnilap: checks
WOL2015: bets $3
Mordnilap: calls $3
*** TURN *** [6c 3d Qd] [8s]
Mordnilap: checks
WOL2015: bets $6
Mordnilap: calls $6
*** RIVER *** [6c 3d Qd 8s] [7s]
Mordnilap: checks
WOL2015: bets $6
Mordnilap: calls $6
*** SHOW DOWN ***
WOL2015: shows [Kc Ts] (high card King)
Mordnilap: shows [Kh Th] (high card King)
Mordnilap collected $20.75 from pot
WOL2015 collected $20.75 from pot
*** SUMMARY ***
Total pot $42 | Rake $0.50
Board [6c 3d Qd 8s 7s]
Seat 3: WOL2015 (button) (small blind) showed [Kc Ts] and won ($20.75) with high card King
Seat 4: Mordnilap (big blind) showed [Kh Th] and won ($20.75) with high card King


PokerStars Hand #169533049302:  Hold'em Limit ($3/$6 USD) - 2017/04/25 8:06:12 ET
Table 'Keid' 6-max Seat #4 is the button
Seat 3: WOL2015 ($134.92 in chips)
Seat 4: Mordnilap ($139.57 in chips)
Mordnilap: posts small blind $1
WOL2015: posts big blind $3
*** HOLE CARDS ***
Mordnilap: raises $3 to $6
WOL2015: calls $3
*** FLOP *** [7d 2h Qh]
WOL2015: checks
Mordnilap: bets $3
WOL2015: raises $3 to $6
Mordnilap: calls $3
*** TURN *** [7d 2h Qh] [3d]
WOL2015: bets $6
Mordnilap: calls $6
*** RIVER *** [7d 2h Qh 3d] [8s]
WOL2015: bets $6
Mordnilap: calls $6
*** SHOW DOWN ***
WOL2015: shows [Kh 2c] (a pair of Deuces)
Mordnilap: mucks hand
WOL2015 collected $47.50 from pot
*** SUMMARY ***
Total pot $48 | Rake $0.50
Board [7d 2h Qh 3d 8s]
Seat 3: WOL2015 (big blind) showed [Kh 2c] and won ($47.50) with a pair of Deuces
Seat 4: Mordnilap (button) (small blind) mucked


PokerStars Hand #169533114156:  Hold'em Limit ($3/$6 USD) - 2017/04/25 8:08:27 ET
Table 'Keid' 6-max Seat #3 is the button
Seat 3: WOL2015 ($193.42 in chips)
Seat 4: Mordnilap ($79.57 in chips)
WOL2015: posts small blind $1
Mordnilap: posts big blind $3
*** HOLE CARDS ***
WOL2015: folds
Uncalled bet ($2) returned to Mordnilap
Mordnilap collected $2 from pot
Mordnilap: doesn't show hand
*** SUMMARY ***
Total pot $2 | Rake $0
Seat 3: WOL2015 (button) (small blind) folded before Flop
Seat 4: Mordnilap (big blind) collected ($2)


PokerStars Hand #169533103872:  Hold'em Limit ($3/$6 USD) - 2017/04/25 8:08:05 ET
Table 'Keid' 6-max Seat #4 is the button
Seat 3: WOL2015 ($178.92 in chips)
Seat 4: Mordnilap ($94.57 in chips)
Mordnilap: posts small blind $1
WOL2015: posts big blind $3
*** HOLE CARDS ***
Mordnilap: raises $3 to $6
WOL2015: calls $3
*** FLOP *** [Qd 4d 6h]
WOL2015: checks
Mordnilap: bets $3
WOL2015: calls $3
*** TURN *** [Qd 4d 6h] [Qs]
WOL2015: checks
Mordnilap: bets $6
WOL2015: calls $6
*** RIVER *** [Qd 4d 6h Qs] [6c]
WOL2015: checks
Mordnilap: checks
*** SHOW DOWN ***
WOL2015: shows [3d Ah] (two pair, Queens and Sixes)
Mordnilap: mucks hand
WOL2015 collected $29.50 from pot
*** SUMMARY ***
Total pot $30 | Rake $0.50
Board [Qd 4d 6h Qs 6c]
Seat 3: WOL2015 (big blind) showed [3d Ah] and won ($29.50) with two pair, Queens and Sixes
Seat 4: Mordnilap (button) (small blind) mucked


PokerStars Hand #169533135203:  Hold'em Limit ($3/$6 USD) - 2017/04/25 8:09:10 ET
Table 'Keid' 6-max Seat #3 is the button
Seat 3: WOL2015 ($201.06 in chips)
Seat 4: Mordnilap ($72 in chips)
WOL2015: posts small blind $1
Mordnilap: posts big blind $3
*** HOLE CARDS ***
WOL2015: folds
Uncalled bet ($2) returned to Mordnilap
Mordnilap collected $2 from pot
Mordnilap: doesn't show hand
*** SUMMARY ***
Total pot $2 | Rake $0
Seat 3: WOL2015 (button) (small blind) folded before Flop
Seat 4: Mordnilap (big blind) collected ($2)


PokerStars Hand #169533117016:  Hold'em Limit ($3/$6 USD) - 2017/04/25 8:08:32 ET
Table 'Keid' 6-max Seat #4 is the button
Seat 3: WOL2015 ($192.42 in chips)
Seat 4: Mordnilap ($80.57 in chips)
Mordnilap: posts small blind $1
WOL2015: posts big blind $3
*** HOLE CARDS ***
Mordnilap: raises $3 to $6
WOL2015: calls $3
*** FLOP *** [Ah Ac 7s]
WOL2015: checks
Mordnilap: bets $3
WOL2015: calls $3
*** TURN *** [Ah Ac 7s] [7c]
WOL2015: checks
Mordnilap: checks
*** RIVER *** [Ah Ac 7s 7c] [Jc]
WOL2015: bets $6
Mordnilap: folds
Uncalled bet ($6) returned to WOL2015
WOL2015 collected $17.64 from pot
WOL2015: doesn't show hand
*** SUMMARY ***
Total pot $18 | Rake $0.36
Board [Ah Ac 7s 7c Jc]
Seat 3: WOL2015 (big blind) collected ($17.64)
Seat 4: Mordnilap (button) (small blind) folded on the River


PokerStars Hand #169533137860:  Hold'em Limit ($3/$6 USD) - 2017/04/25 8:09:15 ET
Table 'Keid' 6-max Seat #4 is the button
Seat 3: WOL2015 ($200.06 in chips)
Seat 4: Mordnilap ($73 in chips)
Mordnilap: posts small blind $1
WOL2015: posts big blind $3
*** HOLE CARDS ***
Mordnilap: raises $3 to $6
WOL2015: calls $3
*** FLOP *** [Jc Tc Qc]
WOL2015: checks
Mordnilap: bets $3
WOL2015: raises $3 to $6
Mordnilap: calls $3
*** TURN *** [Jc Tc Qc] [Jd]
WOL2015: bets $6
Mordnilap: calls $6
*** RIVER *** [Jc Tc Qc Jd] [4d]
WOL2015: bets $6
Mordnilap: calls $6
*** SHOW DOWN ***
WOL2015: shows [7s Ac] (a pair of Jacks)
Mordnilap: shows [Qh 8c] (two pair, Queens and Jacks)
Mordnilap collected $47.50 from pot
*** SUMMARY ***
Total pot $48 | Rake $0.50
Board [Jc Tc Qc Jd 4d]
Seat 3: WOL2015 (big blind) showed [7s Ac] and lost with a pair of Jacks
Seat 4: Mordnilap (button) (small blind) showed [Qh 8c] and won ($47.50) with two pair, Queens and Jacks


PokerStars Hand #169533152081:  Hold'em Limit ($3/$6 USD) - 2017/04/25 8:09:45 ET
Table 'Keid' 6-max Seat #3 is the button
Seat 3: WOL2015 ($176.06 in chips)
Seat 4: Mordnilap ($96.50 in chips)
WOL2015: posts small blind $1
Mordnilap: posts big blind $3
*** HOLE CARDS ***
WOL2015: raises $3 to $6
Mordnilap: calls $3
*** FLOP *** [Ts 8c 3d]
Mordnilap: checks
WOL2015: bets $3
Mordnilap: folds
Uncalled bet ($3) returned to WOL2015
WOL2015 collected $11.76 from pot
WOL2015: doesn't show hand
*** SUMMARY ***
Total pot $12 | Rake $0.24
Board [Ts 8c 3d]
Seat 3: WOL2015 (button) (small blind) collected ($11.76)
Seat 4: Mordnilap (big blind) folded on the Flop


PokerStars Hand #169533160281:  Hold'em Limit ($3/$6 USD) - 2017/04/25 8:10:02 ET
Table 'Keid' 6-max Seat #4 is the button
Seat 3: WOL2015 ($181.82 in chips)
Seat 4: Mordnilap ($90.50 in chips)
Mordnilap: posts small blind $1
WOL2015: posts big blind $3
*** HOLE CARDS ***
Mordnilap: raises $3 to $6
WOL2015: calls $3
*** FLOP *** [Qs 7d 3s]
WOL2015: checks
Mordnilap: bets $3
WOL2015: calls $3
*** TURN *** [Qs 7d 3s] [2s]
WOL2015: checks
Mordnilap: bets $6
WOL2015: folds
Uncalled bet ($6) returned to Mordnilap
Mordnilap collected $17.64 from pot
Mordnilap: doesn't show hand
*** SUMMARY ***
Total pot $18 | Rake $0.36
Board [Qs 7d 3s 2s]
Seat 3: WOL2015 (big blind) folded on the Turn
Seat 4: Mordnilap (button) (small blind) collected ($17.64)


PokerStars Hand #169533184834:  Hold'em Limit ($3/$6 USD) - 2017/04/25 8:10:52 ET
Table 'Keid' 6-max Seat #4 is the button
Seat 3: WOL2015 ($178.58 in chips)
Seat 4: Mordnilap ($93.14 in chips)
Mordnilap: posts small blind $1
WOL2015: posts big blind $3
*** HOLE CARDS ***
Mordnilap: raises $3 to $6
WOL2015: calls $3
*** FLOP *** [As 6h Qs]
WOL2015: checks
Mordnilap: bets $3
WOL2015: folds
Uncalled bet ($3) returned to Mordnilap
Mordnilap collected $11.76 from pot
Mordnilap: doesn't show hand
*** SUMMARY ***
Total pot $12 | Rake $0.24
Board [As 6h Qs]
Seat 3: WOL2015 (big blind) folded on the Flop
Seat 4: Mordnilap (button) (small blind) collected ($11.76)


PokerStars Hand #169533173060:  Hold'em Limit ($3/$6 USD) - 2017/04/25 8:10:28 ET
Table 'Keid' 6-max Seat #3 is the button
Seat 3: WOL2015 ($172.82 in chips)
Seat 4: Mordnilap ($99.14 in chips)
WOL2015: posts small blind $1
Mordnilap: posts big blind $3
*** HOLE CARDS ***
WOL2015: raises $3 to $6
Mordnilap: calls $3
*** FLOP *** [Ah 8c Js]
Mordnilap: checks
WOL2015: bets $3
Mordnilap: folds
Uncalled bet ($3) returned to WOL2015
WOL2015 collected $11.76 from pot
WOL2015: doesn't show hand
*** SUMMARY ***
Total pot $12 | Rake $0.24
Board [Ah 8c Js]
Seat 3: WOL2015 (button) (small blind) collected ($11.76)
Seat 4: Mordnilap (big blind) folded on the Flop


PokerStars Hand #169533190101:  Hold'em Limit ($3/$6 USD) - 2017/04/25 8:11:02 ET
Table 'Keid' 6-max Seat #3 is the button
Seat 3: WOL2015 ($172.58 in chips)
Seat 4: Mordnilap ($98.90 in chips)
WOL2015: posts small blind $1
Mordnilap: posts big blind $3
*** HOLE CARDS ***
WOL2015: raises $3 to $6
Mordnilap: calls $3
*** FLOP *** [Kh 7c 2h]
Mordnilap: checks
WOL2015: bets $3
Mordnilap: calls $3
*** TURN *** [Kh 7c 2h] [5h]
Mordnilap: checks
WOL2015: bets $6
Mordnilap: calls $6
*** RIVER *** [Kh 7c 2h 5h] [Qd]
Mordnilap: checks
WOL2015: bets $6
Mordnilap: calls $6
*** SHOW DOWN ***
WOL2015: shows [Qh Ac] (a pair of Queens)
Mordnilap: mucks hand
WOL2015 collected $41.50 from pot
*** SUMMARY ***
Total pot $42 | Rake $0.50
Board [Kh 7c 2h 5h Qd]
Seat 3: WOL2015 (button) (small blind) showed [Qh Ac] and won ($41.50) with a pair of Queens
Seat 4: Mordnilap (big blind) mucked


PokerStars Hand #169533215323:  Hold'em Limit ($3/$6 USD) - 2017/04/25 8:11:54 ET
Table 'Keid' 6-max Seat #4 is the button
Seat 3: WOL2015 ($193.08 in chips)
Seat 4: Mordnilap ($77.90 in chips)
Mordnilap: posts small blind $1
WOL2015: posts big blind $3
*** HOLE CARDS ***
Mordnilap: raises $3 to $6
WOL2015: calls $3
*** FLOP *** [7h 2s Kd]
WOL2015: checks
Mordnilap: bets $3
WOL2015: folds
Uncalled bet ($3) returned to Mordnilap
Mordnilap collected $11.76 from pot
Mordnilap: doesn't show hand
*** SUMMARY ***
Total pot $12 | Rake $0.24
Board [7h 2s Kd]
Seat 3: WOL2015 (big blind) folded on the Flop
Seat 4: Mordnilap (button) (small blind) collected ($11.76)


PokerStars Hand #169533246509:  Hold'em Limit ($3/$6 USD) - 2017/04/25 8:12:59 ET
Table 'Keid' 6-max Seat #3 is the button
Seat 3: WOL2015 ($180.58 in chips)
Seat 4: Mordnilap ($89.16 in chips)
WOL2015: posts small blind $1
Mordnilap: posts big blind $3
*** HOLE CARDS ***
WOL2015: folds
Uncalled bet ($2) returned to Mordnilap
Mordnilap collected $2 from pot
Mordnilap: doesn't show hand
*** SUMMARY ***
Total pot $2 | Rake $0
Seat 3: WOL2015 (button) (small blind) folded before Flop
Seat 4: Mordnilap (big blind) collected ($2)


PokerStars Hand #169533237797:  Hold'em Limit ($3/$6 USD) - 2017/04/25 8:12:41 ET
Table 'Keid' 6-max Seat #4 is the button
Seat 3: WOL2015 ($163.08 in chips)
Seat 4: Mordnilap ($107.16 in chips)
Mordnilap: posts small blind $1
WOL2015: posts big blind $3
*** HOLE CARDS ***
Mordnilap: raises $3 to $6
WOL2015: calls $3
*** FLOP *** [4s 2h 8c]
WOL2015: checks
Mordnilap: checks
*** TURN *** [4s 2h 8c] [Jc]
WOL2015: bets $6
Mordnilap: calls $6
*** RIVER *** [4s 2h 8c Jc] [Jh]
WOL2015: bets $6
Mordnilap: calls $6
*** SHOW DOWN ***
WOL2015: shows [3s 3h] (two pair, Jacks and Threes)
Mordnilap: mucks hand
WOL2015 collected $35.50 from pot
*** SUMMARY ***
Total pot $36 | Rake $0.50
Board [4s 2h 8c Jc Jh]
Seat 3: WOL2015 (big blind) showed [3s 3h] and won ($35.50) with two pair, Jacks and Threes
Seat 4: Mordnilap (button) (small blind) mucked


PokerStars Hand #169533248825:  Hold'em Limit ($3/$6 USD) - 2017/04/25 8:13:03 ET
Table 'Keid' 6-max Seat #4 is the button
Seat 3: WOL2015 ($179.58 in chips)
Seat 4: Mordnilap ($90.16 in chips)
Mordnilap: posts small blind $1
WOL2015: posts big blind $3
*** HOLE CARDS ***
Mordnilap: raises $3 to $6
WOL2015: calls $3
*** FLOP *** [Kh 4s 9d]
WOL2015: checks
Mordnilap: bets $3
WOL2015: calls $3
*** TURN *** [Kh 4s 9d] [Js]
WOL2015: checks
Mordnilap: checks
*** RIVER *** [Kh 4s 9d Js] [2h]
WOL2015: bets $6
Mordnilap: folds
Uncalled bet ($6) returned to WOL2015
WOL2015 collected $17.64 from pot
WOL2015: doesn't show hand
*** SUMMARY ***
Total pot $18 | Rake $0.36
Board [Kh 4s 9d Js 2h]
Seat 3: WOL2015 (big blind) collected ($17.64)
Seat 4: Mordnilap (button) (small blind) folded on the River


PokerStars Hand #169533263202:  Hold'em Limit ($3/$6 USD) - 2017/04/25 8:13:33 ET
Table 'Keid' 6-max Seat #3 is the button
Seat 3: WOL2015 ($188.22 in chips)
Seat 4: Mordnilap ($81.16 in chips)
WOL2015: posts small blind $1
Mordnilap: posts big blind $3
*** HOLE CARDS ***
WOL2015: folds
Uncalled bet ($2) returned to Mordnilap
Mordnilap collected $2 from pot
Mordnilap: doesn't show hand
*** SUMMARY ***
Total pot $2 | Rake $0
Seat 3: WOL2015 (button) (small blind) folded before Flop
Seat 4: Mordnilap (big blind) collected ($2)


PokerStars Hand #169533265660:  Hold'em Limit ($3/$6 USD) - 2017/04/25 8:13:38 ET
Table 'Keid' 6-max Seat #4 is the button
Seat 3: WOL2015 ($187.22 in chips)
Seat 4: Mordnilap ($82.16 in chips)
Mordnilap: posts small blind $1
WOL2015: posts big blind $3
*** HOLE CARDS ***
Mordnilap: raises $3 to $6
WOL2015: calls $3
*** FLOP *** [8h 3h 2h]
WOL2015: checks
Mordnilap: bets $3
WOL2015: raises $3 to $6
Mordnilap: calls $3
*** TURN *** [8h 3h 2h] [Ks]
WOL2015: bets $6
Mordnilap: calls $6
*** RIVER *** [8h 3h 2h Ks] [7h]
WOL2015: bets $6
Mordnilap: calls $6
*** SHOW DOWN ***
WOL2015: shows [As Ah] (a flush, Ace high)
Mordnilap: mucks hand
WOL2015 collected $47.50 from pot
*** SUMMARY ***
Total pot $48 | Rake $0.50
Board [8h 3h 2h Ks 7h]
Seat 3: WOL2015 (big blind) showed [As Ah] and won ($47.50) with a flush, Ace high
Seat 4: Mordnilap (button) (small blind) mucked


PokerStars Hand #169533287015:  Hold'em Limit ($3/$6 USD) - 2017/04/25 8:14:22 ET
Table 'Keid' 6-max Seat #3 is the button
Seat 3: WOL2015 ($210.72 in chips)
Seat 4: Mordnilap ($72 in chips)
WOL2015: posts small blind $1
Mordnilap: posts big blind $3
*** HOLE CARDS ***
WOL2015: raises $3 to $6
Mordnilap: calls $3
*** FLOP *** [8d Jc 8c]
Mordnilap: checks
zempekas joins the table at seat #5
WOL2015: bets $3
RockKillerTY joins the table at seat #6
Mordnilap: calls $3
*** TURN *** [8d Jc 8c] [9s]
Mordnilap: checks
WOL2015: bets $6
Mordnilap: raises $6 to $12
WOL2015: calls $6
*** RIVER *** [8d Jc 8c 9s] [8h]
flynny1111 joins the table at seat #1
Mordnilap: bets $6
WOL2015: calls $6
*** SHOW DOWN ***
Mordnilap: shows [Js 7h] (a full house, Eights full of Jacks)
WOL2015: mucks hand
Mordnilap collected $53.50 from pot
*** SUMMARY ***
Total pot $54 | Rake $0.50
Board [8d Jc 8c 9s 8h]
Seat 3: WOL2015 (button) (small blind) mucked
Seat 4: Mordnilap (big blind) showed [Js 7h] and won ($53.50) with a full house, Eights full of Jacks


PokerStars Hand #169536834599:  Hold'em Limit ($3/$6 USD) - 2017/04/25 10:04:14 ET
Table 'Keid' 6-max Seat #4 is the button
Seat 1: nicmct ($353.80 in chips)
Seat 4: RaisemyNut$ ($128.37 in chips)
RaisemyNut$: posts small blind $1
kolaz03: is sitting out
nicmct: posts big blind $3
*** HOLE CARDS ***
kolaz03 leaves the table
RaisemyNut$: raises $3 to $6
nicmct: raises $3 to $9
RaisemyNut$: calls $3
*** FLOP *** [Ad 4c 9h]
nicmct: bets $3
RaisemyNut$: folds
Uncalled bet ($3) returned to nicmct
nicmct collected $17.64 from pot
*** SUMMARY ***
Total pot $18 | Rake $0.36
Board [Ad 4c 9h]
Seat 1: nicmct (big blind) collected ($17.64)
Seat 4: RaisemyNut$ (button) (small blind) folded on the Flop


PokerStars Hand #169536843600:  Hold'em Limit ($3/$6 USD) - 2017/04/25 10:04:29 ET
Table 'Keid' 6-max Seat #1 is the button
Seat 1: nicmct ($362.44 in chips)
Seat 4: RaisemyNut$ ($119.37 in chips)
nicmct: posts small blind $1
RaisemyNut$: posts big blind $3
*** HOLE CARDS ***
nicmct: raises $3 to $6
RaisemyNut$: calls $3
*** FLOP *** [5c 3h 3s]
RaisemyNut$: checks
nicmct: bets $3
RaisemyNut$: folds
Uncalled bet ($3) returned to nicmct
nicmct collected $11.76 from pot
*** SUMMARY ***
Total pot $12 | Rake $0.24
Board [5c 3h 3s]
Seat 1: nicmct (button) (small blind) collected ($11.76)
Seat 4: RaisemyNut$ (big blind) folded on the Flop


PokerStars Hand #169537719884:  Hold'em Limit ($3/$6 USD) - 2017/04/25 10:28:41 ET
Table 'Keid' 6-max Seat #5 is the button
Seat 4: RaisemyNut$ ($120.01 in chips)
Seat 5: HamNEgger100 ($113 in chips)
HamNEgger100: posts small blind $1
RaisemyNut$: posts big blind $3
*** HOLE CARDS ***
HamNEgger100: raises $3 to $6
RaisemyNut$: folds
Uncalled bet ($3) returned to HamNEgger100
HamNEgger100 collected $6 from pot
*** SUMMARY ***
Total pot $6 | Rake $0
Seat 4: RaisemyNut$ (big blind) folded before Flop
Seat 5: HamNEgger100 (button) (small blind) collected ($6)


PokerStars Hand #169537716828:  Hold'em Limit ($3/$6 USD) - 2017/04/25 10:28:36 ET
Table 'Keid' 6-max Seat #4 is the button
Seat 4: RaisemyNut$ ($121.01 in chips)
Seat 5: HamNEgger100 ($112 in chips)
RaisemyNut$: posts small blind $1
HamNEgger100: posts big blind $3
*** HOLE CARDS ***
RaisemyNut$: folds
Uncalled bet ($2) returned to HamNEgger100
HamNEgger100 collected $2 from pot
*** SUMMARY ***
Total pot $2 | Rake $0
Seat 4: RaisemyNut$ (button) (small blind) folded before Flop
Seat 5: HamNEgger100 (big blind) collected ($2)


PokerStars Hand #169537700893:  Hold'em Limit ($3/$6 USD) - 2017/04/25 10:28:09 ET
Table 'Keid' 6-max Seat #5 is the button
Seat 4: RaisemyNut$ ($112.37 in chips)
Seat 5: HamNEgger100 ($121 in chips)
HamNEgger100: posts small blind $1
RaisemyNut$: posts big blind $3
*** HOLE CARDS ***
HamNEgger100: calls $2
RaisemyNut$: raises $3 to $6
HamNEgger100: calls $3
*** FLOP *** [3h 2c Jc]
RaisemyNut$: bets $3
HamNEgger100: calls $3
*** TURN *** [3h 2c Jc] [8s]
RaisemyNut$: bets $6
HamNEgger100: folds
Uncalled bet ($6) returned to RaisemyNut$
RaisemyNut$ collected $17.64 from pot
RaisemyNut$: doesn't show hand
*** SUMMARY ***
Total pot $18 | Rake $0.36
Board [3h 2c Jc 8s]
Seat 4: RaisemyNut$ (big blind) collected ($17.64)
Seat 5: HamNEgger100 (button) (small blind) folded on the Turn


PokerStars Hand #169537693741:  Hold'em Limit ($3/$6 USD) - 2017/04/25 10:27:58 ET
Table 'Keid' 6-max Seat #4 is the button
Seat 4: RaisemyNut$ ($113.37 in chips)
Seat 5: HamNEgger100 ($120 in chips)
RaisemyNut$: posts small blind $1
HamNEgger100: posts big blind $3
*** HOLE CARDS ***
RaisemyNut$: folds
Uncalled bet ($2) returned to HamNEgger100
HamNEgger100 collected $2 from pot
*** SUMMARY ***
Total pot $2 | Rake $0
Seat 4: RaisemyNut$ (button) (small blind) folded before Flop
Seat 5: HamNEgger100 (big blind) collected ($2)


PokerStars Hand #169537744996:  Hold'em Limit ($3/$6 USD) - 2017/04/25 10:29:22 ET
Table 'Keid' 6-max Seat #5 is the button
Seat 4: RaisemyNut$ ($84.01 in chips)
Seat 5: HamNEgger100 ($148.50 in chips)
HamNEgger100: posts small blind $1
RaisemyNut$: posts big blind $3
*** HOLE CARDS ***
HamNEgger100: raises $3 to $6
RaisemyNut$: raises $3 to $9
HamNEgger100: calls $3
*** FLOP *** [6c 3c 8d]
RaisemyNut$: bets $3
HamNEgger100: calls $3
*** TURN *** [6c 3c 8d] [5s]
RaisemyNut$: checks
HamNEgger100: checks
*** RIVER *** [6c 3c 8d 5s] [8h]
RaisemyNut$: bets $6
HamNEgger100: calls $6
*** SHOW DOWN ***
RaisemyNut$: shows [Js Kc] (a pair of Eights)
HamNEgger100: shows [9s Ah] (a pair of Eights - Ace kicker)
HamNEgger100 collected $35.50 from pot
*** SUMMARY ***
Total pot $36 | Rake $0.50
Board [6c 3c 8d 5s 8h]
Seat 4: RaisemyNut$ (big blind) showed [Js Kc] and lost with a pair of Eights
Seat 5: HamNEgger100 (button) (small blind) showed [9s Ah] and won ($35.50) with a pair of Eights


PokerStars Hand #169537723971:  Hold'em Limit ($3/$6 USD) - 2017/04/25 10:28:47 ET
Table 'Keid' 6-max Seat #4 is the button
Seat 4: RaisemyNut$ ($117.01 in chips)
Seat 5: HamNEgger100 ($116 in chips)
RaisemyNut$: posts small blind $1
HamNEgger100: posts big blind $3
*** HOLE CARDS ***
RaisemyNut$: raises $3 to $6
HamNEgger100: calls $3
*** FLOP *** [5d 6d 3c]
HamNEgger100: bets $3
RaisemyNut$: calls $3
*** TURN *** [5d 6d 3c] [Kc]
HamNEgger100: bets $6
RaisemyNut$: raises $6 to $12
HamNEgger100: raises $6 to $18
RaisemyNut$: calls $6
*** RIVER *** [5d 6d 3c Kc] [3d]
HamNEgger100: bets $6
RaisemyNut$: calls $6
*** SHOW DOWN ***
HamNEgger100: shows [9d Kd] (a flush, King high)
RaisemyNut$: mucks hand
HamNEgger100 collected $65.50 from pot
*** SUMMARY ***
Total pot $66 | Rake $0.50
Board [5d 6d 3c Kc 3d]
Seat 4: RaisemyNut$ (button) (small blind) mucked
Seat 5: HamNEgger100 (big blind) showed [9d Kd] and won ($65.50) with a flush, King high


PokerStars Hand #169537803893:  Hold'em Limit ($3/$6 USD) - 2017/04/25 10:30:58 ET
Table 'Keid' 6-max Seat #5 is the button
Seat 4: RaisemyNut$ ($67.64 in chips)
Seat 5: HamNEgger100 ($190.50 in chips)
HamNEgger100: posts small blind $1
RaisemyNut$: posts big blind $3
*** HOLE CARDS ***
HamNEgger100: folds
Uncalled bet ($2) returned to RaisemyNut$
RaisemyNut$ collected $2 from pot
RaisemyNut$: doesn't show hand
*** SUMMARY ***
Total pot $2 | Rake $0
Seat 4: RaisemyNut$ (big blind) collected ($2)
Seat 5: HamNEgger100 (button) (small blind) folded before Flop


PokerStars Hand #169537800418:  Hold'em Limit ($3/$6 USD) - 2017/04/25 10:30:52 ET
Table 'Keid' 6-max Seat #4 is the button
Seat 4: RaisemyNut$ ($68.64 in chips)
Seat 5: HamNEgger100 ($189.50 in chips)
RaisemyNut$: posts small blind $1
HamNEgger100: posts big blind $3
*** HOLE CARDS ***
RaisemyNut$: folds
Uncalled bet ($2) returned to HamNEgger100
HamNEgger100 collected $2 from pot
*** SUMMARY ***
Total pot $2 | Rake $0
Seat 4: RaisemyNut$ (button) (small blind) folded before Flop
Seat 5: HamNEgger100 (big blind) collected ($2)


PokerStars Hand #169537774615:  Hold'em Limit ($3/$6 USD) - 2017/04/25 10:30:10 ET
Table 'Keid' 6-max Seat #5 is the button
Seat 4: RaisemyNut$ ($60 in chips)
Seat 5: HamNEgger100 ($198.50 in chips)
HamNEgger100: posts small blind $1
RaisemyNut$: posts big blind $3
*** HOLE CARDS ***
HamNEgger100: calls $2
RaisemyNut$: raises $3 to $6
HamNEgger100: calls $3
*** FLOP *** [Kc 4s 7c]
RaisemyNut$: bets $3
HamNEgger100: calls $3
*** TURN *** [Kc 4s 7c] [Jh]
RaisemyNut$: bets $6
HamNEgger100: folds
Uncalled bet ($6) returned to RaisemyNut$
RaisemyNut$ collected $17.64 from pot
RaisemyNut$: doesn't show hand
*** SUMMARY ***
Total pot $18 | Rake $0.36
Board [Kc 4s 7c Jh]
Seat 4: RaisemyNut$ (big blind) collected ($17.64)
Seat 5: HamNEgger100 (button) (small blind) folded on the Turn


PokerStars Hand #169537760521:  Hold'em Limit ($3/$6 USD) - 2017/04/25 10:29:47 ET
Table 'Keid' 6-max Seat #4 is the button
Seat 4: RaisemyNut$ ($66.01 in chips)
Seat 5: HamNEgger100 ($166 in chips)
RaisemyNut$: posts small blind $1
HamNEgger100: posts big blind $3
*** HOLE CARDS ***
RaisemyNut$: raises $3 to $6
HamNEgger100: calls $3
*** FLOP *** [9d 3d 2d]
HamNEgger100: bets $3
RaisemyNut$: calls $3
*** TURN *** [9d 3d 2d] [As]
HamNEgger100: bets $6
RaisemyNut$: raises $6 to $12
HamNEgger100: raises $6 to $18
RaisemyNut$: calls $6
*** RIVER *** [9d 3d 2d As] [5d]
HamNEgger100: bets $6
RaisemyNut$: calls $6
*** SHOW DOWN ***
HamNEgger100: shows [Ad Th] (a flush, Ace high)
RaisemyNut$: mucks hand
HamNEgger100 collected $65.50 from pot
*** SUMMARY ***
Total pot $66 | Rake $0.50
Board [9d 3d 2d As 5d]
Seat 4: RaisemyNut$ (button) (small blind) mucked
Seat 5: HamNEgger100 (big blind) showed [Ad Th] and won ($65.50) with a flush, Ace high


PokerStars Hand #169537840600:  Hold'em Limit ($3/$6 USD) - 2017/04/25 10:31:58 ET
Table 'Keid' 6-max Seat #4 is the button
Seat 4: RaisemyNut$ ($65.16 in chips)
Seat 5: HamNEgger100 ($192 in chips)
RaisemyNut$: posts small blind $1
HamNEgger100: posts big blind $3
*** HOLE CARDS ***
RaisemyNut$: folds
Uncalled bet ($2) returned to HamNEgger100
HamNEgger100 collected $2 from pot
*** SUMMARY ***
Total pot $2 | Rake $0
Seat 4: RaisemyNut$ (button) (small blind) folded before Flop
Seat 5: HamNEgger100 (big blind) collected ($2)


PokerStars Hand #169537826073:  Hold'em Limit ($3/$6 USD) - 2017/04/25 10:31:34 ET
Table 'Keid' 6-max Seat #5 is the button
Seat 4: RaisemyNut$ ($80.16 in chips)
Seat 5: HamNEgger100 ($177.50 in chips)
HamNEgger100: posts small blind $1
RaisemyNut$: posts big blind $3
*** HOLE CARDS ***
HamNEgger100: calls $2
RaisemyNut$: raises $3 to $6
HamNEgger100: calls $3
*** FLOP *** [2h Jc Jd]
Whatze Phuck joins the table at seat #6
RaisemyNut$: bets $3
HamNEgger100: calls $3
*** TURN *** [2h Jc Jd] [Kd]
RaisemyNut$: bets $6
HamNEgger100: raises $6 to $12
RaisemyNut$: folds
Uncalled bet ($6) returned to HamNEgger100
HamNEgger100 collected $29.50 from pot
*** SUMMARY ***
Total pot $30 | Rake $0.50
Board [2h Jc Jd Kd]
Seat 4: RaisemyNut$ (big blind) folded on the Turn
Seat 5: HamNEgger100 (button) (small blind) collected ($29.50)


PokerStars Hand #169537808050:  Hold'em Limit ($3/$6 USD) - 2017/04/25 10:31:05 ET
Table 'Keid' 6-max Seat #4 is the button
Seat 4: RaisemyNut$ ($68.64 in chips)
Seat 5: HamNEgger100 ($189.50 in chips)
RaisemyNut$: posts small blind $1
HamNEgger100: posts big blind $3
*** HOLE CARDS ***
RaisemyNut$: raises $3 to $6
HamNEgger100: calls $3
*** FLOP *** [Jh Ts 4c]
HamNEgger100: bets $3
RaisemyNut$: raises $3 to $6
HamNEgger100: calls $3
*** TURN *** [Jh Ts 4c] [Qs]
HamNEgger100: checks
RaisemyNut$: checks
*** RIVER *** [Jh Ts 4c Qs] [4h]
HamNEgger100: checks
RaisemyNut$: checks
*** SHOW DOWN ***
HamNEgger100: shows [Ah 9h] (a pair of Fours)
RaisemyNut$: shows [8s Td] (two pair, Tens and Fours)
RaisemyNut$ collected $23.52 from pot
*** SUMMARY ***
Total pot $24 | Rake $0.48
Board [Jh Ts 4c Qs 4h]
Seat 4: RaisemyNut$ (button) (small blind) showed [8s Td] and won ($23.52) with two pair, Tens and Fours
Seat 5: HamNEgger100 (big blind) showed [Ah 9h] and lost with a pair of Fours


PokerStars Hand #169538396693:  Hold'em Limit ($3/$6 USD) - 2017/04/25 10:46:52 ET
Table 'Keid' 6-max Seat #2 is the button
Seat 2: Qvidde ($125.73 in chips)
Seat 5: HamNEgger100 ($105.93 in chips)
Qvidde: posts small blind $1
RaisemyNut$: is sitting out
HamNEgger100: posts big blind $3
*** HOLE CARDS ***
Qvidde: raises $3 to $6
HamNEgger100: folds
Uncalled bet ($3) returned to Qvidde
Qvidde collected $6 from pot
Qvidde: doesn't show hand
*** SUMMARY ***
Total pot $6 | Rake $0
Seat 2: Qvidde (button) (small blind) collected ($6)
Seat 5: HamNEgger100 (big blind) folded before Flop


PokerStars Hand #169538401045:  Hold'em Limit ($3/$6 USD) - 2017/04/25 10:46:59 ET
Table 'Keid' 6-max Seat #5 is the button
Seat 2: Qvidde ($128.73 in chips)
Seat 5: HamNEgger100 ($102.93 in chips)
HamNEgger100: posts small blind $1
Qvidde: posts big blind $3
*** HOLE CARDS ***
HamNEgger100: calls $2
Qvidde: checks
*** FLOP *** [2h 2d 3h]
Qvidde: checks
HamNEgger100: checks
*** TURN *** [2h 2d 3h] [8d]
Qvidde: checks
HamNEgger100: bets $6
Qvidde: raises $6 to $12
HamNEgger100: calls $6
*** RIVER *** [2h 2d 3h 8d] [Kh]
Qvidde: bets $6
HamNEgger100: calls $6
*** SHOW DOWN ***
Qvidde: shows [Tc 2s] (three of a kind, Deuces)
HamNEgger100: mucks hand
Qvidde collected $41.50 from pot
*** SUMMARY ***
Total pot $42 | Rake $0.50
Board [2h 2d 3h 8d Kh]
Seat 2: Qvidde (big blind) showed [Tc 2s] and won ($41.50) with three of a kind, Deuces
Seat 5: HamNEgger100 (button) (small blind) mucked


PokerStars Hand #169538425365:  Hold'em Limit ($3/$6 USD) - 2017/04/25 10:47:38 ET
Table 'Keid' 6-max Seat #2 is the button
Seat 2: Qvidde ($149.23 in chips)
Seat 5: HamNEgger100 ($81.93 in chips)
Qvidde: posts small blind $1
HamNEgger100: posts big blind $3
*** HOLE CARDS ***
RaisemyNut$ leaves the table
Qvidde: raises $3 to $6
HamNEgger100: raises $3 to $9
Qvidde: calls $3
*** FLOP *** [Qd 3c 8h]
HamNEgger100: bets $3
Qvidde: folds
Uncalled bet ($3) returned to HamNEgger100
HamNEgger100 collected $17.64 from pot
*** SUMMARY ***
Total pot $18 | Rake $0.36
Board [Qd 3c 8h]
Seat 2: Qvidde (button) (small blind) folded on the Flop
Seat 5: HamNEgger100 (big blind) collected ($17.64)


PokerStars Hand #169538437982:  Hold'em Limit ($3/$6 USD) - 2017/04/25 10:47:58 ET
Table 'Keid' 6-max Seat #5 is the button
Seat 2: Qvidde ($140.23 in chips)
Seat 5: HamNEgger100 ($90.57 in chips)
HamNEgger100: posts small blind $1
Qvidde: posts big blind $3
*** HOLE CARDS ***
HamNEgger100: calls $2
Qvidde: raises $3 to $6
HamNEgger100: calls $3
*** FLOP *** [6h Ts Jc]
Qvidde: bets $3
HamNEgger100: calls $3
*** TURN *** [6h Ts Jc] [Qh]
Qvidde: checks
HamNEgger100: bets $6
Qvidde: calls $6
*** RIVER *** [6h Ts Jc Qh] [8d]
Qvidde: checks
HamNEgger100: bets $6
Qvidde: folds
Uncalled bet ($6) returned to HamNEgger100
HamNEgger100 collected $29.50 from pot
*** SUMMARY ***
Total pot $30 | Rake $0.50
Board [6h Ts Jc Qh 8d]
Seat 2: Qvidde (big blind) folded on the River
Seat 5: HamNEgger100 (button) (small blind) collected ($29.50)


PokerStars Hand #169538463396:  Hold'em Limit ($3/$6 USD) - 2017/04/25 10:48:38 ET
Table 'Keid' 6-max Seat #2 is the button
Seat 2: Qvidde ($125.23 in chips)
Seat 5: HamNEgger100 ($105.07 in chips)
Qvidde: posts small blind $1
HamNEgger100: posts big blind $3
*** HOLE CARDS ***
Qvidde: raises $3 to $6
HamNEgger100: calls $3
*** FLOP *** [Ac 6h 2h]
HamNEgger100: checks
Qvidde: bets $3
HamNEgger100: folds
Uncalled bet ($3) returned to Qvidde
Qvidde collected $11.76 from pot
Qvidde: doesn't show hand
*** SUMMARY ***
Total pot $12 | Rake $0.24
Board [Ac 6h 2h]
Seat 2: Qvidde (button) (small blind) collected ($11.76)
Seat 5: HamNEgger100 (big blind) folded on the Flop


PokerStars Hand #169538477779:  Hold'em Limit ($3/$6 USD) - 2017/04/25 10:49:01 ET
Table 'Keid' 6-max Seat #5 is the button
Seat 2: Qvidde ($130.99 in chips)
Seat 5: HamNEgger100 ($99.07 in chips)
HamNEgger100: posts small blind $1
Qvidde: posts big blind $3
*** HOLE CARDS ***
HamNEgger100: folds
Uncalled bet ($2) returned to Qvidde
Qvidde collected $2 from pot
Qvidde: doesn't show hand
*** SUMMARY ***
Total pot $2 | Rake $0
Seat 2: Qvidde (big blind) collected ($2)
Seat 5: HamNEgger100 (button) (small blind) folded before Flop


PokerStars Hand #169538481052:  Hold'em Limit ($3/$6 USD) - 2017/04/25 10:49:06 ET
Table 'Keid' 6-max Seat #2 is the button
Seat 2: Qvidde ($131.99 in chips)
Seat 5: HamNEgger100 ($98.07 in chips)
Qvidde: posts small blind $1
HamNEgger100: posts big blind $3
*** HOLE CARDS ***
Qvidde: raises $3 to $6
HamNEgger100: calls $3
*** FLOP *** [9h Ah 6d]
HamNEgger100: checks
Qvidde: checks
*** TURN *** [9h Ah 6d] [Qd]
HamNEgger100: checks
Qvidde: bets $6
HamNEgger100: calls $6
*** RIVER *** [9h Ah 6d Qd] [6c]
HamNEgger100: checks
Qvidde: bets $6
HamNEgger100: raises $6 to $12
Qvidde: folds
Uncalled bet ($6) returned to HamNEgger100
HamNEgger100 collected $35.50 from pot
*** SUMMARY ***
Total pot $36 | Rake $0.50
Board [9h Ah 6d Qd 6c]
Seat 2: Qvidde (button) (small blind) folded on the River
Seat 5: HamNEgger100 (big blind) collected ($35.50)


PokerStars Hand #169538514640:  Hold'em Limit ($3/$6 USD) - 2017/04/25 10:50:00 ET
Table 'Keid' 6-max Seat #5 is the button
Seat 2: Qvidde ($113.99 in chips)
Seat 5: HamNEgger100 ($115.57 in chips)
HamNEgger100: posts small blind $1
Qvidde: posts big blind $3
*** HOLE CARDS ***
HamNEgger100: calls $2
Qvidde: raises $3 to $6
HamNEgger100: raises $3 to $9
Qvidde: calls $3
*** FLOP *** [9h 4d 6c]
Qvidde: checks
HamNEgger100: bets $3
Qvidde: calls $3
*** TURN *** [9h 4d 6c] [2d]
Qvidde: checks
HamNEgger100: bets $6
Qvidde: calls $6
*** RIVER *** [9h 4d 6c 2d] [Qd]
Qvidde: checks
HamNEgger100: checks
*** SHOW DOWN ***
Qvidde: shows [8s Ts] (high card Queen)
HamNEgger100: shows [Jc 9s] (a pair of Nines)
HamNEgger100 collected $35.50 from pot
*** SUMMARY ***
Total pot $36 | Rake $0.50
Board [9h 4d 6c 2d Qd]
Seat 2: Qvidde (big blind) showed [8s Ts] and lost with high card Queen
Seat 5: HamNEgger100 (button) (small blind) showed [Jc 9s] and won ($35.50) with a pair of Nines


PokerStars Hand #169538549309:  Hold'em Limit ($3/$6 USD) - 2017/04/25 10:50:55 ET
Table 'Keid' 6-max Seat #2 is the button
Seat 2: Qvidde ($95.99 in chips)
Seat 5: HamNEgger100 ($133.07 in chips)
Qvidde: posts small blind $1
HamNEgger100: posts big blind $3
*** HOLE CARDS ***
Qvidde: raises $3 to $6
HamNEgger100: calls $3
*** FLOP *** [5c 9s Qs]
HamNEgger100: bets $3
Qvidde: raises $3 to $6
HamNEgger100: calls $3
*** TURN *** [5c 9s Qs] [8d]
HamNEgger100: checks
Qvidde: bets $6
HamNEgger100: calls $6
*** RIVER *** [5c 9s Qs 8d] [Kh]
HamNEgger100: checks
Qvidde: bets $6
HamNEgger100: calls $6
*** SHOW DOWN ***
Qvidde: shows [6d 7c] (a straight, Five to Nine)
HamNEgger100: mucks hand
Qvidde collected $47.50 from pot
*** SUMMARY ***
Total pot $48 | Rake $0.50
Board [5c 9s Qs 8d Kh]
Seat 2: Qvidde (button) (small blind) showed [6d 7c] and won ($47.50) with a straight, Five to Nine
Seat 5: HamNEgger100 (big blind) mucked


PokerStars Hand #169538571090:  Hold'em Limit ($3/$6 USD) - 2017/04/25 10:51:30 ET
Table 'Keid' 6-max Seat #5 is the button
Seat 2: Qvidde ($119.49 in chips)
Seat 5: HamNEgger100 ($109.07 in chips)
HamNEgger100: posts small blind $1
Qvidde: posts big blind $3
*** HOLE CARDS ***
HamNEgger100: calls $2
Qvidde: raises $3 to $6
HamNEgger100: raises $3 to $9
Qvidde: calls $3
*** FLOP *** [6s 8h Qc]
Qvidde: checks
HamNEgger100: bets $3
Qvidde: raises $3 to $6
HamNEgger100: calls $3
*** TURN *** [6s 8h Qc] [As]
Qvidde: bets $6
HamNEgger100: raises $6 to $12
Qvidde: calls $6
*** RIVER *** [6s 8h Qc As] [Ah]
Qvidde: checks
HamNEgger100: checks
*** SHOW DOWN ***
Qvidde: shows [5d Qd] (two pair, Aces and Queens)
HamNEgger100: mucks hand
Qvidde collected $53.50 from pot
*** SUMMARY ***
Total pot $54 | Rake $0.50
Board [6s 8h Qc As Ah]
Seat 2: Qvidde (big blind) showed [5d Qd] and won ($53.50) with two pair, Aces and Queens
Seat 5: HamNEgger100 (button) (small blind) mucked


PokerStars Hand #169538600428:  Hold'em Limit ($3/$6 USD) - 2017/04/25 10:52:17 ET
Table 'Keid' 6-max Seat #2 is the button
Seat 2: Qvidde ($145.99 in chips)
Seat 5: HamNEgger100 ($82.07 in chips)
Qvidde: posts small blind $1
HamNEgger100: posts big blind $3
*** HOLE CARDS ***
Qvidde: raises $3 to $6
HamNEgger100: folds
Uncalled bet ($3) returned to Qvidde
Qvidde collected $6 from pot
Qvidde: doesn't show hand
*** SUMMARY ***
Total pot $6 | Rake $0
Seat 2: Qvidde (button) (small blind) collected ($6)
Seat 5: HamNEgger100 (big blind) folded before Flop


PokerStars Hand #169538604604:  Hold'em Limit ($3/$6 USD) - 2017/04/25 10:52:23 ET
Table 'Keid' 6-max Seat #5 is the button
Seat 2: Qvidde ($148.99 in chips)
Seat 5: HamNEgger100 ($79.07 in chips)
HamNEgger100: posts small blind $1
Qvidde: posts big blind $3
*** HOLE CARDS ***
HamNEgger100: folds
Uncalled bet ($2) returned to Qvidde
Qvidde collected $2 from pot
Qvidde: doesn't show hand
*** SUMMARY ***
Total pot $2 | Rake $0
Seat 2: Qvidde (big blind) collected ($2)
Seat 5: HamNEgger100 (button) (small blind) folded before Flop


PokerStars Hand #169538607980:  Hold'em Limit ($3/$6 USD) - 2017/04/25 10:52:29 ET
Table 'Keid' 6-max Seat #2 is the button
Seat 2: Qvidde ($149.99 in chips)
Seat 5: HamNEgger100 ($78.07 in chips)
Qvidde: posts small blind $1
HamNEgger100: posts big blind $3
*** HOLE CARDS ***
Qvidde: raises $3 to $6
HamNEgger100: calls $3
*** FLOP *** [Qs 8d Kc]
HamNEgger100: checks
Qvidde: checks
*** TURN *** [Qs 8d Kc] [5c]
HamNEgger100: checks
Qvidde: bets $6
HamNEgger100: folds
Uncalled bet ($6) returned to Qvidde
Qvidde collected $11.76 from pot
Qvidde: doesn't show hand
*** SUMMARY ***
Total pot $12 | Rake $0.24
Board [Qs 8d Kc 5c]
Seat 2: Qvidde (button) (small blind) collected ($11.76)
Seat 5: HamNEgger100 (big blind) folded on the Turn


PokerStars Hand #169538626244:  Hold'em Limit ($3/$6 USD) - 2017/04/25 10:52:58 ET
Table 'Keid' 6-max Seat #5 is the button
Seat 2: Qvidde ($155.75 in chips)
Seat 5: HamNEgger100 ($72.07 in chips)
HamNEgger100: posts small blind $1
Qvidde: posts big blind $3
*** HOLE CARDS ***
HamNEgger100: calls $2
Qvidde: raises $3 to $6
HamNEgger100: raises $3 to $9
Qvidde: calls $3
*** FLOP *** [Th 5s 2s]
Qvidde: checks
HamNEgger100: bets $3
Qvidde: calls $3
*** TURN *** [Th 5s 2s] [Ks]
Qvidde: checks
HamNEgger100: bets $6
Qvidde: calls $6
*** RIVER *** [Th 5s 2s Ks] [4s]
Qvidde: bets $6
HamNEgger100 said, "why are you so aggressive every hand?"
HamNEgger100: raises $6 to $12
HamNEgger100 said, "its okay to fold dude"
Qvidde: folds
Uncalled bet ($6) returned to HamNEgger100
HamNEgger100 collected $47.50 from pot
*** SUMMARY ***
Total pot $48 | Rake $0.50
Board [Th 5s 2s Ks 4s]
Seat 2: Qvidde (big blind) folded on the River
Seat 5: HamNEgger100 (button) (small blind) collected ($47.50)


PokerStars Hand #169538657638:  Hold'em Limit ($3/$6 USD) - 2017/04/25 10:53:48 ET
Table 'Keid' 6-max Seat #2 is the button
Seat 2: Qvidde ($131.75 in chips)
Seat 5: HamNEgger100 ($95.57 in chips)
Qvidde: posts small blind $1
HamNEgger100: posts big blind $3
*** HOLE CARDS ***
Qvidde: raises $3 to $6
HamNEgger100: calls $3
*** FLOP *** [7d 2h 5s]
HamNEgger100: checks
Qvidde: bets $3
HamNEgger100: calls $3
*** TURN *** [7d 2h 5s] [Js]
HamNEgger100: checks
Qvidde: bets $6
HamNEgger100: raises $6 to $12
Qvidde: raises $6 to $18
HamNEgger100: calls $6
*** RIVER *** [7d 2h 5s Js] [Qs]
HamNEgger100: checks
Qvidde: bets $6
HamNEgger100: folds
Uncalled bet ($6) returned to Qvidde
Qvidde collected $53.50 from pot
Qvidde: doesn't show hand
*** SUMMARY ***
Total pot $54 | Rake $0.50
Board [7d 2h 5s Js Qs]
Seat 2: Qvidde (button) (small blind) collected ($53.50)
Seat 5: HamNEgger100 (big blind) folded on the River


PokerStars Hand #169538689510:  Hold'em Limit ($3/$6 USD) - 2017/04/25 10:54:39 ET
Table 'Keid' 6-max Seat #5 is the button
Seat 2: Qvidde ($158.25 in chips)
Seat 5: HamNEgger100 ($68.57 in chips)
HamNEgger100: posts small blind $1
Qvidde: posts big blind $3
*** HOLE CARDS ***
HamNEgger100: calls $2
Qvidde: raises $3 to $6
HamNEgger100: raises $3 to $9
Qvidde: calls $3
*** FLOP *** [8s 8d 2c]
Qvidde: checks
HamNEgger100: bets $3
Qvidde: calls $3
*** TURN *** [8s 8d 2c] [Ad]
Qvidde: checks
HamNEgger100: bets $6
Qvidde: raises $6 to $12
HamNEgger100: raises $6 to $18
Qvidde: folds
Uncalled bet ($6) returned to HamNEgger100
HamNEgger100 collected $47.50 from pot
HamNEgger100: shows [9d 7h]
*** SUMMARY ***
Total pot $48 | Rake $0.50
Board [8s 8d 2c Ad]
Seat 2: Qvidde (big blind) folded on the Turn
Seat 5: HamNEgger100 (button) (small blind) collected ($47.50)


PokerStars Hand #169538715312:  Hold'em Limit ($3/$6 USD) - 2017/04/25 10:55:22 ET
Table 'Keid' 6-max Seat #2 is the button
Seat 2: Qvidde ($134.25 in chips)
Seat 5: HamNEgger100 ($92.07 in chips)
Qvidde: posts small blind $1
HamNEgger100: posts big blind $3
*** HOLE CARDS ***
Qvidde: raises $3 to $6
HamNEgger100: folds
Uncalled bet ($3) returned to Qvidde
Qvidde collected $6 from pot
Qvidde: doesn't show hand
*** SUMMARY ***
Total pot $6 | Rake $0
Seat 2: Qvidde (button) (small blind) collected ($6)
Seat 5: HamNEgger100 (big blind) folded before Flop


PokerStars Hand #169538721637:  Hold'em Limit ($3/$6 USD) - 2017/04/25 10:55:34 ET
Table 'Keid' 6-max Seat #5 is the button
Seat 2: Qvidde ($137.25 in chips)
Seat 5: HamNEgger100 ($89.07 in chips)
HamNEgger100: posts small blind $1
Qvidde: posts big blind $3
*** HOLE CARDS ***
HamNEgger100: folds
Uncalled bet ($2) returned to Qvidde
Qvidde collected $2 from pot
Qvidde: doesn't show hand
*** SUMMARY ***
Total pot $2 | Rake $0
Seat 2: Qvidde (big blind) collected ($2)
Seat 5: HamNEgger100 (button) (small blind) folded before Flop


PokerStars Hand #169538724727:  Hold'em Limit ($3/$6 USD) - 2017/04/25 10:55:39 ET
Table 'Keid' 6-max Seat #2 is the button
Seat 2: Qvidde ($138.25 in chips)
Seat 5: HamNEgger100 ($88.07 in chips)
Qvidde: posts small blind $1
HamNEgger100: posts big blind $3
*** HOLE CARDS ***
Qvidde: raises $3 to $6
HamNEgger100: folds
Uncalled bet ($3) returned to Qvidde
Qvidde collected $6 from pot
Qvidde: doesn't show hand
*** SUMMARY ***
Total pot $6 | Rake $0
Seat 2: Qvidde (button) (small blind) collected ($6)
Seat 5: HamNEgger100 (big blind) folded before Flop


PokerStars Hand #169538729765:  Hold'em Limit ($3/$6 USD) - 2017/04/25 10:55:49 ET
Table 'Keid' 6-max Seat #5 is the button
Seat 2: Qvidde ($141.25 in chips)
Seat 5: HamNEgger100 ($85.07 in chips)
HamNEgger100: posts small blind $1
Qvidde: posts big blind $3
*** HOLE CARDS ***
HamNEgger100: raises $3 to $6
Qvidde: raises $3 to $9
HamNEgger100: raises $3 to $12
Betting is capped
Qvidde: calls $3
*** FLOP *** [Ad 2s 6s]
Qvidde: checks
HamNEgger100: bets $3
Qvidde: raises $3 to $6
HamNEgger100: calls $3
*** TURN *** [Ad 2s 6s] [7c]
Qvidde: bets $6
HamNEgger100: calls $6
*** RIVER *** [Ad 2s 6s 7c] [3c]
Qvidde: bets $6
HamNEgger100: folds
Uncalled bet ($6) returned to Qvidde
Qvidde collected $47.50 from pot
Qvidde: doesn't show hand
*** SUMMARY ***
Total pot $48 | Rake $0.50
Board [Ad 2s 6s 7c 3c]
Seat 2: Qvidde (big blind) collected ($47.50)
Seat 5: HamNEgger100 (button) (small blind) folded on the River


PokerStars Hand #169538747887:  Hold'em Limit ($3/$6 USD) - 2017/04/25 10:56:23 ET
Table 'Keid' 6-max Seat #2 is the button
Seat 2: Qvidde ($164.75 in chips)
Seat 5: HamNEgger100 ($61.07 in chips)
Qvidde: posts small blind $1
HamNEgger100: posts big blind $3
*** HOLE CARDS ***
Qvidde: raises $3 to $6
HamNEgger100: raises $3 to $9
Qvidde: calls $3
*** FLOP *** [Js 7d Qh]
HamNEgger100: bets $3
Qvidde: folds
Uncalled bet ($3) returned to HamNEgger100
HamNEgger100 collected $17.64 from pot
*** SUMMARY ***
Total pot $18 | Rake $0.36
Board [Js 7d Qh]
Seat 2: Qvidde (button) (small blind) folded on the Flop
Seat 5: HamNEgger100 (big blind) collected ($17.64)


PokerStars Hand #169538756661:  Hold'em Limit ($3/$6 USD) - 2017/04/25 10:56:39 ET
Table 'Keid' 6-max Seat #5 is the button
Seat 2: Qvidde ($155.75 in chips)
Seat 5: HamNEgger100 ($69.71 in chips)
HamNEgger100: posts small blind $1
Qvidde: posts big blind $3
*** HOLE CARDS ***
HamNEgger100: raises $3 to $6
Qvidde: calls $3
*** FLOP *** [7s 5d Ts]
Qvidde: checks
HamNEgger100: bets $3
Qvidde: raises $3 to $6
HamNEgger100: calls $3
*** TURN *** [7s 5d Ts] [7h]
Qvidde: bets $6
HamNEgger100: calls $6
*** RIVER *** [7s 5d Ts 7h] [2s]
Qvidde: bets $6
HamNEgger100: calls $6
*** SHOW DOWN ***
Qvidde: shows [2d Tc] (two pair, Tens and Sevens)
HamNEgger100: mucks hand
Qvidde collected $47.50 from pot
*** SUMMARY ***
Total pot $48 | Rake $0.50
Board [7s 5d Ts 7h 2s]
Seat 2: Qvidde (big blind) showed [2d Tc] and won ($47.50) with two pair, Tens and Sevens
Seat 5: HamNEgger100 (button) (small blind) mucked


PokerStars Hand #169538779725:  Hold'em Limit ($3/$6 USD) - 2017/04/25 10:57:21 ET
Table 'Keid' 6-max Seat #2 is the button
Seat 2: Qvidde ($179.25 in chips)
Seat 5: HamNEgger100 ($45.71 in chips)
Qvidde: posts small blind $1
HamNEgger100: posts big blind $3
*** HOLE CARDS ***
Qvidde: folds
Uncalled bet ($2) returned to HamNEgger100
HamNEgger100 collected $2 from pot
*** SUMMARY ***
Total pot $2 | Rake $0
Seat 2: Qvidde (button) (small blind) folded before Flop
Seat 5: HamNEgger100 (big blind) collected ($2)


PokerStars Hand #169538783484:  Hold'em Limit ($3/$6 USD) - 2017/04/25 10:57:28 ET
Table 'Keid' 6-max Seat #5 is the button
Seat 2: Qvidde ($178.25 in chips)
Seat 5: HamNEgger100 ($46.71 in chips)
HamNEgger100: posts small blind $1
Qvidde: posts big blind $3
*** HOLE CARDS ***
HamNEgger100: raises $3 to $6
Qvidde: raises $3 to $9
HamNEgger100: raises $3 to $12
Betting is capped
Qvidde: calls $3
*** FLOP *** [Jh 3s 4d]
Qvidde: checks
HamNEgger100: bets $3
Qvidde: calls $3
*** TURN *** [Jh 3s 4d] [Qs]
Qvidde: checks
HamNEgger100: bets $6
Qvidde: folds
Uncalled bet ($6) returned to HamNEgger100
HamNEgger100 collected $29.50 from pot
*** SUMMARY ***
Total pot $30 | Rake $0.50
Board [Jh 3s 4d Qs]
Seat 2: Qvidde (big blind) folded on the Turn
Seat 5: HamNEgger100 (button) (small blind) collected ($29.50)


PokerStars Hand #169538799296:  Hold'em Limit ($3/$6 USD) - 2017/04/25 10:57:56 ET
Table 'Keid' 6-max Seat #2 is the button
Seat 2: Qvidde ($163.25 in chips)
Seat 5: HamNEgger100 ($61.21 in chips)
Qvidde: posts small blind $1
HamNEgger100: posts big blind $3
*** HOLE CARDS ***
Qvidde: raises $3 to $6
HamNEgger100: calls $3
*** FLOP *** [3d 9s Tc]
HamNEgger100: checks
Qvidde: bets $3
krytalex joins the table at seat #1
HamNEgger100: folds
Uncalled bet ($3) returned to Qvidde
Qvidde collected $11.76 from pot
Qvidde: doesn't show hand
*** SUMMARY ***
Total pot $12 | Rake $0.24
Board [3d 9s Tc]
Seat 2: Qvidde (button) (small blind) collected ($11.76)
Seat 5: HamNEgger100 (big blind) folded on the Flop


PokerStars Hand #169539368331:  Hold'em Limit ($3/$6 USD) - 2017/04/25 11:13:00 ET
Table 'Keid' 6-max Seat #1 is the button
Seat 1: krytalex ($81.23 in chips)
Seat 5: HamNEgger100 ($55.34 in chips)
krytalex: posts small blind $1
HamNEgger100: posts big blind $3
*** HOLE CARDS ***
krytalex: raises $3 to $6
HamNEgger100: calls $3
*** FLOP *** [Th 4h 8c]
HamNEgger100: bets $3
krytalex: folds
Uncalled bet ($3) returned to HamNEgger100
HamNEgger100 collected $11.76 from pot
*** SUMMARY ***
Total pot $12 | Rake $0.24
Board [Th 4h 8c]
Seat 1: krytalex (button) (small blind) folded on the Flop
Seat 5: HamNEgger100 (big blind) collected ($11.76)


PokerStars Hand #169539376317:  Hold'em Limit ($3/$6 USD) - 2017/04/25 11:13:12 ET
Table 'Keid' 6-max Seat #5 is the button
Seat 1: krytalex ($75.23 in chips)
Seat 5: HamNEgger100 ($61.10 in chips)
HamNEgger100: posts small blind $1
krytalex: posts big blind $3
*** HOLE CARDS ***
HamNEgger100: calls $2
krytalex: checks
*** FLOP *** [2h 3c Js]
krytalex: bets $3
HamNEgger100: calls $3
*** TURN *** [2h 3c Js] [5h]
krytalex: bets $6
HamNEgger100: calls $6
*** RIVER *** [2h 3c Js 5h] [3h]
krytalex: bets $6
HamNEgger100: calls $6
*** SHOW DOWN ***
krytalex: shows [7s 3d] (three of a kind, Threes)
HamNEgger100: mucks hand
krytalex collected $35.50 from pot
*** SUMMARY ***
Total pot $36 | Rake $0.50
Board [2h 3c Js 5h 3h]
Seat 1: krytalex (big blind) showed [7s 3d] and won ($35.50) with three of a kind, Threes
Seat 5: HamNEgger100 (button) (small blind) mucked


PokerStars Hand #169539401254:  Hold'em Limit ($3/$6 USD) - 2017/04/25 11:13:51 ET
Table 'Keid' 6-max Seat #5 is the button
Seat 1: krytalex ($91.73 in chips)
Seat 5: HamNEgger100 ($44.10 in chips)
HamNEgger100: posts small blind $1
krytalex: posts big blind $3
*** HOLE CARDS ***
HamNEgger100: folds
Uncalled bet ($2) returned to krytalex
krytalex collected $2 from pot
*** SUMMARY ***
Total pot $2 | Rake $0
Seat 1: krytalex (big blind) collected ($2)
Seat 5: HamNEgger100 (button) (small blind) folded before Flop


PokerStars Hand #169539397282:  Hold'em Limit ($3/$6 USD) - 2017/04/25 11:13:45 ET
Table 'Keid' 6-max Seat #1 is the button
Seat 1: krytalex ($92.73 in chips)
Seat 5: HamNEgger100 ($43.10 in chips)
krytalex: posts small blind $1
HamNEgger100: posts big blind $3
*** HOLE CARDS ***
krytalex: folds
Uncalled bet ($2) returned to HamNEgger100
HamNEgger100 collected $2 from pot
*** SUMMARY ***
Total pot $2 | Rake $0
Seat 1: krytalex (button) (small blind) folded before Flop
Seat 5: HamNEgger100 (big blind) collected ($2)


PokerStars Hand #169539414939:  Hold'em Limit ($3/$6 USD) - 2017/04/25 11:14:12 ET
Table 'Keid' 6-max Seat #5 is the button
Seat 1: krytalex ($86.73 in chips)
Seat 5: HamNEgger100 ($48.86 in chips)
HamNEgger100: posts small blind $1
krytalex: posts big blind $3
*** HOLE CARDS ***
HamNEgger100: folds
Uncalled bet ($2) returned to krytalex
krytalex collected $2 from pot
*** SUMMARY ***
Total pot $2 | Rake $0
Seat 1: krytalex (big blind) collected ($2)
Seat 5: HamNEgger100 (button) (small blind) folded before Flop


PokerStars Hand #169539404592:  Hold'em Limit ($3/$6 USD) - 2017/04/25 11:13:56 ET
Table 'Keid' 6-max Seat #1 is the button
Seat 1: krytalex ($92.73 in chips)
Seat 5: HamNEgger100 ($43.10 in chips)
krytalex: posts small blind $1
HamNEgger100: posts big blind $3
*** HOLE CARDS ***
krytalex: raises $3 to $6
HamNEgger100: calls $3
*** FLOP *** [Qh Th Qc]
HamNEgger100: bets $3
krytalex: folds
Uncalled bet ($3) returned to HamNEgger100
HamNEgger100 collected $11.76 from pot
*** SUMMARY ***
Total pot $12 | Rake $0.24
Board [Qh Th Qc]
Seat 1: krytalex (button) (small blind) folded on the Flop
Seat 5: HamNEgger100 (big blind) collected ($11.76)


PokerStars Hand #169539418244:  Hold'em Limit ($3/$6 USD) - 2017/04/25 11:14:17 ET
Table 'Keid' 6-max Seat #1 is the button
Seat 1: krytalex ($87.73 in chips)
Seat 5: HamNEgger100 ($47.86 in chips)
krytalex: posts small blind $1
HamNEgger100: posts big blind $3
*** HOLE CARDS ***
krytalex: raises $3 to $6
HamNEgger100: raises $3 to $9
krytalex: calls $3
*** FLOP *** [Kh 4c Qd]
HamNEgger100: bets $3
krytalex: folds
Uncalled bet ($3) returned to HamNEgger100
HamNEgger100 collected $17.64 from pot
*** SUMMARY ***
Total pot $18 | Rake $0.36
Board [Kh 4c Qd]
Seat 1: krytalex (button) (small blind) folded on the Flop
Seat 5: HamNEgger100 (big blind) collected ($17.64)


PokerStars Hand #169539432720:  Hold'em Limit ($3/$6 USD) - 2017/04/25 11:14:40 ET
Table 'Keid' 6-max Seat #1 is the button
Seat 1: krytalex ($79.73 in chips)
Seat 5: HamNEgger100 ($55.50 in chips)
krytalex: posts small blind $1
HamNEgger100: posts big blind $3
*** HOLE CARDS ***
krytalex: raises $3 to $6
HamNEgger100: folds
Uncalled bet ($3) returned to krytalex
krytalex collected $6 from pot
*** SUMMARY ***
Total pot $6 | Rake $0
Seat 1: krytalex (button) (small blind) collected ($6)
Seat 5: HamNEgger100 (big blind) folded before Flop


PokerStars Hand #169539429385:  Hold'em Limit ($3/$6 USD) - 2017/04/25 11:14:35 ET
Table 'Keid' 6-max Seat #5 is the button
Seat 1: krytalex ($78.73 in chips)
Seat 5: HamNEgger100 ($56.50 in chips)
HamNEgger100: posts small blind $1
krytalex: posts big blind $3
*** HOLE CARDS ***
HamNEgger100: folds
Uncalled bet ($2) returned to krytalex
krytalex collected $2 from pot
*** SUMMARY ***
Total pot $2 | Rake $0
Seat 1: krytalex (big blind) collected ($2)
Seat 5: HamNEgger100 (button) (small blind) folded before Flop


PokerStars Hand #169539436746:  Hold'em Limit ($3/$6 USD) - 2017/04/25 11:14:46 ET
Table 'Keid' 6-max Seat #5 is the button
Seat 1: krytalex ($82.73 in chips)
Seat 5: HamNEgger100 ($52.50 in chips)
HamNEgger100: posts small blind $1
krytalex: posts big blind $3
*** HOLE CARDS ***
HamNEgger100: folds
Uncalled bet ($2) returned to krytalex
krytalex collected $2 from pot
*** SUMMARY ***
Total pot $2 | Rake $0
Seat 1: krytalex (big blind) collected ($2)
Seat 5: HamNEgger100 (button) (small blind) folded before Flop


PokerStars Hand #169539440017:  Hold'em Limit ($3/$6 USD) - 2017/04/25 11:14:51 ET
Table 'Keid' 6-max Seat #1 is the button
Seat 1: krytalex ($83.73 in chips)
Seat 5: HamNEgger100 ($51.50 in chips)
krytalex: posts small blind $1
HamNEgger100: posts big blind $3
*** HOLE CARDS ***
krytalex: raises $3 to $6
HamNEgger100: calls $3
*** FLOP *** [Ts Tc Qs]
HamNEgger100: checks
krytalex: bets $3
HamNEgger100: folds
Uncalled bet ($3) returned to krytalex
krytalex collected $11.76 from pot
*** SUMMARY ***
Total pot $12 | Rake $0.24
Board [Ts Tc Qs]
Seat 1: krytalex (button) (small blind) collected ($11.76)
Seat 5: HamNEgger100 (big blind) folded on the Flop


PokerStars Hand #169539450437:  Hold'em Limit ($3/$6 USD) - 2017/04/25 11:15:07 ET
Table 'Keid' 6-max Seat #5 is the button
Seat 1: krytalex ($89.49 in chips)
Seat 5: HamNEgger100 ($45.50 in chips)
HamNEgger100: posts small blind $1
krytalex: posts big blind $3
*** HOLE CARDS ***
HamNEgger100: folds
Uncalled bet ($2) returned to krytalex
krytalex collected $2 from pot
*** SUMMARY ***
Total pot $2 | Rake $0
Seat 1: krytalex (big blind) collected ($2)
Seat 5: HamNEgger100 (button) (small blind) folded before Flop


PokerStars Hand #169539454392:  Hold'em Limit ($3/$6 USD) - 2017/04/25 11:15:13 ET
Table 'Keid' 6-max Seat #1 is the button
Seat 1: krytalex ($90.49 in chips)
Seat 5: HamNEgger100 ($44.50 in chips)
krytalex: posts small blind $1
HamNEgger100: posts big blind $3
*** HOLE CARDS ***
krytalex: raises $3 to $6
HamNEgger100: raises $3 to $9
krytalex: calls $3
*** FLOP *** [5c Ah 3d]
HamNEgger100: bets $3
krytalex: calls $3
*** TURN *** [5c Ah 3d] [Ts]
HamNEgger100: checks
krytalex: bets $6
HamNEgger100: folds
Uncalled bet ($6) returned to krytalex
krytalex collected $23.52 from pot
*** SUMMARY ***
Total pot $24 | Rake $0.48
Board [5c Ah 3d Ts]
Seat 1: krytalex (button) (small blind) collected ($23.52)
Seat 5: HamNEgger100 (big blind) folded on the Turn


PokerStars Hand #169539480529:  Hold'em Limit ($3/$6 USD) - 2017/04/25 11:15:54 ET
Table 'Keid' 6-max Seat #5 is the button
Seat 1: krytalex ($102.01 in chips)
Seat 5: HamNEgger100 ($32.50 in chips)
HamNEgger100: posts small blind $1
krytalex: posts big blind $3
*** HOLE CARDS ***
HamNEgger100: calls $2
krytalex: checks
*** FLOP *** [9s 6c Kh]
krytalex: checks
HamNEgger100: bets $3
krytalex: folds
Uncalled bet ($3) returned to HamNEgger100
HamNEgger100 collected $5.88 from pot
*** SUMMARY ***
Total pot $6 | Rake $0.12
Board [9s 6c Kh]
Seat 1: krytalex (big blind) folded on the Flop
Seat 5: HamNEgger100 (button) (small blind) collected ($5.88)


PokerStars Hand #169539489876:  Hold'em Limit ($3/$6 USD) - 2017/04/25 11:16:08 ET
Table 'Keid' 6-max Seat #1 is the button
Seat 1: krytalex ($99.01 in chips)
Seat 5: HamNEgger100 ($35.38 in chips)
krytalex: posts small blind $1
HamNEgger100: posts big blind $3
*** HOLE CARDS ***
krytalex: raises $3 to $6
HamNEgger100: calls $3
*** FLOP *** [9d Ts 2h]
HamNEgger100: checks
krytalex: bets $3
HamNEgger100: folds
Uncalled bet ($3) returned to krytalex
krytalex collected $11.76 from pot
*** SUMMARY ***
Total pot $12 | Rake $0.24
Board [9d Ts 2h]
Seat 1: krytalex (button) (small blind) collected ($11.76)
Seat 5: HamNEgger100 (big blind) folded on the Flop


PokerStars Hand #169539519654:  Hold'em Limit ($3/$6 USD) - 2017/04/25 11:16:54 ET
Table 'Keid' 6-max Seat #1 is the button
Seat 1: krytalex ($122.27 in chips)
Seat 5: HamNEgger100 ($11.38 in chips)
krytalex: posts small blind $1
HamNEgger100: posts big blind $3
*** HOLE CARDS ***
krytalex: raises $3 to $6
HamNEgger100: calls $3
*** FLOP *** [Ah 6d Th]
HamNEgger100: checks
krytalex: bets $3
Opal10 joins the table at seat #4
HamNEgger100: folds
Uncalled bet ($3) returned to krytalex
krytalex collected $11.76 from pot
*** SUMMARY ***
Total pot $12 | Rake $0.24
Board [Ah 6d Th]
Seat 1: krytalex (button) (small blind) collected ($11.76)
Seat 5: HamNEgger100 (big blind) folded on the Flop


PokerStars Hand #169542747005:  Hold'em Limit ($3/$6 USD) - 2017/04/25 12:35:41 ET
Table 'Keid' 6-max Seat #4 is the button
Seat 2: nicmct ($257.91 in chips)
Seat 4: B_loJkl ($60.65 in chips)
B_loJkl: posts small blind $1
krytalex: is sitting out
nicmct: posts big blind $3
*** HOLE CARDS ***
B_loJkl: raises $3 to $6
krytalex leaves the table
nicmct: calls $3
*** FLOP *** [4s Ts 4h]
nicmct: checks
B_loJkl: bets $3
nicmct: raises $3 to $6
B_loJkl: folds
Uncalled bet ($3) returned to nicmct
nicmct collected $17.64 from pot
*** SUMMARY ***
Total pot $18 | Rake $0.36
Board [4s Ts 4h]
Seat 2: nicmct (big blind) collected ($17.64)
Seat 4: B_loJkl (button) (small blind) folded on the Flop


