PokerStars Hand #174742517796:  Hold'em Limit ($3/$6 USD) - 2017/08/24 14:23:08 ET
Table 'Keid' 6-max Seat #3 is the button
Seat 3: hairy1961 ($50 in chips)
Seat 4: Great_Kang ($120 in chips)
hairy1961: posts small blind $1
Great_Kang: posts big blind $3
*** HOLE CARDS ***
hairy1961: raises $3 to $6
Great_Kang: raises $3 to $9
hairy1961: calls $3
*** FLOP *** [9s 2s 8s]
Great_Kang: bets $3
hairy1961: calls $3
*** TURN *** [9s 2s 8s] [7d]
Great_Kang: bets $6
hairy1961: calls $6
*** RIVER *** [9s 2s 8s 7d] [Js]
Great_Kang: checks
hairy1961: bets $6
Great_Kang: calls $6
*** SHOW DOWN ***
hairy1961: shows [2h 3h] (a pair of Deuces)
Great_Kang: shows [9h Kh] (a pair of Nines)
Great_Kang collected $47.50 from pot
*** SUMMARY ***
Total pot $48 | Rake $0.50
Board [9s 2s 8s 7d Js]
Seat 3: hairy1961 (button) (small blind) showed [2h 3h] and lost with a pair of Deuces
Seat 4: Great_Kang (big blind) showed [9h Kh] and won ($47.50) with a pair of Nines


PokerStars Hand #174742536388:  Hold'em Limit ($3/$6 USD) - 2017/08/24 14:23:35 ET
Table 'Keid' 6-max Seat #4 is the button
Seat 3: hairy1961 ($26 in chips)
Seat 4: Great_Kang ($143.50 in chips)
Great_Kang: posts small blind $1
hairy1961: posts big blind $3
*** HOLE CARDS ***
Great_Kang: raises $3 to $6
hairy1961: calls $3
*** FLOP *** [6c 2h 3c]
hairy1961: checks
Great_Kang: bets $3
hairy1961: raises $3 to $6
Great_Kang: calls $3
*** TURN *** [6c 2h 3c] [6d]
hairy1961: bets $6
Great_Kang: calls $6
*** RIVER *** [6c 2h 3c 6d] [5c]
hairy1961: bets $6
Great_Kang: raises $6 to $12
hairy1961: calls $2 and is all-in
Uncalled bet ($4) returned to Great_Kang
*** SHOW DOWN ***
Great_Kang: shows [7s 4h] (a straight, Three to Seven)
hairy1961: shows [Ah 4s] (a straight, Deuce to Six)
Great_Kang collected $51.50 from pot
*** SUMMARY ***
Total pot $52 | Rake $0.50
Board [6c 2h 3c 6d 5c]
Seat 3: hairy1961 (big blind) showed [Ah 4s] and lost with a straight, Deuce to Six
Seat 4: Great_Kang (button) (small blind) showed [7s 4h] and won ($51.50) with a straight, Three to Seven


PokerStars Hand #174743260864:  Hold'em Limit ($3/$6 USD) - 2017/08/24 14:40:41 ET
Table 'Keid' 6-max Seat #4 is the button
Seat 3: u9iiiK ($70.64 in chips)
Seat 4: Great_Kang ($160 in chips)
Great_Kang: posts small blind $1
u9iiiK: posts big blind $3
*** HOLE CARDS ***
Great_Kang: raises $3 to $6
u9iiiK: folds
Uncalled bet ($3) returned to Great_Kang
Great_Kang collected $6 from pot
Great_Kang: doesn't show hand
*** SUMMARY ***
Total pot $6 | Rake $0
Seat 3: u9iiiK (big blind) folded before Flop
Seat 4: Great_Kang (button) (small blind) collected ($6)


PokerStars Hand #174743265604:  Hold'em Limit ($3/$6 USD) - 2017/08/24 14:40:48 ET
Table 'Keid' 6-max Seat #3 is the button
Seat 3: u9iiiK ($67.64 in chips)
Seat 4: Great_Kang ($163 in chips)
u9iiiK: posts small blind $1
Great_Kang: posts big blind $3
*** HOLE CARDS ***
u9iiiK: folds
Uncalled bet ($2) returned to Great_Kang
Great_Kang collected $2 from pot
Great_Kang: doesn't show hand
*** SUMMARY ***
Total pot $2 | Rake $0
Seat 3: u9iiiK (button) (small blind) folded before Flop
Seat 4: Great_Kang (big blind) collected ($2)


PokerStars Hand #174743269298:  Hold'em Limit ($3/$6 USD) - 2017/08/24 14:40:53 ET
Table 'Keid' 6-max Seat #4 is the button
Seat 3: u9iiiK ($66.64 in chips)
Seat 4: Great_Kang ($164 in chips)
Great_Kang: posts small blind $1
u9iiiK: posts big blind $3
*** HOLE CARDS ***
Great_Kang: raises $3 to $6
u9iiiK: calls $3
*** FLOP *** [8c 2c Td]
u9iiiK: checks
Great_Kang: bets $3
u9iiiK: folds
Uncalled bet ($3) returned to Great_Kang
Great_Kang collected $11.76 from pot
Great_Kang: doesn't show hand
*** SUMMARY ***
Total pot $12 | Rake $0.24
Board [8c 2c Td]
Seat 3: u9iiiK (big blind) folded on the Flop
Seat 4: Great_Kang (button) (small blind) collected ($11.76)


PokerStars Hand #174743279491:  Hold'em Limit ($3/$6 USD) - 2017/08/24 14:41:08 ET
Table 'Keid' 6-max Seat #3 is the button
Seat 3: u9iiiK ($60.64 in chips)
Seat 4: Great_Kang ($169.76 in chips)
u9iiiK: posts small blind $1
Great_Kang: posts big blind $3
*** HOLE CARDS ***
u9iiiK: raises $3 to $6
Great_Kang: calls $3
*** FLOP *** [Js Qd Jh]
Great_Kang: checks
u9iiiK: bets $3
Great_Kang: folds
Uncalled bet ($3) returned to u9iiiK
u9iiiK collected $11.76 from pot
*** SUMMARY ***
Total pot $12 | Rake $0.24
Board [Js Qd Jh]
Seat 3: u9iiiK (button) (small blind) collected ($11.76)
Seat 4: Great_Kang (big blind) folded on the Flop


PokerStars Hand #174743285816:  Hold'em Limit ($3/$6 USD) - 2017/08/24 14:41:17 ET
Table 'Keid' 6-max Seat #4 is the button
Seat 3: u9iiiK ($66.40 in chips)
Seat 4: Great_Kang ($163.76 in chips)
Great_Kang: posts small blind $1
u9iiiK: posts big blind $3
*** HOLE CARDS ***
Great_Kang: raises $3 to $6
u9iiiK: raises $3 to $9
Great_Kang: calls $3
*** FLOP *** [3c 2c 5d]
u9iiiK: bets $3
Great_Kang: raises $3 to $6
u9iiiK: calls $3
*** TURN *** [3c 2c 5d] [Kc]
u9iiiK: checks
Great_Kang: bets $6
u9iiiK: raises $6 to $12
Great_Kang: calls $6
*** RIVER *** [3c 2c 5d Kc] [3d]
u9iiiK: bets $6
Great_Kang: folds
Uncalled bet ($6) returned to u9iiiK
u9iiiK collected $53.50 from pot
*** SUMMARY ***
Total pot $54 | Rake $0.50
Board [3c 2c 5d Kc 3d]
Seat 3: u9iiiK (big blind) collected ($53.50)
Seat 4: Great_Kang (button) (small blind) folded on the River


PokerStars Hand #174743336102:  Hold'em Limit ($3/$6 USD) - 2017/08/24 14:42:30 ET
Table 'Keid' 6-max Seat #3 is the button
Seat 3: u9iiiK ($113.40 in chips)
Seat 4: Great_Kang ($115.76 in chips)
u9iiiK: posts small blind $1
Great_Kang: posts big blind $3
*** HOLE CARDS ***
u9iiiK: raises $3 to $6
Great_Kang: folds
Uncalled bet ($3) returned to u9iiiK
u9iiiK collected $6 from pot
*** SUMMARY ***
Total pot $6 | Rake $0
Seat 3: u9iiiK (button) (small blind) collected ($6)
Seat 4: Great_Kang (big blind) folded before Flop


PokerStars Hand #174743305245:  Hold'em Limit ($3/$6 USD) - 2017/08/24 14:41:45 ET
Table 'Keid' 6-max Seat #3 is the button
Seat 3: u9iiiK ($92.90 in chips)
Seat 4: Great_Kang ($136.76 in chips)
u9iiiK: posts small blind $1
Great_Kang: posts big blind $3
*** HOLE CARDS ***
u9iiiK: raises $3 to $6
Great_Kang: raises $3 to $9
u9iiiK: calls $3
*** FLOP *** [3c 9s 8h]
Great_Kang: bets $3
u9iiiK: calls $3
*** TURN *** [3c 9s 8h] [9c]
Great_Kang: bets $6
u9iiiK: raises $6 to $12
Great_Kang: calls $6
*** RIVER *** [3c 9s 8h 9c] [7s]
Great_Kang: checks
u9iiiK: checks
*** SHOW DOWN ***
Great_Kang: shows [Qd 8d] (two pair, Nines and Eights)
u9iiiK: shows [Kc 8c] (two pair, Nines and Eights - King kicker)
u9iiiK collected $47.50 from pot
*** SUMMARY ***
Total pot $48 | Rake $0.50
Board [3c 9s 8h 9c 7s]
Seat 3: u9iiiK (button) (small blind) showed [Kc 8c] and won ($47.50) with two pair, Nines and Eights
Seat 4: Great_Kang (big blind) showed [Qd 8d] and lost with two pair, Nines and Eights


PokerStars Hand #174743328703:  Hold'em Limit ($3/$6 USD) - 2017/08/24 14:42:19 ET
Table 'Keid' 6-max Seat #4 is the button
Seat 3: u9iiiK ($116.40 in chips)
Seat 4: Great_Kang ($112.76 in chips)
Great_Kang: posts small blind $1
u9iiiK: posts big blind $3
*** HOLE CARDS ***
Great_Kang: raises $3 to $6
u9iiiK: folds
Uncalled bet ($3) returned to Great_Kang
Great_Kang collected $6 from pot
Great_Kang: doesn't show hand
*** SUMMARY ***
Total pot $6 | Rake $0
Seat 3: u9iiiK (big blind) folded before Flop
Seat 4: Great_Kang (button) (small blind) collected ($6)


PokerStars Hand #174743348711:  Hold'em Limit ($3/$6 USD) - 2017/08/24 14:42:48 ET
Table 'Keid' 6-max Seat #4 is the button
Seat 3: u9iiiK ($116.40 in chips)
Seat 4: Great_Kang ($112.76 in chips)
Great_Kang: posts small blind $1
u9iiiK: posts big blind $3
*** HOLE CARDS ***
Great_Kang: folds
Uncalled bet ($2) returned to u9iiiK
u9iiiK collected $2 from pot
*** SUMMARY ***
Total pot $2 | Rake $0
Seat 3: u9iiiK (big blind) collected ($2)
Seat 4: Great_Kang (button) (small blind) folded before Flop


PokerStars Hand #174743358662:  Hold'em Limit ($3/$6 USD) - 2017/08/24 14:43:02 ET
Table 'Keid' 6-max Seat #4 is the button
Seat 3: u9iiiK ($116.40 in chips)
Seat 4: Great_Kang ($112.76 in chips)
Great_Kang: posts small blind $1
u9iiiK: posts big blind $3
*** HOLE CARDS ***
Great_Kang: raises $3 to $6
u9iiiK: calls $3
*** FLOP *** [9c 5h Qc]
u9iiiK: checks
Great_Kang: bets $3
u9iiiK: folds
Uncalled bet ($3) returned to Great_Kang
Great_Kang collected $11.76 from pot
Great_Kang: doesn't show hand
*** SUMMARY ***
Total pot $12 | Rake $0.24
Board [9c 5h Qc]
Seat 3: u9iiiK (big blind) folded on the Flop
Seat 4: Great_Kang (button) (small blind) collected ($11.76)


PokerStars Hand #174743355211:  Hold'em Limit ($3/$6 USD) - 2017/08/24 14:42:57 ET
Table 'Keid' 6-max Seat #3 is the button
Seat 3: u9iiiK ($117.40 in chips)
Seat 4: Great_Kang ($111.76 in chips)
u9iiiK: posts small blind $1
Great_Kang: posts big blind $3
*** HOLE CARDS ***
u9iiiK: folds
Uncalled bet ($2) returned to Great_Kang
Great_Kang collected $2 from pot
Great_Kang: doesn't show hand
*** SUMMARY ***
Total pot $2 | Rake $0
Seat 3: u9iiiK (button) (small blind) folded before Flop
Seat 4: Great_Kang (big blind) collected ($2)


PokerStars Hand #174743367527:  Hold'em Limit ($3/$6 USD) - 2017/08/24 14:43:15 ET
Table 'Keid' 6-max Seat #3 is the button
Seat 3: u9iiiK ($110.40 in chips)
Seat 4: Great_Kang ($118.52 in chips)
u9iiiK: posts small blind $1
Great_Kang: posts big blind $3
*** HOLE CARDS ***
u9iiiK: calls $2
Great_Kang: raises $3 to $6
u9iiiK: calls $3
*** FLOP *** [9c 6h Qh]
Great_Kang: bets $3
u9iiiK: calls $3
*** TURN *** [9c 6h Qh] [Kc]
Great_Kang: checks
u9iiiK: checks
*** RIVER *** [9c 6h Qh Kc] [2d]
Great_Kang: bets $6
u9iiiK: folds
Uncalled bet ($6) returned to Great_Kang
Great_Kang collected $17.64 from pot
Great_Kang: doesn't show hand
*** SUMMARY ***
Total pot $18 | Rake $0.36
Board [9c 6h Qh Kc 2d]
Seat 3: u9iiiK (button) (small blind) folded on the River
Seat 4: Great_Kang (big blind) collected ($17.64)


PokerStars Hand #174743414040:  Hold'em Limit ($3/$6 USD) - 2017/08/24 14:44:22 ET
Table 'Keid' 6-max Seat #3 is the button
Seat 3: u9iiiK ($71.40 in chips)
Seat 4: Great_Kang ($156.66 in chips)
u9iiiK: posts small blind $1
Great_Kang: posts big blind $3
*** HOLE CARDS ***
u9iiiK: folds
Uncalled bet ($2) returned to Great_Kang
Great_Kang collected $2 from pot
Great_Kang: doesn't show hand
*** SUMMARY ***
Total pot $2 | Rake $0
Seat 3: u9iiiK (button) (small blind) folded before Flop
Seat 4: Great_Kang (big blind) collected ($2)


PokerStars Hand #174743392668:  Hold'em Limit ($3/$6 USD) - 2017/08/24 14:43:51 ET
Table 'Keid' 6-max Seat #4 is the button
Seat 3: u9iiiK ($101.40 in chips)
Seat 4: Great_Kang ($127.16 in chips)
Great_Kang: posts small blind $1
u9iiiK: posts big blind $3
*** HOLE CARDS ***
Great_Kang: raises $3 to $6
u9iiiK: raises $3 to $9
Great_Kang: calls $3
*** FLOP *** [6c 4h Qc]
u9iiiK: bets $3
Great_Kang: calls $3
*** TURN *** [6c 4h Qc] [9s]
u9iiiK: bets $6
Great_Kang: raises $6 to $12
u9iiiK: calls $6
*** RIVER *** [6c 4h Qc 9s] [7h]
u9iiiK: checks
Great_Kang: bets $6
u9iiiK: calls $6
*** SHOW DOWN ***
Great_Kang: shows [7c Qh] (two pair, Queens and Sevens)
u9iiiK: mucks hand
Great_Kang collected $59.50 from pot
*** SUMMARY ***
Total pot $60 | Rake $0.50
Board [6c 4h Qc 9s 7h]
Seat 3: u9iiiK (big blind) mucked
Seat 4: Great_Kang (button) (small blind) showed [7c Qh] and won ($59.50) with two pair, Queens and Sevens


PokerStars Hand #174743417456:  Hold'em Limit ($3/$6 USD) - 2017/08/24 14:44:27 ET
Table 'Keid' 6-max Seat #4 is the button
Seat 3: u9iiiK ($70.40 in chips)
Seat 4: Great_Kang ($157.66 in chips)
Great_Kang: posts small blind $1
u9iiiK: posts big blind $3
*** HOLE CARDS ***
Great_Kang: folds
Uncalled bet ($2) returned to u9iiiK
u9iiiK collected $2 from pot
*** SUMMARY ***
Total pot $2 | Rake $0
Seat 3: u9iiiK (big blind) collected ($2)
Seat 4: Great_Kang (button) (small blind) folded before Flop


PokerStars Hand #174743469846:  Hold'em Limit ($3/$6 USD) - 2017/08/24 14:45:42 ET
Table 'Keid' 6-max Seat #3 is the button
Seat 3: u9iiiK ($51.92 in chips)
Seat 4: Great_Kang ($174.92 in chips)
u9iiiK: posts small blind $1
Great_Kang: posts big blind $3
*** HOLE CARDS ***
u9iiiK: folds
Uncalled bet ($2) returned to Great_Kang
Great_Kang collected $2 from pot
Great_Kang: doesn't show hand
*** SUMMARY ***
Total pot $2 | Rake $0
Seat 3: u9iiiK (button) (small blind) folded before Flop
Seat 4: Great_Kang (big blind) collected ($2)


PokerStars Hand #174743459717:  Hold'em Limit ($3/$6 USD) - 2017/08/24 14:45:28 ET
Table 'Keid' 6-max Seat #4 is the button
Seat 3: u9iiiK ($57.92 in chips)
Seat 4: Great_Kang ($169.16 in chips)
Great_Kang: posts small blind $1
u9iiiK: posts big blind $3
*** HOLE CARDS ***
Great_Kang: raises $3 to $6
u9iiiK: calls $3
*** FLOP *** [7d 3s 8d]
u9iiiK: checks
Great_Kang: bets $3
u9iiiK: folds
Uncalled bet ($3) returned to Great_Kang
Great_Kang collected $11.76 from pot
Great_Kang: doesn't show hand
*** SUMMARY ***
Total pot $12 | Rake $0.24
Board [7d 3s 8d]
Seat 3: u9iiiK (big blind) folded on the Flop
Seat 4: Great_Kang (button) (small blind) collected ($11.76)


PokerStars Hand #174743420878:  Hold'em Limit ($3/$6 USD) - 2017/08/24 14:44:32 ET
Table 'Keid' 6-max Seat #3 is the button
Seat 3: u9iiiK ($71.40 in chips)
Seat 4: Great_Kang ($156.66 in chips)
u9iiiK: posts small blind $1
Great_Kang: posts big blind $3
*** HOLE CARDS ***
u9iiiK: raises $3 to $6
Great_Kang: raises $3 to $9
u9iiiK: calls $3
*** FLOP *** [4s Qc Td]
Great_Kang: bets $3
u9iiiK: calls $3
*** TURN *** [4s Qc Td] [2h]
Great_Kang: checks
u9iiiK: checks
*** RIVER *** [4s Qc Td 2h] [6s]
Great_Kang: checks
u9iiiK: checks
*** SHOW DOWN ***
Great_Kang: shows [Ah 9c] (high card Ace)
u9iiiK: shows [4h 8h] (a pair of Fours)
u9iiiK collected $23.52 from pot
*** SUMMARY ***
Total pot $24 | Rake $0.48
Board [4s Qc Td 2h 6s]
Seat 3: u9iiiK (button) (small blind) showed [4h 8h] and won ($23.52) with a pair of Fours
Seat 4: Great_Kang (big blind) showed [Ah 9c] and lost with high card Ace


PokerStars Hand #174743456132:  Hold'em Limit ($3/$6 USD) - 2017/08/24 14:45:23 ET
Table 'Keid' 6-max Seat #3 is the button
Seat 3: u9iiiK ($58.92 in chips)
Seat 4: Great_Kang ($168.16 in chips)
u9iiiK: posts small blind $1
Great_Kang: posts big blind $3
*** HOLE CARDS ***
u9iiiK: folds
Uncalled bet ($2) returned to Great_Kang
Great_Kang collected $2 from pot
Great_Kang: doesn't show hand
*** SUMMARY ***
Total pot $2 | Rake $0
Seat 3: u9iiiK (button) (small blind) folded before Flop
Seat 4: Great_Kang (big blind) collected ($2)


PokerStars Hand #174743436985:  Hold'em Limit ($3/$6 USD) - 2017/08/24 14:44:55 ET
Table 'Keid' 6-max Seat #4 is the button
Seat 3: u9iiiK ($82.92 in chips)
Seat 4: Great_Kang ($144.66 in chips)
Great_Kang: posts small blind $1
u9iiiK: posts big blind $3
*** HOLE CARDS ***
Great_Kang: raises $3 to $6
u9iiiK: raises $3 to $9
Great_Kang: calls $3
*** FLOP *** [Kd 9c 8c]
u9iiiK: bets $3
Great_Kang: calls $3
*** TURN *** [Kd 9c 8c] [Kc]
u9iiiK: bets $6
Great_Kang: raises $6 to $12
u9iiiK: calls $6
*** RIVER *** [Kd 9c 8c Kc] [6d]
u9iiiK: checks
Great_Kang: bets $6
u9iiiK: folds
Uncalled bet ($6) returned to Great_Kang
Great_Kang collected $47.50 from pot
Great_Kang: doesn't show hand
*** SUMMARY ***
Total pot $48 | Rake $0.50
Board [Kd 9c 8c Kc 6d]
Seat 3: u9iiiK (big blind) folded on the River
Seat 4: Great_Kang (button) (small blind) collected ($47.50)


PokerStars Hand #174743473731:  Hold'em Limit ($3/$6 USD) - 2017/08/24 14:45:48 ET
Table 'Keid' 6-max Seat #4 is the button
Seat 3: u9iiiK ($50.92 in chips)
Seat 4: Great_Kang ($175.92 in chips)
Great_Kang: posts small blind $1
u9iiiK: posts big blind $3
*** HOLE CARDS ***
Great_Kang: raises $3 to $6
u9iiiK: raises $3 to $9
Great_Kang: calls $3
*** FLOP *** [Qc 4h 9h]
u9iiiK: bets $3
Great_Kang: calls $3
*** TURN *** [Qc 4h 9h] [6s]
u9iiiK: bets $6
Great_Kang: calls $6
*** RIVER *** [Qc 4h 9h 6s] [4s]
u9iiiK: checks
Great_Kang: bets $6
u9iiiK: calls $6
*** SHOW DOWN ***
Great_Kang: shows [6c Kh] (two pair, Sixes and Fours)
u9iiiK: mucks hand
Great_Kang collected $47.50 from pot
*** SUMMARY ***
Total pot $48 | Rake $0.50
Board [Qc 4h 9h 6s 4s]
Seat 3: u9iiiK (big blind) mucked
Seat 4: Great_Kang (button) (small blind) showed [6c Kh] and won ($47.50) with two pair, Sixes and Fours


PokerStars Hand #174743504562:  Hold'em Limit ($3/$6 USD) - 2017/08/24 14:46:33 ET
Table 'Keid' 6-max Seat #4 is the button
Seat 3: u9iiiK ($25.92 in chips)
Seat 4: Great_Kang ($200.42 in chips)
Great_Kang: posts small blind $1
u9iiiK: posts big blind $3
*** HOLE CARDS ***
Great_Kang: raises $3 to $6
u9iiiK: calls $3
*** FLOP *** [Qs 3h As]
u9iiiK: checks
Great_Kang: bets $3
u9iiiK: raises $3 to $6
Great_Kang: folds
Uncalled bet ($3) returned to u9iiiK
u9iiiK collected $17.64 from pot
*** SUMMARY ***
Total pot $18 | Rake $0.36
Board [Qs 3h As]
Seat 3: u9iiiK (big blind) collected ($17.64)
Seat 4: Great_Kang (button) (small blind) folded on the Flop


PokerStars Hand #174743501084:  Hold'em Limit ($3/$6 USD) - 2017/08/24 14:46:28 ET
Table 'Keid' 6-max Seat #3 is the button
Seat 3: u9iiiK ($26.92 in chips)
Seat 4: Great_Kang ($199.42 in chips)
u9iiiK: posts small blind $1
Great_Kang: posts big blind $3
*** HOLE CARDS ***
u9iiiK: folds
Uncalled bet ($2) returned to Great_Kang
Great_Kang collected $2 from pot
Great_Kang: doesn't show hand
*** SUMMARY ***
Total pot $2 | Rake $0
Seat 3: u9iiiK (button) (small blind) folded before Flop
Seat 4: Great_Kang (big blind) collected ($2)


PokerStars Hand #174743497603:  Hold'em Limit ($3/$6 USD) - 2017/08/24 14:46:23 ET
Table 'Keid' 6-max Seat #4 is the button
Seat 3: u9iiiK ($25.92 in chips)
Seat 4: Great_Kang ($200.42 in chips)
Great_Kang: posts small blind $1
u9iiiK: posts big blind $3
*** HOLE CARDS ***
Great_Kang: folds
Uncalled bet ($2) returned to u9iiiK
u9iiiK collected $2 from pot
*** SUMMARY ***
Total pot $2 | Rake $0
Seat 3: u9iiiK (big blind) collected ($2)
Seat 4: Great_Kang (button) (small blind) folded before Flop


PokerStars Hand #174743493955:  Hold'em Limit ($3/$6 USD) - 2017/08/24 14:46:17 ET
Table 'Keid' 6-max Seat #3 is the button
Seat 3: u9iiiK ($26.92 in chips)
Seat 4: Great_Kang ($199.42 in chips)
u9iiiK: posts small blind $1
Great_Kang: posts big blind $3
*** HOLE CARDS ***
u9iiiK: folds
Uncalled bet ($2) returned to Great_Kang
Great_Kang collected $2 from pot
Great_Kang: doesn't show hand
*** SUMMARY ***
Total pot $2 | Rake $0
Seat 3: u9iiiK (button) (small blind) folded before Flop
Seat 4: Great_Kang (big blind) collected ($2)


PokerStars Hand #174743533418:  Hold'em Limit ($3/$6 USD) - 2017/08/24 14:47:14 ET
Table 'Keid' 6-max Seat #4 is the button
Seat 3: u9iiiK ($19.56 in chips)
Seat 4: Great_Kang ($205.92 in chips)
Great_Kang: posts small blind $1
u9iiiK: posts big blind $3
*** HOLE CARDS ***
Great_Kang: folds
Uncalled bet ($2) returned to u9iiiK
u9iiiK collected $2 from pot
*** SUMMARY ***
Total pot $2 | Rake $0
Seat 3: u9iiiK (big blind) collected ($2)
Seat 4: Great_Kang (button) (small blind) folded before Flop


PokerStars Hand #174743529410:  Hold'em Limit ($3/$6 USD) - 2017/08/24 14:47:08 ET
Table 'Keid' 6-max Seat #3 is the button
Seat 3: u9iiiK ($16.56 in chips)
Seat 4: Great_Kang ($208.92 in chips)
u9iiiK: posts small blind $1
Great_Kang: posts big blind $3
*** HOLE CARDS ***
u9iiiK: raises $3 to $6
Great_Kang: folds
Uncalled bet ($3) returned to u9iiiK
u9iiiK collected $6 from pot
*** SUMMARY ***
Total pot $6 | Rake $0
Seat 3: u9iiiK (button) (small blind) collected ($6)
Seat 4: Great_Kang (big blind) folded before Flop


PokerStars Hand #174743525010:  Hold'em Limit ($3/$6 USD) - 2017/08/24 14:47:02 ET
Table 'Keid' 6-max Seat #4 is the button
Seat 3: u9iiiK ($19.56 in chips)
Seat 4: Great_Kang ($205.92 in chips)
Great_Kang: posts small blind $1
u9iiiK: posts big blind $3
*** HOLE CARDS ***
Great_Kang: raises $3 to $6
u9iiiK: folds
Uncalled bet ($3) returned to Great_Kang
Great_Kang collected $6 from pot
Great_Kang: doesn't show hand
*** SUMMARY ***
Total pot $6 | Rake $0
Seat 3: u9iiiK (big blind) folded before Flop
Seat 4: Great_Kang (button) (small blind) collected ($6)


PokerStars Hand #174743513881:  Hold'em Limit ($3/$6 USD) - 2017/08/24 14:46:46 ET
Table 'Keid' 6-max Seat #3 is the button
Seat 3: u9iiiK ($34.56 in chips)
Seat 4: Great_Kang ($191.42 in chips)
u9iiiK: posts small blind $1
Great_Kang: posts big blind $3
*** HOLE CARDS ***
u9iiiK: raises $3 to $6
Great_Kang: calls $3
*** FLOP *** [9h Qd 2h]
Great_Kang: checks
u9iiiK: bets $3
Great_Kang: calls $3
*** TURN *** [9h Qd 2h] [2s]
Great_Kang: checks
u9iiiK: checks
*** RIVER *** [9h Qd 2h 2s] [7h]
Great_Kang: bets $6
u9iiiK: calls $6
*** SHOW DOWN ***
Great_Kang: shows [Qc Js] (two pair, Queens and Deuces)
u9iiiK: mucks hand
Great_Kang collected $29.50 from pot
*** SUMMARY ***
Total pot $30 | Rake $0.50
Board [9h Qd 2h 2s 7h]
Seat 3: u9iiiK (button) (small blind) mucked
Seat 4: Great_Kang (big blind) showed [Qc Js] and won ($29.50) with two pair, Queens and Deuces


PokerStars Hand #174743538162:  Hold'em Limit ($3/$6 USD) - 2017/08/24 14:47:21 ET
Table 'Keid' 6-max Seat #3 is the button
Seat 3: u9iiiK ($20.56 in chips)
Seat 4: Great_Kang ($204.92 in chips)
u9iiiK: posts small blind $1
Great_Kang: posts big blind $3
*** HOLE CARDS ***
u9iiiK: folds
Uncalled bet ($2) returned to Great_Kang
Great_Kang collected $2 from pot
Great_Kang: doesn't show hand
*** SUMMARY ***
Total pot $2 | Rake $0
Seat 3: u9iiiK (button) (small blind) folded before Flop
Seat 4: Great_Kang (big blind) collected ($2)


PokerStars Hand #174743541770:  Hold'em Limit ($3/$6 USD) - 2017/08/24 14:47:26 ET
Table 'Keid' 6-max Seat #4 is the button
Seat 3: u9iiiK ($19.56 in chips)
Seat 4: Great_Kang ($205.92 in chips)
Great_Kang: posts small blind $1
u9iiiK: posts big blind $3
*** HOLE CARDS ***
Great_Kang: raises $3 to $6
u9iiiK: calls $3
*** FLOP *** [9h As 3h]
u9iiiK: checks
Great_Kang: bets $3
u9iiiK: raises $3 to $6
Great_Kang: calls $3
*** TURN *** [9h As 3h] [5s]
u9iiiK: bets $6
Great_Kang: raises $6 to $12
u9iiiK: calls $1.56 and is all-in
Uncalled bet ($4.44) returned to Great_Kang
*** RIVER *** [9h As 3h 5s] [Ts]
*** SHOW DOWN ***
u9iiiK: shows [2h Th] (a pair of Tens)
Great_Kang: shows [Ks 8s] (a flush, Ace high)
Great_Kang collected $38.62 from pot
*** SUMMARY ***
Total pot $39.12 | Rake $0.50
Board [9h As 3h 5s Ts]
Seat 3: u9iiiK (big blind) showed [2h Th] and lost with a pair of Tens
Seat 4: Great_Kang (button) (small blind) showed [Ks 8s] and won ($38.62) with a flush, Ace high


PokerStars Hand #174747686011:  Hold'em Limit ($3/$6 USD) - 2017/08/24 16:20:31 ET
Table 'Keid' 6-max Seat #1 is the button
Seat 1: Psynto ($168.84 in chips)
Seat 3: artecris ($1056.81 in chips)
Psynto: posts small blind $1
artecris: posts big blind $3
*** HOLE CARDS ***
Psynto: raises $3 to $6
artecris: calls $3
*** FLOP *** [8h 8d Kc]
artecris: checks
Psynto: bets $3
artecris: calls $3
*** TURN *** [8h 8d Kc] [Jh]
artecris: checks
Psynto: bets $6
artecris: raises $6 to $12
Psynto: folds
Uncalled bet ($6) returned to artecris
artecris collected $29.50 from pot
artecris: doesn't show hand
*** SUMMARY ***
Total pot $30 | Rake $0.50
Board [8h 8d Kc Jh]
Seat 1: Psynto (button) (small blind) folded on the Turn
Seat 3: artecris (big blind) collected ($29.50)


PokerStars Hand #174747672562:  Hold'em Limit ($3/$6 USD) - 2017/08/24 16:20:13 ET
Table 'Keid' 6-max Seat #3 is the button
Seat 1: Psynto ($145.34 in chips)
Seat 3: artecris ($1080.81 in chips)
artecris: posts small blind $1
Apanage: is sitting out
Psynto: posts big blind $3
*** HOLE CARDS ***
artecris: raises $3 to $6
Psynto: raises $3 to $9
Apanage leaves the table
artecris: calls $3
*** FLOP *** [Jh 9c 5s]
Psynto: bets $3
artecris: calls $3
*** TURN *** [Jh 9c 5s] [4s]
Psynto: bets $6
Apanage joins the table at seat #4
artecris: raises $6 to $12
Psynto: raises $6 to $18
artecris: folds
Uncalled bet ($6) returned to Psynto
Psynto collected $47.50 from pot
Psynto: doesn't show hand
*** SUMMARY ***
Total pot $48 | Rake $0.50
Board [Jh 9c 5s 4s]
Seat 1: Psynto (big blind) collected ($47.50)
Seat 3: artecris (button) (small blind) folded on the Turn


PokerStars Hand #174752693053:  Hold'em Limit ($3/$6 USD) - 2017/08/24 18:17:42 ET
Table 'Keid' 6-max Seat #1 is the button
Seat 1: ToDaFelt ($141.03 in chips)
Seat 6: NewRocker ($140.73 in chips)
ToDaFelt: posts small blind $1
NewRocker: posts big blind $3
*** HOLE CARDS ***
Macan leaves the table
ToDaFelt: raises $3 to $6
NewRocker: folds
Uncalled bet ($3) returned to ToDaFelt
ToDaFelt collected $6 from pot
ToDaFelt: doesn't show hand
*** SUMMARY ***
Total pot $6 | Rake $0
Seat 1: ToDaFelt (button) (small blind) collected ($6)
Seat 6: NewRocker (big blind) folded before Flop


PokerStars Hand #174752758198:  Hold'em Limit ($3/$6 USD) - 2017/08/24 18:19:24 ET
Table 'Keid' 6-max Seat #1 is the button
Seat 1: ToDaFelt ($138.03 in chips)
Seat 2: ZOGI ($129.79 in chips)
ToDaFelt: posts small blind $1
ZOGI: posts big blind $3
*** HOLE CARDS ***
ToDaFelt: raises $3 to $6
ZOGI: calls $3
*** FLOP *** [Ks Ah Jd]
ZOGI: checks
ToDaFelt: bets $3
ZOGI: folds
Uncalled bet ($3) returned to ToDaFelt
confususs joins the table at seat #3
ToDaFelt collected $11.76 from pot
ToDaFelt: doesn't show hand
*** SUMMARY ***
Total pot $12 | Rake $0.24
Board [Ks Ah Jd]
Seat 1: ToDaFelt (button) (small blind) collected ($11.76)
Seat 2: ZOGI (big blind) folded on the Flop


PokerStars Hand #174754244962:  Hold'em Limit ($3/$6 USD) - 2017/08/24 18:59:46 ET
Table 'Keid' 6-max Seat #5 is the button
Seat 1: ajaxx85 ($327.65 in chips)
Seat 5: Zazi ($196.25 in chips)
zizonmusang will be allowed to play after the button
Zazi: posts small blind $1
faizel222: is sitting out
ajaxx85: posts big blind $3
*** HOLE CARDS ***
Zazi: raises $3 to $6
faizel222 leaves the table
ajaxx85: calls $3
*** FLOP *** [Jd 5c 9s]
ajaxx85: checks
Zazi: bets $3
ajaxx85: calls $3
*** TURN *** [Jd 5c 9s] [8c]
ajaxx85: checks
Zazi: checks
*** RIVER *** [Jd 5c 9s 8c] [3h]
ajaxx85: bets $6
boardrat leaves the table
Zazi: calls $6
*** SHOW DOWN ***
ajaxx85: shows [Ts 8h] (a pair of Eights)
Zazi: mucks hand
ajaxx85 collected $29.50 from pot
*** SUMMARY ***
Total pot $30 | Rake $0.50
Board [Jd 5c 9s 8c 3h]
Seat 1: ajaxx85 (big blind) showed [Ts 8h] and won ($29.50) with a pair of Eights
Seat 5: Zazi (button) (small blind) mucked


PokerStars Hand #174754414496:  Hold'em Limit ($3/$6 USD) - 2017/08/24 19:04:29 ET
Table 'Keid' 6-max Seat #3 is the button
Seat 1: ajaxx85 ($314.15 in chips)
Seat 3: zizonmusang ($32.71 in chips)
zizonmusang: posts small blind $1
Zazi: is sitting out
ajaxx85: posts big blind $3
*** HOLE CARDS ***
zizonmusang: raises $3 to $6
ajaxx85: calls $3
*** FLOP *** [3s 3h 4s]
Zazi leaves the table
ajaxx85: checks
zizonmusang: bets $3
ajaxx85: calls $3
*** TURN *** [3s 3h 4s] [9c]
ajaxx85: checks
zizonmusang: bets $6
ajaxx85: calls $6
*** RIVER *** [3s 3h 4s 9c] [2h]
ajaxx85: checks
zizonmusang: bets $6
ajaxx85: folds
Uncalled bet ($6) returned to zizonmusang
zizonmusang collected $29.50 from pot
zizonmusang: doesn't show hand
*** SUMMARY ***
Total pot $30 | Rake $0.50
Board [3s 3h 4s 9c 2h]
Seat 1: ajaxx85 (big blind) folded on the River
Seat 3: zizonmusang (button) (small blind) collected ($29.50)


PokerStars Hand #174754434191:  Hold'em Limit ($3/$6 USD) - 2017/08/24 19:04:59 ET
Table 'Keid' 6-max Seat #3 is the button
Seat 1: ajaxx85 ($298.15 in chips)
Seat 3: zizonmusang ($48.21 in chips)
zizonmusang: posts small blind $1
ajaxx85: posts big blind $3
*** HOLE CARDS ***
zizonmusang: folds
Uncalled bet ($2) returned to ajaxx85
ajaxx85 collected $2 from pot
ajaxx85: doesn't show hand
*** SUMMARY ***
Total pot $2 | Rake $0
Seat 1: ajaxx85 (big blind) collected ($2)
Seat 3: zizonmusang (button) (small blind) folded before Flop


PokerStars Hand #174754430207:  Hold'em Limit ($3/$6 USD) - 2017/08/24 19:04:53 ET
Table 'Keid' 6-max Seat #1 is the button
Seat 1: ajaxx85 ($299.15 in chips)
Seat 3: zizonmusang ($47.21 in chips)
ajaxx85: posts small blind $1
zizonmusang: posts big blind $3
*** HOLE CARDS ***
ajaxx85: folds
Uncalled bet ($2) returned to zizonmusang
zizonmusang collected $2 from pot
zizonmusang: doesn't show hand
*** SUMMARY ***
Total pot $2 | Rake $0
Seat 1: ajaxx85 (button) (small blind) folded before Flop
Seat 3: zizonmusang (big blind) collected ($2)


