PokerStars Hand #173395211430:  Hold'em Limit ($3/$6 USD) - 2017/07/23 6:48:57 ET
Table 'Keid II' 6-max Seat #3 is the button
Seat 3: sim5sim5 ($72 in chips)
Seat 4: NewRocker ($97 in chips)
sim5sim5: posts small blind $1
NewRocker: posts big blind $3
*** HOLE CARDS ***
sim5sim5: raises $3 to $6
NewRocker: folds
Uncalled bet ($3) returned to sim5sim5
sim5sim5 collected $6 from pot
sim5sim5: doesn't show hand
*** SUMMARY ***
Total pot $6 | Rake $0
Seat 3: sim5sim5 (button) (small blind) collected ($6)
Seat 4: NewRocker (big blind) folded before Flop


PokerStars Hand #173395236406:  Hold'em Limit ($3/$6 USD) - 2017/07/23 6:49:54 ET
Table 'Keid II' 6-max Seat #4 is the button
Seat 3: sim5sim5 ($75 in chips)
Seat 4: NewRocker ($94 in chips)
NewRocker: posts small blind $1
sim5sim5: posts big blind $3
*** HOLE CARDS ***
NewRocker: folds
Uncalled bet ($2) returned to sim5sim5
sim5sim5 collected $2 from pot
sim5sim5: doesn't show hand
*** SUMMARY ***
Total pot $2 | Rake $0
Seat 3: sim5sim5 (big blind) collected ($2)
Seat 4: NewRocker (button) (small blind) folded before Flop


PokerStars Hand #173395224085:  Hold'em Limit ($3/$6 USD) - 2017/07/23 6:49:26 ET
Table 'Keid II' 6-max Seat #3 is the button
Seat 3: sim5sim5 ($72 in chips)
Seat 4: NewRocker ($97 in chips)
sim5sim5: posts small blind $1
NewRocker: posts big blind $3
*** HOLE CARDS ***
sim5sim5: raises $3 to $6
NewRocker: folds
Uncalled bet ($3) returned to sim5sim5
sim5sim5 collected $6 from pot
sim5sim5: doesn't show hand
*** SUMMARY ***
Total pot $6 | Rake $0
Seat 3: sim5sim5 (button) (small blind) collected ($6)
Seat 4: NewRocker (big blind) folded before Flop


PokerStars Hand #173395218477:  Hold'em Limit ($3/$6 USD) - 2017/07/23 6:49:13 ET
Table 'Keid II' 6-max Seat #4 is the button
Seat 3: sim5sim5 ($75 in chips)
Seat 4: NewRocker ($94 in chips)
NewRocker: posts small blind $1
sim5sim5: posts big blind $3
*** HOLE CARDS ***
NewRocker: raises $3 to $6
sim5sim5: folds
Uncalled bet ($3) returned to NewRocker
NewRocker collected $6 from pot
NewRocker: doesn't show hand
*** SUMMARY ***
Total pot $6 | Rake $0
Seat 3: sim5sim5 (big blind) folded before Flop
Seat 4: NewRocker (button) (small blind) collected ($6)


PokerStars Hand #173395252871:  Hold'em Limit ($3/$6 USD) - 2017/07/23 6:50:31 ET
Table 'Keid II' 6-max Seat #4 is the button
Seat 3: sim5sim5 ($72 in chips)
Seat 4: NewRocker ($107.50 in chips)
NewRocker: posts small blind $1
sim5sim5: posts big blind $3
*** HOLE CARDS ***
NewRocker: folds
Uncalled bet ($2) returned to sim5sim5
sim5sim5 collected $2 from pot
sim5sim5: doesn't show hand
*** SUMMARY ***
Total pot $2 | Rake $0
Seat 3: sim5sim5 (big blind) collected ($2)
Seat 4: NewRocker (button) (small blind) folded before Flop


PokerStars Hand #173395239088:  Hold'em Limit ($3/$6 USD) - 2017/07/23 6:50:00 ET
Table 'Keid II' 6-max Seat #3 is the button
Seat 3: sim5sim5 ($76 in chips)
Seat 4: NewRocker ($93 in chips)
sim5sim5: posts small blind $1
NewRocker: posts big blind $3
*** HOLE CARDS ***
sim5sim5: raises $3 to $6
NewRocker: calls $3
*** FLOP *** [3s Jc Ac]
NewRocker: checks
sim5sim5: bets $3
NewRocker: calls $3
*** TURN *** [3s Jc Ac] [Ah]
NewRocker: checks
sim5sim5: bets $6
NewRocker: calls $6
*** RIVER *** [3s Jc Ac Ah] [5d]
NewRocker: checks
sim5sim5: checks
*** SHOW DOWN ***
NewRocker: shows [Jd Kc] (two pair, Aces and Jacks)
sim5sim5: mucks hand
NewRocker collected $29.50 from pot
*** SUMMARY ***
Total pot $30 | Rake $0.50
Board [3s Jc Ac Ah 5d]
Seat 3: sim5sim5 (button) (small blind) mucked
Seat 4: NewRocker (big blind) showed [Jd Kc] and won ($29.50) with two pair, Aces and Jacks


PokerStars Hand #173395269620:  Hold'em Limit ($3/$6 USD) - 2017/07/23 6:51:09 ET
Table 'Keid II' 6-max Seat #4 is the button
Seat 3: sim5sim5 ($72 in chips)
Seat 4: NewRocker ($127 in chips)
NewRocker: posts small blind $1
sim5sim5: posts big blind $3
*** HOLE CARDS ***
NewRocker: folds
Uncalled bet ($2) returned to sim5sim5
sim5sim5 collected $2 from pot
sim5sim5: doesn't show hand
*** SUMMARY ***
Total pot $2 | Rake $0
Seat 3: sim5sim5 (big blind) collected ($2)
Seat 4: NewRocker (button) (small blind) folded before Flop


PokerStars Hand #173395256588:  Hold'em Limit ($3/$6 USD) - 2017/07/23 6:50:39 ET
Table 'Keid II' 6-max Seat #3 is the button
Seat 3: sim5sim5 ($73 in chips)
Seat 4: NewRocker ($106.50 in chips)
sim5sim5: posts small blind $1
NewRocker: posts big blind $3
*** HOLE CARDS ***
sim5sim5: raises $3 to $6
NewRocker: calls $3
*** FLOP *** [Qc 6c 5s]
NewRocker: checks
sim5sim5: bets $3
NewRocker: calls $3
*** TURN *** [Qc 6c 5s] [Kh]
NewRocker: checks
sim5sim5: bets $6
NewRocker: calls $6
*** RIVER *** [Qc 6c 5s Kh] [9d]
NewRocker: bets $6
sim5sim5: calls $6
*** SHOW DOWN ***
NewRocker: shows [9h 5h] (two pair, Nines and Fives)
sim5sim5: mucks hand
NewRocker collected $41.50 from pot
*** SUMMARY ***
Total pot $42 | Rake $0.50
Board [Qc 6c 5s Kh 9d]
Seat 3: sim5sim5 (button) (small blind) mucked
Seat 4: NewRocker (big blind) showed [9h 5h] and won ($41.50) with two pair, Nines and Fives


PokerStars Hand #173395273375:  Hold'em Limit ($3/$6 USD) - 2017/07/23 6:51:17 ET
Table 'Keid II' 6-max Seat #3 is the button
Seat 3: sim5sim5 ($73 in chips)
Seat 4: NewRocker ($126 in chips)
sim5sim5: posts small blind $1
NewRocker: posts big blind $3
*** HOLE CARDS ***
sim5sim5: raises $3 to $6
NewRocker: calls $3
*** FLOP *** [3c 4d 3s]
NewRocker: checks
sim5sim5: bets $3
NewRocker: calls $3
*** TURN *** [3c 4d 3s] [3h]
NewRocker: checks
sim5sim5: checks
*** RIVER *** [3c 4d 3s 3h] [Js]
NewRocker: checks
sim5sim5: checks
*** SHOW DOWN ***
NewRocker: shows [Td Qh] (three of a kind, Threes)
sim5sim5: shows [5s Kd] (three of a kind, Threes - King kicker)
sim5sim5 collected $17.64 from pot
*** SUMMARY ***
Total pot $18 | Rake $0.36
Board [3c 4d 3s 3h Js]
Seat 3: sim5sim5 (button) (small blind) showed [5s Kd] and won ($17.64) with three of a kind, Threes
Seat 4: NewRocker (big blind) showed [Td Qh] and lost with three of a kind, Threes


PokerStars Hand #173395308292:  Hold'em Limit ($3/$6 USD) - 2017/07/23 6:52:35 ET
Table 'Keid II' 6-max Seat #3 is the button
Seat 3: sim5sim5 ($78.64 in chips)
Seat 4: NewRocker ($119.88 in chips)
sim5sim5: posts small blind $1
NewRocker: posts big blind $3
*** HOLE CARDS ***
sim5sim5: raises $3 to $6
NewRocker: calls $3
*** FLOP *** [5c Ah 9c]
NewRocker: checks
sim5sim5: bets $3
NewRocker: folds
Uncalled bet ($3) returned to sim5sim5
sim5sim5 collected $11.76 from pot
sim5sim5: doesn't show hand
*** SUMMARY ***
Total pot $12 | Rake $0.24
Board [5c Ah 9c]
Seat 3: sim5sim5 (button) (small blind) collected ($11.76)
Seat 4: NewRocker (big blind) folded on the Flop


PokerStars Hand #173395323306:  Hold'em Limit ($3/$6 USD) - 2017/07/23 6:53:08 ET
Table 'Keid II' 6-max Seat #4 is the button
Seat 3: sim5sim5 ($84.40 in chips)
Seat 4: NewRocker ($113.88 in chips)
NewRocker: posts small blind $1
sim5sim5: posts big blind $3
*** HOLE CARDS ***
NewRocker: folds
Uncalled bet ($2) returned to sim5sim5
sim5sim5 collected $2 from pot
sim5sim5: doesn't show hand
*** SUMMARY ***
Total pot $2 | Rake $0
Seat 3: sim5sim5 (big blind) collected ($2)
Seat 4: NewRocker (button) (small blind) folded before Flop


PokerStars Hand #173395325773:  Hold'em Limit ($3/$6 USD) - 2017/07/23 6:53:14 ET
Table 'Keid II' 6-max Seat #3 is the button
Seat 3: sim5sim5 ($85.40 in chips)
Seat 4: NewRocker ($112.88 in chips)
sim5sim5: posts small blind $1
NewRocker: posts big blind $3
*** HOLE CARDS ***
sim5sim5: raises $3 to $6
NewRocker: folds
Uncalled bet ($3) returned to sim5sim5
sim5sim5 collected $6 from pot
sim5sim5: doesn't show hand
*** SUMMARY ***
Total pot $6 | Rake $0
Seat 3: sim5sim5 (button) (small blind) collected ($6)
Seat 4: NewRocker (big blind) folded before Flop


PokerStars Hand #173395335721:  Hold'em Limit ($3/$6 USD) - 2017/07/23 6:53:36 ET
Table 'Keid II' 6-max Seat #3 is the button
Seat 3: sim5sim5 ($89.40 in chips)
Seat 4: NewRocker ($108.88 in chips)
sim5sim5: posts small blind $1
NewRocker: posts big blind $3
*** HOLE CARDS ***
sim5sim5: calls $2
NewRocker: checks
*** FLOP *** [4d 9d Ah]
NewRocker: bets $3
sim5sim5: folds
Uncalled bet ($3) returned to NewRocker
NewRocker collected $5.88 from pot
NewRocker: doesn't show hand
*** SUMMARY ***
Total pot $6 | Rake $0.12
Board [4d 9d Ah]
Seat 3: sim5sim5 (button) (small blind) folded on the Flop
Seat 4: NewRocker (big blind) collected ($5.88)


PokerStars Hand #173395343200:  Hold'em Limit ($3/$6 USD) - 2017/07/23 6:53:53 ET
Table 'Keid II' 6-max Seat #4 is the button
Seat 3: sim5sim5 ($86.40 in chips)
Seat 4: NewRocker ($111.76 in chips)
NewRocker: posts small blind $1
sim5sim5: posts big blind $3
*** HOLE CARDS ***
NewRocker: raises $3 to $6
sim5sim5: calls $3
*** FLOP *** [3s Ac 2d]
sim5sim5: checks
NewRocker: bets $3
sim5sim5: calls $3
*** TURN *** [3s Ac 2d] [9s]
sim5sim5: checks
NewRocker: checks
*** RIVER *** [3s Ac 2d 9s] [7h]
sim5sim5: bets $6
NewRocker: folds
Uncalled bet ($6) returned to sim5sim5
sim5sim5 collected $17.64 from pot
sim5sim5: doesn't show hand
*** SUMMARY ***
Total pot $18 | Rake $0.36
Board [3s Ac 2d 9s 7h]
Seat 3: sim5sim5 (big blind) collected ($17.64)
Seat 4: NewRocker (button) (small blind) folded on the River


PokerStars Hand #173395331658:  Hold'em Limit ($3/$6 USD) - 2017/07/23 6:53:27 ET
Table 'Keid II' 6-max Seat #4 is the button
Seat 3: sim5sim5 ($88.40 in chips)
Seat 4: NewRocker ($109.88 in chips)
NewRocker: posts small blind $1
sim5sim5: posts big blind $3
*** HOLE CARDS ***
NewRocker: folds
Uncalled bet ($2) returned to sim5sim5
sim5sim5 collected $2 from pot
sim5sim5: doesn't show hand
*** SUMMARY ***
Total pot $2 | Rake $0
Seat 3: sim5sim5 (big blind) collected ($2)
Seat 4: NewRocker (button) (small blind) folded before Flop


PokerStars Hand #173395370637:  Hold'em Limit ($3/$6 USD) - 2017/07/23 6:54:54 ET
Table 'Keid II' 6-max Seat #4 is the button
Seat 3: sim5sim5 ($102.04 in chips)
Seat 4: NewRocker ($95.76 in chips)
NewRocker: posts small blind $1
sim5sim5: posts big blind $3
*** HOLE CARDS ***
NewRocker: folds
Uncalled bet ($2) returned to sim5sim5
sim5sim5 collected $2 from pot
sim5sim5: doesn't show hand
*** SUMMARY ***
Total pot $2 | Rake $0
Seat 3: sim5sim5 (big blind) collected ($2)
Seat 4: NewRocker (button) (small blind) folded before Flop


PokerStars Hand #173395356864:  Hold'em Limit ($3/$6 USD) - 2017/07/23 6:54:23 ET
Table 'Keid II' 6-max Seat #3 is the button
Seat 3: sim5sim5 ($95.04 in chips)
Seat 4: NewRocker ($102.76 in chips)
sim5sim5: posts small blind $1
NewRocker: posts big blind $3
*** HOLE CARDS ***
sim5sim5: raises $3 to $6
NewRocker: folds
Uncalled bet ($3) returned to sim5sim5
sim5sim5 collected $6 from pot
sim5sim5: doesn't show hand
*** SUMMARY ***
Total pot $6 | Rake $0
Seat 3: sim5sim5 (button) (small blind) collected ($6)
Seat 4: NewRocker (big blind) folded before Flop


PokerStars Hand #173395366576:  Hold'em Limit ($3/$6 USD) - 2017/07/23 6:54:45 ET
Table 'Keid II' 6-max Seat #3 is the button
Seat 3: sim5sim5 ($99.04 in chips)
Seat 4: NewRocker ($98.76 in chips)
sim5sim5: posts small blind $1
NewRocker: posts big blind $3
*** HOLE CARDS ***
sim5sim5: raises $3 to $6
NewRocker: folds
Uncalled bet ($3) returned to sim5sim5
sim5sim5 collected $6 from pot
sim5sim5: doesn't show hand
*** SUMMARY ***
Total pot $6 | Rake $0
Seat 3: sim5sim5 (button) (small blind) collected ($6)
Seat 4: NewRocker (big blind) folded before Flop


PokerStars Hand #173395360955:  Hold'em Limit ($3/$6 USD) - 2017/07/23 6:54:32 ET
Table 'Keid II' 6-max Seat #4 is the button
Seat 3: sim5sim5 ($98.04 in chips)
Seat 4: NewRocker ($99.76 in chips)
NewRocker: posts small blind $1
sim5sim5: posts big blind $3
*** HOLE CARDS ***
NewRocker: folds
Uncalled bet ($2) returned to sim5sim5
sim5sim5 collected $2 from pot
sim5sim5: doesn't show hand
*** SUMMARY ***
Total pot $2 | Rake $0
Seat 3: sim5sim5 (big blind) collected ($2)
Seat 4: NewRocker (button) (small blind) folded before Flop


PokerStars Hand #173395373491:  Hold'em Limit ($3/$6 USD) - 2017/07/23 6:55:00 ET
Table 'Keid II' 6-max Seat #3 is the button
Seat 3: sim5sim5 ($103.04 in chips)
Seat 4: NewRocker ($94.76 in chips)
sim5sim5: posts small blind $1
NewRocker: posts big blind $3
*** HOLE CARDS ***
sim5sim5: raises $3 to $6
NewRocker: raises $3 to $9
sim5sim5: calls $3
*** FLOP *** [9d 9s Th]
NewRocker: bets $3
sim5sim5: calls $3
*** TURN *** [9d 9s Th] [4h]
NewRocker: bets $6
sim5sim5: calls $6
*** RIVER *** [9d 9s Th 4h] [8s]
NewRocker: bets $6
sim5sim5: calls $6
*** SHOW DOWN ***
NewRocker: shows [Ah 4s] (two pair, Nines and Fours)
sim5sim5: shows [8h 6h] (two pair, Nines and Eights)
sim5sim5 collected $47.50 from pot
*** SUMMARY ***
Total pot $48 | Rake $0.50
Board [9d 9s Th 4h 8s]
Seat 3: sim5sim5 (button) (small blind) showed [8h 6h] and won ($47.50) with two pair, Nines and Eights
Seat 4: NewRocker (big blind) showed [Ah 4s] and lost with two pair, Nines and Fours


PokerStars Hand #173395389226:  Hold'em Limit ($3/$6 USD) - 2017/07/23 6:55:41 ET
Table 'Keid II' 6-max Seat #4 is the button
Seat 3: sim5sim5 ($126.54 in chips)
Seat 4: NewRocker ($70.76 in chips)
NewRocker: posts small blind $1
sim5sim5: posts big blind $3
*** HOLE CARDS ***
NewRocker: raises $3 to $6
sim5sim5: calls $3
*** FLOP *** [6s 7s 8h]
sim5sim5: checks
NewRocker: checks
*** TURN *** [6s 7s 8h] [7c]
sim5sim5: bets $6
NewRocker: raises $6 to $12
sim5sim5: calls $6
*** RIVER *** [6s 7s 8h 7c] [8d]
sim5sim5: checks
NewRocker: bets $6
sim5sim5: folds
Uncalled bet ($6) returned to NewRocker
NewRocker collected $35.50 from pot
NewRocker: doesn't show hand
*** SUMMARY ***
Total pot $36 | Rake $0.50
Board [6s 7s 8h 7c 8d]
Seat 3: sim5sim5 (big blind) folded on the River
Seat 4: NewRocker (button) (small blind) collected ($35.50)


PokerStars Hand #173395412847:  Hold'em Limit ($3/$6 USD) - 2017/07/23 6:56:42 ET
Table 'Keid II' 6-max Seat #4 is the button
Seat 3: sim5sim5 ($120.06 in chips)
Seat 4: NewRocker ($76.26 in chips)
NewRocker: posts small blind $1
sim5sim5: posts big blind $3
*** HOLE CARDS ***
NewRocker: calls $2
sim5sim5: checks
*** FLOP *** [Jh 7c 3h]
sim5sim5: bets $3
NewRocker: calls $3
*** TURN *** [Jh 7c 3h] [Ad]
sim5sim5: checks
NewRocker: bets $6
sim5sim5: calls $6
*** RIVER *** [Jh 7c 3h Ad] [9d]
sim5sim5: checks
NewRocker: bets $6
sim5sim5: calls $6
*** SHOW DOWN ***
NewRocker: shows [3s Ac] (two pair, Aces and Threes)
sim5sim5: mucks hand
NewRocker collected $35.50 from pot
*** SUMMARY ***
Total pot $36 | Rake $0.50
Board [Jh 7c 3h Ad 9d]
Seat 3: sim5sim5 (big blind) mucked
Seat 4: NewRocker (button) (small blind) showed [3s Ac] and won ($35.50) with two pair, Aces and Threes


PokerStars Hand #173395401080:  Hold'em Limit ($3/$6 USD) - 2017/07/23 6:56:12 ET
Table 'Keid II' 6-max Seat #3 is the button
Seat 3: sim5sim5 ($108.54 in chips)
Seat 4: NewRocker ($88.26 in chips)
sim5sim5: posts small blind $1
NewRocker: posts big blind $3
*** HOLE CARDS ***
sim5sim5: raises $3 to $6
NewRocker: calls $3
*** FLOP *** [4c 8d 8s]
NewRocker: checks
sim5sim5: checks
*** TURN *** [4c 8d 8s] [Jd]
NewRocker: bets $6
sim5sim5: calls $6
*** RIVER *** [4c 8d 8s Jd] [5s]
NewRocker: checks
sim5sim5: bets $6
NewRocker: folds
Uncalled bet ($6) returned to sim5sim5
sim5sim5 collected $23.52 from pot
sim5sim5: doesn't show hand
*** SUMMARY ***
Total pot $24 | Rake $0.48
Board [4c 8d 8s Jd 5s]
Seat 3: sim5sim5 (button) (small blind) collected ($23.52)
Seat 4: NewRocker (big blind) folded on the River


PokerStars Hand #173395433834:  Hold'em Limit ($3/$6 USD) - 2017/07/23 6:57:37 ET
Table 'Keid II' 6-max Seat #4 is the button
Seat 3: sim5sim5 ($93.06 in chips)
Seat 4: NewRocker ($102.40 in chips)
NewRocker: posts small blind $1
sim5sim5: posts big blind $3
*** HOLE CARDS ***
NewRocker: folds
Uncalled bet ($2) returned to sim5sim5
sim5sim5 collected $2 from pot
sim5sim5: doesn't show hand
*** SUMMARY ***
Total pot $2 | Rake $0
Seat 3: sim5sim5 (big blind) collected ($2)
Seat 4: NewRocker (button) (small blind) folded before Flop


