PokerStars Hand #171240089755:  Hold'em Limit ($3/$6 USD) - 2017/06/02 8:54:07 ET
Table 'Keid' 6-max Seat #4 is the button
Seat 3: Adrienn99 ($47.60 in chips)
Seat 4: TbIP-TbIP 88 ($72 in chips)
TbIP-TbIP 88: posts small blind $1
Adrienn99: posts big blind $3
*** HOLE CARDS ***
TbIP-TbIP 88: raises $3 to $6
Adrienn99: calls $3
*** FLOP *** [Jh Ah Kc]
Adrienn99: bets $3
TbIP-TbIP 88: calls $3
*** TURN *** [Jh Ah Kc] [5h]
Adrienn99: checks
TbIP-TbIP 88: checks
*** RIVER *** [Jh Ah Kc 5h] [3s]
Adrienn99: checks
TbIP-TbIP 88: checks
*** SHOW DOWN ***
Adrienn99: shows [Qh 8d] (high card Ace)
TbIP-TbIP 88: mucks hand
Adrienn99 collected $17.64 from pot
*** SUMMARY ***
Total pot $18 | Rake $0.36
Board [Jh Ah Kc 5h 3s]
Seat 3: Adrienn99 (big blind) showed [Qh 8d] and won ($17.64) with high card Ace
Seat 4: TbIP-TbIP 88 (button) (small blind) mucked


PokerStars Hand #171240072703:  Hold'em Limit ($3/$6 USD) - 2017/06/02 8:53:32 ET
Table 'Keid' 6-max Seat #3 is the button
Seat 3: Adrienn99 ($36.08 in chips)
Seat 4: TbIP-TbIP 88 ($72 in chips)
Adrienn99: posts small blind $1
TbIP-TbIP 88: posts big blind $3
*** HOLE CARDS ***
Adrienn99: calls $2
TbIP-TbIP 88: checks
*** FLOP *** [Kh 9s 7c]
TbIP-TbIP 88: bets $3
Adrienn99: calls $3
*** TURN *** [Kh 9s 7c] [9h]
TbIP-TbIP 88: checks
Adrienn99: checks
*** RIVER *** [Kh 9s 7c 9h] [Jd]
TbIP-TbIP 88: bets $6
Adrienn99: calls $6
*** SHOW DOWN ***
TbIP-TbIP 88: shows [4h 8c] (a pair of Nines)
Adrienn99: shows [2h 7s] (two pair, Nines and Sevens)
Adrienn99 collected $23.52 from pot
*** SUMMARY ***
Total pot $24 | Rake $0.48
Board [Kh 9s 7c 9h Jd]
Seat 3: Adrienn99 (button) (small blind) showed [2h 7s] and won ($23.52) with two pair, Nines and Sevens
Seat 4: TbIP-TbIP 88 (big blind) showed [4h 8c] and lost with a pair of Nines


PokerStars Hand #171240123930:  Hold'em Limit ($3/$6 USD) - 2017/06/02 8:55:16 ET
Table 'Keid' 6-max Seat #4 is the button
Seat 3: Adrienn99 ($29.24 in chips)
Seat 4: TbIP-TbIP 88 ($98.02 in chips)
TbIP-TbIP 88: posts small blind $1
Adrienn99: posts big blind $3
*** HOLE CARDS ***
TbIP-TbIP 88: raises $3 to $6
Adrienn99: calls $3
*** FLOP *** [9s 3s Ah]
Adrienn99: bets $3
TbIP-TbIP 88: calls $3
*** TURN *** [9s 3s Ah] [6s]
Adrienn99: checks
TbIP-TbIP 88: bets $6
Adrienn99: folds
Uncalled bet ($6) returned to TbIP-TbIP 88
TbIP-TbIP 88 collected $17.64 from pot
TbIP-TbIP 88: doesn't show hand
*** SUMMARY ***
Total pot $18 | Rake $0.36
Board [9s 3s Ah 6s]
Seat 3: Adrienn99 (big blind) folded on the Turn
Seat 4: TbIP-TbIP 88 (button) (small blind) collected ($17.64)


PokerStars Hand #171240117765:  Hold'em Limit ($3/$6 USD) - 2017/06/02 8:55:02 ET
Table 'Keid' 6-max Seat #3 is the button
Seat 3: Adrienn99 ($35.24 in chips)
Seat 4: TbIP-TbIP 88 ($92.26 in chips)
Adrienn99: posts small blind $1
TbIP-TbIP 88: posts big blind $3
*** HOLE CARDS ***
Adrienn99: calls $2
TbIP-TbIP 88: raises $3 to $6
Adrienn99: calls $3
*** FLOP *** [9d 7s 9h]
TbIP-TbIP 88: bets $3
Adrienn99: folds
Uncalled bet ($3) returned to TbIP-TbIP 88
TbIP-TbIP 88 collected $11.76 from pot
TbIP-TbIP 88: doesn't show hand
*** SUMMARY ***
Total pot $12 | Rake $0.24
Board [9d 7s 9h]
Seat 3: Adrienn99 (button) (small blind) folded on the Flop
Seat 4: TbIP-TbIP 88 (big blind) collected ($11.76)


PokerStars Hand #171240110889:  Hold'em Limit ($3/$6 USD) - 2017/06/02 8:54:48 ET
Table 'Keid' 6-max Seat #4 is the button
Seat 3: Adrienn99 ($41.24 in chips)
Seat 4: TbIP-TbIP 88 ($86.50 in chips)
TbIP-TbIP 88: posts small blind $1
Adrienn99: posts big blind $3
*** HOLE CARDS ***
TbIP-TbIP 88: raises $3 to $6
Adrienn99: calls $3
*** FLOP *** [8s 6s Jc]
Adrienn99: checks
TbIP-TbIP 88: bets $3
Adrienn99: folds
Uncalled bet ($3) returned to TbIP-TbIP 88
TbIP-TbIP 88 collected $11.76 from pot
TbIP-TbIP 88: doesn't show hand
*** SUMMARY ***
Total pot $12 | Rake $0.24
Board [8s 6s Jc]
Seat 3: Adrienn99 (big blind) folded on the Flop
Seat 4: TbIP-TbIP 88 (button) (small blind) collected ($11.76)


PokerStars Hand #171240100507:  Hold'em Limit ($3/$6 USD) - 2017/06/02 8:54:28 ET
Table 'Keid' 6-max Seat #3 is the button
Seat 3: Adrienn99 ($56.24 in chips)
Seat 4: TbIP-TbIP 88 ($72 in chips)
Adrienn99: posts small blind $1
TbIP-TbIP 88: posts big blind $3
*** HOLE CARDS ***
Adrienn99: raises $3 to $6
TbIP-TbIP 88: calls $3
*** FLOP *** [4h 4d 2s]
TbIP-TbIP 88: checks
Adrienn99: bets $3
TbIP-TbIP 88: calls $3
*** TURN *** [4h 4d 2s] [Th]
TbIP-TbIP 88: checks
Adrienn99: bets $6
TbIP-TbIP 88: calls $6
*** RIVER *** [4h 4d 2s Th] [Ad]
TbIP-TbIP 88: bets $6
Adrienn99: folds
Uncalled bet ($6) returned to TbIP-TbIP 88
TbIP-TbIP 88 collected $29.50 from pot
TbIP-TbIP 88: doesn't show hand
*** SUMMARY ***
Total pot $30 | Rake $0.50
Board [4h 4d 2s Th Ad]
Seat 3: Adrienn99 (button) (small blind) folded on the River
Seat 4: TbIP-TbIP 88 (big blind) collected ($29.50)


PokerStars Hand #171240134805:  Hold'em Limit ($3/$6 USD) - 2017/06/02 8:55:40 ET
Table 'Keid' 6-max Seat #3 is the button
Seat 3: Adrienn99 ($20.24 in chips)
Seat 4: TbIP-TbIP 88 ($106.66 in chips)
Adrienn99: posts small blind $1
TbIP-TbIP 88: posts big blind $3
*** HOLE CARDS ***
Adrienn99: raises $3 to $6
TbIP-TbIP 88: calls $3
*** FLOP *** [2h 2s 5c]
TbIP-TbIP 88: checks
Adrienn99: bets $3
TbIP-TbIP 88: calls $3
*** TURN *** [2h 2s 5c] [9d]
TbIP-TbIP 88: checks
Adrienn99: bets $6
TbIP-TbIP 88: folds
Uncalled bet ($6) returned to Adrienn99
Adrienn99 collected $17.64 from pot
Adrienn99: doesn't show hand
*** SUMMARY ***
Total pot $18 | Rake $0.36
Board [2h 2s 5c 9d]
Seat 3: Adrienn99 (button) (small blind) collected ($17.64)
Seat 4: TbIP-TbIP 88 (big blind) folded on the Turn


PokerStars Hand #171240151514:  Hold'em Limit ($3/$6 USD) - 2017/06/02 8:56:17 ET
Table 'Keid' 6-max Seat #4 is the button
Seat 3: Adrienn99 ($28.88 in chips)
Seat 4: TbIP-TbIP 88 ($97.66 in chips)
TbIP-TbIP 88: posts small blind $1
Adrienn99: posts big blind $3
*** HOLE CARDS ***
TbIP-TbIP 88: folds
Uncalled bet ($2) returned to Adrienn99
Adrienn99 collected $2 from pot
Adrienn99: doesn't show hand
*** SUMMARY ***
Total pot $2 | Rake $0
Seat 3: Adrienn99 (big blind) collected ($2)
Seat 4: TbIP-TbIP 88 (button) (small blind) folded before Flop


PokerStars Hand #171240178353:  Hold'em Limit ($3/$6 USD) - 2017/06/02 8:57:18 ET
Table 'Keid' 6-max Seat #4 is the button
Seat 3: Adrienn99 ($11.88 in chips)
Seat 4: TbIP-TbIP 88 ($114.16 in chips)
TbIP-TbIP 88: posts small blind $1
Adrienn99: posts big blind $3
*** HOLE CARDS ***
TbIP-TbIP 88: raises $3 to $6
Adrienn99: raises $3 to $9
TbIP-TbIP 88: raises $3 to $12
Betting is capped
Adrienn99: calls $2.88 and is all-in
Uncalled bet ($0.12) returned to TbIP-TbIP 88
*** FLOP *** [7s Kd 6h]
*** TURN *** [7s Kd 6h] [Js]
*** RIVER *** [7s Kd 6h Js] [Td]
*** SHOW DOWN ***
Adrienn99: shows [Qd 9s] (a straight, Nine to King)
TbIP-TbIP 88: shows [6c 6s] (three of a kind, Sixes)
Adrienn99 collected $23.28 from pot
*** SUMMARY ***
Total pot $23.76 | Rake $0.48
Board [7s Kd 6h Js Td]
Seat 3: Adrienn99 (big blind) showed [Qd 9s] and won ($23.28) with a straight, Nine to King
Seat 4: TbIP-TbIP 88 (button) (small blind) showed [6c 6s] and lost with three of a kind, Sixes


PokerStars Hand #171240190456:  Hold'em Limit ($3/$6 USD) - 2017/06/02 8:57:45 ET
Table 'Keid' 6-max Seat #3 is the button
Seat 3: Adrienn99 ($23.28 in chips)
Seat 4: TbIP-TbIP 88 ($102.28 in chips)
Adrienn99: posts small blind $1
TbIP-TbIP 88: posts big blind $3
*** HOLE CARDS ***
Adrienn99: calls $2
TbIP-TbIP 88: raises $3 to $6
Adrienn99: calls $3
*** FLOP *** [8d 2d 3h]
TbIP-TbIP 88: bets $3
Adrienn99: calls $3
*** TURN *** [8d 2d 3h] [5c]
TbIP-TbIP 88: checks
Adrienn99: bets $6
TbIP-TbIP 88: calls $6
*** RIVER *** [8d 2d 3h 5c] [Jh]
TbIP-TbIP 88: checks
Adrienn99: bets $6
TbIP-TbIP 88: calls $6
*** SHOW DOWN ***
Adrienn99: shows [8c Qh] (a pair of Eights)
TbIP-TbIP 88: mucks hand
Adrienn99 collected $41.50 from pot
*** SUMMARY ***
Total pot $42 | Rake $0.50
Board [8d 2d 3h 5c Jh]
Seat 3: Adrienn99 (button) (small blind) showed [8c Qh] and won ($41.50) with a pair of Eights
Seat 4: TbIP-TbIP 88 (big blind) mucked


PokerStars Hand #171240154421:  Hold'em Limit ($3/$6 USD) - 2017/06/02 8:56:24 ET
Table 'Keid' 6-max Seat #3 is the button
Seat 3: Adrienn99 ($29.88 in chips)
Seat 4: TbIP-TbIP 88 ($96.66 in chips)
Adrienn99: posts small blind $1
TbIP-TbIP 88: posts big blind $3
*** HOLE CARDS ***
Adrienn99: calls $2
TbIP-TbIP 88: raises $3 to $6
Adrienn99: calls $3
*** FLOP *** [Qs 6h Ac]
TbIP-TbIP 88: checks
Adrienn99: checks
*** TURN *** [Qs 6h Ac] [Ks]
TbIP-TbIP 88: bets $6
Adrienn99: calls $6
*** RIVER *** [Qs 6h Ac Ks] [Qd]
TbIP-TbIP 88: bets $6
Adrienn99: calls $6
*** SHOW DOWN ***
TbIP-TbIP 88: shows [Ts As] (two pair, Aces and Queens)
Adrienn99: mucks hand
TbIP-TbIP 88 collected $35.50 from pot
*** SUMMARY ***
Total pot $36 | Rake $0.50
Board [Qs 6h Ac Ks Qd]
Seat 3: Adrienn99 (button) (small blind) mucked
Seat 4: TbIP-TbIP 88 (big blind) showed [Ts As] and won ($35.50) with two pair, Aces and Queens


PokerStars Hand #171240204666:  Hold'em Limit ($3/$6 USD) - 2017/06/02 8:58:16 ET
Table 'Keid' 6-max Seat #3 is the button
Seat 3: Adrienn99 ($52.42 in chips)
Seat 4: TbIP-TbIP 88 ($72.28 in chips)
Adrienn99: posts small blind $1
TbIP-TbIP 88: posts big blind $3
*** HOLE CARDS ***
Adrienn99: calls $2
TbIP-TbIP 88: checks
*** FLOP *** [7c 6s 4h]
TbIP-TbIP 88: checks
Steelmen24 joins the table at seat #2
Adrienn99: bets $3
TbIP-TbIP 88: raises $3 to $6
Adrienn99: calls $3
*** TURN *** [7c 6s 4h] [8h]
TbIP-TbIP 88: bets $6
Adrienn99: calls $6
*** RIVER *** [7c 6s 4h 8h] [6h]
TbIP-TbIP 88: bets $6
Adrienn99: calls $6
*** SHOW DOWN ***
TbIP-TbIP 88: shows [5d 8s] (a straight, Four to Eight)
Adrienn99: mucks hand
TbIP-TbIP 88 collected $41.50 from pot
*** SUMMARY ***
Total pot $42 | Rake $0.50
Board [7c 6s 4h 8h 6h]
Seat 3: Adrienn99 (button) (small blind) mucked
Seat 4: TbIP-TbIP 88 (big blind) showed [5d 8s] and won ($41.50) with a straight, Four to Eight


PokerStars Hand #171240199296:  Hold'em Limit ($3/$6 USD) - 2017/06/02 8:58:04 ET
Table 'Keid' 6-max Seat #4 is the button
Seat 3: Adrienn99 ($43.78 in chips)
Seat 4: TbIP-TbIP 88 ($81.28 in chips)
TbIP-TbIP 88: posts small blind $1
Adrienn99: posts big blind $3
*** HOLE CARDS ***
TbIP-TbIP 88: raises $3 to $6
Adrienn99: calls $3
*** FLOP *** [4h 5h Js]
Adrienn99: bets $3
TbIP-TbIP 88: calls $3
*** TURN *** [4h 5h Js] [2c]
Adrienn99: bets $6
TbIP-TbIP 88: folds
Uncalled bet ($6) returned to Adrienn99
Adrienn99 collected $17.64 from pot
Adrienn99: doesn't show hand
*** SUMMARY ***
Total pot $18 | Rake $0.36
Board [4h 5h Js 2c]
Seat 3: Adrienn99 (big blind) collected ($17.64)
Seat 4: TbIP-TbIP 88 (button) (small blind) folded on the Turn


PokerStars Hand #171261048216:  Hold'em Limit ($3/$6 USD) - 2017/06/02 17:42:04 ET
Table 'Keid' 6-max Seat #1 is the button
Seat 1: mason82 ($536.06 in chips)
Seat 6: Chessnok ($114.56 in chips)
mason82: posts small blind $1
BunnyFizness: is sitting out
Chessnok: posts big blind $3
*** HOLE CARDS ***
mason82: raises $3 to $6
Chessnok: folds
Uncalled bet ($3) returned to mason82
mason82 collected $6 from pot
mason82: doesn't show hand
BunnyFizness leaves the table
*** SUMMARY ***
Total pot $6 | Rake $0
Seat 1: mason82 (button) (small blind) collected ($6)
Seat 6: Chessnok (big blind) folded before Flop


PokerStars Hand #171261085971:  Hold'em Limit ($3/$6 USD) - 2017/06/02 17:42:55 ET
Table 'Keid' 6-max Seat #1 is the button
Seat 1: mason82 ($537.56 in chips)
Seat 6: Chessnok ($112.06 in chips)
mason82: posts small blind $1
Chessnok: posts big blind $3
*** HOLE CARDS ***
mason82: calls $2
Chessnok: raises $3 to $6
mason82: calls $3
*** FLOP *** [7h 3c 4c]
Chessnok: bets $3
mason82: calls $3
*** TURN *** [7h 3c 4c] [2d]
Chessnok: bets $6
mason82: calls $6
*** RIVER *** [7h 3c 4c 2d] [9s]
Chessnok: bets $6
mason82: raises $6 to $12
Chessnok: folds
Uncalled bet ($6) returned to mason82
mason82 collected $41.50 from pot
mason82: doesn't show hand
*** SUMMARY ***
Total pot $42 | Rake $0.50
Board [7h 3c 4c 2d 9s]
Seat 1: mason82 (button) (small blind) collected ($41.50)
Seat 6: Chessnok (big blind) folded on the River


PokerStars Hand #171261072393:  Hold'em Limit ($3/$6 USD) - 2017/06/02 17:42:37 ET
Table 'Keid' 6-max Seat #6 is the button
Seat 1: mason82 ($523.06 in chips)
Seat 6: Chessnok ($127.06 in chips)
Chessnok: posts small blind $1
mason82: posts big blind $3
*** HOLE CARDS ***
Chessnok: raises $3 to $6
mason82: calls $3
*** FLOP *** [6s 2h Ad]
mason82: checks
Chessnok: bets $3
mason82: calls $3
*** TURN *** [6s 2h Ad] [4d]
mason82: checks
Chessnok: bets $6
mason82: raises $6 to $12
Chessnok: folds
Uncalled bet ($6) returned to mason82
mason82 collected $29.50 from pot
mason82: doesn't show hand
*** SUMMARY ***
Total pot $30 | Rake $0.50
Board [6s 2h Ad 4d]
Seat 1: mason82 (big blind) collected ($29.50)
Seat 6: Chessnok (button) (small blind) folded on the Turn


PokerStars Hand #171261069144:  Hold'em Limit ($3/$6 USD) - 2017/06/02 17:42:32 ET
Table 'Keid' 6-max Seat #1 is the button
Seat 1: mason82 ($524.06 in chips)
Seat 6: Chessnok ($126.06 in chips)
mason82: posts small blind $1
Chessnok: posts big blind $3
*** HOLE CARDS ***
mason82: folds
Uncalled bet ($2) returned to Chessnok
Chessnok collected $2 from pot
Chessnok: doesn't show hand
*** SUMMARY ***
Total pot $2 | Rake $0
Seat 1: mason82 (button) (small blind) folded before Flop
Seat 6: Chessnok (big blind) collected ($2)


PokerStars Hand #171261052602:  Hold'em Limit ($3/$6 USD) - 2017/06/02 17:42:10 ET
Table 'Keid' 6-max Seat #6 is the button
Seat 1: mason82 ($539.06 in chips)
Seat 6: Chessnok ($111.56 in chips)
Chessnok: posts small blind $1
mason82: posts big blind $3
*** HOLE CARDS ***
Chessnok: raises $3 to $6
mason82: calls $3
*** FLOP *** [5h 7d Ts]
mason82: checks
Chessnok: bets $3
mason82: calls $3
*** TURN *** [5h 7d Ts] [3d]
mason82: checks
Chessnok: bets $6
mason82: calls $6
*** RIVER *** [5h 7d Ts 3d] [8d]
mason82: checks
Chessnok: bets $6
mason82: folds
Uncalled bet ($6) returned to Chessnok
Chessnok collected $29.50 from pot
Chessnok: doesn't show hand
*** SUMMARY ***
Total pot $30 | Rake $0.50
Board [5h 7d Ts 3d 8d]
Seat 1: mason82 (big blind) folded on the River
Seat 6: Chessnok (button) (small blind) collected ($29.50)


PokerStars Hand #171261564438:  Hold'em Limit ($3/$6 USD) - 2017/06/02 17:53:39 ET
Table 'Keid' 6-max Seat #3 is the button
Seat 3: maksi670 ($76.51 in chips)
Seat 6: Chessnok ($99.70 in chips)
maksi670: posts small blind $1
Chessnok: posts big blind $3
*** HOLE CARDS ***
maksi670: calls $2
Chessnok: raises $3 to $6
maksi670: raises $3 to $9
Chessnok: calls $3
*** FLOP *** [2d 8c 2s]
Chessnok: checks
maksi670: bets $3
Chessnok: calls $3
*** TURN *** [2d 8c 2s] [6h]
Chessnok: checks
maksi670: bets $6
Chessnok: raises $6 to $12
maksi670: calls $6
*** RIVER *** [2d 8c 2s 6h] [5h]
Chessnok: bets $6
TinaTurner72 joins the table at seat #4
maksi670: calls $6
*** SHOW DOWN ***
Chessnok: shows [5s 4s] (two pair, Fives and Deuces)
maksi670: mucks hand
Chessnok collected $59.50 from pot
*** SUMMARY ***
Total pot $60 | Rake $0.50
Board [2d 8c 2s 6h 5h]
Seat 3: maksi670 (button) (small blind) mucked
Seat 6: Chessnok (big blind) showed [5s 4s] and won ($59.50) with two pair, Fives and Deuces


PokerStars Hand #171261540395:  Hold'em Limit ($3/$6 USD) - 2017/06/02 17:53:06 ET
Table 'Keid' 6-max Seat #6 is the button
Seat 3: maksi670 ($85.51 in chips)
Seat 6: Chessnok ($91.06 in chips)
Chessnok: posts small blind $1
maksi670: posts big blind $3
*** HOLE CARDS ***
Chessnok: folds
Uncalled bet ($2) returned to maksi670
maksi670 collected $2 from pot
*** SUMMARY ***
Total pot $2 | Rake $0
Seat 3: maksi670 (big blind) collected ($2)
Seat 6: Chessnok (button) (small blind) folded before Flop


PokerStars Hand #171261545710:  Hold'em Limit ($3/$6 USD) - 2017/06/02 17:53:13 ET
Table 'Keid' 6-max Seat #3 is the button
Seat 3: maksi670 ($86.51 in chips)
Seat 6: Chessnok ($90.06 in chips)
maksi670: posts small blind $1
Chessnok: posts big blind $3
*** HOLE CARDS ***
maksi670: folds
Uncalled bet ($2) returned to Chessnok
Chessnok collected $2 from pot
Chessnok: doesn't show hand
*** SUMMARY ***
Total pot $2 | Rake $0
Seat 3: maksi670 (button) (small blind) folded before Flop
Seat 6: Chessnok (big blind) collected ($2)


PokerStars Hand #171261549586:  Hold'em Limit ($3/$6 USD) - 2017/06/02 17:53:19 ET
Table 'Keid' 6-max Seat #6 is the button
Seat 3: maksi670 ($85.51 in chips)
Seat 6: Chessnok ($91.06 in chips)
Chessnok: posts small blind $1
maksi670: posts big blind $3
*** HOLE CARDS ***
Chessnok: raises $3 to $6
maksi670: calls $3
*** FLOP *** [4c 4h 8h]
maksi670: checks
Chessnok: bets $3
maksi670: calls $3
*** TURN *** [4c 4h 8h] [7d]
maksi670: checks
Chessnok: bets $6
maksi670: folds
Uncalled bet ($6) returned to Chessnok
Chessnok collected $17.64 from pot
Chessnok: doesn't show hand
*** SUMMARY ***
Total pot $18 | Rake $0.36
Board [4c 4h 8h 7d]
Seat 3: maksi670 (big blind) folded on the Turn
Seat 6: Chessnok (button) (small blind) collected ($17.64)


PokerStars Hand #171261585468:  Hold'em Limit ($3/$6 USD) - 2017/06/02 17:54:08 ET
Table 'Keid' 6-max Seat #6 is the button
Seat 3: maksi670 ($46.51 in chips)
Seat 6: Chessnok ($129.20 in chips)
Chessnok: posts small blind $1
maksi670: posts big blind $3
*** HOLE CARDS ***
Chessnok: raises $3 to $6
maksi670: calls $3
*** FLOP *** [5c Ks 6d]
maksi670: checks
Chessnok: bets $3
maksi670: calls $3
*** TURN *** [5c Ks 6d] [Jc]
maksi670: checks
Chessnok: checks
*** RIVER *** [5c Ks 6d Jc] [Qh]
maksi670: bets $6
Chessnok: calls $6
*** SHOW DOWN ***
maksi670: shows [6c 5d] (two pair, Sixes and Fives)
Chessnok: mucks hand
maksi670 collected $29.50 from pot
*** SUMMARY ***
Total pot $30 | Rake $0.50
Board [5c Ks 6d Jc Qh]
Seat 3: maksi670 (big blind) showed [6c 5d] and won ($29.50) with two pair, Sixes and Fives
Seat 6: Chessnok (button) (small blind) mucked


