PokerStars Hand #150286839274:  Hold'em Limit ($3/$6 USD) - 2016/03/13 10:59:01 ET
Table 'Keid' 6-max Seat #2 is the button
Seat 1: hubschi ($60 in chips)
Seat 2: Ale4o ($120 in chips)
Ale4o: posts small blind $1
Agrotait has timed out
Agrotait: is sitting out
hubschi: posts big blind $3
*** HOLE CARDS ***
Ale4o: raises $3 to $6
hubschi: calls $3
*** FLOP *** [8c 7h Jc]
hubschi: checks
Ale4o: bets $3
hubschi: folds
Uncalled bet ($3) returned to Ale4o
Ale4o collected $11.76 from pot
Ale4o: doesn't show hand
*** SUMMARY ***
Total pot $12 | Rake $0.24
Board [8c 7h Jc]
Seat 1: hubschi (big blind) folded on the Flop
Seat 2: Ale4o (button) (small blind) collected ($11.76)


PokerStars Hand #150286859218:  Hold'em Limit ($3/$6 USD) - 2016/03/13 10:59:32 ET
Table 'Keid' 6-max Seat #1 is the button
Seat 1: hubschi ($54 in chips)
Seat 2: Ale4o ($125.76 in chips)
hubschi: posts small blind $1
Ale4o: posts big blind $3
*** HOLE CARDS ***
hubschi: raises $3 to $6
Ale4o: folds
Uncalled bet ($3) returned to hubschi
hubschi collected $6 from pot
hubschi: doesn't show hand
*** SUMMARY ***
Total pot $6 | Rake $0
Seat 1: hubschi (button) (small blind) collected ($6)
Seat 2: Ale4o (big blind) folded before Flop


