PokerStars Hand #171706304993:  Hold'em Limit ($3/$6 USD) - 2017/06/12 22:15:58 ET
Table 'Kemi' 6-max Seat #2 is the button
Seat 2: Chrisgalo33 ($50 in chips)
Seat 3: B_loJkl ($150 in chips)
Chrisgalo33: posts small blind $1
B_loJkl: posts big blind $3
*** HOLE CARDS ***
Chrisgalo33: calls $2
B_loJkl: checks
*** FLOP *** [Kh 7d 9s]
B_loJkl: checks
LifeisagameX leaves the table
Chrisgalo33: checks
*** TURN *** [Kh 7d 9s] [2c]
B_loJkl: checks
Chrisgalo33: checks
*** RIVER *** [Kh 7d 9s 2c] [As]
B_loJkl: bets $6
Chrisgalo33: folds
Uncalled bet ($6) returned to B_loJkl
B_loJkl collected $5.88 from pot
B_loJkl: doesn't show hand
*** SUMMARY ***
Total pot $6 | Rake $0.12
Board [Kh 7d 9s 2c As]
Seat 2: Chrisgalo33 (button) (small blind) folded on the River
Seat 3: B_loJkl (big blind) collected ($5.88)


PokerStars Hand #171706312709:  Hold'em Limit ($3/$6 USD) - 2017/06/12 22:16:21 ET
Table 'Kemi' 6-max Seat #3 is the button
Seat 2: Chrisgalo33 ($47 in chips)
Seat 3: B_loJkl ($152.88 in chips)
B_loJkl: posts small blind $1
Chrisgalo33: posts big blind $3
*** HOLE CARDS ***
B_loJkl: raises $3 to $6
Chrisgalo33: calls $3
*** FLOP *** [Qd 7d Qs]
Chrisgalo33: checks
B_loJkl: bets $3
Chrisgalo33: calls $3
*** TURN *** [Qd 7d Qs] [8c]
Chrisgalo33: checks
B_loJkl: checks
*** RIVER *** [Qd 7d Qs 8c] [Tc]
Chrisgalo33: bets $6
B_loJkl: folds
Uncalled bet ($6) returned to Chrisgalo33
Chrisgalo33 collected $17.64 from pot
*** SUMMARY ***
Total pot $18 | Rake $0.36
Board [Qd 7d Qs 8c Tc]
Seat 2: Chrisgalo33 (big blind) collected ($17.64)
Seat 3: B_loJkl (button) (small blind) folded on the River


PokerStars Hand #171706324139:  Hold'em Limit ($3/$6 USD) - 2017/06/12 22:16:55 ET
Table 'Kemi' 6-max Seat #2 is the button
Seat 2: Chrisgalo33 ($55.64 in chips)
Seat 3: B_loJkl ($143.88 in chips)
Chrisgalo33: posts small blind $1
B_loJkl: posts big blind $3
*** HOLE CARDS ***
Chrisgalo33: calls $2
B_loJkl: raises $3 to $6
Chrisgalo33: calls $3
*** FLOP *** [6d Js 4c]
B_loJkl: bets $3
Chrisgalo33: calls $3
*** TURN *** [6d Js 4c] [4h]
B_loJkl: bets $6
Chrisgalo33: folds
Uncalled bet ($6) returned to B_loJkl
B_loJkl collected $17.64 from pot
B_loJkl: doesn't show hand
*** SUMMARY ***
Total pot $18 | Rake $0.36
Board [6d Js 4c 4h]
Seat 2: Chrisgalo33 (button) (small blind) folded on the Turn
Seat 3: B_loJkl (big blind) collected ($17.64)


PokerStars Hand #171706331564:  Hold'em Limit ($3/$6 USD) - 2017/06/12 22:17:17 ET
Table 'Kemi' 6-max Seat #3 is the button
Seat 2: Chrisgalo33 ($46.64 in chips)
Seat 3: B_loJkl ($152.52 in chips)
B_loJkl: posts small blind $1
Chrisgalo33: posts big blind $3
*** HOLE CARDS ***
B_loJkl: raises $3 to $6
Chrisgalo33: calls $3
*** FLOP *** [Tc Jd 5h]
Chrisgalo33: checks
B_loJkl: bets $3
Chrisgalo33: calls $3
*** TURN *** [Tc Jd 5h] [6h]
Chrisgalo33: checks
B_loJkl: bets $6
Chrisgalo33: calls $6
*** RIVER *** [Tc Jd 5h 6h] [Ts]
Chrisgalo33: checks
B_loJkl: checks
*** SHOW DOWN ***
Chrisgalo33: shows [8d Qh] (a pair of Tens)
B_loJkl: shows [4d 4h] (two pair, Tens and Fours)
B_loJkl collected $29.50 from pot
*** SUMMARY ***
Total pot $30 | Rake $0.50
Board [Tc Jd 5h 6h Ts]
Seat 2: Chrisgalo33 (big blind) showed [8d Qh] and lost with a pair of Tens
Seat 3: B_loJkl (button) (small blind) showed [4d 4h] and won ($29.50) with two pair, Tens and Fours


PokerStars Hand #171706370939:  Hold'em Limit ($3/$6 USD) - 2017/06/12 22:19:14 ET
Table 'Kemi' 6-max Seat #2 is the button
Seat 2: Chrisgalo33 ($44.78 in chips)
Seat 3: B_loJkl ($153.02 in chips)
Chrisgalo33: posts small blind $1
B_loJkl: posts big blind $3
*** HOLE CARDS ***
Chrisgalo33: folds
Uncalled bet ($2) returned to B_loJkl
B_loJkl collected $2 from pot
B_loJkl: doesn't show hand
*** SUMMARY ***
Total pot $2 | Rake $0
Seat 2: Chrisgalo33 (button) (small blind) folded before Flop
Seat 3: B_loJkl (big blind) collected ($2)


PokerStars Hand #171706345186:  Hold'em Limit ($3/$6 USD) - 2017/06/12 22:17:57 ET
Table 'Kemi' 6-max Seat #2 is the button
Seat 2: Chrisgalo33 ($31.64 in chips)
Seat 3: B_loJkl ($167.02 in chips)
Chrisgalo33: posts small blind $1
B_loJkl: posts big blind $3
*** HOLE CARDS ***
Chrisgalo33: raises $3 to $6
B_loJkl: calls $3
*** FLOP *** [7c 3s Ks]
B_loJkl: checks
Chrisgalo33: bets $3
B_loJkl: calls $3
*** TURN *** [7c 3s Ks] [7d]
B_loJkl: checks
Chrisgalo33: checks
*** RIVER *** [7c 3s Ks 7d] [2c]
B_loJkl: bets $6
Chrisgalo33: folds
Uncalled bet ($6) returned to B_loJkl
B_loJkl collected $17.64 from pot
B_loJkl: doesn't show hand
*** SUMMARY ***
Total pot $18 | Rake $0.36
Board [7c 3s Ks 7d 2c]
Seat 2: Chrisgalo33 (button) (small blind) folded on the River
Seat 3: B_loJkl (big blind) collected ($17.64)


PokerStars Hand #171706375403:  Hold'em Limit ($3/$6 USD) - 2017/06/12 22:19:27 ET
Table 'Kemi' 6-max Seat #2 is the button
Seat 2: Chrisgalo33 ($40.78 in chips)
Seat 3: B_loJkl ($157.02 in chips)
Chrisgalo33: posts small blind $1
B_loJkl: posts big blind $3
*** HOLE CARDS ***
Chrisgalo33: folds
Uncalled bet ($2) returned to B_loJkl
B_loJkl collected $2 from pot
B_loJkl: doesn't show hand
*** SUMMARY ***
Total pot $2 | Rake $0
Seat 2: Chrisgalo33 (button) (small blind) folded before Flop
Seat 3: B_loJkl (big blind) collected ($2)


PokerStars Hand #171706372826:  Hold'em Limit ($3/$6 USD) - 2017/06/12 22:19:19 ET
Table 'Kemi' 6-max Seat #3 is the button
Seat 2: Chrisgalo33 ($43.78 in chips)
Seat 3: B_loJkl ($154.02 in chips)
B_loJkl: posts small blind $1
Chrisgalo33: posts big blind $3
*** HOLE CARDS ***
B_loJkl: raises $3 to $6
Chrisgalo33: folds
Uncalled bet ($3) returned to B_loJkl
B_loJkl collected $6 from pot
B_loJkl: doesn't show hand
*** SUMMARY ***
Total pot $6 | Rake $0
Seat 2: Chrisgalo33 (big blind) folded before Flop
Seat 3: B_loJkl (button) (small blind) collected ($6)


PokerStars Hand #171706360922:  Hold'em Limit ($3/$6 USD) - 2017/06/12 22:18:44 ET
Table 'Kemi' 6-max Seat #3 is the button
Seat 2: Chrisgalo33 ($22.64 in chips)
Seat 3: B_loJkl ($175.66 in chips)
B_loJkl: posts small blind $1
Chrisgalo33: posts big blind $3
*** HOLE CARDS ***
B_loJkl: raises $3 to $6
Chrisgalo33: calls $3
*** FLOP *** [2h Th 3h]
Chrisgalo33: checks
B_loJkl: bets $3
Chrisgalo33: raises $3 to $6
B_loJkl: calls $3
*** TURN *** [2h Th 3h] [8s]
Chrisgalo33: bets $6
B_loJkl: raises $6 to $12
Chrisgalo33: calls $4.64 and is all-in
Uncalled bet ($1.36) returned to B_loJkl
*** RIVER *** [2h Th 3h 8s] [6c]
*** SHOW DOWN ***
Chrisgalo33: shows [Qh 2s] (a pair of Deuces)
B_loJkl: shows [Ad 4h] (high card Ace)
Chrisgalo33 collected $44.78 from pot
*** SUMMARY ***
Total pot $45.28 | Rake $0.50
Board [2h Th 3h 8s 6c]
Seat 2: Chrisgalo33 (big blind) showed [Qh 2s] and won ($44.78) with a pair of Deuces
Seat 3: B_loJkl (button) (small blind) showed [Ad 4h] and lost with high card Ace


PokerStars Hand #171706380623:  Hold'em Limit ($3/$6 USD) - 2017/06/12 22:19:43 ET
Table 'Kemi' 6-max Seat #2 is the button
Seat 2: Chrisgalo33 ($36.78 in chips)
Seat 3: B_loJkl ($161.02 in chips)
Chrisgalo33: posts small blind $1
B_loJkl: posts big blind $3
*** HOLE CARDS ***
Chrisgalo33: raises $3 to $6
B_loJkl: calls $3
*** FLOP *** [3s 7d Js]
B_loJkl: checks
Chrisgalo33: bets $3
B_loJkl: calls $3
*** TURN *** [3s 7d Js] [Kd]
B_loJkl: checks
Chrisgalo33: checks
*** RIVER *** [3s 7d Js Kd] [5h]
B_loJkl: bets $6
Chrisgalo33: calls $6
*** SHOW DOWN ***
B_loJkl: shows [7h 5s] (two pair, Sevens and Fives)
Chrisgalo33: mucks hand
B_loJkl collected $29.50 from pot
*** SUMMARY ***
Total pot $30 | Rake $0.50
Board [3s 7d Js Kd 5h]
Seat 2: Chrisgalo33 (button) (small blind) mucked
Seat 3: B_loJkl (big blind) showed [7h 5s] and won ($29.50) with two pair, Sevens and Fives


PokerStars Hand #171706377274:  Hold'em Limit ($3/$6 USD) - 2017/06/12 22:19:33 ET
Table 'Kemi' 6-max Seat #3 is the button
Seat 2: Chrisgalo33 ($39.78 in chips)
Seat 3: B_loJkl ($158.02 in chips)
B_loJkl: posts small blind $1
Chrisgalo33: posts big blind $3
*** HOLE CARDS ***
B_loJkl: raises $3 to $6
Chrisgalo33: folds
Uncalled bet ($3) returned to B_loJkl
B_loJkl collected $6 from pot
B_loJkl: doesn't show hand
*** SUMMARY ***
Total pot $6 | Rake $0
Seat 2: Chrisgalo33 (big blind) folded before Flop
Seat 3: B_loJkl (button) (small blind) collected ($6)


PokerStars Hand #171706391994:  Hold'em Limit ($3/$6 USD) - 2017/06/12 22:20:16 ET
Table 'Kemi' 6-max Seat #3 is the button
Seat 2: Chrisgalo33 ($21.78 in chips)
Seat 3: B_loJkl ($175.52 in chips)
B_loJkl: posts small blind $1
Chrisgalo33: posts big blind $3
*** HOLE CARDS ***
B_loJkl: raises $3 to $6
Chrisgalo33: calls $3
*** FLOP *** [9h 9s 2d]
Chrisgalo33: checks
B_loJkl: bets $3
Chrisgalo33: calls $3
*** TURN *** [9h 9s 2d] [Jd]
Chrisgalo33: checks
B_loJkl: bets $6
Chrisgalo33: calls $6
*** RIVER *** [9h 9s 2d Jd] [As]
Chrisgalo33: checks
B_loJkl: bets $6
Chrisgalo33: calls $6
*** SHOW DOWN ***
B_loJkl: shows [Ad 7d] (two pair, Aces and Nines)
Chrisgalo33: mucks hand
B_loJkl collected $41.50 from pot
*** SUMMARY ***
Total pot $42 | Rake $0.50
Board [9h 9s 2d Jd As]
Seat 2: Chrisgalo33 (big blind) mucked
Seat 3: B_loJkl (button) (small blind) showed [Ad 7d] and won ($41.50) with two pair, Aces and Nines


PokerStars Hand #171706421492:  Hold'em Limit ($3/$6 USD) - 2017/06/12 22:21:44 ET
Table 'Kemi' 6-max Seat #3 is the button
Seat 2: Chrisgalo33 ($26.78 in chips)
Seat 3: B_loJkl ($219.52 in chips)
B_loJkl: posts small blind $1
Chrisgalo33: posts big blind $3
*** HOLE CARDS ***
B_loJkl: folds
Uncalled bet ($2) returned to Chrisgalo33
Chrisgalo33 collected $2 from pot
*** SUMMARY ***
Total pot $2 | Rake $0
Seat 2: Chrisgalo33 (big blind) collected ($2)
Seat 3: B_loJkl (button) (small blind) folded before Flop


PokerStars Hand #171706423135:  Hold'em Limit ($3/$6 USD) - 2017/06/12 22:21:49 ET
Table 'Kemi' 6-max Seat #2 is the button
Seat 2: Chrisgalo33 ($27.78 in chips)
Seat 3: B_loJkl ($218.52 in chips)
Chrisgalo33: posts small blind $1
B_loJkl: posts big blind $3
*** HOLE CARDS ***
Chrisgalo33: calls $2
B_loJkl: raises $3 to $6
Chrisgalo33: calls $3
*** FLOP *** [2s Ah 4h]
B_loJkl: checks
Chrisgalo33: checks
*** TURN *** [2s Ah 4h] [7h]
B_loJkl: checks
Chrisgalo33: bets $6
B_loJkl: folds
Uncalled bet ($6) returned to Chrisgalo33
Chrisgalo33 collected $11.76 from pot
*** SUMMARY ***
Total pot $12 | Rake $0.24
Board [2s Ah 4h 7h]
Seat 2: Chrisgalo33 (button) (small blind) collected ($11.76)
Seat 3: B_loJkl (big blind) folded on the Turn


PokerStars Hand #171706451420:  Hold'em Limit ($3/$6 USD) - 2017/06/12 22:23:14 ET
Table 'Kemi' 6-max Seat #3 is the button
Seat 2: Chrisgalo33 ($53.92 in chips)
Seat 3: B_loJkl ($191.52 in chips)
B_loJkl: posts small blind $1
Chrisgalo33: posts big blind $3
*** HOLE CARDS ***
B_loJkl: raises $3 to $6
Chrisgalo33: raises $3 to $9
B_loJkl: calls $3
*** FLOP *** [2d Tc 7c]
Chrisgalo33: bets $3
B_loJkl: calls $3
*** TURN *** [2d Tc 7c] [Kd]
Chrisgalo33: bets $6
B_loJkl: calls $6
*** RIVER *** [2d Tc 7c Kd] [5s]
Chrisgalo33: bets $6
B_loJkl: calls $6
*** SHOW DOWN ***
Chrisgalo33: shows [Ks Kc] (three of a kind, Kings)
B_loJkl: mucks hand
Chrisgalo33 collected $47.50 from pot
*** SUMMARY ***
Total pot $48 | Rake $0.50
Board [2d Tc 7c Kd 5s]
Seat 2: Chrisgalo33 (big blind) showed [Ks Kc] and won ($47.50) with three of a kind, Kings
Seat 3: B_loJkl (button) (small blind) mucked


PokerStars Hand #171706445303:  Hold'em Limit ($3/$6 USD) - 2017/06/12 22:22:55 ET
Table 'Kemi' 6-max Seat #2 is the button
Seat 2: Chrisgalo33 ($51.04 in chips)
Seat 3: B_loJkl ($194.52 in chips)
Chrisgalo33: posts small blind $1
B_loJkl: posts big blind $3
*** HOLE CARDS ***
Chrisgalo33: calls $2
B_loJkl: checks
*** FLOP *** [9h 4d 9c]
B_loJkl: checks
Chrisgalo33: checks
*** TURN *** [9h 4d 9c] [2h]
B_loJkl: checks
Chrisgalo33: bets $6
B_loJkl: folds
Uncalled bet ($6) returned to Chrisgalo33
Chrisgalo33 collected $5.88 from pot
*** SUMMARY ***
Total pot $6 | Rake $0.12
Board [9h 4d 9c 2h]
Seat 2: Chrisgalo33 (button) (small blind) collected ($5.88)
Seat 3: B_loJkl (big blind) folded on the Turn


PokerStars Hand #171706431537:  Hold'em Limit ($3/$6 USD) - 2017/06/12 22:22:14 ET
Table 'Kemi' 6-max Seat #3 is the button
Seat 2: Chrisgalo33 ($33.54 in chips)
Seat 3: B_loJkl ($212.52 in chips)
B_loJkl: posts small blind $1
Chrisgalo33: posts big blind $3
*** HOLE CARDS ***
B_loJkl: raises $3 to $6
Chrisgalo33: calls $3
*** FLOP *** [Ad 9d 3d]
Chrisgalo33: checks
B_loJkl: bets $3
Chrisgalo33: raises $3 to $6
B_loJkl: calls $3
*** TURN *** [Ad 9d 3d] [7s]
Chrisgalo33: bets $6
B_loJkl: calls $6
*** RIVER *** [Ad 9d 3d 7s] [6c]
Chrisgalo33: bets $6
B_loJkl: folds
Uncalled bet ($6) returned to Chrisgalo33
Chrisgalo33 collected $35.50 from pot
*** SUMMARY ***
Total pot $36 | Rake $0.50
Board [Ad 9d 3d 7s 6c]
Seat 2: Chrisgalo33 (big blind) collected ($35.50)
Seat 3: B_loJkl (button) (small blind) folded on the River


PokerStars Hand #171706468236:  Hold'em Limit ($3/$6 USD) - 2017/06/12 22:24:04 ET
Table 'Kemi' 6-max Seat #2 is the button
Seat 2: Chrisgalo33 ($85.94 in chips)
Seat 3: B_loJkl ($158.40 in chips)
Chrisgalo33: posts small blind $1
B_loJkl: posts big blind $3
*** HOLE CARDS ***
Chrisgalo33: calls $2
B_loJkl: raises $3 to $6
Chrisgalo33: calls $3
*** FLOP *** [6d 7s Jh]
B_loJkl: checks
Chrisgalo33: checks
*** TURN *** [6d 7s Jh] [Kc]
B_loJkl: bets $6
Chrisgalo33: calls $6
*** RIVER *** [6d 7s Jh Kc] [Ts]
B_loJkl: bets $6
Chrisgalo33: folds
Uncalled bet ($6) returned to B_loJkl
B_loJkl collected $23.52 from pot
B_loJkl: doesn't show hand
*** SUMMARY ***
Total pot $24 | Rake $0.48
Board [6d 7s Jh Kc Ts]
Seat 2: Chrisgalo33 (button) (small blind) folded on the River
Seat 3: B_loJkl (big blind) collected ($23.52)


PokerStars Hand #171706462830:  Hold'em Limit ($3/$6 USD) - 2017/06/12 22:23:48 ET
Table 'Kemi' 6-max Seat #3 is the button
Seat 2: Chrisgalo33 ($74.42 in chips)
Seat 3: B_loJkl ($170.40 in chips)
B_loJkl: posts small blind $1
Chrisgalo33: posts big blind $3
*** HOLE CARDS ***
B_loJkl: raises $3 to $6
Chrisgalo33: raises $3 to $9
B_loJkl: calls $3
*** FLOP *** [2c Tc Qs]
Chrisgalo33: bets $3
B_loJkl: calls $3
*** TURN *** [2c Tc Qs] [Ac]
Chrisgalo33: bets $6
B_loJkl: folds
Uncalled bet ($6) returned to Chrisgalo33
Chrisgalo33 collected $23.52 from pot
*** SUMMARY ***
Total pot $24 | Rake $0.48
Board [2c Tc Qs Ac]
Seat 2: Chrisgalo33 (big blind) collected ($23.52)
Seat 3: B_loJkl (button) (small blind) folded on the Turn


PokerStars Hand #171706477628:  Hold'em Limit ($3/$6 USD) - 2017/06/12 22:24:32 ET
Table 'Kemi' 6-max Seat #3 is the button
Seat 2: Chrisgalo33 ($73.94 in chips)
Seat 3: B_loJkl ($169.92 in chips)
B_loJkl: posts small blind $1
Chrisgalo33: posts big blind $3
*** HOLE CARDS ***
B_loJkl: raises $3 to $6
Chrisgalo33: calls $3
*** FLOP *** [6s 4d Kc]
Chrisgalo33: checks
B_loJkl: bets $3
Chrisgalo33: calls $3
*** TURN *** [6s 4d Kc] [7d]
Chrisgalo33: checks
B_loJkl: bets $6
Chrisgalo33: calls $6
*** RIVER *** [6s 4d Kc 7d] [Qh]
Chrisgalo33: checks
B_loJkl: checks
*** SHOW DOWN ***
Chrisgalo33: shows [Th Ks] (a pair of Kings)
B_loJkl: mucks hand
Chrisgalo33 collected $29.50 from pot
*** SUMMARY ***
Total pot $30 | Rake $0.50
Board [6s 4d Kc 7d Qh]
Seat 2: Chrisgalo33 (big blind) showed [Th Ks] and won ($29.50) with a pair of Kings
Seat 3: B_loJkl (button) (small blind) mucked


PokerStars Hand #171706492159:  Hold'em Limit ($3/$6 USD) - 2017/06/12 22:25:17 ET
Table 'Kemi' 6-max Seat #2 is the button
Seat 2: Chrisgalo33 ($88.44 in chips)
Seat 3: B_loJkl ($154.92 in chips)
Chrisgalo33: posts small blind $1
B_loJkl: posts big blind $3
*** HOLE CARDS ***
Chrisgalo33: calls $2
B_loJkl: raises $3 to $6
Chrisgalo33: calls $3
*** FLOP *** [3d Kd 5d]
B_loJkl: bets $3
Chrisgalo33: folds
Uncalled bet ($3) returned to B_loJkl
B_loJkl collected $11.76 from pot
B_loJkl: doesn't show hand
*** SUMMARY ***
Total pot $12 | Rake $0.24
Board [3d Kd 5d]
Seat 2: Chrisgalo33 (button) (small blind) folded on the Flop
Seat 3: B_loJkl (big blind) collected ($11.76)


PokerStars Hand #171706508527:  Hold'em Limit ($3/$6 USD) - 2017/06/12 22:26:07 ET
Table 'Kemi' 6-max Seat #3 is the button
Seat 2: Chrisgalo33 ($98.94 in chips)
Seat 3: B_loJkl ($143.68 in chips)
B_loJkl: posts small blind $1
Chrisgalo33: posts big blind $3
*** HOLE CARDS ***
B_loJkl: raises $3 to $6
Chrisgalo33: folds
Uncalled bet ($3) returned to B_loJkl
B_loJkl collected $6 from pot
B_loJkl: doesn't show hand
*** SUMMARY ***
Total pot $6 | Rake $0
Seat 2: Chrisgalo33 (big blind) folded before Flop
Seat 3: B_loJkl (button) (small blind) collected ($6)


PokerStars Hand #171706506757:  Hold'em Limit ($3/$6 USD) - 2017/06/12 22:26:02 ET
Table 'Kemi' 6-max Seat #2 is the button
Seat 2: Chrisgalo33 ($99.94 in chips)
Seat 3: B_loJkl ($142.68 in chips)
Chrisgalo33: posts small blind $1
B_loJkl: posts big blind $3
*** HOLE CARDS ***
Chrisgalo33: folds
Uncalled bet ($2) returned to B_loJkl
B_loJkl collected $2 from pot
B_loJkl: doesn't show hand
*** SUMMARY ***
Total pot $2 | Rake $0
Seat 2: Chrisgalo33 (button) (small blind) folded before Flop
Seat 3: B_loJkl (big blind) collected ($2)


PokerStars Hand #171706498479:  Hold'em Limit ($3/$6 USD) - 2017/06/12 22:25:36 ET
Table 'Kemi' 6-max Seat #3 is the button
Seat 2: Chrisgalo33 ($82.44 in chips)
Seat 3: B_loJkl ($160.68 in chips)
B_loJkl: posts small blind $1
Chrisgalo33: posts big blind $3
*** HOLE CARDS ***
B_loJkl: raises $3 to $6
Chrisgalo33: calls $3
*** FLOP *** [3c 9h 7d]
Chrisgalo33: checks
B_loJkl: bets $3
Chrisgalo33: raises $3 to $6
B_loJkl: calls $3
*** TURN *** [3c 9h 7d] [Qs]
Chrisgalo33: checks
B_loJkl: bets $6
Chrisgalo33: calls $6
*** RIVER *** [3c 9h 7d Qs] [2s]
Chrisgalo33: checks
B_loJkl: checks
*** SHOW DOWN ***
Chrisgalo33: shows [9c Ts] (a pair of Nines)
B_loJkl: mucks hand
Chrisgalo33 collected $35.50 from pot
*** SUMMARY ***
Total pot $36 | Rake $0.50
Board [3c 9h 7d Qs 2s]
Seat 2: Chrisgalo33 (big blind) showed [9c Ts] and won ($35.50) with a pair of Nines
Seat 3: B_loJkl (button) (small blind) mucked


PokerStars Hand #171706519392:  Hold'em Limit ($3/$6 USD) - 2017/06/12 22:26:40 ET
Table 'Kemi' 6-max Seat #3 is the button
Seat 2: Chrisgalo33 ($125.44 in chips)
Seat 3: B_loJkl ($116.68 in chips)
B_loJkl: posts small blind $1
Chrisgalo33: posts big blind $3
*** HOLE CARDS ***
B_loJkl: raises $3 to $6
Chrisgalo33: calls $3
*** FLOP *** [9c 5h Jd]
Chrisgalo33: checks
B_loJkl: bets $3
Chrisgalo33: calls $3
*** TURN *** [9c 5h Jd] [8s]
Chrisgalo33: checks
B_loJkl: bets $6
Chrisgalo33: calls $6
*** RIVER *** [9c 5h Jd 8s] [3h]
Chrisgalo33: checks
B_loJkl: checks
*** SHOW DOWN ***
Chrisgalo33: shows [8c 7s] (a pair of Eights)
B_loJkl: mucks hand
Chrisgalo33 collected $29.50 from pot
*** SUMMARY ***
Total pot $30 | Rake $0.50
Board [9c 5h Jd 8s 3h]
Seat 2: Chrisgalo33 (big blind) showed [8c 7s] and won ($29.50) with a pair of Eights
Seat 3: B_loJkl (button) (small blind) mucked


PokerStars Hand #171706529376:  Hold'em Limit ($3/$6 USD) - 2017/06/12 22:27:10 ET
Table 'Kemi' 6-max Seat #2 is the button
Seat 2: Chrisgalo33 ($139.94 in chips)
Seat 3: B_loJkl ($101.68 in chips)
Chrisgalo33: posts small blind $1
B_loJkl: posts big blind $3
*** HOLE CARDS ***
Chrisgalo33: calls $2
B_loJkl: raises $3 to $6
Chrisgalo33: calls $3
*** FLOP *** [3h Ac 6h]
B_loJkl: bets $3
Chrisgalo33: folds
Uncalled bet ($3) returned to B_loJkl
B_loJkl collected $11.76 from pot
B_loJkl: doesn't show hand
*** SUMMARY ***
Total pot $12 | Rake $0.24
Board [3h Ac 6h]
Seat 2: Chrisgalo33 (button) (small blind) folded on the Flop
Seat 3: B_loJkl (big blind) collected ($11.76)


