PokerStars Hand #156720298648:  Hold'em Limit ($3/$6 USD) - 2016/08/01 8:44:37 ET
Table 'Kemi' 6-max Seat #3 is the button
Seat 1: Grieserix ($120 in chips)
Seat 3: Icecold ($109.61 in chips)
Icecold: posts small blind $1
Grieserix: posts big blind $3
*** HOLE CARDS ***
Icecold: raises $3 to $6
Grieserix: calls $3
*** FLOP *** [3c 6s Qh]
Grieserix: checks
Icecold: checks
*** TURN *** [3c 6s Qh] [7s]
Grieserix: bets $6
Icecold: folds
Uncalled bet ($6) returned to Grieserix
Grieserix collected $11.76 from pot
Grieserix: doesn't show hand
*** SUMMARY ***
Total pot $12 | Rake $0.24
Board [3c 6s Qh 7s]
Seat 1: Grieserix (big blind) collected ($11.76)
Seat 3: Icecold (button) (small blind) folded on the Turn


PokerStars Hand #156720305321:  Hold'em Limit ($3/$6 USD) - 2016/08/01 8:44:51 ET
Table 'Kemi' 6-max Seat #1 is the button
Seat 1: Grieserix ($125.76 in chips)
Seat 3: Icecold ($103.61 in chips)
Grieserix: posts small blind $1
Icecold: posts big blind $3
*** HOLE CARDS ***
Grieserix: raises $3 to $6
Icecold: calls $3
*** FLOP *** [8h 4d 4c]
Icecold: checks
Grieserix: checks
*** TURN *** [8h 4d 4c] [Th]
Icecold: bets $6
Grieserix: folds
Uncalled bet ($6) returned to Icecold
Icecold collected $11.76 from pot
*** SUMMARY ***
Total pot $12 | Rake $0.24
Board [8h 4d 4c Th]
Seat 1: Grieserix (button) (small blind) folded on the Turn
Seat 3: Icecold (big blind) collected ($11.76)


PokerStars Hand #156720310521:  Hold'em Limit ($3/$6 USD) - 2016/08/01 8:45:01 ET
Table 'Kemi' 6-max Seat #3 is the button
Seat 1: Grieserix ($119.76 in chips)
Seat 3: Icecold ($109.37 in chips)
Icecold: posts small blind $1
skogsbarn was removed from the table for failing to post
Grieserix: posts big blind $3
*** HOLE CARDS ***
Icecold: raises $3 to $6
Grieserix: calls $3
*** FLOP *** [Ah 7s 8h]
Grieserix: bets $3
Icecold: calls $3
*** TURN *** [Ah 7s 8h] [9h]
Grieserix: bets $6
Icecold: calls $6
*** RIVER *** [Ah 7s 8h 9h] [Ts]
Grieserix: bets $6
ABATAPP joins the table at seat #4
Icecold: folds
Uncalled bet ($6) returned to Grieserix
Grieserix collected $29.50 from pot
Punkyfee joins the table at seat #6
*** SUMMARY ***
Total pot $30 | Rake $0.50
Board [Ah 7s 8h 9h Ts]
Seat 1: Grieserix (big blind) collected ($29.50)
Seat 3: Icecold (button) (small blind) folded on the River


PokerStars Hand #156720319316:  Hold'em Limit ($3/$6 USD) - 2016/08/01 8:45:19 ET
Table 'Kemi' 6-max Seat #1 is the button
Seat 1: Grieserix ($134.26 in chips)
Seat 3: Icecold ($94.37 in chips)
Grieserix: posts small blind $1
Icecold: posts big blind $3
*** HOLE CARDS ***
Grieserix: folds
Uncalled bet ($2) returned to Icecold
Icecold collected $2 from pot
*** SUMMARY ***
Total pot $2 | Rake $0
Seat 1: Grieserix (button) (small blind) folded before Flop
Seat 3: Icecold (big blind) collected ($2)


PokerStars Hand #156723499992:  Hold'em Limit ($3/$6 USD) - 2016/08/01 10:26:46 ET
Table 'Kemi' 6-max Seat #1 is the button
Seat 1: HAL9QQQ ($232.81 in chips)
Seat 5: vovan4y4ok ($70.34 in chips)
HAL9QQQ: posts small blind $1
vovan4y4ok: posts big blind $3
*** HOLE CARDS ***
HAL9QQQ: folds
Uncalled bet ($2) returned to vovan4y4ok
vovan4y4ok collected $2 from pot
vovan4y4ok: doesn't show hand
*** SUMMARY ***
Total pot $2 | Rake $0
Seat 1: HAL9QQQ (button) (small blind) folded before Flop
Seat 5: vovan4y4ok (big blind) collected ($2)


PokerStars Hand #156723489706:  Hold'em Limit ($3/$6 USD) - 2016/08/01 10:26:28 ET
Table 'Kemi' 6-max Seat #5 is the button
Seat 1: HAL9QQQ ($218.31 in chips)
Seat 5: vovan4y4ok ($85.34 in chips)
vovan4y4ok: posts small blind $1
Punkyfee: is sitting out
HAL9QQQ: posts big blind $3
*** HOLE CARDS ***
vovan4y4ok: calls $2
HAL9QQQ: raises $3 to $6
vovan4y4ok: calls $3
*** FLOP *** [5s 7s Ah]
HAL9QQQ: bets $3
vovan4y4ok: calls $3
*** TURN *** [5s 7s Ah] [Kh]
HAL9QQQ: checks
vovan4y4ok: checks
*** RIVER *** [5s 7s Ah Kh] [Ts]
HAL9QQQ: checks
vovan4y4ok: bets $6
HAL9QQQ: calls $6
*** SHOW DOWN ***
vovan4y4ok: shows [2h 3h] (high card Ace)
HAL9QQQ: shows [9d 7d] (a pair of Sevens)
HAL9QQQ collected $29.50 from pot
*** SUMMARY ***
Total pot $30 | Rake $0.50
Board [5s 7s Ah Kh Ts]
Seat 1: HAL9QQQ (big blind) showed [9d 7d] and won ($29.50) with a pair of Sevens
Seat 5: vovan4y4ok (button) (small blind) showed [2h 3h] and lost with high card Ace


