PokerStars Hand #155416290011:  Hold'em Limit ($3/$6 USD) - 2016/07/01 4:15:47 ET
Table 'Kenos' 6-max Seat #4 is the button
Seat 3: Kosova1968 ($99 in chips)
Seat 4: VolkovDmitri ($121 in chips)
VolkovDmitri: posts small blind $1
Kosova1968: posts big blind $3
*** HOLE CARDS ***
VolkovDmitri: raises $3 to $6
Kosova1968: calls $3
*** FLOP *** [7h Qs 5c]
Kosova1968: checks
VolkovDmitri: bets $3
Kosova1968: calls $3
*** TURN *** [7h Qs 5c] [8d]
Kosova1968: checks
VolkovDmitri: checks
*** RIVER *** [7h Qs 5c 8d] [Ah]
Hi Im Alexey joins the table at seat #5
Kosova1968: checks
VolkovDmitri: checks
*** SHOW DOWN ***
Kosova1968: shows [Ts 9h] (high card Ace)
VolkovDmitri: shows [Tc Jh] (high card Ace - Queen+Jack kicker)
VolkovDmitri collected $17.64 from pot
*** SUMMARY ***
Total pot $18 | Rake $0.36
Board [7h Qs 5c 8d Ah]
Seat 3: Kosova1968 (big blind) showed [Ts 9h] and lost with high card Ace
Seat 4: VolkovDmitri (button) (small blind) showed [Tc Jh] and won ($17.64) with high card Ace


PokerStars Hand #155416288028:  Hold'em Limit ($3/$6 USD) - 2016/07/01 4:15:40 ET
Table 'Kenos' 6-max Seat #3 is the button
Seat 3: Kosova1968 ($100 in chips)
Seat 4: VolkovDmitri ($120 in chips)
Kosova1968: posts small blind $1
VolkovDmitri: posts big blind $3
*** HOLE CARDS ***
Kosova1968: folds
Uncalled bet ($2) returned to VolkovDmitri
VolkovDmitri collected $2 from pot
VolkovDmitri: doesn't show hand
*** SUMMARY ***
Total pot $2 | Rake $0
Seat 3: Kosova1968 (button) (small blind) folded before Flop
Seat 4: VolkovDmitri (big blind) collected ($2)


PokerStars Hand #155416298626:  Hold'em Limit ($3/$6 USD) - 2016/07/01 4:16:16 ET
Table 'Kenos' 6-max Seat #3 is the button
Seat 3: Kosova1968 ($90 in chips)
Seat 4: VolkovDmitri ($129.64 in chips)
Kosova1968: posts small blind $1
VolkovDmitri: posts big blind $3
*** HOLE CARDS ***
Kosova1968: raises $3 to $6
VolkovDmitri: calls $3
*** FLOP *** [Ad 3c Kd]
VolkovDmitri: checks
Kosova1968: checks
*** TURN *** [Ad 3c Kd] [Qs]
VolkovDmitri: checks
Kosova1968: checks
*** RIVER *** [Ad 3c Kd Qs] [9c]
VolkovDmitri: bets $6
Tryptamean joins the table at seat #6
Kosova1968: calls $6
*** SHOW DOWN ***
VolkovDmitri: shows [9h Js] (a pair of Nines)
Kosova1968: shows [Jc 8c] (high card Ace)
VolkovDmitri collected $23.52 from pot
*** SUMMARY ***
Total pot $24 | Rake $0.48
Board [Ad 3c Kd Qs 9c]
Seat 3: Kosova1968 (button) (small blind) showed [Jc 8c] and lost with high card Ace
Seat 4: VolkovDmitri (big blind) showed [9h Js] and won ($23.52) with a pair of Nines


PokerStars Hand #155416443784:  Hold'em Limit ($3/$6 USD) - 2016/07/01 4:24:28 ET
Table 'Kenos' 6-max Seat #2 is the button
Seat 2: ABATAPP ($112 in chips)
Seat 6: Tryptamean ($139.60 in chips)
ABATAPP: posts small blind $1
Tryptamean: posts big blind $3
*** HOLE CARDS ***
VolkovDmitri leaves the table
ABATAPP: folds
Uncalled bet ($2) returned to Tryptamean
Tryptamean collected $2 from pot
Tryptamean: doesn't show hand
ABATAPP leaves the table
*** SUMMARY ***
Total pot $2 | Rake $0
Seat 2: ABATAPP (button) (small blind) folded before Flop
Seat 6: Tryptamean (big blind) collected ($2)


PokerStars Hand #155416471458:  Hold'em Limit ($3/$6 USD) - 2016/07/01 4:26:02 ET
Table 'Kenos' 6-max Seat #6 is the button
Seat 3: Kosova1968 ($24.29 in chips)
Seat 6: Tryptamean ($146.10 in chips)
Tryptamean: posts small blind $1
Kosova1968: posts big blind $3
*** HOLE CARDS ***
Tryptamean: raises $3 to $6
Kosova1968: calls $3
*** FLOP *** [9h 5c 7h]
Kosova1968: bets $3
Tryptamean: calls $3
*** TURN *** [9h 5c 7h] [7c]
Kosova1968: bets $6
Tryptamean: raises $6 to $12
Kosova1968: raises $3.29 to $15.29 and is all-in
Tryptamean: calls $3.29
*** RIVER *** [9h 5c 7h 7c] [2s]
*** SHOW DOWN ***
Kosova1968: shows [9s Tc] (two pair, Nines and Sevens)
Tryptamean: shows [6h 7s] (three of a kind, Sevens)
Tryptamean collected $48.08 from pot
*** SUMMARY ***
Total pot $48.58 | Rake $0.50
Board [9h 5c 7h 7c 2s]
Seat 3: Kosova1968 (big blind) showed [9s Tc] and lost with two pair, Nines and Sevens
Seat 6: Tryptamean (button) (small blind) showed [6h 7s] and won ($48.08) with three of a kind, Sevens


PokerStars Hand #155416461449:  Hold'em Limit ($3/$6 USD) - 2016/07/01 4:25:28 ET
Table 'Kenos' 6-max Seat #3 is the button
Seat 3: Kosova1968 ($39.29 in chips)
Seat 6: Tryptamean ($131.60 in chips)
Kosova1968: posts small blind $1
Tryptamean: posts big blind $3
*** HOLE CARDS ***
Kosova1968: raises $3 to $6
Tryptamean: raises $3 to $9
Kosova1968: calls $3
*** FLOP *** [6c 7c Kd]
Tryptamean: bets $3
Kosova1968: raises $3 to $6
Tryptamean: calls $3
*** TURN *** [6c 7c Kd] [3d]
Tryptamean: checks
Kosova1968: checks
*** RIVER *** [6c 7c Kd 3d] [8s]
Tryptamean: checks
Kosova1968: checks
*** SHOW DOWN ***
Tryptamean: shows [9h 6h] (a pair of Sixes)
Kosova1968: mucks hand
Tryptamean collected $29.50 from pot
*** SUMMARY ***
Total pot $30 | Rake $0.50
Board [6c 7c Kd 3d 8s]
Seat 3: Kosova1968 (button) (small blind) mucked
Seat 6: Tryptamean (big blind) showed [9h 6h] and won ($29.50) with a pair of Sixes


