PokerStars Hand #163213815455:  Hold'em Limit ($3/$6 USD) - 2016/12/19 17:40:01 ET
Table 'Kenos' 6-max Seat #1 is the button
Seat 1: anebodil ($60 in chips)
Seat 4: Actionni13 ($150 in chips)
anebodil: posts small blind $1
Actionni13: posts big blind $3
*** HOLE CARDS ***
anebodil: raises $3 to $6
Actionni13: calls $3
*** FLOP *** [7d Td Th]
Actionni13: checks
anebodil: bets $3
Actionni13: calls $3
*** TURN *** [7d Td Th] [Ks]
Actionni13: checks
anebodil: bets $6
Actionni13: folds
Uncalled bet ($6) returned to anebodil
anebodil collected $17.64 from pot
*** SUMMARY ***
Total pot $18 | Rake $0.36
Board [7d Td Th Ks]
Seat 1: anebodil (button) (small blind) collected ($17.64)
Seat 4: Actionni13 (big blind) folded on the Turn


PokerStars Hand #163213853486:  Hold'em Limit ($3/$6 USD) - 2016/12/19 17:40:42 ET
Table 'Kenos' 6-max Seat #1 is the button
Seat 1: anebodil ($65.64 in chips)
Seat 4: Actionni13 ($153 in chips)
anebodil: posts small blind $1
Actionni13: posts big blind $3
*** HOLE CARDS ***
anebodil: calls $2
Actionni13: checks
*** FLOP *** [Qd 6s 5d]
Actionni13: bets $3
anebodil: calls $3
*** TURN *** [Qd 6s 5d] [2c]
Actionni13: checks
anebodil: checks
*** RIVER *** [Qd 6s 5d 2c] [6d]
Actionni13: checks
anebodil: checks
*** SHOW DOWN ***
Actionni13: shows [4s 7c] (a pair of Sixes)
anebodil: shows [4c Ah] (a pair of Sixes - Ace kicker)
anebodil collected $11.76 from pot
*** SUMMARY ***
Total pot $12 | Rake $0.24
Board [Qd 6s 5d 2c 6d]
Seat 1: anebodil (button) (small blind) showed [4c Ah] and won ($11.76) with a pair of Sixes
Seat 4: Actionni13 (big blind) showed [4s 7c] and lost with a pair of Sixes


PokerStars Hand #163213888778:  Hold'em Limit ($3/$6 USD) - 2016/12/19 17:41:21 ET
Table 'Kenos' 6-max Seat #1 is the button
Seat 1: anebodil ($56.40 in chips)
Seat 4: Actionni13 ($164.50 in chips)
anebodil: posts small blind $1
Actionni13: posts big blind $3
*** HOLE CARDS ***
anebodil: folds
Uncalled bet ($2) returned to Actionni13
Actionni13 collected $2 from pot
*** SUMMARY ***
Total pot $2 | Rake $0
Seat 1: anebodil (button) (small blind) folded before Flop
Seat 4: Actionni13 (big blind) collected ($2)


PokerStars Hand #163213871172:  Hold'em Limit ($3/$6 USD) - 2016/12/19 17:41:02 ET
Table 'Kenos' 6-max Seat #4 is the button
Seat 1: anebodil ($71.40 in chips)
Seat 4: Actionni13 ($150 in chips)
Actionni13: posts small blind $1
anebodil: posts big blind $3
*** HOLE CARDS ***
Actionni13: raises $3 to $6
anebodil: calls $3
*** FLOP *** [Ah 6d 3s]
anebodil: checks
Actionni13: bets $3
anebodil: calls $3
*** TURN *** [Ah 6d 3s] [7h]
anebodil: checks
Actionni13: bets $6
anebodil: calls $6
*** RIVER *** [Ah 6d 3s 7h] [Js]
anebodil: checks
Actionni13: bets $6
anebodil: folds
Uncalled bet ($6) returned to Actionni13
Actionni13 collected $29.50 from pot
*** SUMMARY ***
Total pot $30 | Rake $0.50
Board [Ah 6d 3s 7h Js]
Seat 1: anebodil (big blind) folded on the River
Seat 4: Actionni13 (button) (small blind) collected ($29.50)


PokerStars Hand #163213846252:  Hold'em Limit ($3/$6 USD) - 2016/12/19 17:40:35 ET
Table 'Kenos' 6-max Seat #4 is the button
Seat 1: anebodil ($68.64 in chips)
Seat 4: Actionni13 ($150 in chips)
Actionni13: posts small blind $1
anebodil: posts big blind $3
*** HOLE CARDS ***
Actionni13: raises $3 to $6
anebodil: folds
Uncalled bet ($3) returned to Actionni13
Actionni13 collected $6 from pot
*** SUMMARY ***
Total pot $6 | Rake $0
Seat 1: anebodil (big blind) folded before Flop
Seat 4: Actionni13 (button) (small blind) collected ($6)


PokerStars Hand #163213893883:  Hold'em Limit ($3/$6 USD) - 2016/12/19 17:41:27 ET
Table 'Kenos' 6-max Seat #4 is the button
Seat 1: anebodil ($55.40 in chips)
Seat 4: Actionni13 ($165.50 in chips)
Actionni13: posts small blind $1
anebodil: posts big blind $3
*** HOLE CARDS ***
Actionni13: raises $3 to $6
s s h joins the table at seat #3
anebodil: calls $3
*** FLOP *** [3h 8d Tc]
anebodil: checks
Actionni13: bets $3
anebodil: calls $3
*** TURN *** [3h 8d Tc] [8s]
anebodil: checks
Actionni13: bets $6
anebodil: folds
Uncalled bet ($6) returned to Actionni13
Actionni13 collected $17.64 from pot
*** SUMMARY ***
Total pot $18 | Rake $0.36
Board [3h 8d Tc 8s]
Seat 1: anebodil (big blind) folded on the Turn
Seat 4: Actionni13 (button) (small blind) collected ($17.64)


PokerStars Hand #163213912964:  Hold'em Limit ($3/$6 USD) - 2016/12/19 17:41:48 ET
Table 'Kenos' 6-max Seat #1 is the button
Seat 1: anebodil ($46.40 in chips)
Seat 4: Actionni13 ($174.14 in chips)
anebodil: posts small blind $1
Actionni13: posts big blind $3
*** HOLE CARDS ***
anebodil: folds
Uncalled bet ($2) returned to Actionni13
Actionni13 collected $2 from pot
*** SUMMARY ***
Total pot $2 | Rake $0
Seat 1: anebodil (button) (small blind) folded before Flop
Seat 4: Actionni13 (big blind) collected ($2)


PokerStars Hand #163213918236:  Hold'em Limit ($3/$6 USD) - 2016/12/19 17:41:54 ET
Table 'Kenos' 6-max Seat #4 is the button
Seat 1: anebodil ($45.40 in chips)
Seat 4: Actionni13 ($175.14 in chips)
Actionni13: posts small blind $1
anebodil: posts big blind $3
*** HOLE CARDS ***
Actionni13: raises $3 to $6
anebodil: raises $3 to $9
Actionni13: calls $3
*** FLOP *** [7s 8c Ac]
anebodil: bets $3
Actionni13: calls $3
*** TURN *** [7s 8c Ac] [4h]
anebodil: bets $6
Actionni13: calls $6
*** RIVER *** [7s 8c Ac 4h] [2h]
GRAILKO joins the table at seat #2
anebodil: bets $6
Actionni13: calls $6
*** SHOW DOWN ***
anebodil: shows [8h Ks] (a pair of Eights)
Actionni13: shows [Ah 5h] (a pair of Aces)
Actionni13 collected $47.50 from pot
*** SUMMARY ***
Total pot $48 | Rake $0.50
Board [7s 8c Ac 4h 2h]
Seat 1: anebodil (big blind) showed [8h Ks] and lost with a pair of Eights
Seat 4: Actionni13 (button) (small blind) showed [Ah 5h] and won ($47.50) with a pair of Aces


PokerStars Hand #163215792878:  Hold'em Limit ($3/$6 USD) - 2016/12/19 18:18:26 ET
Table 'Kenos' 6-max Seat #3 is the button
Seat 3: s s h ($274.42 in chips)
Seat 5: jacobkimm ($149.85 in chips)
s s h: posts small blind $1
ToDaFelt: is sitting out
jacobkimm: posts big blind $3
*** HOLE CARDS ***
ToDaFelt leaves the table
s s h: raises $3 to $6
jacobkimm: folds
Uncalled bet ($3) returned to s s h
s s h collected $6 from pot
s s h: doesn't show hand
*** SUMMARY ***
Total pot $6 | Rake $0
Seat 3: s s h (button) (small blind) collected ($6)
Seat 5: jacobkimm (big blind) folded before Flop


