PokerStars Hand #176113877903:  Hold'em Limit ($3/$6 USD) - 2017/09/25 14:49:28 ET
Table 'Kentaurus' 6-max Seat #5 is the button
Seat 2: fleabaggs ($51.07 in chips)
Seat 5: ICEiceman ($212.25 in chips)
Scheubi88 will be allowed to play after the button
ICEiceman: posts small blind $1
vestimokrec: is sitting out
fleabaggs: posts big blind $3
*** HOLE CARDS ***
ICEiceman: folds
Uncalled bet ($2) returned to fleabaggs
fleabaggs collected $2 from pot
fleabaggs: doesn't show hand
*** SUMMARY ***
Total pot $2 | Rake $0
Seat 2: fleabaggs (big blind) collected ($2)
Seat 5: ICEiceman (button) (small blind) folded before Flop


PokerStars Hand #176113921044:  Hold'em Limit ($3/$6 USD) - 2017/09/25 14:50:20 ET
Table 'Kentaurus' 6-max Seat #5 is the button
Seat 3: Scheubi88 ($125.61 in chips)
Seat 5: ICEiceman ($206.25 in chips)
ICEiceman: posts small blind $1
Scheubi88: posts big blind $3
*** HOLE CARDS ***
ICEiceman: raises $3 to $6
Scheubi88: calls $3
*** FLOP *** [2s Kh 7h]
Scheubi88: checks
ICEiceman: bets $3
Scheubi88: raises $3 to $6
ICEiceman: calls $3
*** TURN *** [2s Kh 7h] [3c]
Scheubi88: bets $6
ICEiceman: calls $6
*** RIVER *** [2s Kh 7h 3c] [Qc]
Scheubi88: checks
ICEiceman: bets $6
Scheubi88: calls $6
*** SHOW DOWN ***
ICEiceman: shows [Qd Kd] (two pair, Kings and Queens)
Scheubi88: mucks hand
ICEiceman collected $47.50 from pot
*** SUMMARY ***
Total pot $48 | Rake $0.50
Board [2s Kh 7h 3c Qc]
Seat 3: Scheubi88 (big blind) mucked
Seat 5: ICEiceman (button) (small blind) showed [Qd Kd] and won ($47.50) with two pair, Kings and Queens


