PokerStars Hand #153611144819:  Hold'em Limit ($3/$6 USD) - 2016/05/20 19:58:35 ET
Table 'Kentaurus' 6-max Seat #4 is the button
Seat 1: LolDnkaments ($186.67 in chips)
Seat 4: Solstikk ($86.49 in chips)
Solstikk: posts small blind $1
szwhite: is sitting out
LolDnkaments: posts big blind $3
*** HOLE CARDS ***
szwhite leaves the table
Solstikk: raises $3 to $6
LolDnkaments: calls $3
*** FLOP *** [6c Tc 9d]
LolDnkaments: checks
Solstikk: bets $3
LolDnkaments: calls $3
*** TURN *** [6c Tc 9d] [5s]
LolDnkaments: checks
Solstikk: bets $6
LolDnkaments: calls $6
*** RIVER *** [6c Tc 9d 5s] [2c]
LolDnkaments: checks
Solstikk: checks
*** SHOW DOWN ***
LolDnkaments: shows [3h 9h] (a pair of Nines)
Solstikk: mucks hand
LolDnkaments collected $29.50 from pot
*** SUMMARY ***
Total pot $30 | Rake $0.50
Board [6c Tc 9d 5s 2c]
Seat 1: LolDnkaments (big blind) showed [3h 9h] and won ($29.50) with a pair of Nines
Seat 4: Solstikk (button) (small blind) mucked


PokerStars Hand #153611159307:  Hold'em Limit ($3/$6 USD) - 2016/05/20 19:59:05 ET
Table 'Kentaurus' 6-max Seat #1 is the button
Seat 1: LolDnkaments ($201.17 in chips)
Seat 4: Solstikk ($71.49 in chips)
LolDnkaments: posts small blind $1
Solstikk: posts big blind $3
*** HOLE CARDS ***
LolDnkaments: raises $3 to $6
Solstikk: calls $3
*** FLOP *** [8h 7c 5d]
Solstikk: checks
LolDnkaments: bets $3
Solstikk: raises $3 to $6
LolDnkaments: calls $3
*** TURN *** [8h 7c 5d] [6c]
Solstikk: bets $6
LolDnkaments: calls $6
*** RIVER *** [8h 7c 5d 6c] [4c]
Solstikk: bets $6
LolDnkaments: calls $6
*** SHOW DOWN ***
Solstikk: shows [Th 9c] (a straight, Six to Ten)
LolDnkaments: mucks hand
Solstikk collected $47.50 from pot
*** SUMMARY ***
Total pot $48 | Rake $0.50
Board [8h 7c 5d 6c 4c]
Seat 1: LolDnkaments (button) (small blind) mucked
Seat 4: Solstikk (big blind) showed [Th 9c] and won ($47.50) with a straight, Six to Ten


PokerStars Hand #153611180218:  Hold'em Limit ($3/$6 USD) - 2016/05/20 19:59:49 ET
Table 'Kentaurus' 6-max Seat #4 is the button
Seat 1: LolDnkaments ($177.17 in chips)
Seat 4: Solstikk ($94.99 in chips)
Solstikk: posts small blind $1
atomic phart joins the table at seat #3
LolDnkaments: posts big blind $3
*** HOLE CARDS ***
Solstikk: raises $3 to $6
LolDnkaments: calls $3
*** FLOP *** [Ks 4s 2s]
LolDnkaments: checks
Solstikk: bets $3
LolDnkaments: calls $3
*** TURN *** [Ks 4s 2s] [7c]
LolDnkaments: checks
Solstikk: bets $6
LolDnkaments: calls $6
*** RIVER *** [Ks 4s 2s 7c] [9s]
LolDnkaments: checks
Solstikk: checks
*** SHOW DOWN ***
LolDnkaments: shows [4h 5d] (a pair of Fours)
Solstikk: shows [3h Kh] (a pair of Kings)
Solstikk collected $29.50 from pot
*** SUMMARY ***
Total pot $30 | Rake $0.50
Board [Ks 4s 2s 7c 9s]
Seat 1: LolDnkaments (big blind) showed [4h 5d] and lost with a pair of Fours
Seat 4: Solstikk (button) (small blind) showed [3h Kh] and won ($29.50) with a pair of Kings


PokerStars Hand #153611216766:  Hold'em Limit ($3/$6 USD) - 2016/05/20 20:01:00 ET
Table 'Kentaurus' 6-max Seat #3 is the button
Seat 1: LolDnkaments ($161.17 in chips)
Seat 3: atomic phart ($59.17 in chips)
atomic phart: posts small blind $1
Solstikk: is sitting out
LolDnkaments: posts big blind $3
*** HOLE CARDS ***
atomic phart: raises $3 to $6
LolDnkaments: calls $3
*** FLOP *** [3d Qs 4d]
LolDnkaments: checks
vestimokrec joins the table at seat #5
atomic phart: bets $3
LolDnkaments: calls $3
*** TURN *** [3d Qs 4d] [Td]
LolDnkaments: checks
atomic phart: bets $6
LolDnkaments: folds
Uncalled bet ($6) returned to atomic phart
atomic phart collected $17.64 from pot
*** SUMMARY ***
Total pot $18 | Rake $0.36
Board [3d Qs 4d Td]
Seat 1: LolDnkaments (big blind) folded on the Turn
Seat 3: atomic phart (button) (small blind) collected ($17.64)


PokerStars Hand #153611233391:  Hold'em Limit ($3/$6 USD) - 2016/05/20 20:01:30 ET
Table 'Kentaurus' 6-max Seat #1 is the button
Seat 1: LolDnkaments ($152.17 in chips)
Seat 3: atomic phart ($67.81 in chips)
LolDnkaments: posts small blind $1
atomic phart: posts big blind $3
*** HOLE CARDS ***
LolDnkaments: raises $3 to $6
atomic phart: raises $3 to $9
LolDnkaments: calls $3
*** FLOP *** [Ah 7d As]
atomic phart: bets $3
LolDnkaments: folds
Uncalled bet ($3) returned to atomic phart
atomic phart collected $17.64 from pot
*** SUMMARY ***
Total pot $18 | Rake $0.36
Board [Ah 7d As]
Seat 1: LolDnkaments (button) (small blind) folded on the Flop
Seat 3: atomic phart (big blind) collected ($17.64)


PokerStars Hand #153611287428:  Hold'em Limit ($3/$6 USD) - 2016/05/20 20:03:05 ET
Table 'Kentaurus' 6-max Seat #4 is the button
Seat 1: LolDnkaments ($167.28 in chips)
Seat 4: Solstikk ($63.86 in chips)
Solstikk: posts small blind $1
LolDnkaments: posts big blind $3
*** HOLE CARDS ***
Solstikk: raises $3 to $6
LolDnkaments: raises $3 to $9
Solstikk: calls $3
*** FLOP *** [5c 4s 7d]
LolDnkaments: bets $3
Solstikk: calls $3
*** TURN *** [5c 4s 7d] [Ah]
LolDnkaments: bets $6
Solstikk: folds
Uncalled bet ($6) returned to LolDnkaments
LolDnkaments collected $23.52 from pot
LolDnkaments: doesn't show hand
*** SUMMARY ***
Total pot $24 | Rake $0.48
Board [5c 4s 7d Ah]
Seat 1: LolDnkaments (big blind) collected ($23.52)
Seat 4: Solstikk (button) (small blind) folded on the Turn


PokerStars Hand #153611264303:  Hold'em Limit ($3/$6 USD) - 2016/05/20 20:02:25 ET
Table 'Kentaurus' 6-max Seat #1 is the button
Seat 1: LolDnkaments ($146.78 in chips)
Seat 4: Solstikk ($84.86 in chips)
LolDnkaments: posts small blind $1
atomic phart: is sitting out
Solstikk: posts big blind $3
*** HOLE CARDS ***
LolDnkaments: raises $3 to $6
Solstikk: calls $3
*** FLOP *** [Ah 9c 8s]
Solstikk: checks
LolDnkaments: bets $3
Solstikk: calls $3
*** TURN *** [Ah 9c 8s] [7s]
Solstikk: checks
LolDnkaments: bets $6
Solstikk: calls $6
*** RIVER *** [Ah 9c 8s 7s] [Qc]
atomic phart leaves the table
Solstikk: checks
LolDnkaments: bets $6
Solstikk: calls $6
*** SHOW DOWN ***
LolDnkaments: shows [Ad 8h] (two pair, Aces and Eights)
Solstikk: mucks hand
LolDnkaments collected $41.50 from pot
*** SUMMARY ***
Total pot $42 | Rake $0.50
Board [Ah 9c 8s 7s Qc]
Seat 1: LolDnkaments (button) (small blind) showed [Ad 8h] and won ($41.50) with two pair, Aces and Eights
Seat 4: Solstikk (big blind) mucked


PokerStars Hand #153611318587:  Hold'em Limit ($3/$6 USD) - 2016/05/20 20:03:59 ET
Table 'Kentaurus' 6-max Seat #4 is the button
Seat 1: LolDnkaments ($187.44 in chips)
Seat 4: Solstikk ($42.86 in chips)
Solstikk: posts small blind $1
LolDnkaments: posts big blind $3
*** HOLE CARDS ***
Solstikk: folds
Uncalled bet ($2) returned to LolDnkaments
LolDnkaments collected $2 from pot
LolDnkaments: doesn't show hand
*** SUMMARY ***
Total pot $2 | Rake $0
Seat 1: LolDnkaments (big blind) collected ($2)
Seat 4: Solstikk (button) (small blind) folded before Flop


PokerStars Hand #153611299112:  Hold'em Limit ($3/$6 USD) - 2016/05/20 20:03:26 ET
Table 'Kentaurus' 6-max Seat #1 is the button
Seat 1: LolDnkaments ($178.80 in chips)
Seat 4: Solstikk ($51.86 in chips)
LolDnkaments: posts small blind $1
Solstikk: posts big blind $3
*** HOLE CARDS ***
LolDnkaments: raises $3 to $6
Solstikk: calls $3
*** FLOP *** [7c 2h 4d]
Solstikk: checks
LolDnkaments: bets $3
Solstikk: calls $3
*** TURN *** [7c 2h 4d] [Ad]
Solstikk: checks
LolDnkaments: bets $6
Solstikk: folds
Uncalled bet ($6) returned to LolDnkaments
LolDnkaments collected $17.64 from pot
LolDnkaments: doesn't show hand
*** SUMMARY ***
Total pot $18 | Rake $0.36
Board [7c 2h 4d Ad]
Seat 1: LolDnkaments (button) (small blind) collected ($17.64)
Seat 4: Solstikk (big blind) folded on the Turn


PokerStars Hand #153611356462:  Hold'em Limit ($3/$6 USD) - 2016/05/20 20:05:05 ET
Table 'Kentaurus' 6-max Seat #1 is the button
Seat 1: LolDnkaments ($165.44 in chips)
Seat 4: Solstikk ($64.36 in chips)
LolDnkaments: posts small blind $1
Solstikk: posts big blind $3
*** HOLE CARDS ***
LolDnkaments: raises $3 to $6
Solstikk: calls $3
*** FLOP *** [2c Tc Jh]
Solstikk: checks
LolDnkaments: bets $3
Solstikk: raises $3 to $6
LolDnkaments: folds
Uncalled bet ($3) returned to Solstikk
Solstikk collected $17.64 from pot
Solstikk: doesn't show hand
*** SUMMARY ***
Total pot $18 | Rake $0.36
Board [2c Tc Jh]
Seat 1: LolDnkaments (button) (small blind) folded on the Flop
Seat 4: Solstikk (big blind) collected ($17.64)


PokerStars Hand #153611348265:  Hold'em Limit ($3/$6 USD) - 2016/05/20 20:04:51 ET
Table 'Kentaurus' 6-max Seat #4 is the button
Seat 1: LolDnkaments ($164.44 in chips)
Seat 4: Solstikk ($65.36 in chips)
Solstikk: posts small blind $1
LolDnkaments: posts big blind $3
*** HOLE CARDS ***
Solstikk: folds
Uncalled bet ($2) returned to LolDnkaments
LolDnkaments collected $2 from pot
LolDnkaments: doesn't show hand
*** SUMMARY ***
Total pot $2 | Rake $0
Seat 1: LolDnkaments (big blind) collected ($2)
Seat 4: Solstikk (button) (small blind) folded before Flop


PokerStars Hand #153611322116:  Hold'em Limit ($3/$6 USD) - 2016/05/20 20:04:06 ET
Table 'Kentaurus' 6-max Seat #1 is the button
Seat 1: LolDnkaments ($188.44 in chips)
Seat 4: Solstikk ($41.86 in chips)
LolDnkaments: posts small blind $1
Solstikk: posts big blind $3
*** HOLE CARDS ***
LolDnkaments: raises $3 to $6
Solstikk: raises $3 to $9
LolDnkaments: calls $3
*** FLOP *** [5d 6c Qc]
Solstikk: bets $3
vestimokrec leaves the table
LolDnkaments: calls $3
*** TURN *** [5d 6c Qc] [4c]
Solstikk: bets $6
LolDnkaments: calls $6
*** RIVER *** [5d 6c Qc 4c] [3d]
Solstikk: bets $6
LolDnkaments: calls $6
*** SHOW DOWN ***
Solstikk: shows [7s Ks] (a straight, Three to Seven)
LolDnkaments: mucks hand
Solstikk collected $47.50 from pot
*** SUMMARY ***
Total pot $48 | Rake $0.50
Board [5d 6c Qc 4c 3d]
Seat 1: LolDnkaments (button) (small blind) mucked
Seat 4: Solstikk (big blind) showed [7s Ks] and won ($47.50) with a straight, Three to Seven


PokerStars Hand #153611380111:  Hold'em Limit ($3/$6 USD) - 2016/05/20 20:05:46 ET
Table 'Kentaurus' 6-max Seat #1 is the button
Seat 1: LolDnkaments ($150.44 in chips)
Seat 4: Solstikk ($78.76 in chips)
LolDnkaments: posts small blind $1
Solstikk: posts big blind $3
*** HOLE CARDS ***
LolDnkaments: raises $3 to $6
Solstikk: calls $3
*** FLOP *** [4d Tc Jh]
Solstikk: checks
LolDnkaments: bets $3
Solstikk: calls $3
*** TURN *** [4d Tc Jh] [7d]
Solstikk: checks
LolDnkaments: bets $6
Solstikk: folds
Uncalled bet ($6) returned to LolDnkaments
LolDnkaments collected $17.64 from pot
LolDnkaments: doesn't show hand
*** SUMMARY ***
Total pot $18 | Rake $0.36
Board [4d Tc Jh 7d]
Seat 1: LolDnkaments (button) (small blind) collected ($17.64)
Seat 4: Solstikk (big blind) folded on the Turn


PokerStars Hand #153611367232:  Hold'em Limit ($3/$6 USD) - 2016/05/20 20:05:23 ET
Table 'Kentaurus' 6-max Seat #4 is the button
Seat 1: LolDnkaments ($156.44 in chips)
Seat 4: Solstikk ($73 in chips)
Solstikk: posts small blind $1
LolDnkaments: posts big blind $3
*** HOLE CARDS ***
Solstikk: raises $3 to $6
LolDnkaments: calls $3
*** FLOP *** [Kd Qd Ah]
LolDnkaments: checks
Solstikk: bets $3
LolDnkaments: folds
Uncalled bet ($3) returned to Solstikk
Solstikk collected $11.76 from pot
Solstikk: doesn't show hand
*** SUMMARY ***
Total pot $12 | Rake $0.24
Board [Kd Qd Ah]
Seat 1: LolDnkaments (big blind) folded on the Flop
Seat 4: Solstikk (button) (small blind) collected ($11.76)


PokerStars Hand #153611400952:  Hold'em Limit ($3/$6 USD) - 2016/05/20 20:06:21 ET
Table 'Kentaurus' 6-max Seat #4 is the button
Seat 1: LolDnkaments ($159.08 in chips)
Seat 4: Solstikk ($69.76 in chips)
Solstikk: posts small blind $1
LolDnkaments: posts big blind $3
*** HOLE CARDS ***
Solstikk: raises $3 to $6
LolDnkaments: raises $3 to $9
Solstikk: raises $3 to $12
Betting is capped
LolDnkaments: calls $3
*** FLOP *** [Js 3s Ah]
LolDnkaments: checks
Solstikk: bets $3
LolDnkaments: calls $3
*** TURN *** [Js 3s Ah] [8h]
LolDnkaments: checks
Solstikk: bets $6
LolDnkaments: raises $6 to $12
Solstikk: calls $6
*** RIVER *** [Js 3s Ah 8h] [Kh]
LolDnkaments: bets $6
Solstikk: calls $6
*** SHOW DOWN ***
LolDnkaments: shows [Ts Qs] (a straight, Ten to Ace)
Solstikk: mucks hand
LolDnkaments collected $65.50 from pot
*** SUMMARY ***
Total pot $66 | Rake $0.50
Board [Js 3s Ah 8h Kh]
Seat 1: LolDnkaments (big blind) showed [Ts Qs] and won ($65.50) with a straight, Ten to Ace
Seat 4: Solstikk (button) (small blind) mucked


PokerStars Hand #153611456185:  Hold'em Limit ($3/$6 USD) - 2016/05/20 20:07:57 ET
Table 'Kentaurus' 6-max Seat #1 is the button
Seat 1: LolDnkaments ($155.58 in chips)
Seat 4: Solstikk ($71.90 in chips)
LolDnkaments: posts small blind $1
Solstikk: posts big blind $3
*** HOLE CARDS ***
LolDnkaments: raises $3 to $6
Solstikk: calls $3
*** FLOP *** [Ad 6s 3c]
Solstikk: checks
LolDnkaments: bets $3
Solstikk: calls $3
*** TURN *** [Ad 6s 3c] [9d]
Solstikk: checks
LolDnkaments: checks
*** RIVER *** [Ad 6s 3c 9d] [Jh]
Solstikk: checks
LolDnkaments: checks
*** SHOW DOWN ***
Solstikk: shows [Qd 6h] (a pair of Sixes)
LolDnkaments: mucks hand
Solstikk collected $17.64 from pot
*** SUMMARY ***
Total pot $18 | Rake $0.36
Board [Ad 6s 3c 9d Jh]
Seat 1: LolDnkaments (button) (small blind) mucked
Seat 4: Solstikk (big blind) showed [Qd 6h] and won ($17.64) with a pair of Sixes


PokerStars Hand #153611441879:  Hold'em Limit ($3/$6 USD) - 2016/05/20 20:07:32 ET
Table 'Kentaurus' 6-max Seat #4 is the button
Seat 1: LolDnkaments ($164.58 in chips)
Seat 4: Solstikk ($63.26 in chips)
Solstikk: posts small blind $1
LolDnkaments: posts big blind $3
*** HOLE CARDS ***
Solstikk: raises $3 to $6
LolDnkaments: calls $3
*** FLOP *** [Jc 9s 4h]
LolDnkaments: checks
Solstikk: bets $3
LolDnkaments: calls $3
*** TURN *** [Jc 9s 4h] [Jh]
LolDnkaments: checks
Solstikk: bets $6
LolDnkaments: folds
Uncalled bet ($6) returned to Solstikk
Solstikk collected $17.64 from pot
Solstikk: doesn't show hand
*** SUMMARY ***
Total pot $18 | Rake $0.36
Board [Jc 9s 4h Jh]
Seat 1: LolDnkaments (big blind) folded on the Turn
Seat 4: Solstikk (button) (small blind) collected ($17.64)


PokerStars Hand #153611473507:  Hold'em Limit ($3/$6 USD) - 2016/05/20 20:08:27 ET
Table 'Kentaurus' 6-max Seat #4 is the button
Seat 1: LolDnkaments ($146.58 in chips)
Seat 4: Solstikk ($80.54 in chips)
Solstikk: posts small blind $1
LolDnkaments: posts big blind $3
*** HOLE CARDS ***
Solstikk: folds
Uncalled bet ($2) returned to LolDnkaments
LolDnkaments collected $2 from pot
LolDnkaments: doesn't show hand
*** SUMMARY ***
Total pot $2 | Rake $0
Seat 1: LolDnkaments (big blind) collected ($2)
Seat 4: Solstikk (button) (small blind) folded before Flop


PokerStars Hand #153611500215:  Hold'em Limit ($3/$6 USD) - 2016/05/20 20:09:14 ET
Table 'Kentaurus' 6-max Seat #4 is the button
Seat 1: LolDnkaments ($165.08 in chips)
Seat 4: Solstikk ($61.54 in chips)
Solstikk: posts small blind $1
LolDnkaments: posts big blind $3
*** HOLE CARDS ***
Solstikk: folds
Uncalled bet ($2) returned to LolDnkaments
LolDnkaments collected $2 from pot
LolDnkaments: doesn't show hand
*** SUMMARY ***
Total pot $2 | Rake $0
Seat 1: LolDnkaments (big blind) collected ($2)
Seat 4: Solstikk (button) (small blind) folded before Flop


PokerStars Hand #153611476257:  Hold'em Limit ($3/$6 USD) - 2016/05/20 20:08:32 ET
Table 'Kentaurus' 6-max Seat #1 is the button
Seat 1: LolDnkaments ($147.58 in chips)
Seat 4: Solstikk ($79.54 in chips)
LolDnkaments: posts small blind $1
Solstikk: posts big blind $3
*** HOLE CARDS ***
LolDnkaments: raises $3 to $6
Solstikk: calls $3
*** FLOP *** [7d Ah 6s]
Solstikk: bets $3
LolDnkaments: raises $3 to $6
Solstikk: calls $3
*** TURN *** [7d Ah 6s] [Qh]
Solstikk: checks
LolDnkaments: bets $6
Solstikk: calls $6
*** RIVER *** [7d Ah 6s Qh] [2d]
Solstikk: checks
LolDnkaments: bets $6
Solstikk: folds
Uncalled bet ($6) returned to LolDnkaments
LolDnkaments collected $35.50 from pot
LolDnkaments: doesn't show hand
*** SUMMARY ***
Total pot $36 | Rake $0.50
Board [7d Ah 6s Qh 2d]
Seat 1: LolDnkaments (button) (small blind) collected ($35.50)
Seat 4: Solstikk (big blind) folded on the River


PokerStars Hand #153611523124:  Hold'em Limit ($3/$6 USD) - 2016/05/20 20:09:54 ET
Table 'Kentaurus' 6-max Seat #1 is the button
Seat 1: LolDnkaments ($155.08 in chips)
Seat 4: Solstikk ($71.06 in chips)
LolDnkaments: posts small blind $1
Solstikk: posts big blind $3
*** HOLE CARDS ***
LolDnkaments: raises $3 to $6
Solstikk: calls $3
*** FLOP *** [Kc Th 8c]
Solstikk: checks
LolDnkaments: bets $3
Solstikk: calls $3
*** TURN *** [Kc Th 8c] [Jh]
Solstikk: checks
LolDnkaments: bets $6
Solstikk: raises $6 to $12
LolDnkaments: raises $6 to $18
Solstikk: folds
Uncalled bet ($6) returned to LolDnkaments
LolDnkaments collected $41.50 from pot
LolDnkaments: doesn't show hand
*** SUMMARY ***
Total pot $42 | Rake $0.50
Board [Kc Th 8c Jh]
Seat 1: LolDnkaments (button) (small blind) collected ($41.50)
Seat 4: Solstikk (big blind) folded on the Turn


PokerStars Hand #153611520161:  Hold'em Limit ($3/$6 USD) - 2016/05/20 20:09:49 ET
Table 'Kentaurus' 6-max Seat #4 is the button
Seat 1: LolDnkaments ($154.08 in chips)
Seat 4: Solstikk ($72.06 in chips)
Solstikk: posts small blind $1
LolDnkaments: posts big blind $3
*** HOLE CARDS ***
Solstikk: folds
Uncalled bet ($2) returned to LolDnkaments
LolDnkaments collected $2 from pot
LolDnkaments: doesn't show hand
*** SUMMARY ***
Total pot $2 | Rake $0
Seat 1: LolDnkaments (big blind) collected ($2)
Seat 4: Solstikk (button) (small blind) folded before Flop


PokerStars Hand #153611502915:  Hold'em Limit ($3/$6 USD) - 2016/05/20 20:09:19 ET
Table 'Kentaurus' 6-max Seat #1 is the button
Seat 1: LolDnkaments ($166.08 in chips)
Seat 4: Solstikk ($60.54 in chips)
LolDnkaments: posts small blind $1
Solstikk: posts big blind $3
*** HOLE CARDS ***
LolDnkaments: raises $3 to $6
Solstikk: raises $3 to $9
LolDnkaments: calls $3
*** FLOP *** [3s 5c 2s]
Solstikk: bets $3
LolDnkaments: calls $3
*** TURN *** [3s 5c 2s] [7d]
Solstikk: bets $6
LolDnkaments: folds
Uncalled bet ($6) returned to Solstikk
Solstikk collected $23.52 from pot
Solstikk: doesn't show hand
*** SUMMARY ***
Total pot $24 | Rake $0.48
Board [3s 5c 2s 7d]
Seat 1: LolDnkaments (button) (small blind) folded on the Turn
Seat 4: Solstikk (big blind) collected ($23.52)


PokerStars Hand #153611545919:  Hold'em Limit ($3/$6 USD) - 2016/05/20 20:10:34 ET
Table 'Kentaurus' 6-max Seat #4 is the button
Seat 1: LolDnkaments ($175.58 in chips)
Seat 4: Solstikk ($50.06 in chips)
Solstikk: posts small blind $1
LolDnkaments: posts big blind $3
*** HOLE CARDS ***
Solstikk: raises $3 to $6
LolDnkaments: folds
Uncalled bet ($3) returned to Solstikk
Solstikk collected $6 from pot
Solstikk: doesn't show hand
*** SUMMARY ***
Total pot $6 | Rake $0
Seat 1: LolDnkaments (big blind) folded before Flop
Seat 4: Solstikk (button) (small blind) collected ($6)


PokerStars Hand #153611571088:  Hold'em Limit ($3/$6 USD) - 2016/05/20 20:11:18 ET
Table 'Kentaurus' 6-max Seat #4 is the button
Seat 1: LolDnkaments ($196.08 in chips)
Seat 4: Solstikk ($29.06 in chips)
Solstikk: posts small blind $1
LolDnkaments: posts big blind $3
*** HOLE CARDS ***
Solstikk: folds
Uncalled bet ($2) returned to LolDnkaments
LolDnkaments collected $2 from pot
LolDnkaments: doesn't show hand
*** SUMMARY ***
Total pot $2 | Rake $0
Seat 1: LolDnkaments (big blind) collected ($2)
Seat 4: Solstikk (button) (small blind) folded before Flop


PokerStars Hand #153611550959:  Hold'em Limit ($3/$6 USD) - 2016/05/20 20:10:43 ET
Table 'Kentaurus' 6-max Seat #1 is the button
Seat 1: LolDnkaments ($172.58 in chips)
Seat 4: Solstikk ($53.06 in chips)
LolDnkaments: posts small blind $1
Solstikk: posts big blind $3
*** HOLE CARDS ***
LolDnkaments: raises $3 to $6
Solstikk: raises $3 to $9
LolDnkaments: calls $3
*** FLOP *** [4c Ks 7d]
Solstikk: bets $3
LolDnkaments: calls $3
*** TURN *** [4c Ks 7d] [Kd]
Solstikk: bets $6
LolDnkaments: calls $6
*** RIVER *** [4c Ks 7d Kd] [Ah]
Solstikk: bets $6
LolDnkaments: calls $6
*** SHOW DOWN ***
Solstikk: shows [5s Jc] (a pair of Kings)
LolDnkaments: shows [Td Qh] (a pair of Kings - Ace+Queen kicker)
LolDnkaments collected $47.50 from pot
*** SUMMARY ***
Total pot $48 | Rake $0.50
Board [4c Ks 7d Kd Ah]
Seat 1: LolDnkaments (button) (small blind) showed [Td Qh] and won ($47.50) with a pair of Kings
Seat 4: Solstikk (big blind) showed [5s Jc] and lost with a pair of Kings


PokerStars Hand #153611588528:  Hold'em Limit ($3/$6 USD) - 2016/05/20 20:11:50 ET
Table 'Kentaurus' 6-max Seat #4 is the button
Seat 1: LolDnkaments ($211.58 in chips)
Seat 4: Solstikk ($13.06 in chips)
Solstikk: posts small blind $1
LolDnkaments: posts big blind $3
*** HOLE CARDS ***
Solstikk: raises $3 to $6
LolDnkaments: raises $3 to $9
Solstikk: raises $3 to $12
Betting is capped
LolDnkaments: calls $3
*** FLOP *** [Kc Ac 9h]
LolDnkaments: bets $3
Solstikk: calls $1.06 and is all-in
Uncalled bet ($1.94) returned to LolDnkaments
*** TURN *** [Kc Ac 9h] [6s]
*** RIVER *** [Kc Ac 9h 6s] [9d]
*** SHOW DOWN ***
LolDnkaments: shows [4d 4c] (two pair, Nines and Fours)
Solstikk: shows [5s 6c] (two pair, Nines and Sixes)
Solstikk collected $25.62 from pot
*** SUMMARY ***
Total pot $26.12 | Rake $0.50
Board [Kc Ac 9h 6s 9d]
Seat 1: LolDnkaments (big blind) showed [4d 4c] and lost with two pair, Nines and Fours
Seat 4: Solstikk (button) (small blind) showed [5s 6c] and won ($25.62) with two pair, Nines and Sixes


PokerStars Hand #153611573926:  Hold'em Limit ($3/$6 USD) - 2016/05/20 20:11:23 ET
Table 'Kentaurus' 6-max Seat #1 is the button
Seat 1: LolDnkaments ($197.08 in chips)
Seat 4: Solstikk ($28.06 in chips)
LolDnkaments: posts small blind $1
Solstikk: posts big blind $3
*** HOLE CARDS ***
LolDnkaments: raises $3 to $6
Solstikk: calls $3
*** FLOP *** [6d 4c 8d]
Solstikk: bets $3
LolDnkaments: calls $3
*** TURN *** [6d 4c 8d] [9h]
Solstikk: bets $6
LolDnkaments: raises $6 to $12
Solstikk: folds
Uncalled bet ($6) returned to LolDnkaments
LolDnkaments collected $29.50 from pot
LolDnkaments: doesn't show hand
*** SUMMARY ***
Total pot $30 | Rake $0.50
Board [6d 4c 8d 9h]
Seat 1: LolDnkaments (button) (small blind) collected ($29.50)
Seat 4: Solstikk (big blind) folded on the Turn


PokerStars Hand #153611598645:  Hold'em Limit ($3/$6 USD) - 2016/05/20 20:12:07 ET
Table 'Kentaurus' 6-max Seat #1 is the button
Seat 1: LolDnkaments ($198.52 in chips)
Seat 4: Solstikk ($25.62 in chips)
LolDnkaments: posts small blind $1
Solstikk: posts big blind $3
*** HOLE CARDS ***
LolDnkaments: raises $3 to $6
Solstikk: raises $3 to $9
LolDnkaments: raises $3 to $12
Betting is capped
Solstikk: calls $3
*** FLOP *** [Kc 9s 2d]
Solstikk: bets $3
LolDnkaments: calls $3
*** TURN *** [Kc 9s 2d] [3h]
Solstikk: checks
LolDnkaments: bets $6
Solstikk: calls $6
*** RIVER *** [Kc 9s 2d 3h] [3s]
Solstikk: checks
LolDnkaments: bets $6
Solstikk: folds
Uncalled bet ($6) returned to LolDnkaments
Solstikk leaves the table
LolDnkaments collected $41.50 from pot
LolDnkaments: doesn't show hand
*** SUMMARY ***
Total pot $42 | Rake $0.50
Board [Kc 9s 2d 3h 3s]
Seat 1: LolDnkaments (button) (small blind) collected ($41.50)
Seat 4: Solstikk (big blind) folded on the River


PokerStars Hand #153612475272:  Hold'em Limit ($3/$6 USD) - 2016/05/20 20:39:09 ET
Table 'Kentaurus' 6-max Seat #2 is the button
Seat 1: LolDnkaments ($219.02 in chips)
Seat 2: clprofeta ($30 in chips)
clprofeta: posts small blind $1
LolDnkaments: posts big blind $3
*** HOLE CARDS ***
clprofeta: calls $2
LolDnkaments: raises $3 to $6
clprofeta: calls $3
*** FLOP *** [Ks Ac 8h]
LolDnkaments: bets $3
clprofeta: raises $3 to $6
LolDnkaments: raises $3 to $9
clprofeta: raises $3 to $12
Betting is capped
LolDnkaments: calls $3
*** TURN *** [Ks Ac 8h] [9d]
LolDnkaments: checks
clprofeta: checks
*** RIVER *** [Ks Ac 8h 9d] [7c]
LolDnkaments: bets $6
clprofeta: raises $6 to $12 and is all-in
LolDnkaments: calls $6
*** SHOW DOWN ***
clprofeta: shows [Jc As] (a pair of Aces)
LolDnkaments: shows [Ad 8c] (two pair, Aces and Eights)
LolDnkaments collected $59.50 from pot
*** SUMMARY ***
Total pot $60 | Rake $0.50
Board [Ks Ac 8h 9d 7c]
Seat 1: LolDnkaments (big blind) showed [Ad 8c] and won ($59.50) with two pair, Aces and Eights
Seat 2: clprofeta (button) (small blind) showed [Jc As] and lost with a pair of Aces


PokerStars Hand #153613053609:  Hold'em Limit ($3/$6 USD) - 2016/05/20 20:58:38 ET
Table 'Kentaurus' 6-max Seat #1 is the button
Seat 1: LolDnkaments ($248.52 in chips)
Seat 3: haagsemocro1 ($35 in chips)
LolDnkaments: posts small blind $1
haagsemocro1: posts big blind $3
*** HOLE CARDS ***
LolDnkaments: raises $3 to $6
haagsemocro1: calls $3
*** FLOP *** [4d Ad 8d]
haagsemocro1: checks
LolDnkaments: bets $3
haagsemocro1: folds
Uncalled bet ($3) returned to LolDnkaments
LolDnkaments collected $11.76 from pot
LolDnkaments: doesn't show hand
*** SUMMARY ***
Total pot $12 | Rake $0.24
Board [4d Ad 8d]
Seat 1: LolDnkaments (button) (small blind) collected ($11.76)
Seat 3: haagsemocro1 (big blind) folded on the Flop


PokerStars Hand #153613059142:  Hold'em Limit ($3/$6 USD) - 2016/05/20 20:58:51 ET
Table 'Kentaurus' 6-max Seat #3 is the button
Seat 1: LolDnkaments ($254.28 in chips)
Seat 3: haagsemocro1 ($29 in chips)
haagsemocro1: posts small blind $1
LolDnkaments: posts big blind $3
*** HOLE CARDS ***
haagsemocro1: raises $3 to $6
LolDnkaments: calls $3
*** FLOP *** [4c 5d 4d]
LolDnkaments: checks
haagsemocro1: bets $3
LolDnkaments: raises $3 to $6
haagsemocro1: calls $3
*** TURN *** [4c 5d 4d] [Qc]
LolDnkaments: bets $6
haagsemocro1: calls $6
*** RIVER *** [4c 5d 4d Qc] [4h]
LolDnkaments: bets $6
haagsemocro1: folds
Uncalled bet ($6) returned to LolDnkaments
LolDnkaments collected $35.50 from pot
LolDnkaments: doesn't show hand
*** SUMMARY ***
Total pot $36 | Rake $0.50
Board [4c 5d 4d Qc 4h]
Seat 1: LolDnkaments (big blind) collected ($35.50)
Seat 3: haagsemocro1 (button) (small blind) folded on the River


PokerStars Hand #153613070558:  Hold'em Limit ($3/$6 USD) - 2016/05/20 20:59:19 ET
Table 'Kentaurus' 6-max Seat #1 is the button
Seat 1: LolDnkaments ($271.78 in chips)
Seat 3: haagsemocro1 ($11 in chips)
LolDnkaments: posts small blind $1
haagsemocro1: posts big blind $3
*** HOLE CARDS ***
LolDnkaments: raises $3 to $6
haagsemocro1: calls $3
*** FLOP *** [6s Tc 4s]
haagsemocro1: bets $3
LolDnkaments: calls $3
*** TURN *** [6s Tc 4s] [5c]
haagsemocro1: bets $2 and is all-in
LolDnkaments: calls $2
*** RIVER *** [6s Tc 4s 5c] [6c]
*** SHOW DOWN ***
haagsemocro1: shows [Kd Jd] (a pair of Sixes)
LolDnkaments: shows [Jc 8d] (a pair of Sixes - lower kicker)
haagsemocro1 collected $21.56 from pot
*** SUMMARY ***
Total pot $22 | Rake $0.44
Board [6s Tc 4s 5c 6c]
Seat 1: LolDnkaments (button) (small blind) showed [Jc 8d] and lost with a pair of Sixes
Seat 3: haagsemocro1 (big blind) showed [Kd Jd] and won ($21.56) with a pair of Sixes


PokerStars Hand #153613080986:  Hold'em Limit ($3/$6 USD) - 2016/05/20 20:59:45 ET
Table 'Kentaurus' 6-max Seat #3 is the button
Seat 1: LolDnkaments ($260.78 in chips)
Seat 3: haagsemocro1 ($44.85 in chips)
haagsemocro1: posts small blind $1
LolDnkaments: posts big blind $3
*** HOLE CARDS ***
haagsemocro1: calls $2
LolDnkaments: checks
*** FLOP *** [9c Tc Ts]
LolDnkaments: checks
haagsemocro1: checks
*** TURN *** [9c Tc Ts] [2s]
LolDnkaments: bets $6
haagsemocro1: folds
Uncalled bet ($6) returned to LolDnkaments
LolDnkaments collected $5.88 from pot
LolDnkaments: doesn't show hand
*** SUMMARY ***
Total pot $6 | Rake $0.12
Board [9c Tc Ts 2s]
Seat 1: LolDnkaments (big blind) collected ($5.88)
Seat 3: haagsemocro1 (button) (small blind) folded on the Turn


PokerStars Hand #153613092951:  Hold'em Limit ($3/$6 USD) - 2016/05/20 21:00:14 ET
Table 'Kentaurus' 6-max Seat #1 is the button
Seat 1: LolDnkaments ($263.66 in chips)
Seat 3: haagsemocro1 ($41.85 in chips)
LolDnkaments: posts small blind $1
haagsemocro1: posts big blind $3
*** HOLE CARDS ***
LolDnkaments: raises $3 to $6
haagsemocro1: calls $3
*** FLOP *** [Ah 9s 9h]
haagsemocro1: checks
LolDnkaments: bets $3
haagsemocro1: folds
Uncalled bet ($3) returned to LolDnkaments
LolDnkaments collected $11.76 from pot
LolDnkaments: doesn't show hand
*** SUMMARY ***
Total pot $12 | Rake $0.24
Board [Ah 9s 9h]
Seat 1: LolDnkaments (button) (small blind) collected ($11.76)
Seat 3: haagsemocro1 (big blind) folded on the Flop


PokerStars Hand #153613293787:  Hold'em Limit ($3/$6 USD) - 2016/05/20 21:07:15 ET
Table 'Kentaurus' 6-max Seat #4 is the button
Seat 1: LolDnkaments ($227.42 in chips)
Seat 4: LotsaBalls12 ($91.25 in chips)
LotsaBalls12: posts small blind $1
LolDnkaments: posts big blind $3
*** HOLE CARDS ***
LotsaBalls12: raises $3 to $6
LolDnkaments: raises $3 to $9
LotsaBalls12: raises $3 to $12
Betting is capped
LolDnkaments: calls $3
*** FLOP *** [5h 4c 7c]
LolDnkaments: checks
LotsaBalls12: bets $3
LolDnkaments: raises $3 to $6
LotsaBalls12: calls $3
*** TURN *** [5h 4c 7c] [Kc]
LolDnkaments: bets $6
LotsaBalls12: calls $6
*** RIVER *** [5h 4c 7c Kc] [Jd]
LolDnkaments: bets $6
LotsaBalls12: calls $6
*** SHOW DOWN ***
LolDnkaments: shows [3d 6d] (a straight, Three to Seven)
LotsaBalls12: mucks hand
LolDnkaments collected $59.50 from pot
*** SUMMARY ***
Total pot $60 | Rake $0.50
Board [5h 4c 7c Kc Jd]
Seat 1: LolDnkaments (big blind) showed [3d 6d] and won ($59.50) with a straight, Three to Seven
Seat 4: LotsaBalls12 (button) (small blind) mucked


PokerStars Hand #153613282741:  Hold'em Limit ($3/$6 USD) - 2016/05/20 21:06:52 ET
Table 'Kentaurus' 6-max Seat #1 is the button
Seat 1: LolDnkaments ($248.42 in chips)
Seat 4: LotsaBalls12 ($70.75 in chips)
LolDnkaments: posts small blind $1
LotsaBalls12: posts big blind $3
*** HOLE CARDS ***
LolDnkaments: raises $3 to $6
LotsaBalls12: raises $3 to $9
LolDnkaments: raises $3 to $12
Betting is capped
LotsaBalls12: calls $3
*** FLOP *** [Kc 8h Td]
LotsaBalls12: bets $3
LolDnkaments: calls $3
*** TURN *** [Kc 8h Td] [Ac]
LotsaBalls12: bets $6
LolDnkaments: calls $6
*** RIVER *** [Kc 8h Td Ac] [Tc]
LotsaBalls12: checks
LolDnkaments: checks
*** SHOW DOWN ***
LotsaBalls12: shows [2h Kh] (two pair, Kings and Tens)
LolDnkaments: mucks hand
LotsaBalls12 collected $41.50 from pot
*** SUMMARY ***
Total pot $42 | Rake $0.50
Board [Kc 8h Td Ac Tc]
Seat 1: LolDnkaments (button) (small blind) mucked
Seat 4: LotsaBalls12 (big blind) showed [2h Kh] and won ($41.50) with two pair, Kings and Tens


PokerStars Hand #153613303973:  Hold'em Limit ($3/$6 USD) - 2016/05/20 21:07:36 ET
Table 'Kentaurus' 6-max Seat #1 is the button
Seat 1: LolDnkaments ($256.92 in chips)
Seat 4: LotsaBalls12 ($61.25 in chips)
LolDnkaments: posts small blind $1
LotsaBalls12: posts big blind $3
*** HOLE CARDS ***
LolDnkaments: raises $3 to $6
LotsaBalls12: raises $3 to $9
LolDnkaments: calls $3
*** FLOP *** [8d Ts Kd]
LotsaBalls12: bets $3
LolDnkaments: calls $3
*** TURN *** [8d Ts Kd] [5c]
LotsaBalls12: bets $6
LolDnkaments: calls $6
*** RIVER *** [8d Ts Kd 5c] [4d]
LotsaBalls12: checks
LolDnkaments: checks
*** SHOW DOWN ***
LotsaBalls12: shows [6s 5d] (a pair of Fives)
LolDnkaments: mucks hand
LotsaBalls12 collected $35.50 from pot
*** SUMMARY ***
Total pot $36 | Rake $0.50
Board [8d Ts Kd 5c 4d]
Seat 1: LolDnkaments (button) (small blind) mucked
Seat 4: LotsaBalls12 (big blind) showed [6s 5d] and won ($35.50) with a pair of Fives


PokerStars Hand #153613313327:  Hold'em Limit ($3/$6 USD) - 2016/05/20 21:07:55 ET
Table 'Kentaurus' 6-max Seat #4 is the button
Seat 1: LolDnkaments ($238.92 in chips)
Seat 4: LotsaBalls12 ($78.75 in chips)
LotsaBalls12: posts small blind $1
LolDnkaments: posts big blind $3
*** HOLE CARDS ***
LotsaBalls12: calls $2
LolDnkaments: checks
*** FLOP *** [5d 9c 2c]
LolDnkaments: bets $3
LotsaBalls12: calls $3
*** TURN *** [5d 9c 2c] [4h]
LolDnkaments: bets $6
LotsaBalls12: raises $6 to $12
LolDnkaments: raises $6 to $18
LotsaBalls12: raises $6 to $24
Betting is capped
LolDnkaments: calls $6
*** RIVER *** [5d 9c 2c 4h] [8s]
LolDnkaments: checks
LotsaBalls12: bets $6
LolDnkaments: folds
Uncalled bet ($6) returned to LotsaBalls12
LotsaBalls12 collected $59.50 from pot
LotsaBalls12: doesn't show hand
*** SUMMARY ***
Total pot $60 | Rake $0.50
Board [5d 9c 2c 4h 8s]
Seat 1: LolDnkaments (big blind) folded on the River
Seat 4: LotsaBalls12 (button) (small blind) collected ($59.50)


PokerStars Hand #153613331668:  Hold'em Limit ($3/$6 USD) - 2016/05/20 21:08:33 ET
Table 'Kentaurus' 6-max Seat #4 is the button
Seat 1: LolDnkaments ($187.92 in chips)
Seat 4: LotsaBalls12 ($128.75 in chips)
LotsaBalls12: posts small blind $1
LolDnkaments: posts big blind $3
*** HOLE CARDS ***
LotsaBalls12: raises $3 to $6
LolDnkaments: raises $3 to $9
LotsaBalls12: calls $3
*** FLOP *** [4c Ac 7h]
LolDnkaments: bets $3
LotsaBalls12: calls $3
*** TURN *** [4c Ac 7h] [Tc]
LolDnkaments: bets $6
LotsaBalls12: folds
Uncalled bet ($6) returned to LolDnkaments
LolDnkaments collected $23.52 from pot
LolDnkaments: doesn't show hand
*** SUMMARY ***
Total pot $24 | Rake $0.48
Board [4c Ac 7h Tc]
Seat 1: LolDnkaments (big blind) collected ($23.52)
Seat 4: LotsaBalls12 (button) (small blind) folded on the Turn


PokerStars Hand #153613322686:  Hold'em Limit ($3/$6 USD) - 2016/05/20 21:08:14 ET
Table 'Kentaurus' 6-max Seat #1 is the button
Seat 1: LolDnkaments ($208.92 in chips)
Seat 4: LotsaBalls12 ($108.25 in chips)
LolDnkaments: posts small blind $1
LotsaBalls12: posts big blind $3
*** HOLE CARDS ***
LolDnkaments: raises $3 to $6
LotsaBalls12: raises $3 to $9
LolDnkaments: raises $3 to $12
Betting is capped
LotsaBalls12: calls $3
*** FLOP *** [3s 6c Ts]
LotsaBalls12: checks
LolDnkaments: bets $3
LotsaBalls12: calls $3
*** TURN *** [3s 6c Ts] [9d]
LotsaBalls12: checks
LolDnkaments: checks
*** RIVER *** [3s 6c Ts 9d] [6s]
LotsaBalls12: bets $6
LolDnkaments: calls $6
*** SHOW DOWN ***
LotsaBalls12: shows [8h Ac] (a pair of Sixes)
LolDnkaments: mucks hand
LotsaBalls12 collected $41.50 from pot
*** SUMMARY ***
Total pot $42 | Rake $0.50
Board [3s 6c Ts 9d 6s]
Seat 1: LolDnkaments (button) (small blind) mucked
Seat 4: LotsaBalls12 (big blind) showed [8h Ac] and won ($41.50) with a pair of Sixes


PokerStars Hand #153613360892:  Hold'em Limit ($3/$6 USD) - 2016/05/20 21:09:19 ET
Table 'Kentaurus' 6-max Seat #4 is the button
Seat 1: LolDnkaments ($184.44 in chips)
Seat 4: LotsaBalls12 ($131.25 in chips)
LotsaBalls12: posts small blind $1
LolDnkaments: posts big blind $3
*** HOLE CARDS ***
LotsaBalls12: raises $3 to $6
LolDnkaments: calls $3
*** FLOP *** [Js 7h 3s]
LolDnkaments: checks
LotsaBalls12: bets $3
LolDnkaments: calls $3
*** TURN *** [Js 7h 3s] [9d]
LolDnkaments: checks
LotsaBalls12: bets $6
LolDnkaments: calls $6
*** RIVER *** [Js 7h 3s 9d] [2s]
LolDnkaments: checks
LotsaBalls12: checks
*** SHOW DOWN ***
LolDnkaments: shows [Ac 6h] (high card Ace)
LotsaBalls12: shows [4d 4c] (a pair of Fours)
LotsaBalls12 collected $29.50 from pot
*** SUMMARY ***
Total pot $30 | Rake $0.50
Board [Js 7h 3s 9d 2s]
Seat 1: LolDnkaments (big blind) showed [Ac 6h] and lost with high card Ace
Seat 4: LotsaBalls12 (button) (small blind) showed [4d 4c] and won ($29.50) with a pair of Fours


PokerStars Hand #153613348412:  Hold'em Limit ($3/$6 USD) - 2016/05/20 21:08:53 ET
Table 'Kentaurus' 6-max Seat #1 is the button
Seat 1: LolDnkaments ($199.44 in chips)
Seat 4: LotsaBalls12 ($116.75 in chips)
LolDnkaments: posts small blind $1
LotsaBalls12: posts big blind $3
*** HOLE CARDS ***
LolDnkaments: raises $3 to $6
LotsaBalls12: calls $3
*** FLOP *** [3h Td Ah]
LotsaBalls12: checks
LolDnkaments: bets $3
LotsaBalls12: calls $3
*** TURN *** [3h Td Ah] [Qs]
LotsaBalls12: checks
LolDnkaments: checks
*** RIVER *** [3h Td Ah Qs] [4d]
LotsaBalls12: bets $6
LolDnkaments: calls $6
*** SHOW DOWN ***
LotsaBalls12: shows [Ad 2h] (a pair of Aces)
LolDnkaments: mucks hand
LotsaBalls12 collected $29.50 from pot
*** SUMMARY ***
Total pot $30 | Rake $0.50
Board [3h Td Ah Qs 4d]
Seat 1: LolDnkaments (button) (small blind) mucked
Seat 4: LotsaBalls12 (big blind) showed [Ad 2h] and won ($29.50) with a pair of Aces


PokerStars Hand #153613396274:  Hold'em Limit ($3/$6 USD) - 2016/05/20 21:10:32 ET
Table 'Kentaurus' 6-max Seat #4 is the button
Seat 1: LolDnkaments ($153.94 in chips)
Seat 4: LotsaBalls12 ($160.25 in chips)
LotsaBalls12: posts small blind $1
LolDnkaments: posts big blind $3
*** HOLE CARDS ***
LotsaBalls12: raises $3 to $6
LolDnkaments: calls $3
*** FLOP *** [5h 3d Ac]
LolDnkaments: checks
LotsaBalls12: bets $3
LolDnkaments: folds
Uncalled bet ($3) returned to LotsaBalls12
LotsaBalls12 collected $11.76 from pot
LotsaBalls12: doesn't show hand
*** SUMMARY ***
Total pot $12 | Rake $0.24
Board [5h 3d Ac]
Seat 1: LolDnkaments (big blind) folded on the Flop
Seat 4: LotsaBalls12 (button) (small blind) collected ($11.76)


PokerStars Hand #153613385218:  Hold'em Limit ($3/$6 USD) - 2016/05/20 21:10:09 ET
Table 'Kentaurus' 6-max Seat #1 is the button
Seat 1: LolDnkaments ($186.94 in chips)
Seat 4: LotsaBalls12 ($127.75 in chips)
LolDnkaments: posts small blind $1
LotsaBalls12: posts big blind $3
*** HOLE CARDS ***
LolDnkaments: raises $3 to $6
LotsaBalls12: raises $3 to $9
LolDnkaments: raises $3 to $12
Betting is capped
LotsaBalls12: calls $3
*** FLOP *** [6d Kc 2h]
LotsaBalls12: bets $3
LolDnkaments: calls $3
*** TURN *** [6d Kc 2h] [5s]
LotsaBalls12: checks
LolDnkaments: bets $6
LotsaBalls12: raises $6 to $12
LolDnkaments: calls $6
*** RIVER *** [6d Kc 2h 5s] [3h]
LotsaBalls12: bets $6
LolDnkaments: calls $6
*** SHOW DOWN ***
LotsaBalls12: shows [Qs Ks] (a pair of Kings)
LolDnkaments: mucks hand
LotsaBalls12 collected $65.50 from pot
*** SUMMARY ***
Total pot $66 | Rake $0.50
Board [6d Kc 2h 5s 3h]
Seat 1: LolDnkaments (button) (small blind) mucked
Seat 4: LotsaBalls12 (big blind) showed [Qs Ks] and won ($65.50) with a pair of Kings


PokerStars Hand #153613382055:  Hold'em Limit ($3/$6 USD) - 2016/05/20 21:10:03 ET
Table 'Kentaurus' 6-max Seat #4 is the button
Seat 1: LolDnkaments ($189.94 in chips)
Seat 4: LotsaBalls12 ($124.75 in chips)
LotsaBalls12: posts small blind $1
LolDnkaments: posts big blind $3
*** HOLE CARDS ***
LotsaBalls12: raises $3 to $6
LolDnkaments: folds
Uncalled bet ($3) returned to LotsaBalls12
LotsaBalls12 collected $6 from pot
LotsaBalls12: doesn't show hand
*** SUMMARY ***
Total pot $6 | Rake $0
Seat 1: LolDnkaments (big blind) folded before Flop
Seat 4: LotsaBalls12 (button) (small blind) collected ($6)


PokerStars Hand #153613369194:  Hold'em Limit ($3/$6 USD) - 2016/05/20 21:09:36 ET
Table 'Kentaurus' 6-max Seat #1 is the button
Seat 1: LolDnkaments ($169.44 in chips)
Seat 4: LotsaBalls12 ($145.75 in chips)
LolDnkaments: posts small blind $1
LotsaBalls12: posts big blind $3
*** HOLE CARDS ***
LolDnkaments: raises $3 to $6
LotsaBalls12: calls $3
*** FLOP *** [7d 6d Kh]
LotsaBalls12: bets $3
LolDnkaments: calls $3
*** TURN *** [7d 6d Kh] [8s]
LotsaBalls12: bets $6
LolDnkaments: raises $6 to $12
LotsaBalls12: calls $6
*** RIVER *** [7d 6d Kh 8s] [Ac]
LotsaBalls12: checks
LolDnkaments: bets $6
LotsaBalls12: folds
Uncalled bet ($6) returned to LolDnkaments
LolDnkaments collected $41.50 from pot
LolDnkaments: doesn't show hand
*** SUMMARY ***
Total pot $42 | Rake $0.50
Board [7d 6d Kh 8s Ac]
Seat 1: LolDnkaments (button) (small blind) collected ($41.50)
Seat 4: LotsaBalls12 (big blind) folded on the River


PokerStars Hand #153613414913:  Hold'em Limit ($3/$6 USD) - 2016/05/20 21:11:11 ET
Table 'Kentaurus' 6-max Seat #1 is the button
Seat 1: LolDnkaments ($132.94 in chips)
Seat 4: LotsaBalls12 ($180.41 in chips)
LolDnkaments: posts small blind $1
LotsaBalls12: posts big blind $3
*** HOLE CARDS ***
LolDnkaments: raises $3 to $6
LotsaBalls12: raises $3 to $9
LolDnkaments: calls $3
*** FLOP *** [2s 3c Jd]
LotsaBalls12: bets $3
LolDnkaments: calls $3
*** TURN *** [2s 3c Jd] [6h]
LotsaBalls12: bets $6
LolDnkaments: raises $6 to $12
LotsaBalls12: calls $6
*** RIVER *** [2s 3c Jd 6h] [8d]
LotsaBalls12: checks
LolDnkaments: bets $6
LotsaBalls12: folds
Uncalled bet ($6) returned to LolDnkaments
LolDnkaments collected $47.50 from pot
LolDnkaments: doesn't show hand
*** SUMMARY ***
Total pot $48 | Rake $0.50
Board [2s 3c Jd 6h 8d]
Seat 1: LolDnkaments (button) (small blind) collected ($47.50)
Seat 4: LotsaBalls12 (big blind) folded on the River


PokerStars Hand #153613401996:  Hold'em Limit ($3/$6 USD) - 2016/05/20 21:10:44 ET
Table 'Kentaurus' 6-max Seat #1 is the button
Seat 1: LolDnkaments ($147.94 in chips)
Seat 4: LotsaBalls12 ($166.01 in chips)
LolDnkaments: posts small blind $1
LotsaBalls12: posts big blind $3
*** HOLE CARDS ***
LolDnkaments: raises $3 to $6
LotsaBalls12: calls $3
*** FLOP *** [Qh 7h 6s]
LotsaBalls12: checks
LolDnkaments: bets $3
LotsaBalls12: calls $3
*** TURN *** [Qh 7h 6s] [5d]
LotsaBalls12: checks
LolDnkaments: checks
*** RIVER *** [Qh 7h 6s 5d] [Js]
LotsaBalls12: bets $6
LolDnkaments: folds
Uncalled bet ($6) returned to LotsaBalls12
LotsaBalls12 collected $17.64 from pot
LotsaBalls12: doesn't show hand
*** SUMMARY ***
Total pot $18 | Rake $0.36
Board [Qh 7h 6s 5d Js]
Seat 1: LolDnkaments (button) (small blind) folded on the River
Seat 4: LotsaBalls12 (big blind) collected ($17.64)


PokerStars Hand #153613409899:  Hold'em Limit ($3/$6 USD) - 2016/05/20 21:11:00 ET
Table 'Kentaurus' 6-max Seat #4 is the button
Seat 1: LolDnkaments ($138.94 in chips)
Seat 4: LotsaBalls12 ($174.65 in chips)
LotsaBalls12: posts small blind $1
LolDnkaments: posts big blind $3
*** HOLE CARDS ***
LotsaBalls12: raises $3 to $6
LolDnkaments: calls $3
*** FLOP *** [Ks 6s Kd]
LolDnkaments: checks
LotsaBalls12: bets $3
LolDnkaments: folds
Uncalled bet ($3) returned to LotsaBalls12
LotsaBalls12 collected $11.76 from pot
LotsaBalls12: doesn't show hand
*** SUMMARY ***
Total pot $12 | Rake $0.24
Board [Ks 6s Kd]
Seat 1: LolDnkaments (big blind) folded on the Flop
Seat 4: LotsaBalls12 (button) (small blind) collected ($11.76)


PokerStars Hand #153613452606:  Hold'em Limit ($3/$6 USD) - 2016/05/20 21:12:29 ET
Table 'Kentaurus' 6-max Seat #1 is the button
Seat 1: LolDnkaments ($151.08 in chips)
Seat 4: LotsaBalls12 ($160.91 in chips)
LolDnkaments: posts small blind $1
LotsaBalls12: posts big blind $3
*** HOLE CARDS ***
LolDnkaments: raises $3 to $6
LotsaBalls12: raises $3 to $9
LolDnkaments: calls $3
*** FLOP *** [6s 8s Jd]
LotsaBalls12: bets $3
LolDnkaments: calls $3
*** TURN *** [6s 8s Jd] [6d]
LotsaBalls12: bets $6
LolDnkaments: raises $6 to $12
LotsaBalls12: raises $6 to $18
LolDnkaments: raises $6 to $24
Betting is capped
LotsaBalls12: calls $6
*** RIVER *** [6s 8s Jd 6d] [9h]
LotsaBalls12: bets $6
LolDnkaments: raises $6 to $12
LotsaBalls12: raises $6 to $18
LolDnkaments: calls $6
*** SHOW DOWN ***
LotsaBalls12: shows [As 6c] (three of a kind, Sixes)
LolDnkaments: shows [7d 5h] (a straight, Five to Nine)
LolDnkaments collected $107.50 from pot
*** SUMMARY ***
Total pot $108 | Rake $0.50
Board [6s 8s Jd 6d 9h]
Seat 1: LolDnkaments (button) (small blind) showed [7d 5h] and won ($107.50) with a straight, Five to Nine
Seat 4: LotsaBalls12 (big blind) showed [As 6c] and lost with three of a kind, Sixes


PokerStars Hand #153613425270:  Hold'em Limit ($3/$6 USD) - 2016/05/20 21:11:32 ET
Table 'Kentaurus' 6-max Seat #4 is the button
Seat 1: LolDnkaments ($156.44 in chips)
Seat 4: LotsaBalls12 ($156.41 in chips)
LotsaBalls12: posts small blind $1
LolDnkaments: posts big blind $3
*** HOLE CARDS ***
LotsaBalls12: calls $2
LolDnkaments: checks
*** FLOP *** [Jd 7d 2h]
LolDnkaments: bets $3
LotsaBalls12: raises $3 to $6
LolDnkaments: calls $3
*** TURN *** [Jd 7d 2h] [4s]
LolDnkaments: checks
LotsaBalls12: checks
*** RIVER *** [Jd 7d 2h 4s] [6s]
LolDnkaments: bets $6
LotsaBalls12: calls $6
*** SHOW DOWN ***
LolDnkaments: shows [9s Th] (high card Jack)
LotsaBalls12: shows [7h 9d] (a pair of Sevens)
LotsaBalls12 collected $29.50 from pot
*** SUMMARY ***
Total pot $30 | Rake $0.50
Board [Jd 7d 2h 4s 6s]
Seat 1: LolDnkaments (big blind) showed [9s Th] and lost with high card Jack
Seat 4: LotsaBalls12 (button) (small blind) showed [7h 9d] and won ($29.50) with a pair of Sevens


PokerStars Hand #153613449102:  Hold'em Limit ($3/$6 USD) - 2016/05/20 21:12:21 ET
Table 'Kentaurus' 6-max Seat #4 is the button
Seat 1: LolDnkaments ($150.08 in chips)
Seat 4: LotsaBalls12 ($161.91 in chips)
LotsaBalls12: posts small blind $1
LolDnkaments: posts big blind $3
*** HOLE CARDS ***
LotsaBalls12: folds
Uncalled bet ($2) returned to LolDnkaments
LolDnkaments collected $2 from pot
LolDnkaments: doesn't show hand
*** SUMMARY ***
Total pot $2 | Rake $0
Seat 1: LolDnkaments (big blind) collected ($2)
Seat 4: LotsaBalls12 (button) (small blind) folded before Flop


PokerStars Hand #153613437084:  Hold'em Limit ($3/$6 USD) - 2016/05/20 21:11:57 ET
Table 'Kentaurus' 6-max Seat #1 is the button
Seat 1: LolDnkaments ($141.44 in chips)
Seat 4: LotsaBalls12 ($170.91 in chips)
LolDnkaments: posts small blind $1
LotsaBalls12: posts big blind $3
*** HOLE CARDS ***
LolDnkaments: raises $3 to $6
LotsaBalls12: calls $3
*** FLOP *** [9s 4c Ac]
LotsaBalls12: checks
LolDnkaments: bets $3
LotsaBalls12: calls $3
*** TURN *** [9s 4c Ac] [Kc]
LotsaBalls12: checks
LolDnkaments: bets $6
LotsaBalls12: folds
Uncalled bet ($6) returned to LolDnkaments
LolDnkaments collected $17.64 from pot
LolDnkaments: doesn't show hand
*** SUMMARY ***
Total pot $18 | Rake $0.36
Board [9s 4c Ac Kc]
Seat 1: LolDnkaments (button) (small blind) collected ($17.64)
Seat 4: LotsaBalls12 (big blind) folded on the Turn


PokerStars Hand #153613466535:  Hold'em Limit ($3/$6 USD) - 2016/05/20 21:12:58 ET
Table 'Kentaurus' 6-max Seat #1 is the button
Seat 1: LolDnkaments ($201.58 in chips)
Seat 4: LotsaBalls12 ($109.91 in chips)
LolDnkaments: posts small blind $1
LotsaBalls12: posts big blind $3
*** HOLE CARDS ***
LolDnkaments: raises $3 to $6
LotsaBalls12: raises $3 to $9
LolDnkaments: calls $3
*** FLOP *** [Qs 8h 5c]
LotsaBalls12: checks
LolDnkaments: bets $3
LotsaBalls12: calls $3
*** TURN *** [Qs 8h 5c] [7d]
LotsaBalls12: checks
LolDnkaments: bets $6
LotsaBalls12: raises $6 to $12
LolDnkaments: calls $6
*** RIVER *** [Qs 8h 5c 7d] [Ac]
LotsaBalls12: bets $6
LolDnkaments: raises $6 to $12
LotsaBalls12: raises $6 to $18
LolDnkaments: raises $6 to $24
Betting is capped
LotsaBalls12: calls $6
*** SHOW DOWN ***
LolDnkaments: shows [6s 3d] (high card Ace)
LotsaBalls12: shows [As Ah] (three of a kind, Aces)
LotsaBalls12 collected $95.50 from pot
*** SUMMARY ***
Total pot $96 | Rake $0.50
Board [Qs 8h 5c 7d Ac]
Seat 1: LolDnkaments (button) (small blind) showed [6s 3d] and lost with high card Ace
Seat 4: LotsaBalls12 (big blind) showed [As Ah] and won ($95.50) with three of a kind, Aces


PokerStars Hand #153613463772:  Hold'em Limit ($3/$6 USD) - 2016/05/20 21:12:52 ET
Table 'Kentaurus' 6-max Seat #4 is the button
Seat 1: LolDnkaments ($204.58 in chips)
Seat 4: LotsaBalls12 ($106.91 in chips)
LotsaBalls12: posts small blind $1
LolDnkaments: posts big blind $3
*** HOLE CARDS ***
LotsaBalls12: raises $3 to $6
LolDnkaments: folds
Uncalled bet ($3) returned to LotsaBalls12
LotsaBalls12 collected $6 from pot
LotsaBalls12: doesn't show hand
*** SUMMARY ***
Total pot $6 | Rake $0
Seat 1: LolDnkaments (big blind) folded before Flop
Seat 4: LotsaBalls12 (button) (small blind) collected ($6)


PokerStars Hand #153613481362:  Hold'em Limit ($3/$6 USD) - 2016/05/20 21:13:29 ET
Table 'Kentaurus' 6-max Seat #4 is the button
Seat 1: LolDnkaments ($153.58 in chips)
Seat 4: LotsaBalls12 ($157.41 in chips)
LotsaBalls12: posts small blind $1
LolDnkaments: posts big blind $3
*** HOLE CARDS ***
LotsaBalls12: raises $3 to $6
LolDnkaments: calls $3
*** FLOP *** [Ac 2c Js]
LolDnkaments: checks
LotsaBalls12: bets $3
LolDnkaments: folds
Uncalled bet ($3) returned to LotsaBalls12
LotsaBalls12 collected $11.76 from pot
LotsaBalls12: doesn't show hand
*** SUMMARY ***
Total pot $12 | Rake $0.24
Board [Ac 2c Js]
Seat 1: LolDnkaments (big blind) folded on the Flop
Seat 4: LotsaBalls12 (button) (small blind) collected ($11.76)


PokerStars Hand #153613519490:  Hold'em Limit ($3/$6 USD) - 2016/05/20 21:14:49 ET
Table 'Kentaurus' 6-max Seat #1 is the button
Seat 1: LolDnkaments ($150.08 in chips)
Seat 4: LotsaBalls12 ($159.57 in chips)
LolDnkaments: posts small blind $1
LotsaBalls12: posts big blind $3
*** HOLE CARDS ***
LolDnkaments: folds
Uncalled bet ($2) returned to LotsaBalls12
LotsaBalls12 collected $2 from pot
LotsaBalls12: doesn't show hand
*** SUMMARY ***
Total pot $2 | Rake $0
Seat 1: LolDnkaments (button) (small blind) folded before Flop
Seat 4: LotsaBalls12 (big blind) collected ($2)


PokerStars Hand #153613511114:  Hold'em Limit ($3/$6 USD) - 2016/05/20 21:14:31 ET
Table 'Kentaurus' 6-max Seat #4 is the button
Seat 1: LolDnkaments ($156.08 in chips)
Seat 4: LotsaBalls12 ($153.81 in chips)
LotsaBalls12: posts small blind $1
LolDnkaments: posts big blind $3
*** HOLE CARDS ***
LotsaBalls12: raises $3 to $6
LolDnkaments: calls $3
*** FLOP *** [9d Ad Td]
LolDnkaments: checks
LotsaBalls12: bets $3
LolDnkaments: folds
Uncalled bet ($3) returned to LotsaBalls12
LotsaBalls12 collected $11.76 from pot
LotsaBalls12: doesn't show hand
*** SUMMARY ***
Total pot $12 | Rake $0.24
Board [9d Ad Td]
Seat 1: LolDnkaments (big blind) folded on the Flop
Seat 4: LotsaBalls12 (button) (small blind) collected ($11.76)


PokerStars Hand #153613504698:  Hold'em Limit ($3/$6 USD) - 2016/05/20 21:14:17 ET
Table 'Kentaurus' 6-max Seat #1 is the button
Seat 1: LolDnkaments ($159.08 in chips)
Seat 4: LotsaBalls12 ($150.93 in chips)
LolDnkaments: posts small blind $1
LotsaBalls12: posts big blind $3
*** HOLE CARDS ***
LolDnkaments: calls $2
LotsaBalls12: checks
*** FLOP *** [Tc 8s 6s]
LotsaBalls12: bets $3
LolDnkaments: folds
Uncalled bet ($3) returned to LotsaBalls12
LotsaBalls12 collected $5.88 from pot
LotsaBalls12: doesn't show hand
*** SUMMARY ***
Total pot $6 | Rake $0.12
Board [Tc 8s 6s]
Seat 1: LolDnkaments (button) (small blind) folded on the Flop
Seat 4: LotsaBalls12 (big blind) collected ($5.88)


PokerStars Hand #153613498616:  Hold'em Limit ($3/$6 USD) - 2016/05/20 21:14:05 ET
Table 'Kentaurus' 6-max Seat #4 is the button
Seat 1: LolDnkaments ($165.08 in chips)
Seat 4: LotsaBalls12 ($145.17 in chips)
LotsaBalls12: posts small blind $1
LolDnkaments: posts big blind $3
*** HOLE CARDS ***
LotsaBalls12: raises $3 to $6
LolDnkaments: calls $3
*** FLOP *** [9h Ad Kh]
LolDnkaments: checks
LotsaBalls12: bets $3
LolDnkaments: folds
Uncalled bet ($3) returned to LotsaBalls12
LotsaBalls12 collected $11.76 from pot
LotsaBalls12: doesn't show hand
*** SUMMARY ***
Total pot $12 | Rake $0.24
Board [9h Ad Kh]
Seat 1: LolDnkaments (big blind) folded on the Flop
Seat 4: LotsaBalls12 (button) (small blind) collected ($11.76)


PokerStars Hand #153613485596:  Hold'em Limit ($3/$6 USD) - 2016/05/20 21:13:37 ET
Table 'Kentaurus' 6-max Seat #1 is the button
Seat 1: LolDnkaments ($147.58 in chips)
Seat 4: LotsaBalls12 ($163.17 in chips)
LolDnkaments: posts small blind $1
LotsaBalls12: posts big blind $3
*** HOLE CARDS ***
LolDnkaments: raises $3 to $6
LotsaBalls12: raises $3 to $9
LolDnkaments: calls $3
*** FLOP *** [Jh Kh 5s]
LotsaBalls12: bets $3
LolDnkaments: calls $3
*** TURN *** [Jh Kh 5s] [Ac]
LotsaBalls12: bets $6
LolDnkaments: calls $6
*** RIVER *** [Jh Kh 5s Ac] [3s]
LotsaBalls12: checks
LolDnkaments: checks
*** SHOW DOWN ***
LotsaBalls12: shows [Tc 9d] (high card Ace)
LolDnkaments: shows [Qc 2c] (high card Ace - King+Queen kicker)
LolDnkaments collected $35.50 from pot
*** SUMMARY ***
Total pot $36 | Rake $0.50
Board [Jh Kh 5s Ac 3s]
Seat 1: LolDnkaments (button) (small blind) showed [Qc 2c] and won ($35.50) with high card Ace
Seat 4: LotsaBalls12 (big blind) showed [Tc 9d] and lost with high card Ace


PokerStars Hand #153613539223:  Hold'em Limit ($3/$6 USD) - 2016/05/20 21:15:31 ET
Table 'Kentaurus' 6-max Seat #1 is the button
Seat 1: LolDnkaments ($144.08 in chips)
Seat 4: LotsaBalls12 ($165.21 in chips)
LolDnkaments: posts small blind $1
LotsaBalls12: posts big blind $3
*** HOLE CARDS ***
LolDnkaments: raises $3 to $6
LotsaBalls12: raises $3 to $9
LolDnkaments: calls $3
*** FLOP *** [Js 8s Ac]
LotsaBalls12: bets $3
LolDnkaments: calls $3
*** TURN *** [Js 8s Ac] [Td]
LotsaBalls12: bets $6
LolDnkaments: raises $6 to $12
LotsaBalls12: calls $6
*** RIVER *** [Js 8s Ac Td] [2c]
LotsaBalls12: checks
LolDnkaments: bets $6
LotsaBalls12: folds
Uncalled bet ($6) returned to LolDnkaments
LolDnkaments collected $47.50 from pot
LolDnkaments: doesn't show hand
*** SUMMARY ***
Total pot $48 | Rake $0.50
Board [Js 8s Ac Td 2c]
Seat 1: LolDnkaments (button) (small blind) collected ($47.50)
Seat 4: LotsaBalls12 (big blind) folded on the River


PokerStars Hand #153613535645:  Hold'em Limit ($3/$6 USD) - 2016/05/20 21:15:23 ET
Table 'Kentaurus' 6-max Seat #4 is the button
Seat 1: LolDnkaments ($143.08 in chips)
Seat 4: LotsaBalls12 ($166.21 in chips)
LotsaBalls12: posts small blind $1
LolDnkaments: posts big blind $3
*** HOLE CARDS ***
LotsaBalls12: folds
Uncalled bet ($2) returned to LolDnkaments
LolDnkaments collected $2 from pot
LolDnkaments: doesn't show hand
*** SUMMARY ***
Total pot $2 | Rake $0
Seat 1: LolDnkaments (big blind) collected ($2)
Seat 4: LotsaBalls12 (button) (small blind) folded before Flop


PokerStars Hand #153613530794:  Hold'em Limit ($3/$6 USD) - 2016/05/20 21:15:13 ET
Table 'Kentaurus' 6-max Seat #1 is the button
Seat 1: LolDnkaments ($140.08 in chips)
Seat 4: LotsaBalls12 ($169.21 in chips)
LolDnkaments: posts small blind $1
LotsaBalls12: posts big blind $3
*** HOLE CARDS ***
LolDnkaments: raises $3 to $6
LotsaBalls12: folds
Uncalled bet ($3) returned to LolDnkaments
LolDnkaments collected $6 from pot
LolDnkaments: doesn't show hand
*** SUMMARY ***
Total pot $6 | Rake $0
Seat 1: LolDnkaments (button) (small blind) collected ($6)
Seat 4: LotsaBalls12 (big blind) folded before Flop


PokerStars Hand #153613522374:  Hold'em Limit ($3/$6 USD) - 2016/05/20 21:14:55 ET
Table 'Kentaurus' 6-max Seat #4 is the button
Seat 1: LolDnkaments ($149.08 in chips)
Seat 4: LotsaBalls12 ($160.57 in chips)
LotsaBalls12: posts small blind $1
LolDnkaments: posts big blind $3
*** HOLE CARDS ***
LotsaBalls12: raises $3 to $6
LolDnkaments: calls $3
*** FLOP *** [9h 7c Ts]
LolDnkaments: checks
LotsaBalls12: bets $3
LolDnkaments: calls $3
*** TURN *** [9h 7c Ts] [5c]
LolDnkaments: checks
LotsaBalls12: bets $6
LolDnkaments: folds
Uncalled bet ($6) returned to LotsaBalls12
LotsaBalls12 collected $17.64 from pot
LotsaBalls12: doesn't show hand
*** SUMMARY ***
Total pot $18 | Rake $0.36
Board [9h 7c Ts 5c]
Seat 1: LolDnkaments (big blind) folded on the Turn
Seat 4: LotsaBalls12 (button) (small blind) collected ($17.64)


PokerStars Hand #153613569954:  Hold'em Limit ($3/$6 USD) - 2016/05/20 21:16:36 ET
Table 'Kentaurus' 6-max Seat #1 is the button
Seat 1: LolDnkaments ($135.34 in chips)
Seat 4: LotsaBalls12 ($172.71 in chips)
LolDnkaments: posts small blind $1
LotsaBalls12: posts big blind $3
*** HOLE CARDS ***
LolDnkaments: raises $3 to $6
LotsaBalls12: raises $3 to $9
LolDnkaments: raises $3 to $12
Betting is capped
LotsaBalls12: calls $3
*** FLOP *** [4h 5c 3s]
LotsaBalls12: bets $3
LolDnkaments: calls $3
*** TURN *** [4h 5c 3s] [Qs]
LotsaBalls12: bets $6
LolDnkaments: calls $6
*** RIVER *** [4h 5c 3s Qs] [Tc]
LotsaBalls12: checks
LolDnkaments: checks
*** SHOW DOWN ***
LotsaBalls12: shows [Kh 9s] (high card King)
LolDnkaments: shows [As Kc] (high card Ace)
LolDnkaments collected $41.50 from pot
*** SUMMARY ***
Total pot $42 | Rake $0.50
Board [4h 5c 3s Qs Tc]
Seat 1: LolDnkaments (button) (small blind) showed [As Kc] and won ($41.50) with high card Ace
Seat 4: LotsaBalls12 (big blind) showed [Kh 9s] and lost with high card King


PokerStars Hand #153613567495:  Hold'em Limit ($3/$6 USD) - 2016/05/20 21:16:31 ET
Table 'Kentaurus' 6-max Seat #4 is the button
Seat 1: LolDnkaments ($134.34 in chips)
Seat 4: LotsaBalls12 ($173.71 in chips)
LotsaBalls12: posts small blind $1
LolDnkaments: posts big blind $3
*** HOLE CARDS ***
LotsaBalls12: folds
Uncalled bet ($2) returned to LolDnkaments
LolDnkaments collected $2 from pot
LolDnkaments: doesn't show hand
*** SUMMARY ***
Total pot $2 | Rake $0
Seat 1: LolDnkaments (big blind) collected ($2)
Seat 4: LotsaBalls12 (button) (small blind) folded before Flop


PokerStars Hand #153613561532:  Hold'em Limit ($3/$6 USD) - 2016/05/20 21:16:18 ET
Table 'Kentaurus' 6-max Seat #1 is the button
Seat 1: LolDnkaments ($128.58 in chips)
Seat 4: LotsaBalls12 ($179.71 in chips)
LolDnkaments: posts small blind $1
LotsaBalls12: posts big blind $3
*** HOLE CARDS ***
LolDnkaments: raises $3 to $6
LotsaBalls12: calls $3
*** FLOP *** [2c 3d 4c]
LotsaBalls12: checks
LolDnkaments: bets $3
LotsaBalls12: folds
Uncalled bet ($3) returned to LolDnkaments
LolDnkaments collected $11.76 from pot
LolDnkaments: doesn't show hand
*** SUMMARY ***
Total pot $12 | Rake $0.24
Board [2c 3d 4c]
Seat 1: LolDnkaments (button) (small blind) collected ($11.76)
Seat 4: LotsaBalls12 (big blind) folded on the Flop


PokerStars Hand #153613549713:  Hold'em Limit ($3/$6 USD) - 2016/05/20 21:15:53 ET
Table 'Kentaurus' 6-max Seat #4 is the button
Seat 1: LolDnkaments ($167.58 in chips)
Seat 4: LotsaBalls12 ($141.21 in chips)
LotsaBalls12: posts small blind $1
LolDnkaments: posts big blind $3
*** HOLE CARDS ***
LotsaBalls12: raises $3 to $6
LolDnkaments: calls $3
*** FLOP *** [Ac 7c 9h]
LolDnkaments: checks
LotsaBalls12: bets $3
LolDnkaments: calls $3
*** TURN *** [Ac 7c 9h] [Kc]
LolDnkaments: checks
LotsaBalls12: bets $6
LolDnkaments: raises $6 to $12
LotsaBalls12: raises $6 to $18
LolDnkaments: calls $6
*** RIVER *** [Ac 7c 9h Kc] [3h]
LolDnkaments: checks
LotsaBalls12: bets $6
LolDnkaments: raises $6 to $12
LotsaBalls12: calls $6
*** SHOW DOWN ***
LolDnkaments: shows [8c Td] (high card Ace)
LotsaBalls12: shows [9s 7h] (two pair, Nines and Sevens)
LotsaBalls12 collected $77.50 from pot
*** SUMMARY ***
Total pot $78 | Rake $0.50
Board [Ac 7c 9h Kc 3h]
Seat 1: LolDnkaments (big blind) showed [8c Td] and lost with high card Ace
Seat 4: LotsaBalls12 (button) (small blind) showed [9s 7h] and won ($77.50) with two pair, Nines and Sevens


PokerStars Hand #153613579394:  Hold'em Limit ($3/$6 USD) - 2016/05/20 21:16:56 ET
Table 'Kentaurus' 6-max Seat #4 is the button
Seat 1: LolDnkaments ($155.84 in chips)
Seat 4: LotsaBalls12 ($151.71 in chips)
LotsaBalls12: posts small blind $1
LolDnkaments: posts big blind $3
*** HOLE CARDS ***
LotsaBalls12: raises $3 to $6
LolDnkaments: folds
Uncalled bet ($3) returned to LotsaBalls12
LotsaBalls12 collected $6 from pot
*** SUMMARY ***
Total pot $6 | Rake $0
Seat 1: LolDnkaments (big blind) folded before Flop
Seat 4: LotsaBalls12 (button) (small blind) collected ($6)


PokerStars Hand #153613583293:  Hold'em Limit ($3/$6 USD) - 2016/05/20 21:17:05 ET
Table 'Kentaurus' 6-max Seat #1 is the button
Seat 1: LolDnkaments ($152.84 in chips)
Seat 4: LotsaBalls12 ($154.71 in chips)
LolDnkaments: posts small blind $1
LotsaBalls12: posts big blind $3
*** HOLE CARDS ***
LolDnkaments: raises $3 to $6
LotsaBalls12: raises $3 to $9
LolDnkaments: calls $3
*** FLOP *** [7c 5d 6d]
LotsaBalls12: bets $3
LolDnkaments: calls $3
*** TURN *** [7c 5d 6d] [8d]
LotsaBalls12 is disconnected
LotsaBalls12 is connected
LotsaBalls12: bets $6
LolDnkaments: calls $6
*** RIVER *** [7c 5d 6d 8d] [7d]
Chessnok joins the table at seat #5
LotsaBalls12: checks
LolDnkaments: bets $6
LotsaBalls12: calls $6
*** SHOW DOWN ***
LolDnkaments: shows [Th Kd] (a flush, King high)
LotsaBalls12: mucks hand
LolDnkaments collected $47.50 from pot
*** SUMMARY ***
Total pot $48 | Rake $0.50
Board [7c 5d 6d 8d 7d]
Seat 1: LolDnkaments (button) (small blind) showed [Th Kd] and won ($47.50) with a flush, King high
Seat 4: LotsaBalls12 (big blind) mucked


PokerStars Hand #153613894540:  Hold'em Limit ($3/$6 USD) - 2016/05/20 21:28:19 ET
Table 'Kentaurus' 6-max Seat #5 is the button
Seat 4: LotsaBalls12 ($15.48 in chips)
Seat 5: Chessnok ($141.42 in chips)
Chessnok: posts small blind $1
LotsaBalls12: posts big blind $3
*** HOLE CARDS ***
Chessnok: raises $3 to $6
LotsaBalls12: raises $3 to $9
Chessnok: calls $3
*** FLOP *** [9s Qd 6d]
LotsaBalls12: bets $3
Chessnok: calls $3
*** TURN *** [9s Qd 6d] [Kd]
LotsaBalls12: checks
Chessnok: bets $6
LotsaBalls12: calls $3.48 and is all-in
Uncalled bet ($2.52) returned to Chessnok
*** RIVER *** [9s Qd 6d Kd] [5d]
*** SHOW DOWN ***
LotsaBalls12: shows [Td 8s] (a flush, King high)
Chessnok: shows [Jd 3d] (a flush, King high - Jack higher)
Chessnok collected $30.46 from pot
*** SUMMARY ***
Total pot $30.96 | Rake $0.50
Board [9s Qd 6d Kd 5d]
Seat 4: LotsaBalls12 (big blind) showed [Td 8s] and lost with a flush, King high
Seat 5: Chessnok (button) (small blind) showed [Jd 3d] and won ($30.46) with a flush, King high


PokerStars Hand #153614311720:  Hold'em Limit ($3/$6 USD) - 2016/05/20 21:43:53 ET
Table 'Kentaurus' 6-max Seat #4 is the button
Seat 4: Wiebe25 ($120 in chips)
Seat 5: Chessnok ($156.40 in chips)
Wiebe25: posts small blind $1
Chessnok: posts big blind $3
*** HOLE CARDS ***
Wiebe25: raises $3 to $6
Chessnok: calls $3
*** FLOP *** [7c 8d 2c]
Chessnok: checks
Wiebe25: bets $3
Chessnok: calls $3
*** TURN *** [7c 8d 2c] [2h]
Chessnok: checks
Wiebe25: bets $6
Chessnok: calls $6
*** RIVER *** [7c 8d 2c 2h] [Js]
Chessnok: checks
Wiebe25: bets $6
Chessnok: calls $6
*** SHOW DOWN ***
Wiebe25: shows [7s Qc] (two pair, Sevens and Deuces)
Chessnok: mucks hand
Wiebe25 collected $41.50 from pot
*** SUMMARY ***
Total pot $42 | Rake $0.50
Board [7c 8d 2c 2h Js]
Seat 4: Wiebe25 (button) (small blind) showed [7s Qc] and won ($41.50) with two pair, Sevens and Deuces
Seat 5: Chessnok (big blind) mucked


PokerStars Hand #153614324780:  Hold'em Limit ($3/$6 USD) - 2016/05/20 21:44:24 ET
Table 'Kentaurus' 6-max Seat #5 is the button
Seat 4: Wiebe25 ($140.50 in chips)
Seat 5: Chessnok ($135.40 in chips)
Chessnok: posts small blind $1
Wiebe25: posts big blind $3
*** HOLE CARDS ***
Chessnok: raises $3 to $6
Wiebe25: calls $3
*** FLOP *** [Th 9h 3s]
Wiebe25: checks
Chessnok: bets $3
Wiebe25: calls $3
*** TURN *** [Th 9h 3s] [5d]
Wiebe25: checks
Chessnok: bets $6
Wiebe25: calls $6
*** RIVER *** [Th 9h 3s 5d] [6d]
Wiebe25: checks
Chessnok: bets $6
Wiebe25: folds
Uncalled bet ($6) returned to Chessnok
Chessnok collected $29.50 from pot
Chessnok: doesn't show hand
*** SUMMARY ***
Total pot $30 | Rake $0.50
Board [Th 9h 3s 5d 6d]
Seat 4: Wiebe25 (big blind) folded on the River
Seat 5: Chessnok (button) (small blind) collected ($29.50)


PokerStars Hand #153614342005:  Hold'em Limit ($3/$6 USD) - 2016/05/20 21:45:05 ET
Table 'Kentaurus' 6-max Seat #5 is the button
Seat 4: Wiebe25 ($140 in chips)
Seat 5: Chessnok ($134.90 in chips)
Chessnok: posts small blind $1
Wiebe25: posts big blind $3
*** HOLE CARDS ***
Chessnok: raises $3 to $6
Wiebe25: calls $3
*** FLOP *** [6h Th 4c]
Wiebe25: bets $3
Chessnok: calls $3
*** TURN *** [6h Th 4c] [9s]
Wiebe25: bets $6
Chessnok: calls $6
*** RIVER *** [6h Th 4c 9s] [Qc]
Wiebe25: checks
at45newlife joins the table at seat #6
Chessnok: bets $6
Wiebe25: calls $6
*** SHOW DOWN ***
Chessnok: shows [9d 7s] (a pair of Nines)
Wiebe25: mucks hand
Chessnok collected $41.50 from pot
*** SUMMARY ***
Total pot $42 | Rake $0.50
Board [6h Th 4c 9s Qc]
Seat 4: Wiebe25 (big blind) mucked
Seat 5: Chessnok (button) (small blind) showed [9d 7s] and won ($41.50) with a pair of Nines


PokerStars Hand #153614351778:  Hold'em Limit ($3/$6 USD) - 2016/05/20 21:45:28 ET
Table 'Kentaurus' 6-max Seat #4 is the button
Seat 4: Wiebe25 ($119 in chips)
Seat 5: Chessnok ($155.40 in chips)
Wiebe25: posts small blind $1
Chessnok: posts big blind $3
*** HOLE CARDS ***
Wiebe25: calls $2
Chessnok: checks
*** FLOP *** [Kd 9c 2s]
Chessnok: bets $3
Wiebe25: folds
Uncalled bet ($3) returned to Chessnok
Chessnok collected $5.88 from pot
Chessnok: doesn't show hand
*** SUMMARY ***
Total pot $6 | Rake $0.12
Board [Kd 9c 2s]
Seat 4: Wiebe25 (button) (small blind) folded on the Flop
Seat 5: Chessnok (big blind) collected ($5.88)


PokerStars Hand #153614334374:  Hold'em Limit ($3/$6 USD) - 2016/05/20 21:44:47 ET
Table 'Kentaurus' 6-max Seat #4 is the button
Seat 4: Wiebe25 ($125.50 in chips)
Seat 5: Chessnok ($149.90 in chips)
Wiebe25: posts small blind $1
Chessnok: posts big blind $3
*** HOLE CARDS ***
Wiebe25: calls $2
Chessnok: raises $3 to $6
Wiebe25: calls $3
*** FLOP *** [7h 3s 8s]
Chessnok: bets $3
Wiebe25: calls $3
*** TURN *** [7h 3s 8s] [2s]
Chessnok: checks
Wiebe25: bets $6
Chessnok: calls $6
*** RIVER *** [7h 3s 8s 2s] [Qh]
Chessnok: checks
Wiebe25: checks
*** SHOW DOWN ***
Chessnok: shows [Th Jd] (high card Queen)
Wiebe25: shows [4d 3h] (a pair of Threes)
Wiebe25 collected $29.50 from pot
*** SUMMARY ***
Total pot $30 | Rake $0.50
Board [7h 3s 8s 2s Qh]
Seat 4: Wiebe25 (button) (small blind) showed [4d 3h] and won ($29.50) with a pair of Threes
Seat 5: Chessnok (big blind) showed [Th Jd] and lost with high card Queen


PokerStars Hand #153614477175:  Hold'em Limit ($3/$6 USD) - 2016/05/20 21:50:27 ET
Table 'Kentaurus' 6-max Seat #5 is the button
Seat 3: fabricio004 ($107.20 in chips)
Seat 5: Chessnok ($161.56 in chips)
Chessnok: posts small blind $1
fabricio004: posts big blind $3
*** HOLE CARDS ***
Chessnok: raises $3 to $6
fabricio004: calls $3
*** FLOP *** [9s Ah 9d]
fabricio004: bets $3
Chessnok: raises $3 to $6
fabricio004: calls $3
*** TURN *** [9s Ah 9d] [Kd]
mobo2008 joins the table at seat #1
fabricio004: checks
Chessnok: bets $6
fabricio004: folds
Uncalled bet ($6) returned to Chessnok
Chessnok collected $23.52 from pot
Chessnok: doesn't show hand
*** SUMMARY ***
Total pot $24 | Rake $0.48
Board [9s Ah 9d Kd]
Seat 3: fabricio004 (big blind) folded on the Turn
Seat 5: Chessnok (button) (small blind) collected ($23.52)


PokerStars Hand #153614463873:  Hold'em Limit ($3/$6 USD) - 2016/05/20 21:49:55 ET
Table 'Kentaurus' 6-max Seat #3 is the button
Seat 3: fabricio004 ($116.20 in chips)
Seat 5: Chessnok ($152.92 in chips)
fabricio004: posts small blind $1
Chessnok: posts big blind $3
*** HOLE CARDS ***
fabricio004: calls $2
Chessnok: raises $3 to $6
fabricio004: raises $3 to $9
Chessnok: calls $3
*** FLOP *** [5h As Ac]
Chessnok: checks
Necromadx joins the table at seat #4
fabricio004: checks
*** TURN *** [5h As Ac] [2h]
Chessnok: checks
fabricio004: checks
*** RIVER *** [5h As Ac 2h] [3c]
Chessnok: bets $6
fabricio004: folds
Uncalled bet ($6) returned to Chessnok
Chessnok collected $17.64 from pot
Chessnok: doesn't show hand
*** SUMMARY ***
Total pot $18 | Rake $0.36
Board [5h As Ac 2h 3c]
Seat 3: fabricio004 (button) (small blind) folded on the River
Seat 5: Chessnok (big blind) collected ($17.64)


PokerStars Hand #153617380810:  Hold'em Limit ($3/$6 USD) - 2016/05/21 0:10:04 ET
Table 'Kentaurus' 6-max Seat #1 is the button
Seat 1: akima34 ($120 in chips)
Seat 6: belik555 ($120.92 in chips)
akima34: posts small blind $1
belik555: posts big blind $3
*** HOLE CARDS ***
akima34: folds
Uncalled bet ($2) returned to belik555
belik555 collected $2 from pot
belik555: doesn't show hand
*** SUMMARY ***
Total pot $2 | Rake $0
Seat 1: akima34 (button) (small blind) folded before Flop
Seat 6: belik555 (big blind) collected ($2)


PokerStars Hand #153617402599:  Hold'em Limit ($3/$6 USD) - 2016/05/21 0:11:20 ET
Table 'Kentaurus' 6-max Seat #1 is the button
Seat 1: akima34 ($135.04 in chips)
Seat 6: belik555 ($104.68 in chips)
akima34: posts small blind $1
belik555: posts big blind $3
*** HOLE CARDS ***
akima34: folds
Uncalled bet ($2) returned to belik555
belik555 collected $2 from pot
belik555: doesn't show hand
*** SUMMARY ***
Total pot $2 | Rake $0
Seat 1: akima34 (button) (small blind) folded before Flop
Seat 6: belik555 (big blind) collected ($2)


PokerStars Hand #153617399307:  Hold'em Limit ($3/$6 USD) - 2016/05/21 0:11:09 ET
Table 'Kentaurus' 6-max Seat #6 is the button
Seat 1: akima34 ($126.40 in chips)
Seat 6: belik555 ($113.68 in chips)
belik555: posts small blind $1
akima34: posts big blind $3
*** HOLE CARDS ***
belik555: raises $3 to $6
akima34: raises $3 to $9
belik555: calls $3
*** FLOP *** [Ks Kh Ad]
akima34: bets $3
belik555: folds
Uncalled bet ($3) returned to akima34
akima34 collected $17.64 from pot
akima34: doesn't show hand
*** SUMMARY ***
Total pot $18 | Rake $0.36
Board [Ks Kh Ad]
Seat 1: akima34 (big blind) collected ($17.64)
Seat 6: belik555 (button) (small blind) folded on the Flop


PokerStars Hand #153617394577:  Hold'em Limit ($3/$6 USD) - 2016/05/21 0:10:52 ET
Table 'Kentaurus' 6-max Seat #1 is the button
Seat 1: akima34 ($120.64 in chips)
Seat 6: belik555 ($119.68 in chips)
akima34: posts small blind $1
belik555: posts big blind $3
*** HOLE CARDS ***
akima34: raises $3 to $6
belik555: calls $3
*** FLOP *** [9s 9c Qd]
belik555: checks
akima34: bets $3
belik555: folds
Uncalled bet ($3) returned to akima34
akima34 collected $11.76 from pot
akima34: doesn't show hand
*** SUMMARY ***
Total pot $12 | Rake $0.24
Board [9s 9c Qd]
Seat 1: akima34 (button) (small blind) collected ($11.76)
Seat 6: belik555 (big blind) folded on the Flop


PokerStars Hand #153617390720:  Hold'em Limit ($3/$6 USD) - 2016/05/21 0:10:39 ET
Table 'Kentaurus' 6-max Seat #6 is the button
Seat 1: akima34 ($126.64 in chips)
Seat 6: belik555 ($113.92 in chips)
belik555: posts small blind $1
akima34: posts big blind $3
*** HOLE CARDS ***
belik555: raises $3 to $6
akima34: calls $3
*** FLOP *** [3d Qd 2d]
akima34: checks
belik555: bets $3
akima34: folds
Uncalled bet ($3) returned to belik555
belik555 collected $11.76 from pot
belik555: doesn't show hand
*** SUMMARY ***
Total pot $12 | Rake $0.24
Board [3d Qd 2d]
Seat 1: akima34 (big blind) folded on the Flop
Seat 6: belik555 (button) (small blind) collected ($11.76)


PokerStars Hand #153617388941:  Hold'em Limit ($3/$6 USD) - 2016/05/21 0:10:33 ET
Table 'Kentaurus' 6-max Seat #1 is the button
Seat 1: akima34 ($127.64 in chips)
Seat 6: belik555 ($112.92 in chips)
akima34: posts small blind $1
belik555: posts big blind $3
*** HOLE CARDS ***
akima34: folds
Uncalled bet ($2) returned to belik555
belik555 collected $2 from pot
belik555: doesn't show hand
*** SUMMARY ***
Total pot $2 | Rake $0
Seat 1: akima34 (button) (small blind) folded before Flop
Seat 6: belik555 (big blind) collected ($2)


PokerStars Hand #153617382655:  Hold'em Limit ($3/$6 USD) - 2016/05/21 0:10:10 ET
Table 'Kentaurus' 6-max Seat #6 is the button
Seat 1: akima34 ($119 in chips)
Seat 6: belik555 ($121.92 in chips)
belik555: posts small blind $1
akima34: posts big blind $3
*** HOLE CARDS ***
belik555: raises $3 to $6
akima34: calls $3
*** FLOP *** [2c 6d 5h]
akima34: checks
belik555: bets $3
akima34: calls $3
*** TURN *** [2c 6d 5h] [9d]
akima34: checks
belik555: checks
*** RIVER *** [2c 6d 5h 9d] [Ac]
akima34: bets $6
belik555: folds
Uncalled bet ($6) returned to akima34
akima34 collected $17.64 from pot
akima34: doesn't show hand
*** SUMMARY ***
Total pot $18 | Rake $0.36
Board [2c 6d 5h 9d Ac]
Seat 1: akima34 (big blind) collected ($17.64)
Seat 6: belik555 (button) (small blind) folded on the River


PokerStars Hand #153617405407:  Hold'em Limit ($3/$6 USD) - 2016/05/21 0:11:30 ET
Table 'Kentaurus' 6-max Seat #1 is the button
Seat 1: akima34 ($135.04 in chips)
Seat 6: belik555 ($104.68 in chips)
akima34: posts small blind $1
belik555: posts big blind $3
*** HOLE CARDS ***
akima34: raises $3 to $6
belik555: calls $3
*** FLOP *** [Qs 9s Ac]
belik555: checks
akima34: checks
*** TURN *** [Qs 9s Ac] [9d]
belik555: bets $6
akima34: raises $6 to $12
belik555: calls $6
*** RIVER *** [Qs 9s Ac 9d] [Kd]
belik555: checks
akima34: bets $6
belik555: raises $6 to $12
akima34: calls $6
*** SHOW DOWN ***
belik555: shows [7d 9c] (three of a kind, Nines)
akima34: mucks hand
belik555 collected $59.50 from pot
*** SUMMARY ***
Total pot $60 | Rake $0.50
Board [Qs 9s Ac 9d Kd]
Seat 1: akima34 (button) (small blind) mucked
Seat 6: belik555 (big blind) showed [7d 9c] and won ($59.50) with three of a kind, Nines


PokerStars Hand #153617404120:  Hold'em Limit ($3/$6 USD) - 2016/05/21 0:11:26 ET
Table 'Kentaurus' 6-max Seat #6 is the button
Seat 1: akima34 ($134.04 in chips)
Seat 6: belik555 ($105.68 in chips)
belik555: posts small blind $1
akima34: posts big blind $3
*** HOLE CARDS ***
belik555: folds
Uncalled bet ($2) returned to akima34
akima34 collected $2 from pot
akima34: doesn't show hand
*** SUMMARY ***
Total pot $2 | Rake $0
Seat 1: akima34 (big blind) collected ($2)
Seat 6: belik555 (button) (small blind) folded before Flop


PokerStars Hand #153617436901:  Hold'em Limit ($3/$6 USD) - 2016/05/21 0:13:21 ET
Table 'Kentaurus' 6-max Seat #1 is the button
Seat 1: akima34 ($105.68 in chips)
Seat 6: belik555 ($132.82 in chips)
akima34: posts small blind $1
belik555: posts big blind $3
*** HOLE CARDS ***
akima34: folds
Uncalled bet ($2) returned to belik555
belik555 collected $2 from pot
belik555: doesn't show hand
*** SUMMARY ***
Total pot $2 | Rake $0
Seat 1: akima34 (button) (small blind) folded before Flop
Seat 6: belik555 (big blind) collected ($2)


PokerStars Hand #153617429526:  Hold'em Limit ($3/$6 USD) - 2016/05/21 0:12:55 ET
Table 'Kentaurus' 6-max Seat #6 is the button
Seat 1: akima34 ($114.68 in chips)
Seat 6: belik555 ($124.18 in chips)
belik555: posts small blind $1
akima34: posts big blind $3
*** HOLE CARDS ***
belik555: raises $3 to $6
akima34: calls $3
*** FLOP *** [5h 3d Ks]
akima34: checks
belik555: bets $3
akima34: calls $3
*** TURN *** [5h 3d Ks] [8d]
akima34: checks
belik555: bets $6
akima34: folds
Uncalled bet ($6) returned to belik555
belik555 collected $17.64 from pot
belik555: doesn't show hand
*** SUMMARY ***
Total pot $18 | Rake $0.36
Board [5h 3d Ks 8d]
Seat 1: akima34 (big blind) folded on the Turn
Seat 6: belik555 (button) (small blind) collected ($17.64)


PokerStars Hand #153617423066:  Hold'em Limit ($3/$6 USD) - 2016/05/21 0:12:33 ET
Table 'Kentaurus' 6-max Seat #1 is the button
Seat 1: akima34 ($106.04 in chips)
Seat 6: belik555 ($133.18 in chips)
akima34: posts small blind $1
belik555: posts big blind $3
*** HOLE CARDS ***
akima34: raises $3 to $6
belik555: calls $3
*** FLOP *** [Th 3s Tc]
belik555: checks
akima34: bets $3
belik555: calls $3
*** TURN *** [Th 3s Tc] [5s]
belik555: checks
akima34: checks
*** RIVER *** [Th 3s Tc 5s] [4d]
belik555: checks
akima34: checks
*** SHOW DOWN ***
belik555: shows [8d 6c] (a pair of Tens)
akima34: shows [Kd Js] (a pair of Tens - King kicker)
akima34 collected $17.64 from pot
*** SUMMARY ***
Total pot $18 | Rake $0.36
Board [Th 3s Tc 5s 4d]
Seat 1: akima34 (button) (small blind) showed [Kd Js] and won ($17.64) with a pair of Tens
Seat 6: belik555 (big blind) showed [8d 6c] and lost with a pair of Tens


PokerStars Hand #153617420139:  Hold'em Limit ($3/$6 USD) - 2016/05/21 0:12:22 ET
Table 'Kentaurus' 6-max Seat #6 is the button
Seat 1: akima34 ($105.04 in chips)
Seat 6: belik555 ($134.18 in chips)
belik555: posts small blind $1
akima34: posts big blind $3
*** HOLE CARDS ***
belik555: folds
Uncalled bet ($2) returned to akima34
akima34 collected $2 from pot
akima34: doesn't show hand
*** SUMMARY ***
Total pot $2 | Rake $0
Seat 1: akima34 (big blind) collected ($2)
Seat 6: belik555 (button) (small blind) folded before Flop


PokerStars Hand #153617453669:  Hold'em Limit ($3/$6 USD) - 2016/05/21 0:14:20 ET
Table 'Kentaurus' 6-max Seat #1 is the button
Seat 1: akima34 ($149.18 in chips)
Seat 6: belik555 ($88.82 in chips)
akima34: posts small blind $1
belik555: posts big blind $3
*** HOLE CARDS ***
akima34: folds
Uncalled bet ($2) returned to belik555
belik555 collected $2 from pot
belik555: doesn't show hand
*** SUMMARY ***
Total pot $2 | Rake $0
Seat 1: akima34 (button) (small blind) folded before Flop
Seat 6: belik555 (big blind) collected ($2)


PokerStars Hand #153617438387:  Hold'em Limit ($3/$6 USD) - 2016/05/21 0:13:27 ET
Table 'Kentaurus' 6-max Seat #6 is the button
Seat 1: akima34 ($104.68 in chips)
Seat 6: belik555 ($133.82 in chips)
belik555: posts small blind $1
akima34: posts big blind $3
*** HOLE CARDS ***
belik555: raises $3 to $6
akima34: raises $3 to $9
belik555: raises $3 to $12
Betting is capped
akima34: calls $3
*** FLOP *** [5h 2c 6d]
akima34: checks
belik555: bets $3
akima34: calls $3
*** TURN *** [5h 2c 6d] [Kc]
akima34: bets $6
belik555: calls $6
*** RIVER *** [5h 2c 6d Kc] [Qh]
akima34: bets $6
belik555: raises $6 to $12
akima34: raises $6 to $18
belik555: raises $6 to $24
Betting is capped
akima34: calls $6
*** SHOW DOWN ***
belik555: shows [Kd Ks] (three of a kind, Kings)
akima34: shows [4s 3d] (a straight, Deuce to Six)
akima34 collected $89.50 from pot
*** SUMMARY ***
Total pot $90 | Rake $0.50
Board [5h 2c 6d Kc Qh]
Seat 1: akima34 (big blind) showed [4s 3d] and won ($89.50) with a straight, Deuce to Six
Seat 6: belik555 (button) (small blind) showed [Kd Ks] and lost with three of a kind, Kings


PokerStars Hand #153617455654:  Hold'em Limit ($3/$6 USD) - 2016/05/21 0:14:27 ET
Table 'Kentaurus' 6-max Seat #6 is the button
Seat 1: akima34 ($148.18 in chips)
Seat 6: belik555 ($89.82 in chips)
belik555: posts small blind $1
akima34: posts big blind $3
*** HOLE CARDS ***
belik555: raises $3 to $6
akima34: calls $3
*** FLOP *** [6s Tc Kc]
akima34: checks
belik555: bets $3
akima34: calls $3
*** TURN *** [6s Tc Kc] [Jh]
akima34: checks
belik555: bets $6
akima34: calls $6
*** RIVER *** [6s Tc Kc Jh] [4c]
akima34: checks
belik555: bets $6
akima34: folds
Uncalled bet ($6) returned to belik555
belik555 collected $29.50 from pot
belik555: doesn't show hand
*** SUMMARY ***
Total pot $30 | Rake $0.50
Board [6s Tc Kc Jh 4c]
Seat 1: akima34 (big blind) folded on the River
Seat 6: belik555 (button) (small blind) collected ($29.50)


PokerStars Hand #153617464885:  Hold'em Limit ($3/$6 USD) - 2016/05/21 0:15:00 ET
Table 'Kentaurus' 6-max Seat #1 is the button
Seat 1: akima34 ($133.18 in chips)
Seat 6: belik555 ($104.32 in chips)
akima34: posts small blind $1
belik555: posts big blind $3
*** HOLE CARDS ***
akima34: raises $3 to $6
belik555: calls $3
*** FLOP *** [5s Jh 5d]
belik555: checks
akima34: checks
*** TURN *** [5s Jh 5d] [Ks]
belik555: checks
akima34: bets $6
belik555: folds
Uncalled bet ($6) returned to akima34
akima34 collected $11.76 from pot
akima34: doesn't show hand
*** SUMMARY ***
Total pot $12 | Rake $0.24
Board [5s Jh 5d Ks]
Seat 1: akima34 (button) (small blind) collected ($11.76)
Seat 6: belik555 (big blind) folded on the Turn


PokerStars Hand #153617469391:  Hold'em Limit ($3/$6 USD) - 2016/05/21 0:15:15 ET
Table 'Kentaurus' 6-max Seat #6 is the button
Seat 1: akima34 ($138.94 in chips)
Seat 6: belik555 ($98.32 in chips)
belik555: posts small blind $1
akima34: posts big blind $3
*** HOLE CARDS ***
belik555: raises $3 to $6
akima34: calls $3
*** FLOP *** [6d 4c Ts]
akima34: checks
belik555: bets $3
akima34: raises $3 to $6
belik555: calls $3
*** TURN *** [6d 4c Ts] [9s]
akima34: bets $6
belik555: calls $6
*** RIVER *** [6d 4c Ts 9s] [Ah]
akima34: checks
belik555: bets $6
akima34: calls $6
*** SHOW DOWN ***
belik555: shows [Th 5s] (a pair of Tens)
akima34: mucks hand
belik555 collected $47.50 from pot
*** SUMMARY ***
Total pot $48 | Rake $0.50
Board [6d 4c Ts 9s Ah]
Seat 1: akima34 (big blind) mucked
Seat 6: belik555 (button) (small blind) showed [Th 5s] and won ($47.50) with a pair of Tens


PokerStars Hand #153617485712:  Hold'em Limit ($3/$6 USD) - 2016/05/21 0:16:12 ET
Table 'Kentaurus' 6-max Seat #1 is the button
Seat 1: akima34 ($132.22 in chips)
Seat 6: belik555 ($103.82 in chips)
akima34: posts small blind $1
belik555: posts big blind $3
*** HOLE CARDS ***
akima34: folds
Uncalled bet ($2) returned to belik555
belik555 collected $2 from pot
belik555: doesn't show hand
*** SUMMARY ***
Total pot $2 | Rake $0
Seat 1: akima34 (button) (small blind) folded before Flop
Seat 6: belik555 (big blind) collected ($2)


PokerStars Hand #153617481912:  Hold'em Limit ($3/$6 USD) - 2016/05/21 0:15:59 ET
Table 'Kentaurus' 6-max Seat #6 is the button
Seat 1: akima34 ($120.70 in chips)
Seat 6: belik555 ($115.82 in chips)
belik555: posts small blind $1
akima34: posts big blind $3
*** HOLE CARDS ***
belik555: raises $3 to $6
akima34: raises $3 to $9
belik555: calls $3
*** FLOP *** [Kh Qc 3h]
akima34: bets $3
belik555: calls $3
*** TURN *** [Kh Qc 3h] [5d]
akima34: bets $6
belik555: folds
Uncalled bet ($6) returned to akima34
akima34 collected $23.52 from pot
akima34: doesn't show hand
*** SUMMARY ***
Total pot $24 | Rake $0.48
Board [Kh Qc 3h 5d]
Seat 1: akima34 (big blind) collected ($23.52)
Seat 6: belik555 (button) (small blind) folded on the Turn


PokerStars Hand #153617478393:  Hold'em Limit ($3/$6 USD) - 2016/05/21 0:15:47 ET
Table 'Kentaurus' 6-max Seat #1 is the button
Seat 1: akima34 ($114.94 in chips)
Seat 6: belik555 ($121.82 in chips)
akima34: posts small blind $1
belik555: posts big blind $3
*** HOLE CARDS ***
akima34: raises $3 to $6
belik555: calls $3
*** FLOP *** [8h Ks Qh]
belik555: checks
akima34: bets $3
belik555: folds
Uncalled bet ($3) returned to akima34
akima34 collected $11.76 from pot
akima34: doesn't show hand
*** SUMMARY ***
Total pot $12 | Rake $0.24
Board [8h Ks Qh]
Seat 1: akima34 (button) (small blind) collected ($11.76)
Seat 6: belik555 (big blind) folded on the Flop


PokerStars Hand #153617487213:  Hold'em Limit ($3/$6 USD) - 2016/05/21 0:16:18 ET
Table 'Kentaurus' 6-max Seat #6 is the button
Seat 1: akima34 ($131.22 in chips)
Seat 6: belik555 ($104.82 in chips)
belik555: posts small blind $1
akima34: posts big blind $3
*** HOLE CARDS ***
belik555: raises $3 to $6
akima34: calls $3
*** FLOP *** [3c Kd As]
akima34: checks
belik555: bets $3
akima34: folds
Uncalled bet ($3) returned to belik555
belik555 collected $11.76 from pot
belik555: doesn't show hand
*** SUMMARY ***
Total pot $12 | Rake $0.24
Board [3c Kd As]
Seat 1: akima34 (big blind) folded on the Flop
Seat 6: belik555 (button) (small blind) collected ($11.76)


PokerStars Hand #153617490898:  Hold'em Limit ($3/$6 USD) - 2016/05/21 0:16:30 ET
Table 'Kentaurus' 6-max Seat #1 is the button
Seat 1: akima34 ($125.22 in chips)
Seat 6: belik555 ($110.58 in chips)
akima34: posts small blind $1
belik555: posts big blind $3
*** HOLE CARDS ***
akima34: raises $3 to $6
belik555: calls $3
*** FLOP *** [Qc 8s Jh]
belik555: checks
akima34: bets $3
belik555: folds
Uncalled bet ($3) returned to akima34
akima34 collected $11.76 from pot
akima34: doesn't show hand
*** SUMMARY ***
Total pot $12 | Rake $0.24
Board [Qc 8s Jh]
Seat 1: akima34 (button) (small blind) collected ($11.76)
Seat 6: belik555 (big blind) folded on the Flop


PokerStars Hand #153617495020:  Hold'em Limit ($3/$6 USD) - 2016/05/21 0:16:45 ET
Table 'Kentaurus' 6-max Seat #6 is the button
Seat 1: akima34 ($130.98 in chips)
Seat 6: belik555 ($104.58 in chips)
belik555: posts small blind $1
akima34: posts big blind $3
*** HOLE CARDS ***
belik555: raises $3 to $6
akima34: raises $3 to $9
belik555: calls $3
*** FLOP *** [7s Ac Qd]
akima34: bets $3
belik555: calls $3
*** TURN *** [7s Ac Qd] [8c]
akima34: bets $6
belik555: calls $6
*** RIVER *** [7s Ac Qd 8c] [Jd]
akima34: checks
belik555: bets $6
akima34: calls $6
*** SHOW DOWN ***
belik555: shows [Qc Th] (a pair of Queens)
akima34: mucks hand
belik555 collected $47.50 from pot
*** SUMMARY ***
Total pot $48 | Rake $0.50
Board [7s Ac Qd 8c Jd]
Seat 1: akima34 (big blind) mucked
Seat 6: belik555 (button) (small blind) showed [Qc Th] and won ($47.50) with a pair of Queens


PokerStars Hand #153617505732:  Hold'em Limit ($3/$6 USD) - 2016/05/21 0:17:22 ET
Table 'Kentaurus' 6-max Seat #1 is the button
Seat 1: akima34 ($106.98 in chips)
Seat 6: belik555 ($128.08 in chips)
akima34: posts small blind $1
belik555: posts big blind $3
*** HOLE CARDS ***
akima34: raises $3 to $6
belik555: calls $3
*** FLOP *** [2h 5c 5s]
belik555: checks
akima34: checks
*** TURN *** [2h 5c 5s] [Ks]
belik555: bets $6
akima34: folds
Uncalled bet ($6) returned to belik555
belik555 collected $11.76 from pot
belik555: doesn't show hand
*** SUMMARY ***
Total pot $12 | Rake $0.24
Board [2h 5c 5s Ks]
Seat 1: akima34 (button) (small blind) folded on the Turn
Seat 6: belik555 (big blind) collected ($11.76)


PokerStars Hand #153617517950:  Hold'em Limit ($3/$6 USD) - 2016/05/21 0:18:05 ET
Table 'Kentaurus' 6-max Seat #6 is the button
Seat 1: akima34 ($111.50 in chips)
Seat 6: belik555 ($122.84 in chips)
belik555: posts small blind $1
akima34: posts big blind $3
*** HOLE CARDS ***
belik555: raises $3 to $6
akima34: calls $3
*** FLOP *** [Td 2h Ts]
akima34: checks
belik555: bets $3
akima34: calls $3
*** TURN *** [Td 2h Ts] [3s]
akima34: checks
belik555: checks
*** RIVER *** [Td 2h Ts 3s] [7h]
akima34: bets $6
belik555: calls $6
*** SHOW DOWN ***
akima34: shows [Qs 6d] (a pair of Tens)
belik555: shows [Ah 6h] (a pair of Tens - Ace kicker)
belik555 collected $29.50 from pot
*** SUMMARY ***
Total pot $30 | Rake $0.50
Board [Td 2h Ts 3s 7h]
Seat 1: akima34 (big blind) showed [Qs 6d] and lost with a pair of Tens
Seat 6: belik555 (button) (small blind) showed [Ah 6h] and won ($29.50) with a pair of Tens


PokerStars Hand #153617516376:  Hold'em Limit ($3/$6 USD) - 2016/05/21 0:18:00 ET
Table 'Kentaurus' 6-max Seat #1 is the button
Seat 1: akima34 ($112.50 in chips)
Seat 6: belik555 ($121.84 in chips)
akima34: posts small blind $1
belik555: posts big blind $3
*** HOLE CARDS ***
akima34: folds
Uncalled bet ($2) returned to belik555
belik555 collected $2 from pot
belik555: doesn't show hand
*** SUMMARY ***
Total pot $2 | Rake $0
Seat 1: akima34 (button) (small blind) folded before Flop
Seat 6: belik555 (big blind) collected ($2)


PokerStars Hand #153617511632:  Hold'em Limit ($3/$6 USD) - 2016/05/21 0:17:43 ET
Table 'Kentaurus' 6-max Seat #6 is the button
Seat 1: akima34 ($100.98 in chips)
Seat 6: belik555 ($133.84 in chips)
belik555: posts small blind $1
akima34: posts big blind $3
*** HOLE CARDS ***
belik555: raises $3 to $6
akima34: raises $3 to $9
belik555: calls $3
*** FLOP *** [8c 9h 5s]
akima34: bets $3
belik555: calls $3
*** TURN *** [8c 9h 5s] [4h]
akima34: checks
belik555: checks
*** RIVER *** [8c 9h 5s 4h] [2h]
akima34: bets $6
belik555: folds
Uncalled bet ($6) returned to akima34
akima34 collected $23.52 from pot
akima34: doesn't show hand
*** SUMMARY ***
Total pot $24 | Rake $0.48
Board [8c 9h 5s 4h 2h]
Seat 1: akima34 (big blind) collected ($23.52)
Seat 6: belik555 (button) (small blind) folded on the River


PokerStars Hand #153617524162:  Hold'em Limit ($3/$6 USD) - 2016/05/21 0:18:27 ET
Table 'Kentaurus' 6-max Seat #1 is the button
Seat 1: akima34 ($96.50 in chips)
Seat 6: belik555 ($137.34 in chips)
akima34: posts small blind $1
belik555: posts big blind $3
*** HOLE CARDS ***
akima34: raises $3 to $6
belik555: calls $3
*** FLOP *** [8s Js Kd]
belik555: checks
akima34: bets $3
belik555: calls $3
*** TURN *** [8s Js Kd] [8d]
belik555: checks
akima34: bets $6
belik555: calls $6
*** RIVER *** [8s Js Kd 8d] [6d]
belik555: checks
akima34: bets $6
belik555: calls $6
*** SHOW DOWN ***
akima34: shows [2c Qd] (a pair of Eights)
belik555: shows [4c Jd] (two pair, Jacks and Eights)
belik555 collected $41.50 from pot
*** SUMMARY ***
Total pot $42 | Rake $0.50
Board [8s Js Kd 8d 6d]
Seat 1: akima34 (button) (small blind) showed [2c Qd] and lost with a pair of Eights
Seat 6: belik555 (big blind) showed [4c Jd] and won ($41.50) with two pair, Jacks and Eights


PokerStars Hand #153617549917:  Hold'em Limit ($3/$6 USD) - 2016/05/21 0:19:57 ET
Table 'Kentaurus' 6-max Seat #1 is the button
Seat 1: akima34 ($48.50 in chips)
Seat 6: belik555 ($184.34 in chips)
akima34: posts small blind $1
belik555: posts big blind $3
*** HOLE CARDS ***
akima34: calls $2
belik555: checks
*** FLOP *** [Ac 8c Ah]
belik555: bets $3
akima34: raises $3 to $6
belik555: calls $3
*** TURN *** [Ac 8c Ah] [Qh]
belik555: checks
akima34: bets $6
belik555: calls $6
*** RIVER *** [Ac 8c Ah Qh] [6c]
belik555: checks
akima34: bets $6
belik555: calls $6
*** SHOW DOWN ***
akima34: shows [9s As] (three of a kind, Aces)
belik555: mucks hand
akima34 collected $41.50 from pot
*** SUMMARY ***
Total pot $42 | Rake $0.50
Board [Ac 8c Ah Qh 6c]
Seat 1: akima34 (button) (small blind) showed [9s As] and won ($41.50) with three of a kind, Aces
Seat 6: belik555 (big blind) mucked


PokerStars Hand #153617536020:  Hold'em Limit ($3/$6 USD) - 2016/05/21 0:19:08 ET
Table 'Kentaurus' 6-max Seat #6 is the button
Seat 1: akima34 ($75.50 in chips)
Seat 6: belik555 ($157.84 in chips)
belik555: posts small blind $1
akima34: posts big blind $3
*** HOLE CARDS ***
belik555: raises $3 to $6
akima34: raises $3 to $9
belik555: raises $3 to $12
Betting is capped
akima34: calls $3
*** FLOP *** [4c As 4h]
akima34: checks
belik555: bets $3
akima34: calls $3
*** TURN *** [4c As 4h] [4d]
akima34: checks
belik555: bets $6
akima34: calls $6
*** RIVER *** [4c As 4h 4d] [Qd]
akima34: checks
belik555: bets $6
akima34: calls $6
*** SHOW DOWN ***
belik555: shows [Ah Kh] (a full house, Fours full of Aces)
akima34: mucks hand
belik555 collected $53.50 from pot
*** SUMMARY ***
Total pot $54 | Rake $0.50
Board [4c As 4h 4d Qd]
Seat 1: akima34 (big blind) mucked
Seat 6: belik555 (button) (small blind) showed [Ah Kh] and won ($53.50) with a full house, Fours full of Aces


PokerStars Hand #153617571082:  Hold'em Limit ($3/$6 USD) - 2016/05/21 0:21:13 ET
Table 'Kentaurus' 6-max Seat #6 is the button
Seat 1: akima34 ($93.50 in chips)
Seat 6: belik555 ($138.10 in chips)
belik555: posts small blind $1
akima34: posts big blind $3
*** HOLE CARDS ***
belik555: raises $3 to $6
akima34: calls $3
*** FLOP *** [2s Ad 6d]
akima34: checks
belik555: bets $3
akima34: folds
Uncalled bet ($3) returned to belik555
belik555 collected $11.76 from pot
belik555: doesn't show hand
*** SUMMARY ***
Total pot $12 | Rake $0.24
Board [2s Ad 6d]
Seat 1: akima34 (big blind) folded on the Flop
Seat 6: belik555 (button) (small blind) collected ($11.76)


PokerStars Hand #153617569837:  Hold'em Limit ($3/$6 USD) - 2016/05/21 0:21:08 ET
Table 'Kentaurus' 6-max Seat #1 is the button
Seat 1: akima34 ($94.50 in chips)
Seat 6: belik555 ($137.10 in chips)
akima34: posts small blind $1
belik555: posts big blind $3
*** HOLE CARDS ***
akima34: folds
Uncalled bet ($2) returned to belik555
belik555 collected $2 from pot
belik555: doesn't show hand
*** SUMMARY ***
Total pot $2 | Rake $0
Seat 1: akima34 (button) (small blind) folded before Flop
Seat 6: belik555 (big blind) collected ($2)


PokerStars Hand #153617566245:  Hold'em Limit ($3/$6 USD) - 2016/05/21 0:20:56 ET
Table 'Kentaurus' 6-max Seat #6 is the button
Seat 1: akima34 ($100.50 in chips)
Seat 6: belik555 ($131.34 in chips)
belik555: posts small blind $1
akima34: posts big blind $3
*** HOLE CARDS ***
belik555: raises $3 to $6
akima34: calls $3
*** FLOP *** [Td Ah 6s]
akima34: checks
belik555: bets $3
akima34: folds
Uncalled bet ($3) returned to belik555
belik555 collected $11.76 from pot
belik555: doesn't show hand
*** SUMMARY ***
Total pot $12 | Rake $0.24
Board [Td Ah 6s]
Seat 1: akima34 (big blind) folded on the Flop
Seat 6: belik555 (button) (small blind) collected ($11.76)


PokerStars Hand #153617564727:  Hold'em Limit ($3/$6 USD) - 2016/05/21 0:20:50 ET
Table 'Kentaurus' 6-max Seat #1 is the button
Seat 1: akima34 ($101.50 in chips)
Seat 6: belik555 ($130.34 in chips)
akima34: posts small blind $1
belik555: posts big blind $3
*** HOLE CARDS ***
akima34: folds
Uncalled bet ($2) returned to belik555
belik555 collected $2 from pot
belik555: doesn't show hand
*** SUMMARY ***
Total pot $2 | Rake $0
Seat 1: akima34 (button) (small blind) folded before Flop
Seat 6: belik555 (big blind) collected ($2)


PokerStars Hand #153617556326:  Hold'em Limit ($3/$6 USD) - 2016/05/21 0:20:20 ET
Table 'Kentaurus' 6-max Seat #6 is the button
Seat 1: akima34 ($69 in chips)
Seat 6: belik555 ($163.34 in chips)
belik555: posts small blind $1
akima34: posts big blind $3
*** HOLE CARDS ***
belik555: raises $3 to $6
akima34: calls $3
*** FLOP *** [Tc 4c 2d]
akima34: checks
belik555: bets $3
akima34: calls $3
*** TURN *** [Tc 4c 2d] [Kd]
akima34: checks
belik555: checks
*** RIVER *** [Tc 4c 2d Kd] [Ac]
akima34: bets $6
belik555: raises $6 to $12
akima34: raises $6 to $18
belik555: raises $6 to $24
Betting is capped
akima34: calls $6
*** SHOW DOWN ***
belik555: shows [Qs Jc] (a straight, Ten to Ace)
akima34: shows [6c 3c] (a flush, Ace high)
akima34 collected $65.50 from pot
*** SUMMARY ***
Total pot $66 | Rake $0.50
Board [Tc 4c 2d Kd Ac]
Seat 1: akima34 (big blind) showed [6c 3c] and won ($65.50) with a flush, Ace high
Seat 6: belik555 (button) (small blind) showed [Qs Jc] and lost with a straight, Ten to Ace


PokerStars Hand #153617581182:  Hold'em Limit ($3/$6 USD) - 2016/05/21 0:21:48 ET
Table 'Kentaurus' 6-max Seat #1 is the button
Seat 1: akima34 ($87.26 in chips)
Seat 6: belik555 ($143.62 in chips)
akima34: posts small blind $1
belik555: posts big blind $3
*** HOLE CARDS ***
akima34: raises $3 to $6
belik555: raises $3 to $9
akima34: raises $3 to $12
Betting is capped
belik555: calls $3
*** FLOP *** [Ks Tc 7d]
belik555: checks
akima34: bets $3
belik555: calls $3
*** TURN *** [Ks Tc 7d] [5d]
belik555: checks
akima34: bets $6
belik555: calls $6
*** RIVER *** [Ks Tc 7d 5d] [Kh]
belik555: checks
akima34: bets $6
belik555: calls $6
*** SHOW DOWN ***
akima34: shows [4d 6d] (a pair of Kings)
belik555: shows [Jc Qd] (a pair of Kings - Queen kicker)
belik555 collected $53.50 from pot
*** SUMMARY ***
Total pot $54 | Rake $0.50
Board [Ks Tc 7d 5d Kh]
Seat 1: akima34 (button) (small blind) showed [4d 6d] and lost with a pair of Kings
Seat 6: belik555 (big blind) showed [Jc Qd] and won ($53.50) with a pair of Kings


PokerStars Hand #153617574047:  Hold'em Limit ($3/$6 USD) - 2016/05/21 0:21:23 ET
Table 'Kentaurus' 6-max Seat #1 is the button
Seat 1: akima34 ($87.50 in chips)
Seat 6: belik555 ($143.86 in chips)
akima34: posts small blind $1
belik555: posts big blind $3
*** HOLE CARDS ***
akima34: raises $3 to $6
belik555: calls $3
*** FLOP *** [4d Qd Js]
belik555: checks
akima34: bets $3
belik555: folds
Uncalled bet ($3) returned to akima34
akima34 collected $11.76 from pot
akima34: doesn't show hand
*** SUMMARY ***
Total pot $12 | Rake $0.24
Board [4d Qd Js]
Seat 1: akima34 (button) (small blind) collected ($11.76)
Seat 6: belik555 (big blind) folded on the Flop


PokerStars Hand #153617577282:  Hold'em Limit ($3/$6 USD) - 2016/05/21 0:21:35 ET
Table 'Kentaurus' 6-max Seat #6 is the button
Seat 1: akima34 ($93.26 in chips)
Seat 6: belik555 ($137.86 in chips)
belik555: posts small blind $1
akima34: posts big blind $3
*** HOLE CARDS ***
belik555: raises $3 to $6
akima34: calls $3
*** FLOP *** [Jh 6s 9s]
akima34: checks
belik555: bets $3
akima34: folds
Uncalled bet ($3) returned to belik555
belik555 collected $11.76 from pot
belik555: doesn't show hand
*** SUMMARY ***
Total pot $12 | Rake $0.24
Board [Jh 6s 9s]
Seat 1: akima34 (big blind) folded on the Flop
Seat 6: belik555 (button) (small blind) collected ($11.76)


PokerStars Hand #153617595497:  Hold'em Limit ($3/$6 USD) - 2016/05/21 0:22:38 ET
Table 'Kentaurus' 6-max Seat #1 is the button
Seat 1: akima34 ($54.26 in chips)
Seat 6: belik555 ($175.88 in chips)
akima34: posts small blind $1
belik555: posts big blind $3
*** HOLE CARDS ***
akima34: folds
Uncalled bet ($2) returned to belik555
belik555 collected $2 from pot
belik555: doesn't show hand
*** SUMMARY ***
Total pot $2 | Rake $0
Seat 1: akima34 (button) (small blind) folded before Flop
Seat 6: belik555 (big blind) collected ($2)


PokerStars Hand #153617591138:  Hold'em Limit ($3/$6 USD) - 2016/05/21 0:22:24 ET
Table 'Kentaurus' 6-max Seat #6 is the button
Seat 1: akima34 ($60.26 in chips)
Seat 6: belik555 ($170.12 in chips)
belik555: posts small blind $1
akima34: posts big blind $3
*** HOLE CARDS ***
belik555: raises $3 to $6
akima34: calls $3
*** FLOP *** [2h 5s Jd]
akima34: checks
belik555: bets $3
akima34: folds
Uncalled bet ($3) returned to belik555
belik555 collected $11.76 from pot
belik555: doesn't show hand
*** SUMMARY ***
Total pot $12 | Rake $0.24
Board [2h 5s Jd]
Seat 1: akima34 (big blind) folded on the Flop
Seat 6: belik555 (button) (small blind) collected ($11.76)


PokerStars Hand #153617596982:  Hold'em Limit ($3/$6 USD) - 2016/05/21 0:22:44 ET
Table 'Kentaurus' 6-max Seat #6 is the button
Seat 1: akima34 ($53.26 in chips)
Seat 6: belik555 ($176.88 in chips)
belik555: posts small blind $1
akima34: posts big blind $3
*** HOLE CARDS ***
belik555: raises $3 to $6
akima34: raises $3 to $9
belik555: raises $3 to $12
Betting is capped
akima34: calls $3
*** FLOP *** [2c Kh 5d]
akima34: bets $3
belik555: calls $3
*** TURN *** [2c Kh 5d] [Qc]
akima34: bets $6
belik555: calls $6
*** RIVER *** [2c Kh 5d Qc] [3s]
akima34: bets $6
belik555: calls $6
*** SHOW DOWN ***
akima34: shows [9s 9c] (a pair of Nines)
belik555: shows [Th Td] (a pair of Tens)
belik555 collected $53.50 from pot
*** SUMMARY ***
Total pot $54 | Rake $0.50
Board [2c Kh 5d Qc 3s]
Seat 1: akima34 (big blind) showed [9s 9c] and lost with a pair of Nines
Seat 6: belik555 (button) (small blind) showed [Th Td] and won ($53.50) with a pair of Tens


PokerStars Hand #153617603508:  Hold'em Limit ($3/$6 USD) - 2016/05/21 0:23:07 ET
Table 'Kentaurus' 6-max Seat #1 is the button
Seat 1: akima34 ($26.26 in chips)
Seat 6: belik555 ($203.38 in chips)
akima34: posts small blind $1
belik555: posts big blind $3
*** HOLE CARDS ***
akima34: raises $3 to $6
belik555: calls $3
*** FLOP *** [Jh Qh Kc]
belik555: checks
akima34: bets $3
belik555: raises $3 to $6
akima34: raises $3 to $9
belik555: raises $3 to $12
Betting is capped
akima34: calls $3
*** TURN *** [Jh Qh Kc] [7d]
belik555: bets $6
akima34: calls $6
*** RIVER *** [Jh Qh Kc 7d] [7s]
belik555: bets $6
akima34: calls $2.26 and is all-in
Uncalled bet ($3.74) returned to belik555
*** SHOW DOWN ***
belik555: shows [Kd 4s] (two pair, Kings and Sevens)
akima34: shows [9s 9h] (two pair, Nines and Sevens)
belik555 collected $52.02 from pot
*** SUMMARY ***
Total pot $52.52 | Rake $0.50
Board [Jh Qh Kc 7d 7s]
Seat 1: akima34 (button) (small blind) showed [9s 9h] and lost with two pair, Nines and Sevens
Seat 6: belik555 (big blind) showed [Kd 4s] and won ($52.02) with two pair, Kings and Sevens


PokerStars Hand #153617619377:  Hold'em Limit ($3/$6 USD) - 2016/05/21 0:23:54 ET
Table 'Kentaurus' 6-max Seat #6 is the button
Seat 1: akima34 ($120 in chips)
Seat 6: belik555 ($229.14 in chips)
belik555: posts small blind $1
akima34: posts big blind $3
*** HOLE CARDS ***
belik555: raises $3 to $6
akima34: raises $3 to $9
belik555: calls $3
*** FLOP *** [6c 6s Qs]
akima34: checks
belik555: checks
*** TURN *** [6c 6s Qs] [9d]
akima34: bets $6
belik555: calls $6
*** RIVER *** [6c 6s Qs 9d] [3c]
akima34: bets $6
belik555: raises $6 to $12
akima34: calls $6
*** SHOW DOWN ***
belik555: shows [Qh 7s] (two pair, Queens and Sixes)
akima34: mucks hand
belik555 collected $53.50 from pot
*** SUMMARY ***
Total pot $54 | Rake $0.50
Board [6c 6s Qs 9d 3c]
Seat 1: akima34 (big blind) mucked
Seat 6: belik555 (button) (small blind) showed [Qh 7s] and won ($53.50) with two pair, Queens and Sixes


PokerStars Hand #153617634151:  Hold'em Limit ($3/$6 USD) - 2016/05/21 0:24:46 ET
Table 'Kentaurus' 6-max Seat #1 is the button
Seat 1: akima34 ($93 in chips)
Seat 6: belik555 ($255.64 in chips)
akima34: posts small blind $1
belik555: posts big blind $3
*** HOLE CARDS ***
akima34: calls $2
belik555: raises $3 to $6
akima34: raises $3 to $9
belik555: calls $3
*** FLOP *** [Ac 4c Kc]
belik555: checks
akima34: bets $3
belik555: folds
Uncalled bet ($3) returned to akima34
akima34 collected $17.64 from pot
akima34: doesn't show hand
*** SUMMARY ***
Total pot $18 | Rake $0.36
Board [Ac 4c Kc]
Seat 1: akima34 (button) (small blind) collected ($17.64)
Seat 6: belik555 (big blind) folded on the Flop


PokerStars Hand #153617648941:  Hold'em Limit ($3/$6 USD) - 2016/05/21 0:25:38 ET
Table 'Kentaurus' 6-max Seat #1 is the button
Seat 1: akima34 ($125.14 in chips)
Seat 6: belik555 ($222.64 in chips)
akima34: posts small blind $1
belik555: posts big blind $3
*** HOLE CARDS ***
akima34: folds
Uncalled bet ($2) returned to belik555
belik555 collected $2 from pot
belik555: doesn't show hand
*** SUMMARY ***
Total pot $2 | Rake $0
Seat 1: akima34 (button) (small blind) folded before Flop
Seat 6: belik555 (big blind) collected ($2)


PokerStars Hand #153617639913:  Hold'em Limit ($3/$6 USD) - 2016/05/21 0:25:06 ET
Table 'Kentaurus' 6-max Seat #6 is the button
Seat 1: akima34 ($101.64 in chips)
Seat 6: belik555 ($246.64 in chips)
belik555: posts small blind $1
akima34: posts big blind $3
*** HOLE CARDS ***
belik555: raises $3 to $6
akima34: calls $3
*** FLOP *** [3h 2d Kc]
akima34: checks
belik555: bets $3
akima34: raises $3 to $6
belik555: calls $3
*** TURN *** [3h 2d Kc] [7s]
akima34: bets $6
belik555: calls $6
*** RIVER *** [3h 2d Kc 7s] [Qd]
akima34: bets $6
belik555: calls $6
*** SHOW DOWN ***
akima34: shows [5d Kd] (a pair of Kings)
belik555: mucks hand
akima34 collected $47.50 from pot
*** SUMMARY ***
Total pot $48 | Rake $0.50
Board [3h 2d Kc 7s Qd]
Seat 1: akima34 (big blind) showed [5d Kd] and won ($47.50) with a pair of Kings
Seat 6: belik555 (button) (small blind) mucked


PokerStars Hand #153617650659:  Hold'em Limit ($3/$6 USD) - 2016/05/21 0:25:44 ET
Table 'Kentaurus' 6-max Seat #6 is the button
Seat 1: akima34 ($124.14 in chips)
Seat 6: belik555 ($223.64 in chips)
belik555: posts small blind $1
akima34: posts big blind $3
*** HOLE CARDS ***
belik555: raises $3 to $6
akima34: calls $3
*** FLOP *** [5h 4d 9d]
akima34: checks
belik555: checks
*** TURN *** [5h 4d 9d] [Ah]
akima34: checks
belik555: checks
*** RIVER *** [5h 4d 9d Ah] [2s]
akima34: bets $6
belik555: folds
Uncalled bet ($6) returned to akima34
akima34 collected $11.76 from pot
akima34: doesn't show hand
*** SUMMARY ***
Total pot $12 | Rake $0.24
Board [5h 4d 9d Ah 2s]
Seat 1: akima34 (big blind) collected ($11.76)
Seat 6: belik555 (button) (small blind) folded on the River


PokerStars Hand #153617657256:  Hold'em Limit ($3/$6 USD) - 2016/05/21 0:26:07 ET
Table 'Kentaurus' 6-max Seat #1 is the button
Seat 1: akima34 ($129.90 in chips)
Seat 6: belik555 ($217.64 in chips)
akima34: posts small blind $1
belik555: posts big blind $3
*** HOLE CARDS ***
akima34: raises $3 to $6
belik555: calls $3
*** FLOP *** [4d 5d 2s]
belik555: bets $3
akima34: calls $3
*** TURN *** [4d 5d 2s] [Ah]
belik555: checks
akima34: bets $6
belik555: calls $6
*** RIVER *** [4d 5d 2s Ah] [Ac]
belik555: checks
akima34: bets $6
belik555: calls $6
*** SHOW DOWN ***
akima34: shows [Ad 8h] (three of a kind, Aces)
belik555: mucks hand
akima34 collected $41.50 from pot
*** SUMMARY ***
Total pot $42 | Rake $0.50
Board [4d 5d 2s Ah Ac]
Seat 1: akima34 (button) (small blind) showed [Ad 8h] and won ($41.50) with three of a kind, Aces
Seat 6: belik555 (big blind) mucked


PokerStars Hand #153617664786:  Hold'em Limit ($3/$6 USD) - 2016/05/21 0:26:33 ET
Table 'Kentaurus' 6-max Seat #6 is the button
Seat 1: akima34 ($150.40 in chips)
Seat 6: belik555 ($196.64 in chips)
belik555: posts small blind $1
akima34: posts big blind $3
*** HOLE CARDS ***
belik555: raises $3 to $6
akima34: calls $3
*** FLOP *** [9d Ts 4c]
akima34: checks
belik555: bets $3
akima34: calls $3
*** TURN *** [9d Ts 4c] [3h]
akima34: checks
belik555: bets $6
akima34: calls $6
*** RIVER *** [9d Ts 4c 3h] [8h]
akima34: checks
belik555: bets $6
akima34: calls $6
*** SHOW DOWN ***
belik555: shows [4d 6h] (a pair of Fours)
akima34: mucks hand
belik555 collected $41.50 from pot
*** SUMMARY ***
Total pot $42 | Rake $0.50
Board [9d Ts 4c 3h 8h]
Seat 1: akima34 (big blind) mucked
Seat 6: belik555 (button) (small blind) showed [4d 6h] and won ($41.50) with a pair of Fours


PokerStars Hand #153617672048:  Hold'em Limit ($3/$6 USD) - 2016/05/21 0:26:59 ET
Table 'Kentaurus' 6-max Seat #1 is the button
Seat 1: akima34 ($129.40 in chips)
Seat 6: belik555 ($217.14 in chips)
akima34: posts small blind $1
belik555: posts big blind $3
*** HOLE CARDS ***
akima34: raises $3 to $6
belik555: folds
Uncalled bet ($3) returned to akima34
akima34 collected $6 from pot
akima34: doesn't show hand
*** SUMMARY ***
Total pot $6 | Rake $0
Seat 1: akima34 (button) (small blind) collected ($6)
Seat 6: belik555 (big blind) folded before Flop


PokerStars Hand #153617674973:  Hold'em Limit ($3/$6 USD) - 2016/05/21 0:27:09 ET
Table 'Kentaurus' 6-max Seat #6 is the button
Seat 1: akima34 ($132.40 in chips)
Seat 6: belik555 ($214.14 in chips)
belik555: posts small blind $1
akima34: posts big blind $3
*** HOLE CARDS ***
belik555: raises $3 to $6
akima34: raises $3 to $9
belik555: calls $3
*** FLOP *** [5c 5h 2h]
akima34: bets $3
belik555: calls $3
*** TURN *** [5c 5h 2h] [Jd]
akima34: checks
belik555: checks
*** RIVER *** [5c 5h 2h Jd] [7c]
akima34: bets $6
belik555: folds
Uncalled bet ($6) returned to akima34
akima34 collected $23.52 from pot
akima34: doesn't show hand
*** SUMMARY ***
Total pot $24 | Rake $0.48
Board [5c 5h 2h Jd 7c]
Seat 1: akima34 (big blind) collected ($23.52)
Seat 6: belik555 (button) (small blind) folded on the River


PokerStars Hand #153617687225:  Hold'em Limit ($3/$6 USD) - 2016/05/21 0:27:53 ET
Table 'Kentaurus' 6-max Seat #1 is the button
Seat 1: akima34 ($143.92 in chips)
Seat 6: belik555 ($202.14 in chips)
akima34: posts small blind $1
belik555: posts big blind $3
*** HOLE CARDS ***
akima34: raises $3 to $6
belik555: raises $3 to $9
akima34: raises $3 to $12
Betting is capped
belik555: calls $3
*** FLOP *** [3c Ac 3h]
belik555: checks
akima34: bets $3
belik555: calls $3
*** TURN *** [3c Ac 3h] [Jd]
belik555: checks
akima34: bets $6
belik555: calls $6
*** RIVER *** [3c Ac 3h Jd] [4h]
belik555: checks
akima34: bets $6
belik555: calls $6
*** SHOW DOWN ***
akima34: shows [Jh Jc] (a full house, Jacks full of Threes)
belik555: mucks hand
akima34 collected $53.50 from pot
*** SUMMARY ***
Total pot $54 | Rake $0.50
Board [3c Ac 3h Jd 4h]
Seat 1: akima34 (button) (small blind) showed [Jh Jc] and won ($53.50) with a full house, Jacks full of Threes
Seat 6: belik555 (big blind) mucked


PokerStars Hand #153617696767:  Hold'em Limit ($3/$6 USD) - 2016/05/21 0:28:27 ET
Table 'Kentaurus' 6-max Seat #6 is the button
Seat 1: akima34 ($170.42 in chips)
Seat 6: belik555 ($175.14 in chips)
belik555: posts small blind $1
akima34: posts big blind $3
*** HOLE CARDS ***
belik555: raises $3 to $6
akima34: calls $3
*** FLOP *** [5d 7s Ac]
akima34: checks
belik555: bets $3
akima34: folds
Uncalled bet ($3) returned to belik555
belik555 collected $11.76 from pot
belik555: doesn't show hand
*** SUMMARY ***
Total pot $12 | Rake $0.24
Board [5d 7s Ac]
Seat 1: akima34 (big blind) folded on the Flop
Seat 6: belik555 (button) (small blind) collected ($11.76)


PokerStars Hand #153617701784:  Hold'em Limit ($3/$6 USD) - 2016/05/21 0:28:45 ET
Table 'Kentaurus' 6-max Seat #1 is the button
Seat 1: akima34 ($164.42 in chips)
Seat 6: belik555 ($180.90 in chips)
akima34: posts small blind $1
belik555: posts big blind $3
*** HOLE CARDS ***
akima34: calls $2
belik555: raises $3 to $6
akima34: raises $3 to $9
belik555: calls $3
*** FLOP *** [Ac Ks 4s]
belik555: checks
akima34: bets $3
belik555: folds
Uncalled bet ($3) returned to akima34
akima34 collected $17.64 from pot
akima34: doesn't show hand
*** SUMMARY ***
Total pot $18 | Rake $0.36
Board [Ac Ks 4s]
Seat 1: akima34 (button) (small blind) collected ($17.64)
Seat 6: belik555 (big blind) folded on the Flop


PokerStars Hand #153617716391:  Hold'em Limit ($3/$6 USD) - 2016/05/21 0:29:37 ET
Table 'Kentaurus' 6-max Seat #6 is the button
Seat 1: akima34 ($157.06 in chips)
Seat 6: belik555 ($187.40 in chips)
belik555: posts small blind $1
akima34: posts big blind $3
*** HOLE CARDS ***
belik555: raises $3 to $6
akima34: calls $3
*** FLOP *** [Js Th Qs]
akima34: checks
belik555: bets $3
akima34: calls $3
*** TURN *** [Js Th Qs] [5d]
akima34: checks
belik555: bets $6
akima34: raises $6 to $12
belik555: folds
Uncalled bet ($6) returned to akima34
akima34 collected $29.50 from pot
akima34: doesn't show hand
*** SUMMARY ***
Total pot $30 | Rake $0.50
Board [Js Th Qs 5d]
Seat 1: akima34 (big blind) collected ($29.50)
Seat 6: belik555 (button) (small blind) folded on the Turn


PokerStars Hand #153617714754:  Hold'em Limit ($3/$6 USD) - 2016/05/21 0:29:31 ET
Table 'Kentaurus' 6-max Seat #1 is the button
Seat 1: akima34 ($158.06 in chips)
Seat 6: belik555 ($186.40 in chips)
akima34: posts small blind $1
belik555: posts big blind $3
*** HOLE CARDS ***
akima34: folds
Uncalled bet ($2) returned to belik555
belik555 collected $2 from pot
belik555: doesn't show hand
*** SUMMARY ***
Total pot $2 | Rake $0
Seat 1: akima34 (button) (small blind) folded before Flop
Seat 6: belik555 (big blind) collected ($2)


PokerStars Hand #153617707866:  Hold'em Limit ($3/$6 USD) - 2016/05/21 0:29:06 ET
Table 'Kentaurus' 6-max Seat #6 is the button
Seat 1: akima34 ($173.06 in chips)
Seat 6: belik555 ($171.90 in chips)
belik555: posts small blind $1
akima34: posts big blind $3
*** HOLE CARDS ***
belik555: raises $3 to $6
akima34: calls $3
*** FLOP *** [6h 3h 5c]
akima34: checks
belik555: bets $3
akima34: calls $3
*** TURN *** [6h 3h 5c] [3s]
akima34: checks
belik555: checks
*** RIVER *** [6h 3h 5c 3s] [Ah]
akima34: bets $6
belik555: calls $6
*** SHOW DOWN ***
akima34: shows [8c 2c] (a pair of Threes)
belik555: shows [Jc 4h] (a pair of Threes - Ace+Jack kicker)
belik555 collected $29.50 from pot
*** SUMMARY ***
Total pot $30 | Rake $0.50
Board [6h 3h 5c 3s Ah]
Seat 1: akima34 (big blind) showed [8c 2c] and lost with a pair of Threes
Seat 6: belik555 (button) (small blind) showed [Jc 4h] and won ($29.50) with a pair of Threes


PokerStars Hand #153617722636:  Hold'em Limit ($3/$6 USD) - 2016/05/21 0:29:58 ET
Table 'Kentaurus' 6-max Seat #1 is the button
Seat 1: akima34 ($171.56 in chips)
Seat 6: belik555 ($172.40 in chips)
akima34: posts small blind $1
belik555: posts big blind $3
*** HOLE CARDS ***
akima34: calls $2
belik555: raises $3 to $6
akima34: calls $3
*** FLOP *** [Qs Tc 2d]
belik555: bets $3
akima34: calls $3
*** TURN *** [Qs Tc 2d] [Td]
belik555: checks
akima34: bets $6
belik555: calls $6
*** RIVER *** [Qs Tc 2d Td] [Kc]
belik555: checks
akima34: bets $6
belik555: folds
Uncalled bet ($6) returned to akima34
akima34 collected $29.50 from pot
akima34: doesn't show hand
*** SUMMARY ***
Total pot $30 | Rake $0.50
Board [Qs Tc 2d Td Kc]
Seat 1: akima34 (button) (small blind) collected ($29.50)
Seat 6: belik555 (big blind) folded on the River


PokerStars Hand #153617736701:  Hold'em Limit ($3/$6 USD) - 2016/05/21 0:30:48 ET
Table 'Kentaurus' 6-max Seat #1 is the button
Seat 1: akima34 ($187.70 in chips)
Seat 6: belik555 ($155.16 in chips)
akima34: posts small blind $1
belik555: posts big blind $3
*** HOLE CARDS ***
akima34: raises $3 to $6
belik555: calls $3
*** FLOP *** [6s 3s Ad]
belik555: checks
akima34: bets $3
belik555: calls $3
*** TURN *** [6s 3s Ad] [Kc]
belik555: checks
akima34: bets $6
belik555: calls $6
*** RIVER *** [6s 3s Ad Kc] [7c]
belik555: checks
akima34: bets $6
belik555: calls $6
*** SHOW DOWN ***
akima34: shows [Ac 9s] (a pair of Aces)
belik555: mucks hand
akima34 collected $41.50 from pot
*** SUMMARY ***
Total pot $42 | Rake $0.50
Board [6s 3s Ad Kc 7c]
Seat 1: akima34 (button) (small blind) showed [Ac 9s] and won ($41.50) with a pair of Aces
Seat 6: belik555 (big blind) mucked


PokerStars Hand #153617731803:  Hold'em Limit ($3/$6 USD) - 2016/05/21 0:30:31 ET
Table 'Kentaurus' 6-max Seat #1 is the button
Seat 1: akima34 ($180.06 in chips)
Seat 6: belik555 ($163.16 in chips)
akima34: posts small blind $1
belik555: posts big blind $3
*** HOLE CARDS ***
akima34: folds
Uncalled bet ($2) returned to belik555
belik555 collected $2 from pot
belik555: doesn't show hand
*** SUMMARY ***
Total pot $2 | Rake $0
Seat 1: akima34 (button) (small blind) folded before Flop
Seat 6: belik555 (big blind) collected ($2)


PokerStars Hand #153617728332:  Hold'em Limit ($3/$6 USD) - 2016/05/21 0:30:19 ET
Table 'Kentaurus' 6-max Seat #6 is the button
Seat 1: akima34 ($186.06 in chips)
Seat 6: belik555 ($157.40 in chips)
belik555: posts small blind $1
akima34: posts big blind $3
*** HOLE CARDS ***
belik555: raises $3 to $6
akima34: calls $3
*** FLOP *** [Ac 8d Ks]
akima34: checks
belik555: bets $3
akima34: folds
Uncalled bet ($3) returned to belik555
belik555 collected $11.76 from pot
belik555: doesn't show hand
*** SUMMARY ***
Total pot $12 | Rake $0.24
Board [Ac 8d Ks]
Seat 1: akima34 (big blind) folded on the Flop
Seat 6: belik555 (button) (small blind) collected ($11.76)


PokerStars Hand #153617733204:  Hold'em Limit ($3/$6 USD) - 2016/05/21 0:30:36 ET
Table 'Kentaurus' 6-max Seat #6 is the button
Seat 1: akima34 ($179.06 in chips)
Seat 6: belik555 ($164.16 in chips)
belik555: posts small blind $1
akima34: posts big blind $3
*** HOLE CARDS ***
belik555: raises $3 to $6
akima34: raises $3 to $9
belik555: calls $3
*** FLOP *** [9s 8d 5c]
akima34: bets $3
belik555: folds
Uncalled bet ($3) returned to akima34
akima34 collected $17.64 from pot
akima34: doesn't show hand
*** SUMMARY ***
Total pot $18 | Rake $0.36
Board [9s 8d 5c]
Seat 1: akima34 (big blind) collected ($17.64)
Seat 6: belik555 (button) (small blind) folded on the Flop


PokerStars Hand #153617762393:  Hold'em Limit ($3/$6 USD) - 2016/05/21 0:31:55 ET
Table 'Kentaurus' 6-max Seat #6 is the button
Seat 1: akima34 ($192.20 in chips)
Seat 6: belik555 ($149.66 in chips)
belik555: posts small blind $1
akima34: posts big blind $3
*** HOLE CARDS ***
belik555: raises $3 to $6
akima34: calls $3
*** FLOP *** [Jd 9h 2h]
akima34: checks
belik555: checks
*** TURN *** [Jd 9h 2h] [Qc]
akima34: checks
belik555: checks
*** RIVER *** [Jd 9h 2h Qc] [6h]
akima34: checks
belik555: checks
*** SHOW DOWN ***
akima34: shows [4s 7d] (high card Queen)
belik555: shows [Ts 3c] (high card Queen - Jack+Ten kicker)
belik555 collected $11.76 from pot
*** SUMMARY ***
Total pot $12 | Rake $0.24
Board [Jd 9h 2h Qc 6h]
Seat 1: akima34 (big blind) showed [4s 7d] and lost with high card Queen
Seat 6: belik555 (button) (small blind) showed [Ts 3c] and won ($11.76) with high card Queen


PokerStars Hand #153617761065:  Hold'em Limit ($3/$6 USD) - 2016/05/21 0:31:50 ET
Table 'Kentaurus' 6-max Seat #1 is the button
Seat 1: akima34 ($193.20 in chips)
Seat 6: belik555 ($148.66 in chips)
akima34: posts small blind $1
belik555: posts big blind $3
*** HOLE CARDS ***
akima34: folds
Uncalled bet ($2) returned to belik555
belik555 collected $2 from pot
belik555: doesn't show hand
*** SUMMARY ***
Total pot $2 | Rake $0
Seat 1: akima34 (button) (small blind) folded before Flop
Seat 6: belik555 (big blind) collected ($2)


PokerStars Hand #153617744694:  Hold'em Limit ($3/$6 USD) - 2016/05/21 0:31:17 ET
Table 'Kentaurus' 6-max Seat #6 is the button
Seat 1: akima34 ($208.20 in chips)
Seat 6: belik555 ($134.16 in chips)
belik555: posts small blind $1
akima34: posts big blind $3
*** HOLE CARDS ***
belik555: raises $3 to $6
akima34: raises $3 to $9
belik555: calls $3
*** FLOP *** [Ks 5d 7h]
akima34: checks
belik555: checks
*** TURN *** [Ks 5d 7h] [8h]
akima34: checks
belik555: bets $6
akima34: calls $6
*** RIVER *** [Ks 5d 7h 8h] [2s]
akima34: checks
belik555: bets $6
akima34: folds
Uncalled bet ($6) returned to belik555
belik555 collected $29.50 from pot
belik555: doesn't show hand
*** SUMMARY ***
Total pot $30 | Rake $0.50
Board [Ks 5d 7h 8h 2s]
Seat 1: akima34 (big blind) folded on the River
Seat 6: belik555 (button) (small blind) collected ($29.50)


PokerStars Hand #153617779395:  Hold'em Limit ($3/$6 USD) - 2016/05/21 0:32:56 ET
Table 'Kentaurus' 6-max Seat #1 is the button
Seat 1: akima34 ($191.70 in chips)
Seat 6: belik555 ($148.92 in chips)
akima34: posts small blind $1
belik555: posts big blind $3
*** HOLE CARDS ***
akima34: raises $3 to $6
belik555: calls $3
*** FLOP *** [7h 4s Jc]
belik555: checks
akima34: bets $3
belik555: calls $3
*** TURN *** [7h 4s Jc] [8c]
belik555: checks
akima34: bets $6
belik555: calls $6
*** RIVER *** [7h 4s Jc 8c] [Kc]
belik555: checks
akima34: bets $6
belik555: raises $6 to $12
akima34: calls $6
*** SHOW DOWN ***
belik555: shows [Kd 5s] (a pair of Kings)
akima34: shows [Ks Th] (a pair of Kings - Jack+Ten kicker)
akima34 collected $53.50 from pot
*** SUMMARY ***
Total pot $54 | Rake $0.50
Board [7h 4s Jc 8c Kc]
Seat 1: akima34 (button) (small blind) showed [Ks Th] and won ($53.50) with a pair of Kings
Seat 6: belik555 (big blind) showed [Kd 5s] and lost with a pair of Kings


PokerStars Hand #153617774447:  Hold'em Limit ($3/$6 USD) - 2016/05/21 0:32:38 ET
Table 'Kentaurus' 6-max Seat #6 is the button
Seat 1: akima34 ($168.20 in chips)
Seat 6: belik555 ($172.92 in chips)
belik555: posts small blind $1
akima34: posts big blind $3
*** HOLE CARDS ***
belik555: raises $3 to $6
akima34: raises $3 to $9
belik555: calls $3
*** FLOP *** [2s 7c Tc]
akima34: bets $3
belik555: calls $3
*** TURN *** [2s 7c Tc] [4s]
akima34: bets $6
belik555: calls $6
*** RIVER *** [2s 7c Tc 4s] [9h]
akima34: bets $6
belik555: calls $6
*** SHOW DOWN ***
akima34: shows [Ad Ac] (a pair of Aces)
belik555: mucks hand
akima34 collected $47.50 from pot
*** SUMMARY ***
Total pot $48 | Rake $0.50
Board [2s 7c Tc 4s 9h]
Seat 1: akima34 (big blind) showed [Ad Ac] and won ($47.50) with a pair of Aces
Seat 6: belik555 (button) (small blind) mucked


PokerStars Hand #153617768457:  Hold'em Limit ($3/$6 USD) - 2016/05/21 0:32:16 ET
Table 'Kentaurus' 6-max Seat #1 is the button
Seat 1: akima34 ($186.20 in chips)
Seat 6: belik555 ($155.42 in chips)
akima34: posts small blind $1
belik555: posts big blind $3
*** HOLE CARDS ***
akima34: raises $3 to $6
belik555: calls $3
*** FLOP *** [9c 2s 3s]
belik555: checks
akima34: checks
*** TURN *** [9c 2s 3s] [Ah]
belik555: checks
akima34: bets $6
belik555: calls $6
*** RIVER *** [9c 2s 3s Ah] [4d]
belik555: checks
akima34: bets $6
belik555: calls $6
*** SHOW DOWN ***
akima34: shows [7d 6s] (high card Ace)
belik555: shows [7c Kh] (high card Ace - King kicker)
belik555 collected $35.50 from pot
*** SUMMARY ***
Total pot $36 | Rake $0.50
Board [9c 2s 3s Ah 4d]
Seat 1: akima34 (button) (small blind) showed [7d 6s] and lost with high card Ace
Seat 6: belik555 (big blind) showed [7c Kh] and won ($35.50) with high card Ace


PokerStars Hand #153617801735:  Hold'em Limit ($3/$6 USD) - 2016/05/21 0:34:16 ET
Table 'Kentaurus' 6-max Seat #1 is the button
Seat 1: akima34 ($182.20 in chips)
Seat 6: belik555 ($157.06 in chips)
akima34: posts small blind $1
belik555: posts big blind $3
*** HOLE CARDS ***
akima34: calls $2
belik555: checks
*** FLOP *** [Td Jh Ks]
belik555: checks
akima34: bets $3
belik555: folds
Uncalled bet ($3) returned to akima34
akima34 collected $5.88 from pot
akima34: doesn't show hand
*** SUMMARY ***
Total pot $6 | Rake $0.12
Board [Td Jh Ks]
Seat 1: akima34 (button) (small blind) collected ($5.88)
Seat 6: belik555 (big blind) folded on the Flop


PokerStars Hand #153617797766:  Hold'em Limit ($3/$6 USD) - 2016/05/21 0:34:02 ET
Table 'Kentaurus' 6-max Seat #6 is the button
Seat 1: akima34 ($188.20 in chips)
Seat 6: belik555 ($151.30 in chips)
belik555: posts small blind $1
akima34: posts big blind $3
*** HOLE CARDS ***
belik555: raises $3 to $6
akima34: calls $3
*** FLOP *** [Jh As 9c]
akima34: checks
belik555: bets $3
akima34: folds
Uncalled bet ($3) returned to belik555
belik555 collected $11.76 from pot
belik555: doesn't show hand
*** SUMMARY ***
Total pot $12 | Rake $0.24
Board [Jh As 9c]
Seat 1: akima34 (big blind) folded on the Flop
Seat 6: belik555 (button) (small blind) collected ($11.76)


PokerStars Hand #153617793807:  Hold'em Limit ($3/$6 USD) - 2016/05/21 0:33:48 ET
Table 'Kentaurus' 6-max Seat #1 is the button
Seat 1: akima34 ($191.20 in chips)
Seat 6: belik555 ($148.42 in chips)
akima34: posts small blind $1
belik555: posts big blind $3
*** HOLE CARDS ***
akima34: calls $2
belik555: checks
*** FLOP *** [8s 9c Kd]
belik555: bets $3
akima34: folds
Uncalled bet ($3) returned to belik555
belik555 collected $5.88 from pot
belik555: doesn't show hand
*** SUMMARY ***
Total pot $6 | Rake $0.12
Board [8s 9c Kd]
Seat 1: akima34 (button) (small blind) folded on the Flop
Seat 6: belik555 (big blind) collected ($5.88)


PokerStars Hand #153617786605:  Hold'em Limit ($3/$6 USD) - 2016/05/21 0:33:22 ET
Table 'Kentaurus' 6-max Seat #6 is the button
Seat 1: akima34 ($218.20 in chips)
Seat 6: belik555 ($121.92 in chips)
belik555: posts small blind $1
akima34: posts big blind $3
*** HOLE CARDS ***
belik555: raises $3 to $6
akima34: raises $3 to $9
belik555: calls $3
*** FLOP *** [9c 9d Tc]
akima34: checks
belik555: bets $3
akima34: raises $3 to $6
belik555: calls $3
*** TURN *** [9c 9d Tc] [Ad]
akima34: bets $6
belik555: calls $6
*** RIVER *** [9c 9d Tc Ad] [4c]
akima34: bets $6
belik555: calls $6
*** SHOW DOWN ***
akima34: shows [Kd Qd] (a pair of Nines)
belik555: shows [Qc Th] (two pair, Tens and Nines)
belik555 collected $53.50 from pot
*** SUMMARY ***
Total pot $54 | Rake $0.50
Board [9c 9d Tc Ad 4c]
Seat 1: akima34 (big blind) showed [Kd Qd] and lost with a pair of Nines
Seat 6: belik555 (button) (small blind) showed [Qc Th] and won ($53.50) with two pair, Tens and Nines


PokerStars Hand #153617817429:  Hold'em Limit ($3/$6 USD) - 2016/05/21 0:35:13 ET
Table 'Kentaurus' 6-max Seat #1 is the button
Seat 1: akima34 ($140.08 in chips)
Seat 6: belik555 ($198.56 in chips)
akima34: posts small blind $1
belik555: posts big blind $3
*** HOLE CARDS ***
akima34: folds
Uncalled bet ($2) returned to belik555
belik555 collected $2 from pot
belik555: doesn't show hand
*** SUMMARY ***
Total pot $2 | Rake $0
Seat 1: akima34 (button) (small blind) folded before Flop
Seat 6: belik555 (big blind) collected ($2)


PokerStars Hand #153617804878:  Hold'em Limit ($3/$6 USD) - 2016/05/21 0:34:28 ET
Table 'Kentaurus' 6-max Seat #6 is the button
Seat 1: akima34 ($185.08 in chips)
Seat 6: belik555 ($154.06 in chips)
belik555: posts small blind $1
akima34: posts big blind $3
*** HOLE CARDS ***
belik555: raises $3 to $6
akima34: calls $3
*** FLOP *** [5s 4d 4c]
akima34: checks
belik555: bets $3
akima34: calls $3
*** TURN *** [5s 4d 4c] [7d]
akima34: checks
belik555: bets $6
akima34: raises $6 to $12
belik555: raises $6 to $18
akima34: raises $6 to $24
Betting is capped
belik555: calls $6
*** RIVER *** [5s 4d 4c 7d] [5h]
akima34: bets $6
belik555: raises $6 to $12
akima34: calls $6
*** SHOW DOWN ***
belik555: shows [7h 7s] (a full house, Sevens full of Fives)
akima34: mucks hand
belik555 collected $89.50 from pot
*** SUMMARY ***
Total pot $90 | Rake $0.50
Board [5s 4d 4c 7d 5h]
Seat 1: akima34 (big blind) mucked
Seat 6: belik555 (button) (small blind) showed [7h 7s] and won ($89.50) with a full house, Sevens full of Fives


PokerStars Hand #153617829540:  Hold'em Limit ($3/$6 USD) - 2016/05/21 0:35:56 ET
Table 'Kentaurus' 6-max Seat #1 is the button
Seat 1: akima34 ($112.08 in chips)
Seat 6: belik555 ($226.06 in chips)
akima34: posts small blind $1
belik555: posts big blind $3
*** HOLE CARDS ***
akima34: calls $2
belik555: raises $3 to $6
akima34: calls $3
*** FLOP *** [3d 3h Ac]
belik555: checks
akima34: checks
*** TURN *** [3d 3h Ac] [Ks]
belik555: bets $6
akima34: folds
Uncalled bet ($6) returned to belik555
belik555 collected $11.76 from pot
belik555: doesn't show hand
*** SUMMARY ***
Total pot $12 | Rake $0.24
Board [3d 3h Ac Ks]
Seat 1: akima34 (button) (small blind) folded on the Turn
Seat 6: belik555 (big blind) collected ($11.76)


PokerStars Hand #153617818890:  Hold'em Limit ($3/$6 USD) - 2016/05/21 0:35:18 ET
Table 'Kentaurus' 6-max Seat #6 is the button
Seat 1: akima34 ($139.08 in chips)
Seat 6: belik555 ($199.56 in chips)
belik555: posts small blind $1
akima34: posts big blind $3
*** HOLE CARDS ***
belik555: raises $3 to $6
akima34: raises $3 to $9
belik555: raises $3 to $12
Betting is capped
akima34: calls $3
*** FLOP *** [6c 2d 3d]
akima34: bets $3
belik555: calls $3
*** TURN *** [6c 2d 3d] [Qd]
akima34: bets $6
belik555: calls $6
*** RIVER *** [6c 2d 3d Qd] [4c]
akima34: bets $6
belik555: calls $6
*** SHOW DOWN ***
akima34: shows [6h Th] (a pair of Sixes)
belik555: shows [9c 9s] (a pair of Nines)
belik555 collected $53.50 from pot
*** SUMMARY ***
Total pot $54 | Rake $0.50
Board [6c 2d 3d Qd 4c]
Seat 1: akima34 (big blind) showed [6h Th] and lost with a pair of Sixes
Seat 6: belik555 (button) (small blind) showed [9c 9s] and won ($53.50) with a pair of Nines


PokerStars Hand #153617846904:  Hold'em Limit ($3/$6 USD) - 2016/05/21 0:36:58 ET
Table 'Kentaurus' 6-max Seat #1 is the button
Seat 1: akima34 ($129.58 in chips)
Seat 6: belik555 ($207.82 in chips)
akima34: posts small blind $1
belik555: posts big blind $3
*** HOLE CARDS ***
akima34: folds
Uncalled bet ($2) returned to belik555
belik555 collected $2 from pot
belik555: doesn't show hand
*** SUMMARY ***
Total pot $2 | Rake $0
Seat 1: akima34 (button) (small blind) folded before Flop
Seat 6: belik555 (big blind) collected ($2)


PokerStars Hand #153617838564:  Hold'em Limit ($3/$6 USD) - 2016/05/21 0:36:29 ET
Table 'Kentaurus' 6-max Seat #6 is the button
Seat 1: akima34 ($106.08 in chips)
Seat 6: belik555 ($231.82 in chips)
belik555: posts small blind $1
akima34: posts big blind $3
*** HOLE CARDS ***
belik555: raises $3 to $6
akima34: raises $3 to $9
belik555: calls $3
*** FLOP *** [Qc Ad 2d]
akima34: bets $3
belik555: calls $3
*** TURN *** [Qc Ad 2d] [9h]
akima34: bets $6
belik555: calls $6
*** RIVER *** [Qc Ad 2d 9h] [Qd]
akima34: bets $6
belik555: calls $6
*** SHOW DOWN ***
akima34: shows [Kd 6d] (a flush, Ace high)
belik555: mucks hand
akima34 collected $47.50 from pot
*** SUMMARY ***
Total pot $48 | Rake $0.50
Board [Qc Ad 2d 9h Qd]
Seat 1: akima34 (big blind) showed [Kd 6d] and won ($47.50) with a flush, Ace high
Seat 6: belik555 (button) (small blind) mucked


PokerStars Hand #153617865989:  Hold'em Limit ($3/$6 USD) - 2016/05/21 0:38:07 ET
Table 'Kentaurus' 6-max Seat #6 is the button
Seat 1: akima34 ($68.58 in chips)
Seat 6: belik555 ($267.82 in chips)
belik555: posts small blind $1
akima34: posts big blind $3
*** HOLE CARDS ***
belik555: raises $3 to $6
akima34: raises $3 to $9
belik555: calls $3
*** FLOP *** [4c 9s 3h]
akima34: bets $3
belik555: calls $3
*** TURN *** [4c 9s 3h] [Js]
akima34: bets $6
belik555: calls $6
*** RIVER *** [4c 9s 3h Js] [8d]
akima34: bets $6
belik555: folds
Uncalled bet ($6) returned to akima34
akima34 collected $35.50 from pot
akima34: doesn't show hand
*** SUMMARY ***
Total pot $36 | Rake $0.50
Board [4c 9s 3h Js 8d]
Seat 1: akima34 (big blind) collected ($35.50)
Seat 6: belik555 (button) (small blind) folded on the River


PokerStars Hand #153617857363:  Hold'em Limit ($3/$6 USD) - 2016/05/21 0:37:36 ET
Table 'Kentaurus' 6-max Seat #1 is the button
Seat 1: akima34 ($107.58 in chips)
Seat 6: belik555 ($229.32 in chips)
akima34: posts small blind $1
belik555: posts big blind $3
*** HOLE CARDS ***
akima34: raises $3 to $6
belik555: raises $3 to $9
akima34: raises $3 to $12
Betting is capped
belik555: calls $3
*** FLOP *** [5s 4h 3d]
belik555: checks
akima34: bets $3
belik555: calls $3
*** TURN *** [5s 4h 3d] [4c]
belik555: checks
akima34: bets $6
belik555: calls $6
*** RIVER *** [5s 4h 3d 4c] [Qs]
belik555: checks
akima34: bets $6
belik555: raises $6 to $12
akima34: raises $6 to $18
belik555: calls $6
*** SHOW DOWN ***
akima34: shows [Td Kd] (a pair of Fours)
belik555: shows [Qc Jc] (two pair, Queens and Fours)
belik555 collected $77.50 from pot
*** SUMMARY ***
Total pot $78 | Rake $0.50
Board [5s 4h 3d 4c Qs]
Seat 1: akima34 (button) (small blind) showed [Td Kd] and lost with a pair of Fours
Seat 6: belik555 (big blind) showed [Qc Jc] and won ($77.50) with two pair, Queens and Fours


PokerStars Hand #153617848552:  Hold'em Limit ($3/$6 USD) - 2016/05/21 0:37:04 ET
Table 'Kentaurus' 6-max Seat #6 is the button
Seat 1: akima34 ($128.58 in chips)
Seat 6: belik555 ($208.82 in chips)
belik555: posts small blind $1
akima34: posts big blind $3
*** HOLE CARDS ***
belik555: raises $3 to $6
akima34: calls $3
*** FLOP *** [Jh 3h 9c]
akima34: checks
belik555: bets $3
akima34: calls $3
*** TURN *** [Jh 3h 9c] [Th]
akima34: checks
belik555: bets $6
akima34: raises $6 to $12
belik555: calls $6
*** RIVER *** [Jh 3h 9c Th] [7d]
akima34: checks
belik555: checks
*** SHOW DOWN ***
akima34: shows [2d Kh] (high card King)
belik555: shows [9h 5s] (a pair of Nines)
belik555 collected $41.50 from pot
*** SUMMARY ***
Total pot $42 | Rake $0.50
Board [Jh 3h 9c Th 7d]
Seat 1: akima34 (big blind) showed [2d Kh] and lost with high card King
Seat 6: belik555 (button) (small blind) showed [9h 5s] and won ($41.50) with a pair of Nines


PokerStars Hand #153617880689:  Hold'em Limit ($3/$6 USD) - 2016/05/21 0:39:00 ET
Table 'Kentaurus' 6-max Seat #6 is the button
Seat 1: akima34 ($71.08 in chips)
Seat 6: belik555 ($264.32 in chips)
belik555: posts small blind $1
akima34: posts big blind $3
*** HOLE CARDS ***
belik555: raises $3 to $6
akima34: calls $3
*** FLOP *** [Th 8d Kh]
akima34: checks
belik555: bets $3
akima34: folds
Uncalled bet ($3) returned to belik555
belik555 collected $11.76 from pot
belik555: doesn't show hand
*** SUMMARY ***
Total pot $12 | Rake $0.24
Board [Th 8d Kh]
Seat 1: akima34 (big blind) folded on the Flop
Seat 6: belik555 (button) (small blind) collected ($11.76)


PokerStars Hand #153617871463:  Hold'em Limit ($3/$6 USD) - 2016/05/21 0:38:27 ET
Table 'Kentaurus' 6-max Seat #1 is the button
Seat 1: akima34 ($86.08 in chips)
Seat 6: belik555 ($249.82 in chips)
akima34: posts small blind $1
belik555: posts big blind $3
*** HOLE CARDS ***
akima34: raises $3 to $6
belik555: calls $3
*** FLOP *** [Qd 7s 5s]
belik555: checks
akima34: bets $3
belik555: calls $3
*** TURN *** [Qd 7s 5s] [2s]
belik555: checks
akima34: checks
*** RIVER *** [Qd 7s 5s 2s] [9h]
belik555: bets $6
akima34: calls $6
*** SHOW DOWN ***
belik555: shows [7h Ac] (a pair of Sevens)
akima34: mucks hand
belik555 collected $29.50 from pot
*** SUMMARY ***
Total pot $30 | Rake $0.50
Board [Qd 7s 5s 2s 9h]
Seat 1: akima34 (button) (small blind) mucked
Seat 6: belik555 (big blind) showed [7h Ac] and won ($29.50) with a pair of Sevens


PokerStars Hand #153617890013:  Hold'em Limit ($3/$6 USD) - 2016/05/21 0:39:34 ET
Table 'Kentaurus' 6-max Seat #6 is the button
Seat 1: akima34 ($59.08 in chips)
Seat 6: belik555 ($275.84 in chips)
belik555: posts small blind $1
akima34: posts big blind $3
*** HOLE CARDS ***
belik555: raises $3 to $6
akima34: calls $3
*** FLOP *** [As 2c Js]
akima34: checks
belik555: bets $3
akima34: calls $3
*** TURN *** [As 2c Js] [Ac]
akima34: bets $6
belik555: calls $6
*** RIVER *** [As 2c Js Ac] [Qc]
akima34: bets $6
belik555: calls $6
*** SHOW DOWN ***
akima34: shows [2d 2s] (a full house, Deuces full of Aces)
belik555: mucks hand
akima34 collected $41.50 from pot
*** SUMMARY ***
Total pot $42 | Rake $0.50
Board [As 2c Js Ac Qc]
Seat 1: akima34 (big blind) showed [2d 2s] and won ($41.50) with a full house, Deuces full of Aces
Seat 6: belik555 (button) (small blind) mucked


PokerStars Hand #153617885018:  Hold'em Limit ($3/$6 USD) - 2016/05/21 0:39:16 ET
Table 'Kentaurus' 6-max Seat #1 is the button
Seat 1: akima34 ($65.08 in chips)
Seat 6: belik555 ($270.08 in chips)
akima34: posts small blind $1
belik555: posts big blind $3
*** HOLE CARDS ***
akima34: raises $3 to $6
belik555: calls $3
*** FLOP *** [3s 8d 9h]
belik555: checks
akima34: checks
*** TURN *** [3s 8d 9h] [3h]
belik555: bets $6
akima34: folds
Uncalled bet ($6) returned to belik555
belik555 collected $11.76 from pot
belik555: doesn't show hand
*** SUMMARY ***
Total pot $12 | Rake $0.24
Board [3s 8d 9h 3h]
Seat 1: akima34 (button) (small blind) folded on the Turn
Seat 6: belik555 (big blind) collected ($11.76)


PokerStars Hand #153617908259:  Hold'em Limit ($3/$6 USD) - 2016/05/21 0:40:41 ET
Table 'Kentaurus' 6-max Seat #6 is the button
Seat 1: akima34 ($91.10 in chips)
Seat 6: belik555 ($242.84 in chips)
belik555: posts small blind $1
akima34: posts big blind $3
*** HOLE CARDS ***
belik555: raises $3 to $6
akima34: raises $3 to $9
belik555: calls $3
*** FLOP *** [6d 5d 7d]
akima34: bets $3
belik555: calls $3
*** TURN *** [6d 5d 7d] [Tc]
akima34: bets $6
belik555: calls $6
*** RIVER *** [6d 5d 7d Tc] [Qd]
akima34: bets $6
belik555: calls $6
*** SHOW DOWN ***
akima34: shows [5s 9s] (a pair of Fives)
belik555: shows [Ts 9h] (a pair of Tens)
belik555 collected $47.50 from pot
*** SUMMARY ***
Total pot $48 | Rake $0.50
Board [6d 5d 7d Tc Qd]
Seat 1: akima34 (big blind) showed [5s 9s] and lost with a pair of Fives
Seat 6: belik555 (button) (small blind) showed [Ts 9h] and won ($47.50) with a pair of Tens


PokerStars Hand #153617897811:  Hold'em Limit ($3/$6 USD) - 2016/05/21 0:40:03 ET
Table 'Kentaurus' 6-max Seat #1 is the button
Seat 1: akima34 ($79.58 in chips)
Seat 6: belik555 ($254.84 in chips)
akima34: posts small blind $1
belik555: posts big blind $3
*** HOLE CARDS ***
akima34: calls $2
belik555: checks
*** FLOP *** [7d 4h Jd]
belik555: checks
akima34: bets $3
belik555: calls $3
*** TURN *** [7d 4h Jd] [Qs]
belik555: checks
akima34: bets $6
belik555: calls $6
*** RIVER *** [7d 4h Jd Qs] [Ad]
belik555: checks
akima34: checks
*** SHOW DOWN ***
belik555: shows [6c 4s] (a pair of Fours)
akima34: shows [Jh Ts] (a pair of Jacks)
akima34 collected $23.52 from pot
*** SUMMARY ***
Total pot $24 | Rake $0.48
Board [7d 4h Jd Qs Ad]
Seat 1: akima34 (button) (small blind) showed [Jh Ts] and won ($23.52) with a pair of Jacks
Seat 6: belik555 (big blind) showed [6c 4s] and lost with a pair of Fours


PokerStars Hand #153617933898:  Hold'em Limit ($3/$6 USD) - 2016/05/21 0:42:15 ET
Table 'Kentaurus' 6-max Seat #1 is the button
Seat 1: akima34 ($34.10 in chips)
Seat 6: belik555 ($298.48 in chips)
akima34: posts small blind $1
belik555: posts big blind $3
*** HOLE CARDS ***
akima34: calls $2
belik555: raises $3 to $6
akima34: calls $3
*** FLOP *** [6d Td 5d]
belik555: bets $3
akima34: folds
Uncalled bet ($3) returned to belik555
belik555 collected $11.76 from pot
belik555: doesn't show hand
*** SUMMARY ***
Total pot $12 | Rake $0.24
Board [6d Td 5d]
Seat 1: akima34 (button) (small blind) folded on the Flop
Seat 6: belik555 (big blind) collected ($11.76)


PokerStars Hand #153617921887:  Hold'em Limit ($3/$6 USD) - 2016/05/21 0:41:30 ET
Table 'Kentaurus' 6-max Seat #6 is the button
Seat 1: akima34 ($58.10 in chips)
Seat 6: belik555 ($274.98 in chips)
belik555: posts small blind $1
akima34: posts big blind $3
*** HOLE CARDS ***
belik555: raises $3 to $6
akima34: calls $3
*** FLOP *** [Kd Qd Jd]
akima34: checks
belik555: bets $3
akima34: raises $3 to $6
belik555: calls $3
*** TURN *** [Kd Qd Jd] [5d]
akima34: bets $6
belik555: calls $6
*** RIVER *** [Kd Qd Jd 5d] [4s]
akima34: bets $6
belik555: raises $6 to $12
akima34: folds
Uncalled bet ($6) returned to belik555
belik555 collected $47.50 from pot
belik555: doesn't show hand
*** SUMMARY ***
Total pot $48 | Rake $0.50
Board [Kd Qd Jd 5d 4s]
Seat 1: akima34 (big blind) folded on the River
Seat 6: belik555 (button) (small blind) collected ($47.50)


PokerStars Hand #153617916099:  Hold'em Limit ($3/$6 USD) - 2016/05/21 0:41:09 ET
Table 'Kentaurus' 6-max Seat #1 is the button
Seat 1: akima34 ($67.10 in chips)
Seat 6: belik555 ($266.34 in chips)
akima34: posts small blind $1
belik555: posts big blind $3
*** HOLE CARDS ***
akima34: raises $3 to $6
belik555: calls $3
*** FLOP *** [4c 2s 9d]
belik555: checks
akima34: bets $3
belik555: calls $3
*** TURN *** [4c 2s 9d] [Qh]
belik555: checks
akima34: checks
*** RIVER *** [4c 2s 9d Qh] [4h]
belik555: bets $6
akima34: folds
Uncalled bet ($6) returned to belik555
belik555 collected $17.64 from pot
belik555: doesn't show hand
*** SUMMARY ***
Total pot $18 | Rake $0.36
Board [4c 2s 9d Qh 4h]
Seat 1: akima34 (button) (small blind) folded on the River
Seat 6: belik555 (big blind) collected ($17.64)


PokerStars Hand #153617952749:  Hold'em Limit ($3/$6 USD) - 2016/05/21 0:43:24 ET
Table 'Kentaurus' 6-max Seat #1 is the button
Seat 1: akima34 ($78.20 in chips)
Seat 6: belik555 ($253.14 in chips)
akima34: posts small blind $1
belik555: posts big blind $3
*** HOLE CARDS ***
akima34: folds
Uncalled bet ($2) returned to belik555
belik555 collected $2 from pot
belik555: doesn't show hand
*** SUMMARY ***
Total pot $2 | Rake $0
Seat 1: akima34 (button) (small blind) folded before Flop
Seat 6: belik555 (big blind) collected ($2)


PokerStars Hand #153617946650:  Hold'em Limit ($3/$6 USD) - 2016/05/21 0:43:01 ET
Table 'Kentaurus' 6-max Seat #6 is the button
Seat 1: akima34 ($54.70 in chips)
Seat 6: belik555 ($277.14 in chips)
belik555: posts small blind $1
akima34: posts big blind $3
*** HOLE CARDS ***
belik555: raises $3 to $6
akima34: raises $3 to $9
belik555: calls $3
*** FLOP *** [6c Qd 2d]
akima34: bets $3
belik555: calls $3
*** TURN *** [6c Qd 2d] [Th]
akima34: bets $6
belik555: calls $6
*** RIVER *** [6c Qd 2d Th] [9d]
akima34: bets $6
belik555: calls $6
*** SHOW DOWN ***
akima34: shows [Kc Qs] (a pair of Queens)
belik555: mucks hand
akima34 collected $47.50 from pot
*** SUMMARY ***
Total pot $48 | Rake $0.50
Board [6c Qd 2d Th 9d]
Seat 1: akima34 (big blind) showed [Kc Qs] and won ($47.50) with a pair of Queens
Seat 6: belik555 (button) (small blind) mucked


PokerStars Hand #153617945216:  Hold'em Limit ($3/$6 USD) - 2016/05/21 0:42:56 ET
Table 'Kentaurus' 6-max Seat #1 is the button
Seat 1: akima34 ($55.70 in chips)
Seat 6: belik555 ($276.14 in chips)
akima34: posts small blind $1
belik555: posts big blind $3
*** HOLE CARDS ***
akima34: folds
Uncalled bet ($2) returned to belik555
belik555 collected $2 from pot
belik555: doesn't show hand
*** SUMMARY ***
Total pot $2 | Rake $0
Seat 1: akima34 (button) (small blind) folded before Flop
Seat 6: belik555 (big blind) collected ($2)


PokerStars Hand #153617937901:  Hold'em Limit ($3/$6 USD) - 2016/05/21 0:42:29 ET
Table 'Kentaurus' 6-max Seat #6 is the button
Seat 1: akima34 ($28.10 in chips)
Seat 6: belik555 ($304.24 in chips)
belik555: posts small blind $1
akima34: posts big blind $3
*** HOLE CARDS ***
belik555: raises $3 to $6
akima34: raises $3 to $9
belik555: calls $3
*** FLOP *** [9c Tc 9d]
akima34: bets $3
belik555: calls $3
*** TURN *** [9c Tc 9d] [Qs]
akima34: bets $6
belik555: calls $6
*** RIVER *** [9c Tc 9d Qs] [8c]
akima34: bets $6
belik555: raises $6 to $12
akima34: calls $4.10 and is all-in
Uncalled bet ($1.90) returned to belik555
*** SHOW DOWN ***
belik555: shows [Qd 7d] (two pair, Queens and Nines)
akima34: shows [Ts Td] (a full house, Tens full of Nines)
akima34 collected $55.70 from pot
*** SUMMARY ***
Total pot $56.20 | Rake $0.50
Board [9c Tc 9d Qs 8c]
Seat 1: akima34 (big blind) showed [Ts Td] and won ($55.70) with a full house, Tens full of Nines
Seat 6: belik555 (button) (small blind) showed [Qd 7d] and lost with two pair, Queens and Nines


PokerStars Hand #153617954297:  Hold'em Limit ($3/$6 USD) - 2016/05/21 0:43:29 ET
Table 'Kentaurus' 6-max Seat #6 is the button
Seat 1: akima34 ($77.20 in chips)
Seat 6: belik555 ($254.14 in chips)
belik555: posts small blind $1
akima34: posts big blind $3
*** HOLE CARDS ***
belik555: raises $3 to $6
akima34: raises $3 to $9
belik555: raises $3 to $12
Betting is capped
akima34: calls $3
*** FLOP *** [2h Jd 7c]
akima34: bets $3
belik555: calls $3
*** TURN *** [2h Jd 7c] [Kc]
akima34: checks
belik555: bets $6
akima34: calls $6
*** RIVER *** [2h Jd 7c Kc] [Tc]
akima34: checks
belik555: bets $6
akima34: raises $6 to $12
belik555: calls $6
*** SHOW DOWN ***
akima34: shows [9s Qc] (a straight, Nine to King)
belik555: mucks hand
akima34 collected $65.50 from pot
*** SUMMARY ***
Total pot $66 | Rake $0.50
Board [2h Jd 7c Kc Tc]
Seat 1: akima34 (big blind) showed [9s Qc] and won ($65.50) with a straight, Nine to King
Seat 6: belik555 (button) (small blind) mucked


PokerStars Hand #153617986014:  Hold'em Limit ($3/$6 USD) - 2016/05/21 0:45:25 ET
Table 'Kentaurus' 6-max Seat #1 is the button
Seat 1: akima34 ($144.34 in chips)
Seat 6: belik555 ($185.14 in chips)
akima34: posts small blind $1
belik555: posts big blind $3
*** HOLE CARDS ***
akima34: folds
Uncalled bet ($2) returned to belik555
belik555 collected $2 from pot
belik555: doesn't show hand
*** SUMMARY ***
Total pot $2 | Rake $0
Seat 1: akima34 (button) (small blind) folded before Flop
Seat 6: belik555 (big blind) collected ($2)


PokerStars Hand #153617981659:  Hold'em Limit ($3/$6 USD) - 2016/05/21 0:45:09 ET
Table 'Kentaurus' 6-max Seat #6 is the button
Seat 1: akima34 ($129.84 in chips)
Seat 6: belik555 ($200.14 in chips)
belik555: posts small blind $1
akima34: posts big blind $3
*** HOLE CARDS ***
belik555: raises $3 to $6
akima34: calls $3
*** FLOP *** [Qd 7h 9h]
akima34: checks
belik555: bets $3
akima34: calls $3
*** TURN *** [Qd 7h 9h] [Qc]
akima34: checks
belik555: checks
*** RIVER *** [Qd 7h 9h Qc] [Jh]
akima34: bets $6
belik555: calls $6
*** SHOW DOWN ***
akima34: shows [4h 8h] (a flush, Jack high)
belik555: mucks hand
akima34 collected $29.50 from pot
*** SUMMARY ***
Total pot $30 | Rake $0.50
Board [Qd 7h 9h Qc Jh]
Seat 1: akima34 (big blind) showed [4h 8h] and won ($29.50) with a flush, Jack high
Seat 6: belik555 (button) (small blind) mucked


PokerStars Hand #153617973510:  Hold'em Limit ($3/$6 USD) - 2016/05/21 0:44:39 ET
Table 'Kentaurus' 6-max Seat #6 is the button
Seat 1: akima34 ($124.20 in chips)
Seat 6: belik555 ($206.14 in chips)
belik555: posts small blind $1
akima34: posts big blind $3
*** HOLE CARDS ***
belik555: raises $3 to $6
akima34: folds
Uncalled bet ($3) returned to belik555
belik555 collected $6 from pot
belik555: doesn't show hand
*** SUMMARY ***
Total pot $6 | Rake $0
Seat 1: akima34 (big blind) folded before Flop
Seat 6: belik555 (button) (small blind) collected ($6)


PokerStars Hand #153617975314:  Hold'em Limit ($3/$6 USD) - 2016/05/21 0:44:46 ET
Table 'Kentaurus' 6-max Seat #1 is the button
Seat 1: akima34 ($121.20 in chips)
Seat 6: belik555 ($209.14 in chips)
akima34: posts small blind $1
belik555: posts big blind $3
*** HOLE CARDS ***
akima34: calls $2
belik555: raises $3 to $6
akima34: raises $3 to $9
belik555: calls $3
*** FLOP *** [Th 2s Ac]
belik555: checks
akima34: checks
*** TURN *** [Th 2s Ac] [3h]
belik555: checks
akima34: bets $6
belik555: folds
Uncalled bet ($6) returned to akima34
akima34 collected $17.64 from pot
akima34: doesn't show hand
*** SUMMARY ***
Total pot $18 | Rake $0.36
Board [Th 2s Ac 3h]
Seat 1: akima34 (button) (small blind) collected ($17.64)
Seat 6: belik555 (big blind) folded on the Turn


PokerStars Hand #153617965669:  Hold'em Limit ($3/$6 USD) - 2016/05/21 0:44:11 ET
Table 'Kentaurus' 6-max Seat #1 is the button
Seat 1: akima34 ($109.70 in chips)
Seat 6: belik555 ($221.14 in chips)
akima34: posts small blind $1
belik555: posts big blind $3
*** HOLE CARDS ***
akima34: raises $3 to $6
belik555: calls $3
*** FLOP *** [4c 8c 2d]
belik555: checks
akima34: bets $3
belik555: calls $3
*** TURN *** [4c 8c 2d] [6c]
belik555: checks
akima34: bets $6
belik555: calls $6
*** RIVER *** [4c 8c 2d 6c] [Js]
belik555: checks
akima34: bets $6
belik555: folds
Uncalled bet ($6) returned to akima34
akima34 collected $29.50 from pot
akima34: doesn't show hand
*** SUMMARY ***
Total pot $30 | Rake $0.50
Board [4c 8c 2d 6c Js]
Seat 1: akima34 (button) (small blind) collected ($29.50)
Seat 6: belik555 (big blind) folded on the River


PokerStars Hand #153617997630:  Hold'em Limit ($3/$6 USD) - 2016/05/21 0:46:07 ET
Table 'Kentaurus' 6-max Seat #6 is the button
Seat 1: akima34 ($162.84 in chips)
Seat 6: belik555 ($166.14 in chips)
belik555: posts small blind $1
akima34: posts big blind $3
*** HOLE CARDS ***
belik555: raises $3 to $6
akima34: calls $3
*** FLOP *** [Th 2s 8c]
akima34: checks
belik555: bets $3
akima34: calls $3
*** TURN *** [Th 2s 8c] [Qs]
akima34: checks
belik555: bets $6
akima34: folds
Uncalled bet ($6) returned to belik555
belik555 collected $17.64 from pot
belik555: doesn't show hand
*** SUMMARY ***
Total pot $18 | Rake $0.36
Board [Th 2s 8c Qs]
Seat 1: akima34 (big blind) folded on the Turn
Seat 6: belik555 (button) (small blind) collected ($17.64)


PokerStars Hand #153617993931:  Hold'em Limit ($3/$6 USD) - 2016/05/21 0:45:53 ET
Table 'Kentaurus' 6-max Seat #1 is the button
Seat 1: akima34 ($163.84 in chips)
Seat 6: belik555 ($165.14 in chips)
akima34: posts small blind $1
belik555: posts big blind $3
*** HOLE CARDS ***
akima34: folds
Uncalled bet ($2) returned to belik555
belik555 collected $2 from pot
belik555: doesn't show hand
*** SUMMARY ***
Total pot $2 | Rake $0
Seat 1: akima34 (button) (small blind) folded before Flop
Seat 6: belik555 (big blind) collected ($2)


PokerStars Hand #153617987512:  Hold'em Limit ($3/$6 USD) - 2016/05/21 0:45:30 ET
Table 'Kentaurus' 6-max Seat #6 is the button
Seat 1: akima34 ($143.34 in chips)
Seat 6: belik555 ($186.14 in chips)
belik555: posts small blind $1
akima34: posts big blind $3
*** HOLE CARDS ***
belik555: raises $3 to $6
akima34: calls $3
*** FLOP *** [Tc 6h Jd]
akima34: checks
belik555: bets $3
akima34: calls $3
*** TURN *** [Tc 6h Jd] [5d]
akima34: checks
belik555: bets $6
akima34: calls $6
*** RIVER *** [Tc 6h Jd 5d] [7d]
akima34: bets $6
belik555: calls $6
*** SHOW DOWN ***
akima34: shows [7s 7c] (three of a kind, Sevens)
belik555: mucks hand
akima34 collected $41.50 from pot
*** SUMMARY ***
Total pot $42 | Rake $0.50
Board [Tc 6h Jd 5d 7d]
Seat 1: akima34 (big blind) showed [7s 7c] and won ($41.50) with three of a kind, Sevens
Seat 6: belik555 (button) (small blind) mucked


PokerStars Hand #153618003756:  Hold'em Limit ($3/$6 USD) - 2016/05/21 0:46:29 ET
Table 'Kentaurus' 6-max Seat #1 is the button
Seat 1: akima34 ($153.84 in chips)
Seat 6: belik555 ($174.78 in chips)
akima34: posts small blind $1
belik555: posts big blind $3
*** HOLE CARDS ***
akima34: calls $2
belik555: checks
*** FLOP *** [8s 4c 2d]
belik555: checks
akima34: checks
*** TURN *** [8s 4c 2d] [9h]
belik555: checks
akima34: bets $6
belik555: calls $6
*** RIVER *** [8s 4c 2d 9h] [8h]
belik555: checks
akima34: bets $6
belik555: calls $6
*** SHOW DOWN ***
akima34: shows [Jc Qs] (a pair of Eights)
belik555: shows [7c 2s] (two pair, Eights and Deuces)
belik555 collected $29.50 from pot
*** SUMMARY ***
Total pot $30 | Rake $0.50
Board [8s 4c 2d 9h 8h]
Seat 1: akima34 (button) (small blind) showed [Jc Qs] and lost with a pair of Eights
Seat 6: belik555 (big blind) showed [7c 2s] and won ($29.50) with two pair, Eights and Deuces


PokerStars Hand #153618012214:  Hold'em Limit ($3/$6 USD) - 2016/05/21 0:47:00 ET
Table 'Kentaurus' 6-max Seat #6 is the button
Seat 1: akima34 ($138.84 in chips)
Seat 6: belik555 ($189.28 in chips)
belik555: posts small blind $1
akima34: posts big blind $3
*** HOLE CARDS ***
belik555: folds
Uncalled bet ($2) returned to akima34
akima34 collected $2 from pot
akima34: doesn't show hand
*** SUMMARY ***
Total pot $2 | Rake $0
Seat 1: akima34 (big blind) collected ($2)
Seat 6: belik555 (button) (small blind) folded before Flop


PokerStars Hand #153618014084:  Hold'em Limit ($3/$6 USD) - 2016/05/21 0:47:07 ET
Table 'Kentaurus' 6-max Seat #1 is the button
Seat 1: akima34 ($139.84 in chips)
Seat 6: belik555 ($188.28 in chips)
akima34: posts small blind $1
belik555: posts big blind $3
*** HOLE CARDS ***
akima34: raises $3 to $6
belik555: calls $3
*** FLOP *** [3h 2c 9d]
belik555: checks
akima34: bets $3
belik555: calls $3
*** TURN *** [3h 2c 9d] [4d]
belik555: checks
akima34: bets $6
belik555: calls $6
*** RIVER *** [3h 2c 9d 4d] [7d]
belik555: checks
akima34: checks
*** SHOW DOWN ***
belik555: shows [Qh 3s] (a pair of Threes)
akima34: mucks hand
belik555 collected $29.50 from pot
*** SUMMARY ***
Total pot $30 | Rake $0.50
Board [3h 2c 9d 4d 7d]
Seat 1: akima34 (button) (small blind) mucked
Seat 6: belik555 (big blind) showed [Qh 3s] and won ($29.50) with a pair of Threes


PokerStars Hand #153618020754:  Hold'em Limit ($3/$6 USD) - 2016/05/21 0:47:31 ET
Table 'Kentaurus' 6-max Seat #6 is the button
Seat 1: akima34 ($124.84 in chips)
Seat 6: belik555 ($202.78 in chips)
belik555: posts small blind $1
akima34: posts big blind $3
*** HOLE CARDS ***
belik555: raises $3 to $6
akima34: calls $3
*** FLOP *** [9h 8d Qd]
akima34: checks
belik555: bets $3
akima34: calls $3
*** TURN *** [9h 8d Qd] [5s]
akima34: checks
belik555: bets $6
akima34: folds
Uncalled bet ($6) returned to belik555
belik555 collected $17.64 from pot
belik555: doesn't show hand
*** SUMMARY ***
Total pot $18 | Rake $0.36
Board [9h 8d Qd 5s]
Seat 1: akima34 (big blind) folded on the Turn
Seat 6: belik555 (button) (small blind) collected ($17.64)


PokerStars Hand #153618025777:  Hold'em Limit ($3/$6 USD) - 2016/05/21 0:47:50 ET
Table 'Kentaurus' 6-max Seat #1 is the button
Seat 1: akima34 ($115.84 in chips)
Seat 6: belik555 ($211.42 in chips)
akima34: posts small blind $1
belik555: posts big blind $3
*** HOLE CARDS ***
akima34: raises $3 to $6
belik555: calls $3
*** FLOP *** [5d 9c Kc]
belik555: checks
akima34: bets $3
belik555: calls $3
*** TURN *** [5d 9c Kc] [4c]
belik555: checks
akima34: checks
*** RIVER *** [5d 9c Kc 4c] [2h]
belik555: bets $6
akima34: folds
Uncalled bet ($6) returned to belik555
belik555 collected $17.64 from pot
belik555: doesn't show hand
*** SUMMARY ***
Total pot $18 | Rake $0.36
Board [5d 9c Kc 4c 2h]
Seat 1: akima34 (button) (small blind) folded on the River
Seat 6: belik555 (big blind) collected ($17.64)


PokerStars Hand #153618034146:  Hold'em Limit ($3/$6 USD) - 2016/05/21 0:48:21 ET
Table 'Kentaurus' 6-max Seat #6 is the button
Seat 1: akima34 ($106.84 in chips)
Seat 6: belik555 ($220.06 in chips)
belik555: posts small blind $1
akima34: posts big blind $3
*** HOLE CARDS ***
belik555: raises $3 to $6
akima34: calls $3
*** FLOP *** [8c Qc Ac]
akima34: checks
belik555: bets $3
akima34: calls $3
*** TURN *** [8c Qc Ac] [8h]
akima34: checks
belik555: bets $6
akima34: calls $6
*** RIVER *** [8c Qc Ac 8h] [Ad]
akima34: checks
belik555: bets $6
akima34: folds
Uncalled bet ($6) returned to belik555
belik555 collected $29.50 from pot
belik555: doesn't show hand
*** SUMMARY ***
Total pot $30 | Rake $0.50
Board [8c Qc Ac 8h Ad]
Seat 1: akima34 (big blind) folded on the River
Seat 6: belik555 (button) (small blind) collected ($29.50)


PokerStars Hand #153618041720:  Hold'em Limit ($3/$6 USD) - 2016/05/21 0:48:48 ET
Table 'Kentaurus' 6-max Seat #1 is the button
Seat 1: akima34 ($91.84 in chips)
Seat 6: belik555 ($234.56 in chips)
akima34: posts small blind $1
belik555: posts big blind $3
*** HOLE CARDS ***
akima34: raises $3 to $6
belik555: calls $3
*** FLOP *** [8h 2c Js]
belik555: checks
akima34: bets $3
belik555: folds
Uncalled bet ($3) returned to akima34
akima34 collected $11.76 from pot
akima34: doesn't show hand
*** SUMMARY ***
Total pot $12 | Rake $0.24
Board [8h 2c Js]
Seat 1: akima34 (button) (small blind) collected ($11.76)
Seat 6: belik555 (big blind) folded on the Flop


PokerStars Hand #153618044795:  Hold'em Limit ($3/$6 USD) - 2016/05/21 0:49:00 ET
Table 'Kentaurus' 6-max Seat #6 is the button
Seat 1: akima34 ($97.60 in chips)
Seat 6: belik555 ($228.56 in chips)
belik555: posts small blind $1
akima34: posts big blind $3
*** HOLE CARDS ***
belik555: raises $3 to $6
akima34: raises $3 to $9
belik555: calls $3
*** FLOP *** [7s 2c Qc]
akima34: bets $3
belik555: calls $3
*** TURN *** [7s 2c Qc] [3s]
akima34: bets $6
belik555: folds
Uncalled bet ($6) returned to akima34
akima34 collected $23.52 from pot
akima34: doesn't show hand
*** SUMMARY ***
Total pot $24 | Rake $0.48
Board [7s 2c Qc 3s]
Seat 1: akima34 (big blind) collected ($23.52)
Seat 6: belik555 (button) (small blind) folded on the Turn


PokerStars Hand #153618049059:  Hold'em Limit ($3/$6 USD) - 2016/05/21 0:49:16 ET
Table 'Kentaurus' 6-max Seat #1 is the button
Seat 1: akima34 ($109.12 in chips)
Seat 6: belik555 ($216.56 in chips)
akima34: posts small blind $1
belik555: posts big blind $3
*** HOLE CARDS ***
akima34: folds
Uncalled bet ($2) returned to belik555
belik555 collected $2 from pot
belik555: doesn't show hand
*** SUMMARY ***
Total pot $2 | Rake $0
Seat 1: akima34 (button) (small blind) folded before Flop
Seat 6: belik555 (big blind) collected ($2)


PokerStars Hand #153618056251:  Hold'em Limit ($3/$6 USD) - 2016/05/21 0:49:42 ET
Table 'Kentaurus' 6-max Seat #1 is the button
Seat 1: akima34 ($99.12 in chips)
Seat 6: belik555 ($226.20 in chips)
akima34: posts small blind $1
belik555: posts big blind $3
*** HOLE CARDS ***
akima34: calls $2
belik555: checks
*** FLOP *** [3d Kc 7c]
belik555: checks
akima34: bets $3
belik555: calls $3
*** TURN *** [3d Kc 7c] [4h]
belik555: checks
akima34: bets $6
belik555: calls $6
*** RIVER *** [3d Kc 7c 4h] [6h]
belik555: checks
akima34: bets $6
belik555: calls $6
*** SHOW DOWN ***
akima34: shows [8c Td] (high card King)
belik555: shows [8h 3h] (a pair of Threes)
belik555 collected $35.50 from pot
*** SUMMARY ***
Total pot $36 | Rake $0.50
Board [3d Kc 7c 4h 6h]
Seat 1: akima34 (button) (small blind) showed [8c Td] and lost with high card King
Seat 6: belik555 (big blind) showed [8h 3h] and won ($35.50) with a pair of Threes


PokerStars Hand #153618050534:  Hold'em Limit ($3/$6 USD) - 2016/05/21 0:49:21 ET
Table 'Kentaurus' 6-max Seat #6 is the button
Seat 1: akima34 ($108.12 in chips)
Seat 6: belik555 ($217.56 in chips)
belik555: posts small blind $1
akima34: posts big blind $3
*** HOLE CARDS ***
belik555: raises $3 to $6
akima34: calls $3
*** FLOP *** [4h 8c 5s]
akima34: checks
belik555: bets $3
akima34: calls $3
*** TURN *** [4h 8c 5s] [6s]
akima34: checks
belik555: bets $6
akima34: folds
Uncalled bet ($6) returned to belik555
belik555 collected $17.64 from pot
belik555: doesn't show hand
*** SUMMARY ***
Total pot $18 | Rake $0.36
Board [4h 8c 5s 6s]
Seat 1: akima34 (big blind) folded on the Turn
Seat 6: belik555 (button) (small blind) collected ($17.64)


PokerStars Hand #153618072987:  Hold'em Limit ($3/$6 USD) - 2016/05/21 0:50:44 ET
Table 'Kentaurus' 6-max Seat #1 is the button
Seat 1: akima34 ($88.64 in chips)
Seat 6: belik555 ($235.70 in chips)
akima34: posts small blind $1
belik555: posts big blind $3
*** HOLE CARDS ***
akima34: raises $3 to $6
belik555: calls $3
*** FLOP *** [8s 4c Ks]
belik555: checks
akima34: bets $3
belik555: calls $3
*** TURN *** [8s 4c Ks] [Qh]
belik555: checks
akima34: bets $6
belik555: folds
Uncalled bet ($6) returned to akima34
akima34 collected $17.64 from pot
akima34: doesn't show hand
*** SUMMARY ***
Total pot $18 | Rake $0.36
Board [8s 4c Ks Qh]
Seat 1: akima34 (button) (small blind) collected ($17.64)
Seat 6: belik555 (big blind) folded on the Turn


PokerStars Hand #153618070002:  Hold'em Limit ($3/$6 USD) - 2016/05/21 0:50:32 ET
Table 'Kentaurus' 6-max Seat #1 is the button
Seat 1: akima34 ($92.64 in chips)
Seat 6: belik555 ($231.70 in chips)
akima34: posts small blind $1
belik555: posts big blind $3
*** HOLE CARDS ***
akima34: folds
Uncalled bet ($2) returned to belik555
belik555 collected $2 from pot
belik555: doesn't show hand
*** SUMMARY ***
Total pot $2 | Rake $0
Seat 1: akima34 (button) (small blind) folded before Flop
Seat 6: belik555 (big blind) collected ($2)


PokerStars Hand #153618063185:  Hold'em Limit ($3/$6 USD) - 2016/05/21 0:50:07 ET
Table 'Kentaurus' 6-max Seat #6 is the button
Seat 1: akima34 ($81.12 in chips)
Seat 6: belik555 ($243.70 in chips)
belik555: posts small blind $1
akima34: posts big blind $3
*** HOLE CARDS ***
belik555: raises $3 to $6
akima34: raises $3 to $9
belik555: calls $3
*** FLOP *** [9s Qs Qc]
akima34: bets $3
belik555: calls $3
*** TURN *** [9s Qs Qc] [7d]
akima34: checks
belik555: checks
*** RIVER *** [9s Qs Qc 7d] [6d]
akima34: bets $6
belik555: folds
Uncalled bet ($6) returned to akima34
akima34 collected $23.52 from pot
akima34: doesn't show hand
*** SUMMARY ***
Total pot $24 | Rake $0.48
Board [9s Qs Qc 7d 6d]
Seat 1: akima34 (big blind) collected ($23.52)
Seat 6: belik555 (button) (small blind) folded on the River


PokerStars Hand #153618071498:  Hold'em Limit ($3/$6 USD) - 2016/05/21 0:50:38 ET
Table 'Kentaurus' 6-max Seat #6 is the button
Seat 1: akima34 ($91.64 in chips)
Seat 6: belik555 ($232.70 in chips)
belik555: posts small blind $1
akima34: posts big blind $3
*** HOLE CARDS ***
belik555: raises $3 to $6
akima34: folds
Uncalled bet ($3) returned to belik555
belik555 collected $6 from pot
belik555: doesn't show hand
*** SUMMARY ***
Total pot $6 | Rake $0
Seat 1: akima34 (big blind) folded before Flop
Seat 6: belik555 (button) (small blind) collected ($6)


PokerStars Hand #153618085836:  Hold'em Limit ($3/$6 USD) - 2016/05/21 0:51:31 ET
Table 'Kentaurus' 6-max Seat #1 is the button
Seat 1: akima34 ($97.03 in chips)
Seat 6: belik555 ($226.45 in chips)
akima34: posts small blind $1
belik555: posts big blind $3
*** HOLE CARDS ***
akima34: folds
Uncalled bet ($2) returned to belik555
belik555 collected $2 from pot
belik555: doesn't show hand
*** SUMMARY ***
Total pot $2 | Rake $0
Seat 1: akima34 (button) (small blind) folded before Flop
Seat 6: belik555 (big blind) collected ($2)


PokerStars Hand #153618077964:  Hold'em Limit ($3/$6 USD) - 2016/05/21 0:51:02 ET
Table 'Kentaurus' 6-max Seat #6 is the button
Seat 1: akima34 ($97.28 in chips)
Seat 6: belik555 ($226.70 in chips)
belik555: posts small blind $1
akima34: posts big blind $3
*** HOLE CARDS ***
belik555: raises $3 to $6
akima34: calls $3
*** FLOP *** [Qs Kd 9c]
akima34: checks
belik555: bets $3
akima34: calls $3
*** TURN *** [Qs Kd 9c] [Kh]
akima34: checks
belik555: checks
*** RIVER *** [Qs Kd 9c Kh] [9h]
akima34: bets $6
belik555: raises $6 to $12
akima34: raises $6 to $18
belik555: calls $6
*** SHOW DOWN ***
akima34: shows [9s Jh] (a full house, Nines full of Kings)
belik555: shows [9d 8d] (a full house, Nines full of Kings)
akima34 collected $26.75 from pot
belik555 collected $26.75 from pot
*** SUMMARY ***
Total pot $54 | Rake $0.50
Board [Qs Kd 9c Kh 9h]
Seat 1: akima34 (big blind) showed [9s Jh] and won ($26.75) with a full house, Nines full of Kings
Seat 6: belik555 (button) (small blind) showed [9d 8d] and won ($26.75) with a full house, Nines full of Kings


PokerStars Hand #153618087370:  Hold'em Limit ($3/$6 USD) - 2016/05/21 0:51:36 ET
Table 'Kentaurus' 6-max Seat #6 is the button
Seat 1: akima34 ($96.03 in chips)
Seat 6: belik555 ($227.45 in chips)
belik555: posts small blind $1
akima34: posts big blind $3
*** HOLE CARDS ***
belik555: raises $3 to $6
akima34: calls $3
*** FLOP *** [9d 4h Kh]
akima34: checks
belik555: bets $3
akima34: calls $3
*** TURN *** [9d 4h Kh] [6s]
akima34: checks
belik555: checks
*** RIVER *** [9d 4h Kh 6s] [8h]
akima34: bets $6
belik555: folds
Uncalled bet ($6) returned to akima34
akima34 collected $17.64 from pot
akima34: doesn't show hand
*** SUMMARY ***
Total pot $18 | Rake $0.36
Board [9d 4h Kh 6s 8h]
Seat 1: akima34 (big blind) collected ($17.64)
Seat 6: belik555 (button) (small blind) folded on the River


PokerStars Hand #153618093423:  Hold'em Limit ($3/$6 USD) - 2016/05/21 0:51:59 ET
Table 'Kentaurus' 6-max Seat #1 is the button
Seat 1: akima34 ($104.67 in chips)
Seat 6: belik555 ($218.45 in chips)
akima34: posts small blind $1
belik555: posts big blind $3
*** HOLE CARDS ***
akima34: folds
Uncalled bet ($2) returned to belik555
belik555 collected $2 from pot
belik555: doesn't show hand
*** SUMMARY ***
Total pot $2 | Rake $0
Seat 1: akima34 (button) (small blind) folded before Flop
Seat 6: belik555 (big blind) collected ($2)


PokerStars Hand #153618094929:  Hold'em Limit ($3/$6 USD) - 2016/05/21 0:52:05 ET
Table 'Kentaurus' 6-max Seat #6 is the button
Seat 1: akima34 ($103.67 in chips)
Seat 6: belik555 ($219.45 in chips)
belik555: posts small blind $1
akima34: posts big blind $3
*** HOLE CARDS ***
belik555: raises $3 to $6
akima34: calls $3
*** FLOP *** [Kd Tc 5h]
akima34: checks
belik555: bets $3
akima34: calls $3
*** TURN *** [Kd Tc 5h] [7c]
akima34: checks
belik555: checks
*** RIVER *** [Kd Tc 5h 7c] [6c]
akima34: bets $6
belik555: folds
Uncalled bet ($6) returned to akima34
akima34 collected $17.64 from pot
akima34: doesn't show hand
*** SUMMARY ***
Total pot $18 | Rake $0.36
Board [Kd Tc 5h 7c 6c]
Seat 1: akima34 (big blind) collected ($17.64)
Seat 6: belik555 (button) (small blind) folded on the River


PokerStars Hand #153618107922:  Hold'em Limit ($3/$6 USD) - 2016/05/21 0:52:52 ET
Table 'Kentaurus' 6-max Seat #6 is the button
Seat 1: akima34 ($109.31 in chips)
Seat 6: belik555 ($213.33 in chips)
belik555: posts small blind $1
akima34: posts big blind $3
*** HOLE CARDS ***
belik555: raises $3 to $6
akima34: calls $3
*** FLOP *** [2s Ad Td]
akima34: checks
belik555: bets $3
akima34: calls $3
*** TURN *** [2s Ad Td] [Th]
akima34: checks
belik555: checks
*** RIVER *** [2s Ad Td Th] [2d]
akima34: bets $6
belik555: calls $6
*** SHOW DOWN ***
akima34: shows [Tc 7s] (a full house, Tens full of Deuces)
belik555: mucks hand
akima34 collected $29.50 from pot
*** SUMMARY ***
Total pot $30 | Rake $0.50
Board [2s Ad Td Th 2d]
Seat 1: akima34 (big blind) showed [Tc 7s] and won ($29.50) with a full house, Tens full of Deuces
Seat 6: belik555 (button) (small blind) mucked


PokerStars Hand #153618104075:  Hold'em Limit ($3/$6 USD) - 2016/05/21 0:52:38 ET
Table 'Kentaurus' 6-max Seat #1 is the button
Seat 1: akima34 ($112.31 in chips)
Seat 6: belik555 ($210.45 in chips)
akima34: posts small blind $1
belik555: posts big blind $3
*** HOLE CARDS ***
akima34: calls $2
belik555: checks
*** FLOP *** [5c 6c Qc]
belik555: bets $3
akima34: folds
Uncalled bet ($3) returned to belik555
belik555 collected $5.88 from pot
belik555: doesn't show hand
*** SUMMARY ***
Total pot $6 | Rake $0.12
Board [5c 6c Qc]
Seat 1: akima34 (button) (small blind) folded on the Flop
Seat 6: belik555 (big blind) collected ($5.88)


PokerStars Hand #153618126760:  Hold'em Limit ($3/$6 USD) - 2016/05/21 0:54:01 ET
Table 'Kentaurus' 6-max Seat #6 is the button
Seat 1: akima34 ($96.81 in chips)
Seat 6: belik555 ($224.83 in chips)
belik555: posts small blind $1
akima34: posts big blind $3
*** HOLE CARDS ***
belik555: raises $3 to $6
akima34: calls $3
*** FLOP *** [8h 3s 3c]
akima34: checks
belik555: bets $3
akima34: calls $3
*** TURN *** [8h 3s 3c] [Ad]
akima34: checks
belik555: checks
*** RIVER *** [8h 3s 3c Ad] [Th]
akima34: bets $6
belik555: calls $6
*** SHOW DOWN ***
akima34: shows [Qc 2d] (a pair of Threes)
belik555: shows [6s 6h] (two pair, Sixes and Threes)
belik555 collected $29.50 from pot
*** SUMMARY ***
Total pot $30 | Rake $0.50
Board [8h 3s 3c Ad Th]
Seat 1: akima34 (big blind) showed [Qc 2d] and lost with a pair of Threes
Seat 6: belik555 (button) (small blind) showed [6s 6h] and won ($29.50) with two pair, Sixes and Threes


PokerStars Hand #153618113695:  Hold'em Limit ($3/$6 USD) - 2016/05/21 0:53:13 ET
Table 'Kentaurus' 6-max Seat #1 is the button
Seat 1: akima34 ($123.81 in chips)
Seat 6: belik555 ($198.33 in chips)
akima34: posts small blind $1
belik555: posts big blind $3
*** HOLE CARDS ***
akima34: calls $2
belik555: checks
*** FLOP *** [4c Ts Jh]
belik555: checks
akima34: checks
*** TURN *** [4c Ts Jh] [8s]
belik555: bets $6
akima34: raises $6 to $12
belik555: raises $6 to $18
akima34: raises $6 to $24
Betting is capped
belik555: calls $6
*** RIVER *** [4c Ts Jh 8s] [7h]
belik555: checks
akima34: checks
*** SHOW DOWN ***
belik555: shows [4h 8c] (two pair, Eights and Fours)
akima34: mucks hand
belik555 collected $53.50 from pot
*** SUMMARY ***
Total pot $54 | Rake $0.50
Board [4c Ts Jh 8s 7h]
Seat 1: akima34 (button) (small blind) mucked
Seat 6: belik555 (big blind) showed [4h 8c] and won ($53.50) with two pair, Eights and Fours


PokerStars Hand #153618125274:  Hold'em Limit ($3/$6 USD) - 2016/05/21 0:53:56 ET
Table 'Kentaurus' 6-max Seat #1 is the button
Seat 1: akima34 ($97.81 in chips)
Seat 6: belik555 ($223.83 in chips)
akima34: posts small blind $1
belik555: posts big blind $3
*** HOLE CARDS ***
akima34: folds
Uncalled bet ($2) returned to belik555
belik555 collected $2 from pot
belik555: doesn't show hand
*** SUMMARY ***
Total pot $2 | Rake $0
Seat 1: akima34 (button) (small blind) folded before Flop
Seat 6: belik555 (big blind) collected ($2)


PokerStars Hand #153618122546:  Hold'em Limit ($3/$6 USD) - 2016/05/21 0:53:46 ET
Table 'Kentaurus' 6-max Seat #6 is the button
Seat 1: akima34 ($96.81 in chips)
Seat 6: belik555 ($224.83 in chips)
belik555: posts small blind $1
akima34: posts big blind $3
*** HOLE CARDS ***
belik555: folds
Uncalled bet ($2) returned to akima34
akima34 collected $2 from pot
akima34: doesn't show hand
*** SUMMARY ***
Total pot $2 | Rake $0
Seat 1: akima34 (big blind) collected ($2)
Seat 6: belik555 (button) (small blind) folded before Flop


PokerStars Hand #153618147428:  Hold'em Limit ($3/$6 USD) - 2016/05/21 0:55:16 ET
Table 'Kentaurus' 6-max Seat #6 is the button
Seat 1: akima34 ($54.81 in chips)
Seat 6: belik555 ($265.83 in chips)
belik555: posts small blind $1
akima34: posts big blind $3
*** HOLE CARDS ***
belik555: raises $3 to $6
akima34: folds
Uncalled bet ($3) returned to belik555
belik555 collected $6 from pot
belik555: doesn't show hand
*** SUMMARY ***
Total pot $6 | Rake $0
Seat 1: akima34 (big blind) folded before Flop
Seat 6: belik555 (button) (small blind) collected ($6)


PokerStars Hand #153618134330:  Hold'em Limit ($3/$6 USD) - 2016/05/21 0:54:28 ET
Table 'Kentaurus' 6-max Seat #1 is the button
Seat 1: akima34 ($81.81 in chips)
Seat 6: belik555 ($239.33 in chips)
akima34: posts small blind $1
belik555: posts big blind $3
*** HOLE CARDS ***
akima34: raises $3 to $6
belik555: calls $3
*** FLOP *** [8d Jh 6c]
belik555: checks
akima34: bets $3
belik555: calls $3
*** TURN *** [8d Jh 6c] [7h]
belik555: checks
akima34: bets $6
belik555: raises $6 to $12
akima34: calls $6
*** RIVER *** [8d Jh 6c 7h] [Qs]
belik555: bets $6
akima34: calls $6
*** SHOW DOWN ***
belik555: shows [6s Jd] (two pair, Jacks and Sixes)
akima34: mucks hand
belik555 collected $53.50 from pot
*** SUMMARY ***
Total pot $54 | Rake $0.50
Board [8d Jh 6c 7h Qs]
Seat 1: akima34 (button) (small blind) mucked
Seat 6: belik555 (big blind) showed [6s Jd] and won ($53.50) with two pair, Jacks and Sixes


PokerStars Hand #153618148892:  Hold'em Limit ($3/$6 USD) - 2016/05/21 0:55:22 ET
Table 'Kentaurus' 6-max Seat #1 is the button
Seat 1: akima34 ($51.81 in chips)
Seat 6: belik555 ($268.83 in chips)
akima34: posts small blind $1
belik555: posts big blind $3
*** HOLE CARDS ***
akima34: raises $3 to $6
belik555: calls $3
*** FLOP *** [Ad 6c Jd]
belik555: checks
akima34: bets $3
belik555: folds
Uncalled bet ($3) returned to akima34
akima34 collected $11.76 from pot
akima34: doesn't show hand
*** SUMMARY ***
Total pot $12 | Rake $0.24
Board [Ad 6c Jd]
Seat 1: akima34 (button) (small blind) collected ($11.76)
Seat 6: belik555 (big blind) folded on the Flop


PokerStars Hand #153618152637:  Hold'em Limit ($3/$6 USD) - 2016/05/21 0:55:37 ET
Table 'Kentaurus' 6-max Seat #6 is the button
Seat 1: akima34 ($57.57 in chips)
Seat 6: belik555 ($262.83 in chips)
belik555: posts small blind $1
akima34: posts big blind $3
*** HOLE CARDS ***
belik555: raises $3 to $6
akima34: calls $3
*** FLOP *** [7c 4d 9d]
akima34: checks
belik555: bets $3
akima34: raises $3 to $6
belik555: calls $3
*** TURN *** [7c 4d 9d] [Qh]
akima34: bets $6
belik555: calls $6
*** RIVER *** [7c 4d 9d Qh] [Kc]
akima34: bets $6
belik555: calls $6
*** SHOW DOWN ***
akima34: shows [Kd 8c] (a pair of Kings)
belik555: mucks hand
akima34 collected $47.50 from pot
*** SUMMARY ***
Total pot $48 | Rake $0.50
Board [7c 4d 9d Qh Kc]
Seat 1: akima34 (big blind) showed [Kd 8c] and won ($47.50) with a pair of Kings
Seat 6: belik555 (button) (small blind) mucked


PokerStars Hand #153618157772:  Hold'em Limit ($3/$6 USD) - 2016/05/21 0:55:59 ET
Table 'Kentaurus' 6-max Seat #1 is the button
Seat 1: akima34 ($81.07 in chips)
Seat 6: belik555 ($238.83 in chips)
akima34: posts small blind $1
belik555: posts big blind $3
*** HOLE CARDS ***
akima34: folds
Uncalled bet ($2) returned to belik555
belik555 collected $2 from pot
belik555: doesn't show hand
*** SUMMARY ***
Total pot $2 | Rake $0
Seat 1: akima34 (button) (small blind) folded before Flop
Seat 6: belik555 (big blind) collected ($2)


PokerStars Hand #153618159106:  Hold'em Limit ($3/$6 USD) - 2016/05/21 0:56:04 ET
Table 'Kentaurus' 6-max Seat #6 is the button
Seat 1: akima34 ($80.07 in chips)
Seat 6: belik555 ($239.83 in chips)
belik555: posts small blind $1
akima34: posts big blind $3
*** HOLE CARDS ***
belik555: raises $3 to $6
akima34: calls $3
*** FLOP *** [2s 6d Tc]
akima34: checks
belik555: bets $3
akima34: raises $3 to $6
belik555: calls $3
*** TURN *** [2s 6d Tc] [Jc]
akima34: checks
belik555: checks
*** RIVER *** [2s 6d Tc Jc] [Qh]
akima34: checks
belik555: checks
*** SHOW DOWN ***
akima34: shows [4s 6s] (a pair of Sixes)
belik555: mucks hand
akima34 collected $23.52 from pot
*** SUMMARY ***
Total pot $24 | Rake $0.48
Board [2s 6d Tc Jc Qh]
Seat 1: akima34 (big blind) showed [4s 6s] and won ($23.52) with a pair of Sixes
Seat 6: belik555 (button) (small blind) mucked


PokerStars Hand #153618173841:  Hold'em Limit ($3/$6 USD) - 2016/05/21 0:56:30 ET
Table 'Kentaurus' 6-max Seat #1 is the button
Seat 1: akima34 ($91.59 in chips)
Seat 6: belik555 ($227.83 in chips)
akima34: posts small blind $1
belik555: posts big blind $3
*** HOLE CARDS ***
akima34: folds
Uncalled bet ($2) returned to belik555
belik555 collected $2 from pot
belik555: doesn't show hand
*** SUMMARY ***
Total pot $2 | Rake $0
Seat 1: akima34 (button) (small blind) folded before Flop
Seat 6: belik555 (big blind) collected ($2)


PokerStars Hand #153618175156:  Hold'em Limit ($3/$6 USD) - 2016/05/21 0:56:35 ET
Table 'Kentaurus' 6-max Seat #6 is the button
Seat 1: akima34 ($90.59 in chips)
Seat 6: belik555 ($228.83 in chips)
belik555: posts small blind $1
akima34: posts big blind $3
*** HOLE CARDS ***
belik555: raises $3 to $6
akima34: folds
Uncalled bet ($3) returned to belik555
belik555 collected $6 from pot
belik555: doesn't show hand
*** SUMMARY ***
Total pot $6 | Rake $0
Seat 1: akima34 (big blind) folded before Flop
Seat 6: belik555 (button) (small blind) collected ($6)


PokerStars Hand #153618176932:  Hold'em Limit ($3/$6 USD) - 2016/05/21 0:56:42 ET
Table 'Kentaurus' 6-max Seat #1 is the button
Seat 1: akima34 ($87.59 in chips)
Seat 6: belik555 ($231.83 in chips)
akima34: posts small blind $1
belik555: posts big blind $3
*** HOLE CARDS ***
akima34: raises $3 to $6
belik555: calls $3
*** FLOP *** [Ad Th 7c]
belik555: checks
akima34: bets $3
belik555: calls $3
*** TURN *** [Ad Th 7c] [9h]
belik555: checks
akima34: bets $6
belik555: calls $6
*** RIVER *** [Ad Th 7c 9h] [4d]
belik555: checks
akima34: bets $6
belik555: calls $6
*** SHOW DOWN ***
akima34: shows [7d 9c] (two pair, Nines and Sevens)
belik555: mucks hand
akima34 collected $41.50 from pot
*** SUMMARY ***
Total pot $42 | Rake $0.50
Board [Ad Th 7c 9h 4d]
Seat 1: akima34 (button) (small blind) showed [7d 9c] and won ($41.50) with two pair, Nines and Sevens
Seat 6: belik555 (big blind) mucked


PokerStars Hand #153618184655:  Hold'em Limit ($3/$6 USD) - 2016/05/21 0:57:13 ET
Table 'Kentaurus' 6-max Seat #6 is the button
Seat 1: akima34 ($108.09 in chips)
Seat 6: belik555 ($210.83 in chips)
belik555: posts small blind $1
akima34: posts big blind $3
*** HOLE CARDS ***
belik555: raises $3 to $6
akima34: calls $3
*** FLOP *** [7d 9d 5s]
akima34: checks
belik555: bets $3
akima34: calls $3
*** TURN *** [7d 9d 5s] [2h]
akima34: checks
belik555: bets $6
akima34: calls $6
*** RIVER *** [7d 9d 5s 2h] [Qc]
akima34: checks
belik555: bets $6
akima34: folds
Uncalled bet ($6) returned to belik555
belik555 collected $29.50 from pot
belik555: doesn't show hand
*** SUMMARY ***
Total pot $30 | Rake $0.50
Board [7d 9d 5s 2h Qc]
Seat 1: akima34 (big blind) folded on the River
Seat 6: belik555 (button) (small blind) collected ($29.50)


PokerStars Hand #153618193300:  Hold'em Limit ($3/$6 USD) - 2016/05/21 0:57:48 ET
Table 'Kentaurus' 6-max Seat #1 is the button
Seat 1: akima34 ($93.09 in chips)
Seat 6: belik555 ($225.33 in chips)
akima34: posts small blind $1
belik555: posts big blind $3
*** HOLE CARDS ***
akima34: raises $3 to $6
belik555: folds
Uncalled bet ($3) returned to akima34
akima34 collected $6 from pot
akima34: doesn't show hand
*** SUMMARY ***
Total pot $6 | Rake $0
Seat 1: akima34 (button) (small blind) collected ($6)
Seat 6: belik555 (big blind) folded before Flop


PokerStars Hand #153618195385:  Hold'em Limit ($3/$6 USD) - 2016/05/21 0:57:57 ET
Table 'Kentaurus' 6-max Seat #6 is the button
Seat 1: akima34 ($96.09 in chips)
Seat 6: belik555 ($222.33 in chips)
belik555: posts small blind $1
akima34: posts big blind $3
*** HOLE CARDS ***
belik555: raises $3 to $6
akima34: calls $3
*** FLOP *** [8d 6d 8s]
akima34: checks
belik555: bets $3
akima34: folds
Uncalled bet ($3) returned to belik555
belik555 collected $11.76 from pot
belik555: doesn't show hand
*** SUMMARY ***
Total pot $12 | Rake $0.24
Board [8d 6d 8s]
Seat 1: akima34 (big blind) folded on the Flop
Seat 6: belik555 (button) (small blind) collected ($11.76)


PokerStars Hand #153618206754:  Hold'em Limit ($3/$6 USD) - 2016/05/21 0:58:43 ET
Table 'Kentaurus' 6-max Seat #1 is the button
Seat 1: akima34 ($71.09 in chips)
Seat 6: belik555 ($246.59 in chips)
akima34: posts small blind $1
belik555: posts big blind $3
*** HOLE CARDS ***
akima34: folds
Uncalled bet ($2) returned to belik555
belik555 collected $2 from pot
belik555: doesn't show hand
*** SUMMARY ***
Total pot $2 | Rake $0
Seat 1: akima34 (button) (small blind) folded before Flop
Seat 6: belik555 (big blind) collected ($2)


PokerStars Hand #153618200261:  Hold'em Limit ($3/$6 USD) - 2016/05/21 0:58:16 ET
Table 'Kentaurus' 6-max Seat #6 is the button
Seat 1: akima34 ($89.09 in chips)
Seat 6: belik555 ($229.09 in chips)
belik555: posts small blind $1
akima34: posts big blind $3
*** HOLE CARDS ***
belik555: raises $3 to $6
akima34: calls $3
*** FLOP *** [8h 9c 5s]
akima34: checks
belik555: bets $3
akima34: raises $3 to $6
belik555: calls $3
*** TURN *** [8h 9c 5s] [7d]
akima34: bets $6
belik555: raises $6 to $12
akima34: folds
Uncalled bet ($6) returned to belik555
belik555 collected $35.50 from pot
belik555: doesn't show hand
*** SUMMARY ***
Total pot $36 | Rake $0.50
Board [8h 9c 5s 7d]
Seat 1: akima34 (big blind) folded on the Turn
Seat 6: belik555 (button) (small blind) collected ($35.50)


PokerStars Hand #153618215111:  Hold'em Limit ($3/$6 USD) - 2016/05/21 0:59:17 ET
Table 'Kentaurus' 6-max Seat #1 is the button
Seat 1: akima34 ($40.09 in chips)
Seat 6: belik555 ($277.09 in chips)
akima34: posts small blind $1
belik555: posts big blind $3
*** HOLE CARDS ***
akima34: folds
Uncalled bet ($2) returned to belik555
belik555 collected $2 from pot
belik555: doesn't show hand
*** SUMMARY ***
Total pot $2 | Rake $0
Seat 1: akima34 (button) (small blind) folded before Flop
Seat 6: belik555 (big blind) collected ($2)


PokerStars Hand #153618222779:  Hold'em Limit ($3/$6 USD) - 2016/05/21 0:59:48 ET
Table 'Kentaurus' 6-max Seat #1 is the button
Seat 1: akima34 ($9.09 in chips)
Seat 6: belik555 ($307.59 in chips)
akima34: posts small blind $1
belik555: posts big blind $3
*** HOLE CARDS ***
akima34: calls $2
belik555: raises $3 to $6
akima34: calls $3
*** FLOP *** [Js 6d Kh]
belik555: checks
akima34: bets $3
belik555: calls $3
*** TURN *** [Js 6d Kh] [7s]
belik555: checks
akima34: bets $0.09 and is all-in
belik555: calls $0.09
*** RIVER *** [Js 6d Kh 7s] [8s]
*** SHOW DOWN ***
belik555: shows [Kc Kd] (three of a kind, Kings)
akima34: shows [7c 6c] (two pair, Sevens and Sixes)
belik555 collected $17.82 from pot
*** SUMMARY ***
Total pot $18.18 | Rake $0.36
Board [Js 6d Kh 7s 8s]
Seat 1: akima34 (button) (small blind) showed [7c 6c] and lost with two pair, Sevens and Sixes
Seat 6: belik555 (big blind) showed [Kc Kd] and won ($17.82) with three of a kind, Kings


PokerStars Hand #153618216587:  Hold'em Limit ($3/$6 USD) - 2016/05/21 0:59:22 ET
Table 'Kentaurus' 6-max Seat #6 is the button
Seat 1: akima34 ($39.09 in chips)
Seat 6: belik555 ($278.09 in chips)
belik555: posts small blind $1
akima34: posts big blind $3
*** HOLE CARDS ***
belik555: raises $3 to $6
akima34: raises $3 to $9
belik555: calls $3
*** FLOP *** [3d 4s 4d]
akima34: bets $3
belik555: calls $3
*** TURN *** [3d 4s 4d] [7s]
akima34: bets $6
belik555: calls $6
*** RIVER *** [3d 4s 4d 7s] [9d]
akima34: bets $6
belik555: raises $6 to $12
akima34: calls $6
*** SHOW DOWN ***
belik555: shows [4c Ks] (three of a kind, Fours)
akima34: mucks hand
belik555 collected $59.50 from pot
*** SUMMARY ***
Total pot $60 | Rake $0.50
Board [3d 4s 4d 7s 9d]
Seat 1: akima34 (big blind) mucked
Seat 6: belik555 (button) (small blind) showed [4c Ks] and won ($59.50) with three of a kind, Fours


