PokerStars Hand #158533298941:  Hold'em Limit ($3/$6 USD) - 2016/09/12 22:12:30 ET
Table 'Kentaurus' 6-max Seat #3 is the button
Seat 1: Velbor107 ($329.50 in chips)
Seat 3: french347 ($90 in chips)
french347: posts small blind $1
Velbor107: posts big blind $3
*** HOLE CARDS ***
french347: calls $2
Velbor107: raises $3 to $6
french347: calls $3
*** FLOP *** [Kd Ac 3d]
Velbor107: bets $3
french347: folds
Uncalled bet ($3) returned to Velbor107
Velbor107 collected $11.76 from pot
*** SUMMARY ***
Total pot $12 | Rake $0.24
Board [Kd Ac 3d]
Seat 1: Velbor107 (big blind) collected ($11.76)
Seat 3: french347 (button) (small blind) folded on the Flop


PokerStars Hand #158533270876:  Hold'em Limit ($3/$6 USD) - 2016/09/12 22:11:11 ET
Table 'Kentaurus' 6-max Seat #1 is the button
Seat 1: Velbor107 ($300 in chips)
Seat 3: french347 ($120 in chips)
Velbor107: posts small blind $1
french347: posts big blind $3
*** HOLE CARDS ***
Velbor107: raises $3 to $6
french347: raises $3 to $9
Velbor107: calls $3
*** FLOP *** [Qc Td 9c]
french347: bets $3
Velbor107: raises $3 to $6
french347: raises $3 to $9
dye111 joins the table at seat #2
Velbor107: calls $3
*** TURN *** [Qc Td 9c] [9s]
french347: bets $6
Velbor107: calls $6
*** RIVER *** [Qc Td 9c 9s] [3h]
french347: bets $6
Velbor107: calls $6
*** SHOW DOWN ***
french347: shows [8c 6c] (a pair of Nines)
Velbor107: shows [Qd Kh] (two pair, Queens and Nines)
Velbor107 collected $59.50 from pot
*** SUMMARY ***
Total pot $60 | Rake $0.50
Board [Qc Td 9c 9s 3h]
Seat 1: Velbor107 (button) (small blind) showed [Qd Kh] and won ($59.50) with two pair, Queens and Nines
Seat 3: french347 (big blind) showed [8c 6c] and lost with a pair of Nines


PokerStars Hand #158533399019:  Hold'em Limit ($3/$6 USD) - 2016/09/12 22:16:55 ET
Table 'Kentaurus' 6-max Seat #2 is the button
Seat 1: Velbor107 ($397.20 in chips)
Seat 2: dye111 ($61.64 in chips)
dye111: posts small blind $1
Velbor107: posts big blind $3
*** HOLE CARDS ***
dye111: calls $2
Velbor107: raises $3 to $6
dye111: calls $3
*** FLOP *** [9s Ad Ac]
Velbor107: bets $3
dye111: raises $3 to $6
Velbor107: raises $3 to $9
dye111: calls $3
*** TURN *** [9s Ad Ac] [3d]
Velbor107: bets $6
dye111: calls $6
*** RIVER *** [9s Ad Ac 3d] [2d]
Velbor107: checks
dye111: bets $6
Velbor107: folds
Uncalled bet ($6) returned to dye111
dye111 collected $41.50 from pot
*** SUMMARY ***
Total pot $42 | Rake $0.50
Board [9s Ad Ac 3d 2d]
Seat 1: Velbor107 (big blind) folded on the River
Seat 2: dye111 (button) (small blind) collected ($41.50)


PokerStars Hand #158533395409:  Hold'em Limit ($3/$6 USD) - 2016/09/12 22:16:45 ET
Table 'Kentaurus' 6-max Seat #1 is the button
Seat 1: Velbor107 ($406.20 in chips)
Seat 2: dye111 ($53 in chips)
Velbor107: posts small blind $1
dye111: posts big blind $3
*** HOLE CARDS ***
Velbor107: raises $3 to $6
dye111: raises $3 to $9
Velbor107: calls $3
*** FLOP *** [5h 6h 8c]
dye111: bets $3
Velbor107: folds
Uncalled bet ($3) returned to dye111
dye111 collected $17.64 from pot
*** SUMMARY ***
Total pot $18 | Rake $0.36
Board [5h 6h 8c]
Seat 1: Velbor107 (button) (small blind) folded on the Flop
Seat 2: dye111 (big blind) collected ($17.64)


PokerStars Hand #158533393630:  Hold'em Limit ($3/$6 USD) - 2016/09/12 22:16:40 ET
Table 'Kentaurus' 6-max Seat #2 is the button
Seat 1: Velbor107 ($405.20 in chips)
Seat 2: dye111 ($54 in chips)
dye111: posts small blind $1
Velbor107: posts big blind $3
*** HOLE CARDS ***
dye111: folds
Uncalled bet ($2) returned to Velbor107
Velbor107 collected $2 from pot
*** SUMMARY ***
Total pot $2 | Rake $0
Seat 1: Velbor107 (big blind) collected ($2)
Seat 2: dye111 (button) (small blind) folded before Flop


PokerStars Hand #158533408212:  Hold'em Limit ($3/$6 USD) - 2016/09/12 22:17:21 ET
Table 'Kentaurus' 6-max Seat #1 is the button
Seat 1: Velbor107 ($376.20 in chips)
Seat 2: dye111 ($82.14 in chips)
Velbor107: posts small blind $1
dye111: posts big blind $3
*** HOLE CARDS ***
Velbor107: raises $3 to $6
dye111: calls $3
*** FLOP *** [Ac Jd 4h]
dye111: checks
Velbor107: bets $3
dye111: calls $3
*** TURN *** [Ac Jd 4h] [Tc]
dye111: checks
Velbor107: checks
*** RIVER *** [Ac Jd 4h Tc] [4s]
dye111: checks
Velbor107: checks
*** SHOW DOWN ***
dye111: shows [5s 8s] (a pair of Fours)
Velbor107: shows [5h 6d] (a pair of Fours)
dye111 collected $8.82 from pot
Velbor107 collected $8.82 from pot
*** SUMMARY ***
Total pot $18 | Rake $0.36
Board [Ac Jd 4h Tc 4s]
Seat 1: Velbor107 (button) (small blind) showed [5h 6d] and won ($8.82) with a pair of Fours
Seat 2: dye111 (big blind) showed [5s 8s] and won ($8.82) with a pair of Fours


PokerStars Hand #158533441995:  Hold'em Limit ($3/$6 USD) - 2016/09/12 22:18:57 ET
Table 'Kentaurus' 6-max Seat #2 is the button
Seat 1: Velbor107 ($334.78 in chips)
Seat 2: dye111 ($121.96 in chips)
dye111: posts small blind $1
Velbor107: posts big blind $3
*** HOLE CARDS ***
dye111: folds
Uncalled bet ($2) returned to Velbor107
Velbor107 collected $2 from pot
*** SUMMARY ***
Total pot $2 | Rake $0
Seat 1: Velbor107 (big blind) collected ($2)
Seat 2: dye111 (button) (small blind) folded before Flop


PokerStars Hand #158533437992:  Hold'em Limit ($3/$6 USD) - 2016/09/12 22:18:46 ET
Table 'Kentaurus' 6-max Seat #1 is the button
Seat 1: Velbor107 ($329.02 in chips)
Seat 2: dye111 ($127.96 in chips)
Velbor107: posts small blind $1
dye111: posts big blind $3
*** HOLE CARDS ***
Velbor107: raises $3 to $6
dye111: calls $3
*** FLOP *** [Kc 8d Jd]
dye111: checks
Velbor107: bets $3
dye111: folds
Uncalled bet ($3) returned to Velbor107
Velbor107 collected $11.76 from pot
*** SUMMARY ***
Total pot $12 | Rake $0.24
Board [Kc 8d Jd]
Seat 1: Velbor107 (button) (small blind) collected ($11.76)
Seat 2: dye111 (big blind) folded on the Flop


PokerStars Hand #158533435787:  Hold'em Limit ($3/$6 USD) - 2016/09/12 22:18:40 ET
Table 'Kentaurus' 6-max Seat #2 is the button
Seat 1: Velbor107 ($328.02 in chips)
Seat 2: dye111 ($128.96 in chips)
dye111: posts small blind $1
Velbor107: posts big blind $3
*** HOLE CARDS ***
dye111: folds
Uncalled bet ($2) returned to Velbor107
Velbor107 collected $2 from pot
*** SUMMARY ***
Total pot $2 | Rake $0
Seat 1: Velbor107 (big blind) collected ($2)
Seat 2: dye111 (button) (small blind) folded before Flop


PokerStars Hand #158533428468:  Hold'em Limit ($3/$6 USD) - 2016/09/12 22:18:19 ET
Table 'Kentaurus' 6-max Seat #1 is the button
Seat 1: Velbor107 ($346.02 in chips)
Seat 2: dye111 ($111.46 in chips)
Velbor107: posts small blind $1
dye111: posts big blind $3
*** HOLE CARDS ***
Velbor107: raises $3 to $6
dye111: raises $3 to $9
Velbor107: calls $3
*** FLOP *** [Jd 2h 4s]
dye111: bets $3
Velbor107: calls $3
*** TURN *** [Jd 2h 4s] [2s]
dye111: bets $6
Velbor107: calls $6
*** RIVER *** [Jd 2h 4s 2s] [Ah]
dye111: bets $6
Velbor107: folds
Uncalled bet ($6) returned to dye111
dye111 collected $35.50 from pot
*** SUMMARY ***
Total pot $36 | Rake $0.50
Board [Jd 2h 4s 2s Ah]
Seat 1: Velbor107 (button) (small blind) folded on the River
Seat 2: dye111 (big blind) collected ($35.50)


PokerStars Hand #158533443552:  Hold'em Limit ($3/$6 USD) - 2016/09/12 22:19:02 ET
Table 'Kentaurus' 6-max Seat #1 is the button
Seat 1: Velbor107 ($335.78 in chips)
Seat 2: dye111 ($120.96 in chips)
Velbor107: posts small blind $1
dye111: posts big blind $3
*** HOLE CARDS ***
Velbor107: raises $3 to $6
dye111: raises $3 to $9
Velbor107: calls $3
*** FLOP *** [Td Th 5h]
dye111: bets $3
Chessnok joins the table at seat #3
Velbor107: calls $3
*** TURN *** [Td Th 5h] [6c]
dye111: checks
Velbor107: checks
*** RIVER *** [Td Th 5h 6c] [Jh]
dye111: bets $6
Velbor107: calls $6
*** SHOW DOWN ***
dye111: shows [4d 2c] (a pair of Tens)
Velbor107: shows [Jd 2d] (two pair, Jacks and Tens)
Velbor107 collected $35.50 from pot
*** SUMMARY ***
Total pot $36 | Rake $0.50
Board [Td Th 5h 6c Jh]
Seat 1: Velbor107 (button) (small blind) showed [Jd 2d] and won ($35.50) with two pair, Jacks and Tens
Seat 2: dye111 (big blind) showed [4d 2c] and lost with a pair of Tens


PokerStars Hand #158533554586:  Hold'em Limit ($3/$6 USD) - 2016/09/12 22:24:19 ET
Table 'Kentaurus' 6-max Seat #1 is the button
Seat 1: Velbor107 ($249.56 in chips)
Seat 3: Chessnok ($87.09 in chips)
Velbor107: posts small blind $1
Chessnok: posts big blind $3
*** HOLE CARDS ***
Velbor107: raises $3 to $6
Chessnok: calls $3
*** FLOP *** [Ah 7d 6h]
Chessnok: checks
Velbor107: bets $3
dye111 leaves the table
Chessnok: raises $3 to $6
Velbor107: calls $3
*** TURN *** [Ah 7d 6h] [Jc]
Chessnok: bets $6
Velbor107: calls $6
*** RIVER *** [Ah 7d 6h Jc] [3d]
Chessnok: bets $6
Velbor107: folds
Uncalled bet ($6) returned to Chessnok
Chessnok collected $35.50 from pot
Chessnok: doesn't show hand
*** SUMMARY ***
Total pot $36 | Rake $0.50
Board [Ah 7d 6h Jc 3d]
Seat 1: Velbor107 (button) (small blind) folded on the River
Seat 3: Chessnok (big blind) collected ($35.50)


