PokerStars Hand #146190766243:  Hold'em Limit ($3/$6 USD) - 2015/12/30 16:05:47 ET
Table 'Kentaurus' 2-max Seat #1 is the button
Seat 1: JeneT1971 ($47.36 in chips)
Seat 2: MTails ($125.76 in chips)
JeneT1971: posts small blind $1
MTails: posts big blind $3
*** HOLE CARDS ***
JeneT1971: folds
Uncalled bet ($2) returned to MTails
MTails collected $2 from pot
*** SUMMARY ***
Total pot $2 | Rake $0
Seat 1: JeneT1971 (button) (small blind) folded before Flop
Seat 2: MTails (big blind) collected ($2)


PokerStars Hand #146190732489:  Hold'em Limit ($3/$6 USD) - 2015/12/30 16:05:15 ET
Table 'Kentaurus' 2-max Seat #2 is the button
Seat 1: JeneT1971 ($53.36 in chips)
Seat 2: MTails ($120 in chips)
MTails: posts small blind $1
JeneT1971: posts big blind $3
*** HOLE CARDS ***
MTails: raises $3 to $6
JeneT1971: calls $3
*** FLOP *** [3c Qs 7c]
JeneT1971: checks
MTails: bets $3
JeneT1971: folds
Uncalled bet ($3) returned to MTails
MTails collected $11.76 from pot
*** SUMMARY ***
Total pot $12 | Rake $0.24
Board [3c Qs 7c]
Seat 1: JeneT1971 (big blind) folded on the Flop
Seat 2: MTails (button) (small blind) collected ($11.76)


PokerStars Hand #146190827194:  Hold'em Limit ($3/$6 USD) - 2015/12/30 16:06:44 ET
Table 'Kentaurus' 2-max Seat #2 is the button
Seat 1: JeneT1971 ($63.86 in chips)
Seat 2: MTails ($108.76 in chips)
MTails: posts small blind $1
JeneT1971: posts big blind $3
*** HOLE CARDS ***
MTails: raises $3 to $6
JeneT1971: folds
Uncalled bet ($3) returned to MTails
MTails collected $6 from pot
JeneT1971 leaves the table
*** SUMMARY ***
Total pot $6 | Rake $0
Seat 1: JeneT1971 (big blind) folded before Flop
Seat 2: MTails (button) (small blind) collected ($6)


PokerStars Hand #146190795920:  Hold'em Limit ($3/$6 USD) - 2015/12/30 16:06:15 ET
Table 'Kentaurus' 2-max Seat #1 is the button
Seat 1: JeneT1971 ($43.36 in chips)
Seat 2: MTails ($129.76 in chips)
JeneT1971: posts small blind $1
MTails: posts big blind $3
*** HOLE CARDS ***
JeneT1971: calls $2
MTails: raises $3 to $6
JeneT1971: calls $3
*** FLOP *** [7s 4h 9s]
MTails: bets $3
JeneT1971: calls $3
*** TURN *** [7s 4h 9s] [9h]
MTails: bets $6
JeneT1971: calls $6
*** RIVER *** [7s 4h 9s 9h] [Qh]
MTails: bets $6
JeneT1971: raises $6 to $12
MTails: folds
Uncalled bet ($6) returned to JeneT1971
JeneT1971 collected $41.50 from pot
JeneT1971: doesn't show hand
*** SUMMARY ***
Total pot $42 | Rake $0.50
Board [7s 4h 9s 9h Qh]
Seat 1: JeneT1971 (button) (small blind) collected ($41.50)
Seat 2: MTails (big blind) folded on the River


PokerStars Hand #146190783751:  Hold'em Limit ($3/$6 USD) - 2015/12/30 16:06:03 ET
Table 'Kentaurus' 2-max Seat #2 is the button
Seat 1: JeneT1971 ($46.36 in chips)
Seat 2: MTails ($126.76 in chips)
MTails: posts small blind $1
JeneT1971: posts big blind $3
*** HOLE CARDS ***
MTails: raises $3 to $6
JeneT1971: folds
Uncalled bet ($3) returned to MTails
MTails collected $6 from pot
*** SUMMARY ***
Total pot $6 | Rake $0
Seat 1: JeneT1971 (big blind) folded before Flop
Seat 2: MTails (button) (small blind) collected ($6)


PokerStars Hand #146190778348:  Hold'em Limit ($3/$6 USD) - 2015/12/30 16:05:58 ET
Table 'Kentaurus' 2-max Seat #1 is the button
Seat 1: JeneT1971 ($47.36 in chips)
Seat 2: MTails ($125.76 in chips)
JeneT1971: posts small blind $1
MTails: posts big blind $3
*** HOLE CARDS ***
JeneT1971: folds
Uncalled bet ($2) returned to MTails
MTails collected $2 from pot
*** SUMMARY ***
Total pot $2 | Rake $0
Seat 1: JeneT1971 (button) (small blind) folded before Flop
Seat 2: MTails (big blind) collected ($2)


