PokerStars Hand #170446127888:  Hold'em Limit ($3/$6 USD) - 2017/05/15 7:07:20 ET
Table 'Kepler II' 10-max Seat #6 is the button
Seat 6: turtlespit ($73.49 in chips)
Seat 10: MTails ($177.13 in chips)
turtlespit: posts small blind $1
MTails: posts big blind $3
*** HOLE CARDS ***
turtlespit: calls $2
MTails: raises $3 to $6
turtlespit: calls $3
*** FLOP *** [7s Kc 3h]
MTails: bets $3
turtlespit: folds
Uncalled bet ($3) returned to MTails
MTails collected $11.76 from pot
*** SUMMARY ***
Total pot $12 | Rake $0.24
Board [7s Kc 3h]
Seat 6: turtlespit (button) (small blind) folded on the Flop
Seat 10: MTails (big blind) collected ($11.76)


PokerStars Hand #170446165746:  Hold'em Limit ($3/$6 USD) - 2017/05/15 7:08:52 ET
Table 'Kepler II' 10-max Seat #6 is the button
Seat 6: turtlespit ($111.88 in chips)
Seat 10: MTails ($136.64 in chips)
turtlespit: posts small blind $1
MTails: posts big blind $3
*** HOLE CARDS ***
turtlespit: folds
Uncalled bet ($2) returned to MTails
MTails collected $2 from pot
*** SUMMARY ***
Total pot $2 | Rake $0
Seat 6: turtlespit (button) (small blind) folded before Flop
Seat 10: MTails (big blind) collected ($2)


