PokerStars Hand #172878301689:  Hold'em Limit ($3/$6 USD) - 2017/07/10 23:31:56 ET
Table 'Kerstin' 6-max Seat #1 is the button
Seat 1: Chessnok ($105.50 in chips)
Seat 3: Auge72 ($57.57 in chips)
Chessnok: posts small blind $1
Auge72: posts big blind $3
*** HOLE CARDS ***
Chessnok: raises $3 to $6
Auge72: calls $3
*** FLOP *** [3d 3c 8d]
Auge72: bets $3
Chessnok: calls $3
*** TURN *** [3d 3c 8d] [Tc]
Auge72: checks
Chessnok: bets $6
Auge72: calls $6
*** RIVER *** [3d 3c 8d Tc] [4d]
Auge72: checks
Chessnok: bets $6
Auge72: calls $6
*** SHOW DOWN ***
Chessnok: shows [4c 6c] (two pair, Fours and Threes)
Auge72: shows [Kh 8c] (two pair, Eights and Threes)
Auge72 collected $41.50 from pot
*** SUMMARY ***
Total pot $42 | Rake $0.50
Board [3d 3c 8d Tc 4d]
Seat 1: Chessnok (button) (small blind) showed [4c 6c] and lost with two pair, Fours and Threes
Seat 3: Auge72 (big blind) showed [Kh 8c] and won ($41.50) with two pair, Eights and Threes


PokerStars Hand #172878308608:  Hold'em Limit ($3/$6 USD) - 2017/07/10 23:32:19 ET
Table 'Kerstin' 6-max Seat #3 is the button
Seat 1: Chessnok ($84.50 in chips)
Seat 3: Auge72 ($78.07 in chips)
Auge72: posts small blind $1
Chessnok: posts big blind $3
*** HOLE CARDS ***
Auge72: raises $3 to $6
Chessnok: calls $3
*** FLOP *** [Ah Jc Ts]
Chessnok: checks
Auge72: checks
*** TURN *** [Ah Jc Ts] [2c]
Chessnok: checks
Auge72: checks
*** RIVER *** [Ah Jc Ts 2c] [3s]
Chessnok: bets $6
Auge72: calls $6
*** SHOW DOWN ***
Chessnok: shows [5h 6h] (high card Ace)
Auge72: shows [Qc Jd] (a pair of Jacks)
Auge72 collected $23.52 from pot
*** SUMMARY ***
Total pot $24 | Rake $0.48
Board [Ah Jc Ts 2c 3s]
Seat 1: Chessnok (big blind) showed [5h 6h] and lost with high card Ace
Seat 3: Auge72 (button) (small blind) showed [Qc Jd] and won ($23.52) with a pair of Jacks


PokerStars Hand #172878323466:  Hold'em Limit ($3/$6 USD) - 2017/07/10 23:33:09 ET
Table 'Kerstin' 6-max Seat #3 is the button
Seat 1: Chessnok ($98.76 in chips)
Seat 3: Auge72 ($62.59 in chips)
Auge72: posts small blind $1
Chessnok: posts big blind $3
*** HOLE CARDS ***
Auge72: raises $3 to $6
Chessnok: raises $3 to $9
Auge72: calls $3
*** FLOP *** [5d Qd 2c]
Chessnok: bets $3
Auge72: calls $3
*** TURN *** [5d Qd 2c] [Jh]
Chessnok: bets $6
Auge72: calls $6
*** RIVER *** [5d Qd 2c Jh] [6d]
Chessnok: bets $6
Auge72: calls $6
*** SHOW DOWN ***
Chessnok: shows [Qh Kh] (a pair of Queens)
B_loJkl joins the table at seat #4
Auge72: mucks hand
Chessnok collected $47.50 from pot
*** SUMMARY ***
Total pot $48 | Rake $0.50
Board [5d Qd 2c Jh 6d]
Seat 1: Chessnok (big blind) showed [Qh Kh] and won ($47.50) with a pair of Queens
Seat 3: Auge72 (button) (small blind) mucked


PokerStars Hand #172878313975:  Hold'em Limit ($3/$6 USD) - 2017/07/10 23:32:37 ET
Table 'Kerstin' 6-max Seat #1 is the button
Seat 1: Chessnok ($72.50 in chips)
Seat 3: Auge72 ($89.59 in chips)
Chessnok: posts small blind $1
Auge72: posts big blind $3
*** HOLE CARDS ***
Chessnok: raises $3 to $6
Auge72: calls $3
*** FLOP *** [4s Qd 9d]
Auge72: checks
Chessnok: bets $3
Auge72: folds
Uncalled bet ($3) returned to Chessnok
Chessnok collected $11.76 from pot
Chessnok: doesn't show hand
*** SUMMARY ***
Total pot $12 | Rake $0.24
Board [4s Qd 9d]
Seat 1: Chessnok (button) (small blind) collected ($11.76)
Seat 3: Auge72 (big blind) folded on the Flop


PokerStars Hand #172878322006:  Hold'em Limit ($3/$6 USD) - 2017/07/10 23:33:04 ET
Table 'Kerstin' 6-max Seat #1 is the button
Seat 1: Chessnok ($95.76 in chips)
Seat 3: Auge72 ($65.59 in chips)
Chessnok: posts small blind $1
Auge72: posts big blind $3
*** HOLE CARDS ***
Chessnok: raises $3 to $6
Auge72: folds
Uncalled bet ($3) returned to Chessnok
Chessnok collected $6 from pot
Chessnok: doesn't show hand
*** SUMMARY ***
Total pot $6 | Rake $0
Seat 1: Chessnok (button) (small blind) collected ($6)
Seat 3: Auge72 (big blind) folded before Flop


PokerStars Hand #172878316988:  Hold'em Limit ($3/$6 USD) - 2017/07/10 23:32:47 ET
Table 'Kerstin' 6-max Seat #3 is the button
Seat 1: Chessnok ($78.26 in chips)
Seat 3: Auge72 ($83.59 in chips)
Auge72: posts small blind $1
Chessnok: posts big blind $3
*** HOLE CARDS ***
Auge72: raises $3 to $6
Chessnok: raises $3 to $9
Auge72: calls $3
*** FLOP *** [9d Jd 9s]
Chessnok: bets $3
Auge72: calls $3
*** TURN *** [9d Jd 9s] [6h]
Chessnok: bets $6
Auge72: calls $6
*** RIVER *** [9d Jd 9s 6h] [5s]
Chessnok: checks
Auge72: checks
*** SHOW DOWN ***
Chessnok: shows [Ah 7d] (a pair of Nines)
Auge72: mucks hand
Chessnok collected $35.50 from pot
*** SUMMARY ***
Total pot $36 | Rake $0.50
Board [9d Jd 9s 6h 5s]
Seat 1: Chessnok (big blind) showed [Ah 7d] and won ($35.50) with a pair of Nines
Seat 3: Auge72 (button) (small blind) mucked


PokerStars Hand #172878330905:  Hold'em Limit ($3/$6 USD) - 2017/07/10 23:33:33 ET
Table 'Kerstin' 6-max Seat #1 is the button
Seat 1: Chessnok ($122.26 in chips)
Seat 3: Auge72 ($38.59 in chips)
Chessnok: posts small blind $1
Auge72: posts big blind $3
*** HOLE CARDS ***
Chessnok: raises $3 to $6
Auge72: raises $3 to $9
Chessnok: calls $3
*** FLOP *** [Ah Kc 5s]
Auge72: bets $3
Chessnok: calls $3
*** TURN *** [Ah Kc 5s] [9h]
Auge72: bets $6
Chessnok: calls $6
*** RIVER *** [Ah Kc 5s 9h] [6h]
Auge72: bets $6
Chessnok: calls $6
*** SHOW DOWN ***
Auge72: shows [2h 4h] (a flush, Ace high)
Chessnok: mucks hand
Auge72 collected $47.50 from pot
*** SUMMARY ***
Total pot $48 | Rake $0.50
Board [Ah Kc 5s 9h 6h]
Seat 1: Chessnok (button) (small blind) mucked
Seat 3: Auge72 (big blind) showed [2h 4h] and won ($47.50) with a flush, Ace high


PokerStars Hand #172881392880:  Hold'em Limit ($3/$6 USD) - 2017/07/11 2:49:30 ET
Table 'Kerstin' 6-max Seat #2 is the button
Seat 1: Chessnok ($132.76 in chips)
Seat 2: apx0surry9 ($140.50 in chips)
apx0surry9: posts small blind $1
Chessnok: posts big blind $3
*** HOLE CARDS ***
apx0surry9: raises $3 to $6
Chessnok: folds
Uncalled bet ($3) returned to apx0surry9
apx0surry9 collected $6 from pot
apx0surry9: doesn't show hand
*** SUMMARY ***
Total pot $6 | Rake $0
Seat 1: Chessnok (big blind) folded before Flop
Seat 2: apx0surry9 (button) (small blind) collected ($6)


PokerStars Hand #172881384464:  Hold'em Limit ($3/$6 USD) - 2017/07/11 2:48:57 ET
Table 'Kerstin' 6-max Seat #1 is the button
Seat 1: Chessnok ($147.76 in chips)
Seat 2: apx0surry9 ($126 in chips)
Chessnok: posts small blind $1
apx0surry9: posts big blind $3
*** HOLE CARDS ***
Chessnok: raises $3 to $6
apx0surry9: calls $3
*** FLOP *** [3c 7s 3d]
apx0surry9: checks
Chessnok: bets $3
apx0surry9: calls $3
*** TURN *** [3c 7s 3d] [Tc]
apx0surry9: checks
Chessnok: checks
*** RIVER *** [3c 7s 3d Tc] [Th]
apx0surry9: bets $6
Chessnok: calls $6
*** SHOW DOWN ***
apx0surry9: shows [Td 8d] (a full house, Tens full of Threes)
Chessnok: mucks hand
apx0surry9 collected $29.50 from pot
*** SUMMARY ***
Total pot $30 | Rake $0.50
Board [3c 7s 3d Tc Th]
Seat 1: Chessnok (button) (small blind) mucked
Seat 2: apx0surry9 (big blind) showed [Td 8d] and won ($29.50) with a full house, Tens full of Threes


PokerStars Hand #172881403034:  Hold'em Limit ($3/$6 USD) - 2017/07/11 2:50:09 ET
Table 'Kerstin' 6-max Seat #2 is the button
Seat 1: Chessnok ($114.76 in chips)
Seat 2: apx0surry9 ($158 in chips)
apx0surry9: posts small blind $1
Chessnok: posts big blind $3
*** HOLE CARDS ***
apx0surry9: calls $2
Chessnok: checks
*** FLOP *** [8d Qc Jc]
Chessnok: bets $3
apx0surry9: calls $3
*** TURN *** [8d Qc Jc] [Js]
Chessnok: bets $6
apx0surry9: calls $6
*** RIVER *** [8d Qc Jc Js] [Jd]
Chessnok: bets $6
apx0surry9: folds
Uncalled bet ($6) returned to Chessnok
Chessnok collected $23.52 from pot
Chessnok: doesn't show hand
*** SUMMARY ***
Total pot $24 | Rake $0.48
Board [8d Qc Jc Js Jd]
Seat 1: Chessnok (big blind) collected ($23.52)
Seat 2: apx0surry9 (button) (small blind) folded on the River


PokerStars Hand #172881396899:  Hold'em Limit ($3/$6 USD) - 2017/07/11 2:49:45 ET
Table 'Kerstin' 6-max Seat #1 is the button
Seat 1: Chessnok ($129.76 in chips)
Seat 2: apx0surry9 ($143.50 in chips)
Chessnok: posts small blind $1
apx0surry9: posts big blind $3
*** HOLE CARDS ***
Chessnok: raises $3 to $6
apx0surry9: calls $3
*** FLOP *** [6h 3s Kc]
apx0surry9: checks
Chessnok: bets $3
apx0surry9: calls $3
*** TURN *** [6h 3s Kc] [Ts]
apx0surry9: checks
Chessnok: bets $6
apx0surry9: raises $6 to $12
Chessnok: folds
Uncalled bet ($6) returned to apx0surry9
apx0surry9 collected $29.50 from pot
apx0surry9: doesn't show hand
*** SUMMARY ***
Total pot $30 | Rake $0.50
Board [6h 3s Kc Ts]
Seat 1: Chessnok (button) (small blind) folded on the Turn
Seat 2: apx0surry9 (big blind) collected ($29.50)


