PokerStars Hand #155156101154:  Hold'em Limit ($3/$6 USD) - 2016/06/24 17:57:39 ET
Table 'Kerstin' 6-max Seat #6 is the button
Seat 3: REZOLUTION84 ($60 in chips)
Seat 6: barranqueiro ($120 in chips)
barranqueiro: posts small blind $1
REZOLUTION84: posts big blind $3
*** HOLE CARDS ***
barranqueiro: folds
Uncalled bet ($2) returned to REZOLUTION84
REZOLUTION84 collected $2 from pot
REZOLUTION84: doesn't show hand
*** SUMMARY ***
Total pot $2 | Rake $0
Seat 3: REZOLUTION84 (big blind) collected ($2)
Seat 6: barranqueiro (button) (small blind) folded before Flop


PokerStars Hand #155156130290:  Hold'em Limit ($3/$6 USD) - 2016/06/24 17:58:31 ET
Table 'Kerstin' 6-max Seat #6 is the button
Seat 3: REZOLUTION84 ($90.50 in chips)
Seat 6: barranqueiro ($229.57 in chips)
barranqueiro: posts small blind $1
REZOLUTION84: posts big blind $3
*** HOLE CARDS ***
barranqueiro: folds
Uncalled bet ($2) returned to REZOLUTION84
REZOLUTION84 collected $2 from pot
REZOLUTION84: doesn't show hand
*** SUMMARY ***
Total pot $2 | Rake $0
Seat 3: REZOLUTION84 (big blind) collected ($2)
Seat 6: barranqueiro (button) (small blind) folded before Flop


PokerStars Hand #155156124492:  Hold'em Limit ($3/$6 USD) - 2016/06/24 17:58:21 ET
Table 'Kerstin' 6-max Seat #3 is the button
Seat 3: REZOLUTION84 ($87.50 in chips)
Seat 6: barranqueiro ($92 in chips)
REZOLUTION84: posts small blind $1
barranqueiro: posts big blind $3
*** HOLE CARDS ***
REZOLUTION84: raises $3 to $6
barranqueiro: folds
Uncalled bet ($3) returned to REZOLUTION84
REZOLUTION84 collected $6 from pot
REZOLUTION84: doesn't show hand
*** SUMMARY ***
Total pot $6 | Rake $0
Seat 3: REZOLUTION84 (button) (small blind) collected ($6)
Seat 6: barranqueiro (big blind) folded before Flop


PokerStars Hand #155156109679:  Hold'em Limit ($3/$6 USD) - 2016/06/24 17:57:55 ET
Table 'Kerstin' 6-max Seat #6 is the button
Seat 3: REZOLUTION84 ($64 in chips)
Seat 6: barranqueiro ($116 in chips)
barranqueiro: posts small blind $1
REZOLUTION84: posts big blind $3
*** HOLE CARDS ***
barranqueiro: raises $3 to $6
REZOLUTION84: calls $3
*** FLOP *** [3c 4h Qh]
REZOLUTION84: checks
barranqueiro: bets $3
REZOLUTION84: raises $3 to $6
barranqueiro: calls $3
*** TURN *** [3c 4h Qh] [5s]
REZOLUTION84: bets $6
barranqueiro: calls $6
*** RIVER *** [3c 4h Qh 5s] [Js]
REZOLUTION84: bets $6
barranqueiro: calls $6
*** SHOW DOWN ***
REZOLUTION84: shows [3h Qd] (two pair, Queens and Threes)
barranqueiro: mucks hand
REZOLUTION84 collected $47.50 from pot
*** SUMMARY ***
Total pot $48 | Rake $0.50
Board [3c 4h Qh 5s Js]
Seat 3: REZOLUTION84 (big blind) showed [3h Qd] and won ($47.50) with two pair, Queens and Threes
Seat 6: barranqueiro (button) (small blind) mucked


PokerStars Hand #155156106204:  Hold'em Limit ($3/$6 USD) - 2016/06/24 17:57:48 ET
Table 'Kerstin' 6-max Seat #3 is the button
Seat 3: REZOLUTION84 ($61 in chips)
Seat 6: barranqueiro ($119 in chips)
REZOLUTION84: posts small blind $1
barranqueiro: posts big blind $3
*** HOLE CARDS ***
REZOLUTION84: raises $3 to $6
barranqueiro: folds
Uncalled bet ($3) returned to REZOLUTION84
REZOLUTION84 collected $6 from pot
REZOLUTION84: doesn't show hand
*** SUMMARY ***
Total pot $6 | Rake $0
Seat 3: REZOLUTION84 (button) (small blind) collected ($6)
Seat 6: barranqueiro (big blind) folded before Flop


PokerStars Hand #155156152386:  Hold'em Limit ($3/$6 USD) - 2016/06/24 17:59:11 ET
Table 'Kerstin' 6-max Seat #3 is the button
Seat 3: REZOLUTION84 ($109 in chips)
Seat 6: barranqueiro ($210.33 in chips)
REZOLUTION84: posts small blind $1
barranqueiro: posts big blind $3
*** HOLE CARDS ***
REZOLUTION84: raises $3 to $6
barranqueiro: raises $3 to $9
REZOLUTION84: calls $3
*** FLOP *** [3c 5c 5s]
barranqueiro: bets $3
REZOLUTION84: calls $3
*** TURN *** [3c 5c 5s] [8h]
barranqueiro: bets $6
REZOLUTION84: calls $6
*** RIVER *** [3c 5c 5s 8h] [2s]
barranqueiro: bets $6
REZOLUTION84: calls $6
*** SHOW DOWN ***
barranqueiro: shows [8s Td] (two pair, Eights and Fives)
REZOLUTION84: mucks hand
barranqueiro collected $47.50 from pot
*** SUMMARY ***
Total pot $48 | Rake $0.50
Board [3c 5c 5s 8h 2s]
Seat 3: REZOLUTION84 (button) (small blind) mucked
Seat 6: barranqueiro (big blind) showed [8s Td] and won ($47.50) with two pair, Eights and Fives


PokerStars Hand #155156146185:  Hold'em Limit ($3/$6 USD) - 2016/06/24 17:59:00 ET
Table 'Kerstin' 6-max Seat #6 is the button
Seat 3: REZOLUTION84 ($115 in chips)
Seat 6: barranqueiro ($204.57 in chips)
barranqueiro: posts small blind $1
REZOLUTION84: posts big blind $3
*** HOLE CARDS ***
barranqueiro: raises $3 to $6
REZOLUTION84: calls $3
*** FLOP *** [Ac 9h 6c]
REZOLUTION84: checks
barranqueiro: bets $3
REZOLUTION84: folds
Uncalled bet ($3) returned to barranqueiro
barranqueiro collected $11.76 from pot
*** SUMMARY ***
Total pot $12 | Rake $0.24
Board [Ac 9h 6c]
Seat 3: REZOLUTION84 (big blind) folded on the Flop
Seat 6: barranqueiro (button) (small blind) collected ($11.76)


PokerStars Hand #155156133082:  Hold'em Limit ($3/$6 USD) - 2016/06/24 17:58:37 ET
Table 'Kerstin' 6-max Seat #3 is the button
Seat 3: REZOLUTION84 ($91.50 in chips)
Seat 6: barranqueiro ($228.57 in chips)
REZOLUTION84: posts small blind $1
barranqueiro: posts big blind $3
*** HOLE CARDS ***
REZOLUTION84: raises $3 to $6
barranqueiro: raises $3 to $9
REZOLUTION84: calls $3
*** FLOP *** [5d Tc 4c]
barranqueiro: bets $3
REZOLUTION84: calls $3
*** TURN *** [5d Tc 4c] [6s]
barranqueiro: bets $6
REZOLUTION84: calls $6
*** RIVER *** [5d Tc 4c 6s] [Qc]
barranqueiro: checks
REZOLUTION84: bets $6
barranqueiro: calls $6
*** SHOW DOWN ***
REZOLUTION84: shows [9c Ts] (a pair of Tens)
barranqueiro: mucks hand
REZOLUTION84 collected $47.50 from pot
*** SUMMARY ***
Total pot $48 | Rake $0.50
Board [5d Tc 4c 6s Qc]
Seat 3: REZOLUTION84 (button) (small blind) showed [9c Ts] and won ($47.50) with a pair of Tens
Seat 6: barranqueiro (big blind) mucked


