PokerStars Hand #150945568744:  Hold'em Limit ($3/$6 USD) - 2016/03/26 4:51:40 ET
Table 'Kevo' 6-max Seat #6 is the button
Seat 1: Actionni13 ($202.93 in chips)
Seat 6: skogsbarn ($62.14 in chips)
skogsbarn: posts small blind $1
Actionni13: posts big blind $3
*** HOLE CARDS ***
skogsbarn: folds
Uncalled bet ($2) returned to Actionni13
Actionni13 collected $2 from pot
Actionni13: doesn't show hand
*** SUMMARY ***
Total pot $2 | Rake $0
Seat 1: Actionni13 (big blind) collected ($2)
Seat 6: skogsbarn (button) (small blind) folded before Flop


PokerStars Hand #150945557082:  Hold'em Limit ($3/$6 USD) - 2016/03/26 4:51:09 ET
Table 'Kevo' 6-max Seat #1 is the button
Seat 1: Actionni13 ($211.93 in chips)
Seat 6: skogsbarn ($53.50 in chips)
Actionni13: posts small blind $1
kiwibobsea: is sitting out
VolkovDmitri: is sitting out
skogsbarn: posts big blind $3
*** HOLE CARDS ***
VolkovDmitri leaves the table
kiwibobsea leaves the table
Actionni13: raises $3 to $6
skogsbarn: calls $3
*** FLOP *** [Qs Jd 6d]
skogsbarn: checks
Actionni13: bets $3
skogsbarn: raises $3 to $6
Actionni13: folds
Uncalled bet ($3) returned to skogsbarn
skogsbarn collected $17.64 from pot
skogsbarn: doesn't show hand
*** SUMMARY ***
Total pot $18 | Rake $0.36
Board [Qs Jd 6d]
Seat 1: Actionni13 (button) (small blind) folded on the Flop
Seat 6: skogsbarn (big blind) collected ($17.64)


PokerStars Hand #150945589177:  Hold'em Limit ($3/$6 USD) - 2016/03/26 4:52:34 ET
Table 'Kevo' 6-max Seat #6 is the button
Seat 1: Actionni13 ($227.43 in chips)
Seat 6: skogsbarn ($37.14 in chips)
skogsbarn: posts small blind $1
Actionni13: posts big blind $3
*** HOLE CARDS ***
skogsbarn: folds
Uncalled bet ($2) returned to Actionni13
Actionni13 collected $2 from pot
Actionni13: doesn't show hand
*** SUMMARY ***
Total pot $2 | Rake $0
Seat 1: Actionni13 (big blind) collected ($2)
Seat 6: skogsbarn (button) (small blind) folded before Flop


PokerStars Hand #150945586911:  Hold'em Limit ($3/$6 USD) - 2016/03/26 4:52:29 ET
Table 'Kevo' 6-max Seat #1 is the button
Seat 1: Actionni13 ($228.43 in chips)
Seat 6: skogsbarn ($36.14 in chips)
Actionni13: posts small blind $1
skogsbarn: posts big blind $3
*** HOLE CARDS ***
Actionni13: folds
Uncalled bet ($2) returned to skogsbarn
skogsbarn collected $2 from pot
skogsbarn: doesn't show hand
*** SUMMARY ***
Total pot $2 | Rake $0
Seat 1: Actionni13 (button) (small blind) folded before Flop
Seat 6: skogsbarn (big blind) collected ($2)


PokerStars Hand #150945570844:  Hold'em Limit ($3/$6 USD) - 2016/03/26 4:51:45 ET
Table 'Kevo' 6-max Seat #1 is the button
Seat 1: Actionni13 ($203.93 in chips)
Seat 6: skogsbarn ($61.14 in chips)
Actionni13: posts small blind $1
skogsbarn: posts big blind $3
*** HOLE CARDS ***
Actionni13: raises $3 to $6
skogsbarn: raises $3 to $9
Actionni13: calls $3
*** FLOP *** [6s 9h Js]
skogsbarn: bets $3
Actionni13: calls $3
*** TURN *** [6s 9h Js] [5s]
skogsbarn: bets $6
Actionni13: calls $6
*** RIVER *** [6s 9h Js 5s] [Jh]
skogsbarn: checks
Actionni13: bets $6
skogsbarn: calls $6
*** SHOW DOWN ***
Actionni13: shows [9s 8h] (two pair, Jacks and Nines)
skogsbarn: mucks hand
Actionni13 collected $47.50 from pot
*** SUMMARY ***
Total pot $48 | Rake $0.50
Board [6s 9h Js 5s Jh]
Seat 1: Actionni13 (button) (small blind) showed [9s 8h] and won ($47.50) with two pair, Jacks and Nines
Seat 6: skogsbarn (big blind) mucked


PokerStars Hand #150945583000:  Hold'em Limit ($3/$6 USD) - 2016/03/26 4:52:18 ET
Table 'Kevo' 6-max Seat #6 is the button
Seat 1: Actionni13 ($227.43 in chips)
Seat 6: skogsbarn ($37.14 in chips)
skogsbarn: posts small blind $1
Actionni13: posts big blind $3
*** HOLE CARDS ***
skogsbarn: folds
Uncalled bet ($2) returned to Actionni13
Actionni13 collected $2 from pot
Actionni13: doesn't show hand
*** SUMMARY ***
Total pot $2 | Rake $0
Seat 1: Actionni13 (big blind) collected ($2)
Seat 6: skogsbarn (button) (small blind) folded before Flop


PokerStars Hand #150945607724:  Hold'em Limit ($3/$6 USD) - 2016/03/26 4:53:24 ET
Table 'Kevo' 6-max Seat #6 is the button
Seat 1: Actionni13 ($216.43 in chips)
Seat 6: skogsbarn ($47.66 in chips)
skogsbarn: posts small blind $1
Actionni13: posts big blind $3
*** HOLE CARDS ***
skogsbarn: raises $3 to $6
Actionni13: calls $3
*** FLOP *** [Qc 7c Ks]
Actionni13: checks
skogsbarn: bets $3
Actionni13: raises $3 to $6
skogsbarn: calls $3
*** TURN *** [Qc 7c Ks] [7s]
Actionni13: bets $6
skogsbarn: calls $6
*** RIVER *** [Qc 7c Ks 7s] [6c]
Actionni13: bets $6
skogsbarn: calls $6
*** SHOW DOWN ***
Actionni13: shows [4h Kd] (two pair, Kings and Sevens)
skogsbarn: mucks hand
Actionni13 collected $47.50 from pot
*** SUMMARY ***
Total pot $48 | Rake $0.50
Board [Qc 7c Ks 7s 6c]
Seat 1: Actionni13 (big blind) showed [4h Kd] and won ($47.50) with two pair, Kings and Sevens
Seat 6: skogsbarn (button) (small blind) mucked


PokerStars Hand #150945620106:  Hold'em Limit ($3/$6 USD) - 2016/03/26 4:53:57 ET
Table 'Kevo' 6-max Seat #6 is the button
Seat 1: Actionni13 ($238.93 in chips)
Seat 6: skogsbarn ($24.66 in chips)
skogsbarn: posts small blind $1
Actionni13: posts big blind $3
*** HOLE CARDS ***
skogsbarn: folds
Uncalled bet ($2) returned to Actionni13
Actionni13 collected $2 from pot
Actionni13: doesn't show hand
*** SUMMARY ***
Total pot $2 | Rake $0
Seat 1: Actionni13 (big blind) collected ($2)
Seat 6: skogsbarn (button) (small blind) folded before Flop


PokerStars Hand #150945622487:  Hold'em Limit ($3/$6 USD) - 2016/03/26 4:54:03 ET
Table 'Kevo' 6-max Seat #1 is the button
Seat 1: Actionni13 ($239.93 in chips)
Seat 6: skogsbarn ($23.66 in chips)
Actionni13: posts small blind $1
skogsbarn: posts big blind $3
*** HOLE CARDS ***
Actionni13: folds
Uncalled bet ($2) returned to skogsbarn
skogsbarn collected $2 from pot
skogsbarn: doesn't show hand
*** SUMMARY ***
Total pot $2 | Rake $0
Seat 1: Actionni13 (button) (small blind) folded before Flop
Seat 6: skogsbarn (big blind) collected ($2)


PokerStars Hand #150945616580:  Hold'em Limit ($3/$6 USD) - 2016/03/26 4:53:48 ET
Table 'Kevo' 6-max Seat #1 is the button
Seat 1: Actionni13 ($239.93 in chips)
Seat 6: skogsbarn ($23.66 in chips)
Actionni13: posts small blind $1
skogsbarn: posts big blind $3
*** HOLE CARDS ***
Actionni13: folds
Uncalled bet ($2) returned to skogsbarn
skogsbarn collected $2 from pot
skogsbarn: doesn't show hand
*** SUMMARY ***
Total pot $2 | Rake $0
Seat 1: Actionni13 (button) (small blind) folded before Flop
Seat 6: skogsbarn (big blind) collected ($2)


PokerStars Hand #150945591719:  Hold'em Limit ($3/$6 USD) - 2016/03/26 4:52:41 ET
Table 'Kevo' 6-max Seat #1 is the button
Seat 1: Actionni13 ($228.43 in chips)
Seat 6: skogsbarn ($36.14 in chips)
Actionni13: posts small blind $1
skogsbarn: posts big blind $3
*** HOLE CARDS ***
Actionni13: raises $3 to $6
skogsbarn: calls $3
*** FLOP *** [Js 5c Qh]
skogsbarn: checks
Actionni13: bets $3
skogsbarn: raises $3 to $6
Actionni13: calls $3
*** TURN *** [Js 5c Qh] [3h]
skogsbarn: bets $6
Actionni13: folds
Uncalled bet ($6) returned to skogsbarn
skogsbarn collected $23.52 from pot
skogsbarn: doesn't show hand
*** SUMMARY ***
Total pot $24 | Rake $0.48
Board [Js 5c Qh 3h]
Seat 1: Actionni13 (button) (small blind) folded on the Turn
Seat 6: skogsbarn (big blind) collected ($23.52)


PokerStars Hand #150945632319:  Hold'em Limit ($3/$6 USD) - 2016/03/26 4:54:30 ET
Table 'Kevo' 6-max Seat #6 is the button
Seat 1: Actionni13 ($227.93 in chips)
Seat 6: skogsbarn ($35.18 in chips)
skogsbarn: posts small blind $1
Actionni13: posts big blind $3
*** HOLE CARDS ***
skogsbarn: raises $3 to $6
Actionni13: calls $3
*** FLOP *** [9c 3d 7d]
Actionni13: bets $3
skogsbarn: calls $3
*** TURN *** [9c 3d 7d] [Ac]
Actionni13: bets $6
skogsbarn: raises $6 to $12
Actionni13: calls $6
*** RIVER *** [9c 3d 7d Ac] [2d]
Actionni13: checks
skogsbarn: checks
*** SHOW DOWN ***
Actionni13: shows [6d 9h] (a pair of Nines)
skogsbarn: mucks hand
Actionni13 collected $41.50 from pot
*** SUMMARY ***
Total pot $42 | Rake $0.50
Board [9c 3d 7d Ac 2d]
Seat 1: Actionni13 (big blind) showed [6d 9h] and won ($41.50) with a pair of Nines
Seat 6: skogsbarn (button) (small blind) mucked


PokerStars Hand #150945626579:  Hold'em Limit ($3/$6 USD) - 2016/03/26 4:54:14 ET
Table 'Kevo' 6-max Seat #1 is the button
Seat 1: Actionni13 ($239.93 in chips)
Seat 6: skogsbarn ($23.66 in chips)
Actionni13: posts small blind $1
skogsbarn: posts big blind $3
*** HOLE CARDS ***
Actionni13: raises $3 to $6
skogsbarn: raises $3 to $9
Actionni13: calls $3
*** FLOP *** [9h 4d 4c]
skogsbarn: bets $3
Actionni13: calls $3
*** TURN *** [9h 4d 4c] [5h]
skogsbarn: bets $6
Actionni13: folds
Uncalled bet ($6) returned to skogsbarn
skogsbarn collected $23.52 from pot
skogsbarn: doesn't show hand
*** SUMMARY ***
Total pot $24 | Rake $0.48
Board [9h 4d 4c 5h]
Seat 1: Actionni13 (button) (small blind) folded on the Turn
Seat 6: skogsbarn (big blind) collected ($23.52)


PokerStars Hand #150945624344:  Hold'em Limit ($3/$6 USD) - 2016/03/26 4:54:08 ET
Table 'Kevo' 6-max Seat #6 is the button
Seat 1: Actionni13 ($238.93 in chips)
Seat 6: skogsbarn ($24.66 in chips)
skogsbarn: posts small blind $1
Actionni13: posts big blind $3
*** HOLE CARDS ***
skogsbarn: folds
Uncalled bet ($2) returned to Actionni13
Actionni13 collected $2 from pot
Actionni13: doesn't show hand
*** SUMMARY ***
Total pot $2 | Rake $0
Seat 1: Actionni13 (big blind) collected ($2)
Seat 6: skogsbarn (button) (small blind) folded before Flop


PokerStars Hand #150945640052:  Hold'em Limit ($3/$6 USD) - 2016/03/26 4:54:50 ET
Table 'Kevo' 6-max Seat #1 is the button
Seat 1: Actionni13 ($248.43 in chips)
Seat 6: skogsbarn ($14.18 in chips)
Actionni13: posts small blind $1
skogsbarn: posts big blind $3
*** HOLE CARDS ***
Actionni13: raises $3 to $6
skogsbarn: calls $3
*** FLOP *** [8s 6s Tc]
skogsbarn: checks
Actionni13: checks
*** TURN *** [8s 6s Tc] [9d]
skogsbarn: bets $6
Actionni13: folds
Uncalled bet ($6) returned to skogsbarn
skogsbarn collected $11.76 from pot
skogsbarn: doesn't show hand
*** SUMMARY ***
Total pot $12 | Rake $0.24
Board [8s 6s Tc 9d]
Seat 1: Actionni13 (button) (small blind) folded on the Turn
Seat 6: skogsbarn (big blind) collected ($11.76)


PokerStars Hand #150945649276:  Hold'em Limit ($3/$6 USD) - 2016/03/26 4:55:15 ET
Table 'Kevo' 6-max Seat #6 is the button
Seat 1: Actionni13 ($242.43 in chips)
Seat 6: skogsbarn ($19.94 in chips)
skogsbarn: posts small blind $1
Actionni13: posts big blind $3
*** HOLE CARDS ***
skogsbarn: raises $3 to $6
Actionni13: calls $3
*** FLOP *** [As 2c 4d]
Actionni13: checks
skogsbarn: bets $3
Actionni13: calls $3
*** TURN *** [As 2c 4d] [6s]
Actionni13: checks
skogsbarn: bets $6
Actionni13: folds
Uncalled bet ($6) returned to skogsbarn
skogsbarn collected $17.64 from pot
skogsbarn: doesn't show hand
*** SUMMARY ***
Total pot $18 | Rake $0.36
Board [As 2c 4d 6s]
Seat 1: Actionni13 (big blind) folded on the Turn
Seat 6: skogsbarn (button) (small blind) collected ($17.64)


PokerStars Hand #150945659367:  Hold'em Limit ($3/$6 USD) - 2016/03/26 4:55:45 ET
Table 'Kevo' 6-max Seat #6 is the button
Seat 1: Actionni13 ($236.43 in chips)
Seat 6: skogsbarn ($25.58 in chips)
skogsbarn: posts small blind $1
Actionni13: posts big blind $3
*** HOLE CARDS ***
skogsbarn: raises $3 to $6
Actionni13: calls $3
*** FLOP *** [9s 5h 4d]
Actionni13: checks
skogsbarn: bets $3
Actionni13: calls $3
*** TURN *** [9s 5h 4d] [4c]
Actionni13: checks
skogsbarn: bets $6
Actionni13: folds
Uncalled bet ($6) returned to skogsbarn
skogsbarn collected $17.64 from pot
skogsbarn: doesn't show hand
*** SUMMARY ***
Total pot $18 | Rake $0.36
Board [9s 5h 4d 4c]
Seat 1: Actionni13 (big blind) folded on the Turn
Seat 6: skogsbarn (button) (small blind) collected ($17.64)


PokerStars Hand #150945668892:  Hold'em Limit ($3/$6 USD) - 2016/03/26 4:56:14 ET
Table 'Kevo' 6-max Seat #6 is the button
Seat 1: Actionni13 ($230.43 in chips)
Seat 6: skogsbarn ($31.22 in chips)
skogsbarn: posts small blind $1
Actionni13: posts big blind $3
*** HOLE CARDS ***
skogsbarn: raises $3 to $6
Actionni13: calls $3
*** FLOP *** [9s 8s 4s]
Actionni13: bets $3
skogsbarn: folds
Uncalled bet ($3) returned to Actionni13
Actionni13 collected $11.76 from pot
Actionni13: doesn't show hand
*** SUMMARY ***
Total pot $12 | Rake $0.24
Board [9s 8s 4s]
Seat 1: Actionni13 (big blind) collected ($11.76)
Seat 6: skogsbarn (button) (small blind) folded on the Flop


PokerStars Hand #150945666782:  Hold'em Limit ($3/$6 USD) - 2016/03/26 4:56:08 ET
Table 'Kevo' 6-max Seat #1 is the button
Seat 1: Actionni13 ($227.43 in chips)
Seat 6: skogsbarn ($34.22 in chips)
tamnt10549 joins the table at seat #3
Actionni13: posts small blind $1
skogsbarn: posts big blind $3
*** HOLE CARDS ***
Actionni13: raises $3 to $6
skogsbarn: folds
Uncalled bet ($3) returned to Actionni13
Actionni13 collected $6 from pot
Actionni13: doesn't show hand
*** SUMMARY ***
Total pot $6 | Rake $0
Seat 1: Actionni13 (button) (small blind) collected ($6)
Seat 6: skogsbarn (big blind) folded before Flop


PokerStars Hand #150951811169:  Hold'em Limit ($3/$6 USD) - 2016/03/26 8:29:14 ET
Table 'Kevo' 6-max Seat #1 is the button
Seat 1: Ale4o ($219.51 in chips)
Seat 6: jeanpierreCH ($52.38 in chips)
Ale4o: posts small blind $1
bugsbubble: is sitting out
jeanpierreCH: posts big blind $3
*** HOLE CARDS ***
Ale4o: raises $3 to $6
jeanpierreCH: raises $3 to $9
bugsbubble leaves the table
Ale4o: calls $3
*** FLOP *** [5c Jh 3d]
jeanpierreCH: bets $3
fish2015 leaves the table
Ale4o: folds
Uncalled bet ($3) returned to jeanpierreCH
jeanpierreCH collected $17.64 from pot
jeanpierreCH: doesn't show hand
*** SUMMARY ***
Total pot $18 | Rake $0.36
Board [5c Jh 3d]
Seat 1: Ale4o (button) (small blind) folded on the Flop
Seat 6: jeanpierreCH (big blind) collected ($17.64)


