PokerStars Hand #151496964397:  Hold'em Limit ($3/$6 USD) - 2016/04/05 20:57:05 ET
Table 'Kevola' 10-max Seat #1 is the button
Seat 1: Zubasa07 ($500 in chips)
Seat 5: rttattar ($100 in chips)
Zubasa07: posts small blind $1
rttattar: posts big blind $3
*** HOLE CARDS ***
Zubasa07: folds
Uncalled bet ($2) returned to rttattar
rttattar collected $2 from pot
rttattar: doesn't show hand
*** SUMMARY ***
Total pot $2 | Rake $0
Seat 1: Zubasa07 (button) (small blind) folded before Flop
Seat 5: rttattar (big blind) collected ($2)


PokerStars Hand #151496967499:  Hold'em Limit ($3/$6 USD) - 2016/04/05 20:57:13 ET
Table 'Kevola' 10-max Seat #5 is the button
Seat 1: Zubasa07 ($499 in chips)
Seat 5: rttattar ($101 in chips)
rttattar: posts small blind $1
Zubasa07: posts big blind $3
*** HOLE CARDS ***
rttattar: raises $3 to $6
Zubasa07: raises $3 to $9
rttattar: raises $3 to $12
Betting is capped
Zubasa07: calls $3
*** FLOP *** [7d 4c 9h]
Zubasa07: checks
rttattar: bets $3
Zubasa07: calls $3
*** TURN *** [7d 4c 9h] [Js]
Zubasa07: checks
rttattar: bets $6
Zubasa07: calls $6
*** RIVER *** [7d 4c 9h Js] [5s]
Zubasa07: checks
rttattar: bets $6
Zubasa07: folds
Uncalled bet ($6) returned to rttattar
rttattar collected $41.50 from pot
rttattar: doesn't show hand
*** SUMMARY ***
Total pot $42 | Rake $0.50
Board [7d 4c 9h Js 5s]
Seat 1: Zubasa07 (big blind) folded on the River
Seat 5: rttattar (button) (small blind) collected ($41.50)


PokerStars Hand #151496994910:  Hold'em Limit ($3/$6 USD) - 2016/04/05 20:58:25 ET
Table 'Kevola' 10-max Seat #5 is the button
Seat 1: Zubasa07 ($469 in chips)
Seat 5: rttattar ($130.14 in chips)
rttattar: posts small blind $1
Zubasa07: posts big blind $3
*** HOLE CARDS ***
rttattar: folds
Uncalled bet ($2) returned to Zubasa07
Zubasa07 collected $2 from pot
Zubasa07: doesn't show hand
*** SUMMARY ***
Total pot $2 | Rake $0
Seat 1: Zubasa07 (big blind) collected ($2)
Seat 5: rttattar (button) (small blind) folded before Flop


PokerStars Hand #151496985137:  Hold'em Limit ($3/$6 USD) - 2016/04/05 20:58:00 ET
Table 'Kevola' 10-max Seat #1 is the button
Seat 1: Zubasa07 ($478 in chips)
Seat 5: rttattar ($121.50 in chips)
Zubasa07: posts small blind $1
rttattar: posts big blind $3
*** HOLE CARDS ***
Zubasa07: raises $3 to $6
rttattar: raises $3 to $9
Zubasa07: calls $3
*** FLOP *** [Td 3c 8d]
rttattar: bets $3
Zubasa07: folds
Uncalled bet ($3) returned to rttattar
rttattar collected $17.64 from pot
rttattar: doesn't show hand
*** SUMMARY ***
Total pot $18 | Rake $0.36
Board [Td 3c 8d]
Seat 1: Zubasa07 (button) (small blind) folded on the Flop
Seat 5: rttattar (big blind) collected ($17.64)


PokerStars Hand #151497014416:  Hold'em Limit ($3/$6 USD) - 2016/04/05 20:59:17 ET
Table 'Kevola' 10-max Seat #5 is the button
Seat 1: Zubasa07 ($490.50 in chips)
Seat 5: rttattar ($108.14 in chips)
rttattar: posts small blind $1
Zubasa07: posts big blind $3
*** HOLE CARDS ***
rttattar: folds
Uncalled bet ($2) returned to Zubasa07
Zubasa07 collected $2 from pot
Zubasa07: doesn't show hand
*** SUMMARY ***
Total pot $2 | Rake $0
Seat 1: Zubasa07 (big blind) collected ($2)
Seat 5: rttattar (button) (small blind) folded before Flop


PokerStars Hand #151496997157:  Hold'em Limit ($3/$6 USD) - 2016/04/05 20:58:32 ET
Table 'Kevola' 10-max Seat #1 is the button
Seat 1: Zubasa07 ($470 in chips)
Seat 5: rttattar ($129.14 in chips)
Zubasa07: posts small blind $1
rttattar: posts big blind $3
*** HOLE CARDS ***
Zubasa07: raises $3 to $6
rttattar: calls $3
*** FLOP *** [5d 3d 6d]
rttattar: checks
Zubasa07: bets $3
rttattar: calls $3
*** TURN *** [5d 3d 6d] [2c]
rttattar: checks
Zubasa07: bets $6
rttattar: calls $6
*** RIVER *** [5d 3d 6d 2c] [Qh]
rttattar: checks
Zubasa07: bets $6
rttattar: calls $6
*** SHOW DOWN ***
Zubasa07: shows [6h 5s] (two pair, Sixes and Fives)
rttattar: mucks hand
Zubasa07 collected $41.50 from pot
*** SUMMARY ***
Total pot $42 | Rake $0.50
Board [5d 3d 6d 2c Qh]
Seat 1: Zubasa07 (button) (small blind) showed [6h 5s] and won ($41.50) with two pair, Sixes and Fives
Seat 5: rttattar (big blind) mucked


PokerStars Hand #151497016761:  Hold'em Limit ($3/$6 USD) - 2016/04/05 20:59:23 ET
Table 'Kevola' 10-max Seat #1 is the button
Seat 1: Zubasa07 ($491.50 in chips)
Seat 5: rttattar ($107.14 in chips)
Zubasa07: posts small blind $1
rttattar: posts big blind $3
*** HOLE CARDS ***
Zubasa07: raises $3 to $6
MissEKAmouse joins the table at seat #6
rttattar: folds
Uncalled bet ($3) returned to Zubasa07
Zubasa07 collected $6 from pot
Zubasa07: doesn't show hand
*** SUMMARY ***
Total pot $6 | Rake $0
Seat 1: Zubasa07 (button) (small blind) collected ($6)
Seat 5: rttattar (big blind) folded before Flop


PokerStars Hand #151497019278:  Hold'em Limit ($3/$6 USD) - 2016/04/05 20:59:30 ET
Table 'Kevola' 10-max Seat #5 is the button
Seat 1: Zubasa07 ($494.50 in chips)
Seat 5: rttattar ($104.14 in chips)
rttattar: posts small blind $1
Zubasa07: posts big blind $3
*** HOLE CARDS ***
rttattar: folds
Uncalled bet ($2) returned to Zubasa07
Zubasa07 collected $2 from pot
Zubasa07: doesn't show hand
*** SUMMARY ***
Total pot $2 | Rake $0
Seat 1: Zubasa07 (big blind) collected ($2)
Seat 5: rttattar (button) (small blind) folded before Flop


