PokerStars Hand #168452049767:  Hold'em Limit ($3/$6 USD) - 2017/04/02 1:12:22 ET
Table 'Kevo' 6-max Seat #2 is the button
Seat 2: LifeisagameX ($84 in chips)
Seat 3: rabeh1981 ($129.86 in chips)
LifeisagameX: posts small blind $1
rabeh1981: posts big blind $3
*** HOLE CARDS ***
LifeisagameX: raises $3 to $6
rabeh1981: raises $3 to $9
LifeisagameX: calls $3
*** FLOP *** [4h 2h Qs]
rabeh1981: bets $3
LifeisagameX: calls $3
*** TURN *** [4h 2h Qs] [Tc]
rabeh1981: bets $6
LifeisagameX: folds
Uncalled bet ($6) returned to rabeh1981
rabeh1981 collected $23.52 from pot
rabeh1981: doesn't show hand
*** SUMMARY ***
Total pot $24 | Rake $0.48
Board [4h 2h Qs Tc]
Seat 2: LifeisagameX (button) (small blind) folded on the Turn
Seat 3: rabeh1981 (big blind) collected ($23.52)


PokerStars Hand #168452060154:  Hold'em Limit ($3/$6 USD) - 2017/04/02 1:12:59 ET
Table 'Kevo' 6-max Seat #3 is the button
Seat 2: LifeisagameX ($84 in chips)
Seat 3: rabeh1981 ($141.38 in chips)
rabeh1981: posts small blind $1
LifeisagameX: posts big blind $3
*** HOLE CARDS ***
rabeh1981: folds
Uncalled bet ($2) returned to LifeisagameX
LifeisagameX collected $2 from pot
LifeisagameX: doesn't show hand
*** SUMMARY ***
Total pot $2 | Rake $0
Seat 2: LifeisagameX (big blind) collected ($2)
Seat 3: rabeh1981 (button) (small blind) folded before Flop


PokerStars Hand #168452067716:  Hold'em Limit ($3/$6 USD) - 2017/04/02 1:13:26 ET
Table 'Kevo' 6-max Seat #3 is the button
Seat 2: LifeisagameX ($84 in chips)
Seat 3: rabeh1981 ($146.14 in chips)
rabeh1981: posts small blind $1
LifeisagameX: posts big blind $3
*** HOLE CARDS ***
rabeh1981: folds
Uncalled bet ($2) returned to LifeisagameX
LifeisagameX collected $2 from pot
LifeisagameX: doesn't show hand
*** SUMMARY ***
Total pot $2 | Rake $0
Seat 2: LifeisagameX (big blind) collected ($2)
Seat 3: rabeh1981 (button) (small blind) folded before Flop


PokerStars Hand #168452061675:  Hold'em Limit ($3/$6 USD) - 2017/04/02 1:13:05 ET
Table 'Kevo' 6-max Seat #2 is the button
Seat 2: LifeisagameX ($85 in chips)
Seat 3: rabeh1981 ($140.38 in chips)
LifeisagameX: posts small blind $1
rabeh1981: posts big blind $3
*** HOLE CARDS ***
LifeisagameX: raises $3 to $6
rabeh1981: calls $3
*** FLOP *** [4s Jd Ts]
rabeh1981: checks
LifeisagameX: checks
*** TURN *** [4s Jd Ts] [4h]
rabeh1981: bets $6
LifeisagameX: folds
Uncalled bet ($6) returned to rabeh1981
rabeh1981 collected $11.76 from pot
rabeh1981: doesn't show hand
*** SUMMARY ***
Total pot $12 | Rake $0.24
Board [4s Jd Ts 4h]
Seat 2: LifeisagameX (button) (small blind) folded on the Turn
Seat 3: rabeh1981 (big blind) collected ($11.76)


PokerStars Hand #168452073031:  Hold'em Limit ($3/$6 USD) - 2017/04/02 1:13:45 ET
Table 'Kevo' 6-max Seat #3 is the button
Seat 2: LifeisagameX ($84 in chips)
Seat 3: rabeh1981 ($150.90 in chips)
rabeh1981: posts small blind $1
LifeisagameX: posts big blind $3
*** HOLE CARDS ***
rabeh1981: folds
Uncalled bet ($2) returned to LifeisagameX
LifeisagameX collected $2 from pot
LifeisagameX: doesn't show hand
*** SUMMARY ***
Total pot $2 | Rake $0
Seat 2: LifeisagameX (big blind) collected ($2)
Seat 3: rabeh1981 (button) (small blind) folded before Flop


PokerStars Hand #168452069245:  Hold'em Limit ($3/$6 USD) - 2017/04/02 1:13:31 ET
Table 'Kevo' 6-max Seat #2 is the button
Seat 2: LifeisagameX ($85 in chips)
Seat 3: rabeh1981 ($145.14 in chips)
LifeisagameX: posts small blind $1
rabeh1981: posts big blind $3
*** HOLE CARDS ***
LifeisagameX: raises $3 to $6
rabeh1981: calls $3
*** FLOP *** [3c 7s 6d]
rabeh1981: checks
LifeisagameX: checks
*** TURN *** [3c 7s 6d] [Jc]
rabeh1981: bets $6
LifeisagameX: folds
Uncalled bet ($6) returned to rabeh1981
rabeh1981 collected $11.76 from pot
rabeh1981: doesn't show hand
*** SUMMARY ***
Total pot $12 | Rake $0.24
Board [3c 7s 6d Jc]
Seat 2: LifeisagameX (button) (small blind) folded on the Turn
Seat 3: rabeh1981 (big blind) collected ($11.76)


PokerStars Hand #168452074537:  Hold'em Limit ($3/$6 USD) - 2017/04/02 1:13:50 ET
Table 'Kevo' 6-max Seat #2 is the button
Seat 2: LifeisagameX ($85 in chips)
Seat 3: rabeh1981 ($149.90 in chips)
LifeisagameX: posts small blind $1
rabeh1981: posts big blind $3
*** HOLE CARDS ***
LifeisagameX: raises $3 to $6
rabeh1981: calls $3
*** FLOP *** [3h 6d 4s]
rabeh1981: checks
MTails joins the table at seat #4
LifeisagameX: checks
*** TURN *** [3h 6d 4s] [Ah]
rabeh1981: bets $6
LifeisagameX: calls $6
*** RIVER *** [3h 6d 4s Ah] [8s]
rabeh1981: bets $6
LifeisagameX: calls $6
*** SHOW DOWN ***
rabeh1981: shows [5s 3c] (a pair of Threes)
LifeisagameX: shows [7h 4h] (a pair of Fours)
LifeisagameX collected $35.50 from pot
*** SUMMARY ***
Total pot $36 | Rake $0.50
Board [3h 6d 4s Ah 8s]
Seat 2: LifeisagameX (button) (small blind) showed [7h 4h] and won ($35.50) with a pair of Fours
Seat 3: rabeh1981 (big blind) showed [5s 3c] and lost with a pair of Threes


PokerStars Hand #168452147469:  Hold'em Limit ($3/$6 USD) - 2017/04/02 1:18:00 ET
Table 'Kevo' 6-max Seat #4 is the button
Seat 3: rabeh1981 ($153.87 in chips)
Seat 4: MTails ($211.31 in chips)
MTails: posts small blind $1
rabeh1981: posts big blind $3
*** HOLE CARDS ***
MTails: raises $3 to $6
rabeh1981: calls $3
*** FLOP *** [6s Ts 6d]
rabeh1981: checks
MTails: bets $3
schboastmast leaves the table
rabeh1981: calls $3
*** TURN *** [6s Ts 6d] [Qc]
rabeh1981: checks
MTails: bets $6
rabeh1981: raises $6 to $12
MTails: calls $6
*** RIVER *** [6s Ts 6d Qc] [Jh]
rabeh1981: bets $6
MTails: raises $6 to $12
rabeh1981: calls $6
*** SHOW DOWN ***
MTails: shows [9s 8s] (a straight, Eight to Queen)
rabeh1981: mucks hand
MTails collected $65.50 from pot
*** SUMMARY ***
Total pot $66 | Rake $0.50
Board [6s Ts 6d Qc Jh]
Seat 3: rabeh1981 (big blind) mucked
Seat 4: MTails (button) (small blind) showed [9s 8s] and won ($65.50) with a straight, Eight to Queen


PokerStars Hand #168452153151:  Hold'em Limit ($3/$6 USD) - 2017/04/02 1:18:21 ET
Table 'Kevo' 6-max Seat #3 is the button
Seat 3: rabeh1981 ($120.87 in chips)
Seat 4: MTails ($243.81 in chips)
rabeh1981: posts small blind $1
MTails: posts big blind $3
*** HOLE CARDS ***
rabeh1981: raises $3 to $6
MTails: calls $3
*** FLOP *** [Js 5h 9h]
MTails: checks
rabeh1981: bets $3
MTails: calls $3
*** TURN *** [Js 5h 9h] [Td]
MTails: checks
rabeh1981: bets $6
MTails: raises $6 to $12
rabeh1981: calls $6
*** RIVER *** [Js 5h 9h Td] [Ks]
MTails: bets $6
rabeh1981: raises $6 to $12
MTails: calls $6
*** SHOW DOWN ***
rabeh1981: shows [Qc Ad] (a straight, Ten to Ace)
MTails: mucks hand
rabeh1981 collected $65.50 from pot
*** SUMMARY ***
Total pot $66 | Rake $0.50
Board [Js 5h 9h Td Ks]
Seat 3: rabeh1981 (button) (small blind) showed [Qc Ad] and won ($65.50) with a straight, Ten to Ace
Seat 4: MTails (big blind) mucked


PokerStars Hand #168452159701:  Hold'em Limit ($3/$6 USD) - 2017/04/02 1:18:44 ET
Table 'Kevo' 6-max Seat #4 is the button
Seat 3: rabeh1981 ($153.37 in chips)
Seat 4: MTails ($210.81 in chips)
MTails: posts small blind $1
rabeh1981: posts big blind $3
*** HOLE CARDS ***
MTails: raises $3 to $6
rabeh1981: calls $3
*** FLOP *** [Qs 3d 3c]
rabeh1981: bets $3
MTails: raises $3 to $6
rabeh1981: raises $3 to $9
MTails: folds
Uncalled bet ($3) returned to rabeh1981
rabeh1981 collected $23.52 from pot
rabeh1981: doesn't show hand
*** SUMMARY ***
Total pot $24 | Rake $0.48
Board [Qs 3d 3c]
Seat 3: rabeh1981 (big blind) collected ($23.52)
Seat 4: MTails (button) (small blind) folded on the Flop


PokerStars Hand #168452171900:  Hold'em Limit ($3/$6 USD) - 2017/04/02 1:19:27 ET
Table 'Kevo' 6-max Seat #3 is the button
Seat 3: rabeh1981 ($143.89 in chips)
Seat 4: MTails ($219.31 in chips)
rabeh1981: posts small blind $1
MTails: posts big blind $3
*** HOLE CARDS ***
rabeh1981: folds
Uncalled bet ($2) returned to MTails
MTails collected $2 from pot
MTails: doesn't show hand
*** SUMMARY ***
Total pot $2 | Rake $0
Seat 3: rabeh1981 (button) (small blind) folded before Flop
Seat 4: MTails (big blind) collected ($2)


PokerStars Hand #168452170201:  Hold'em Limit ($3/$6 USD) - 2017/04/02 1:19:21 ET
Table 'Kevo' 6-max Seat #4 is the button
Seat 3: rabeh1981 ($146.89 in chips)
Seat 4: MTails ($216.31 in chips)
MTails: posts small blind $1
rabeh1981: posts big blind $3
*** HOLE CARDS ***
MTails: raises $3 to $6
rabeh1981: folds
Uncalled bet ($3) returned to MTails
MTails collected $6 from pot
NOMOS1984 joins the table at seat #5
*** SUMMARY ***
Total pot $6 | Rake $0
Seat 3: rabeh1981 (big blind) folded before Flop
Seat 4: MTails (button) (small blind) collected ($6)


PokerStars Hand #168452670042:  Hold'em Limit ($3/$6 USD) - 2017/04/02 1:48:16 ET
Table 'Kevo' 6-max Seat #4 is the button
Seat 1: kudongo ($61.07 in chips)
Seat 4: MTails ($478.41 in chips)
MTails: posts small blind $1
kudongo: posts big blind $3
*** HOLE CARDS ***
MTails: raises $3 to $6
kudongo: calls $3
*** FLOP *** [9h 7d 2c]
kudongo: checks
MTails: bets $3
kudongo: raises $3 to $6
MTails: calls $3
*** TURN *** [9h 7d 2c] [4d]
kudongo: bets $6
MTails: calls $6
*** RIVER *** [9h 7d 2c 4d] [Js]
kudongo: bets $6
MTails: folds
Uncalled bet ($6) returned to kudongo
kudongo collected $35.50 from pot
kudongo: doesn't show hand
*** SUMMARY ***
Total pot $36 | Rake $0.50
Board [9h 7d 2c 4d Js]
Seat 1: kudongo (big blind) collected ($35.50)
Seat 4: MTails (button) (small blind) folded on the River


PokerStars Hand #168452652814:  Hold'em Limit ($3/$6 USD) - 2017/04/02 1:47:38 ET
Table 'Kevo' 6-max Seat #4 is the button
Seat 1: kudongo ($115.07 in chips)
Seat 4: MTails ($425.41 in chips)
MTails: posts small blind $1
kudongo: posts big blind $3
*** HOLE CARDS ***
MTails: raises $3 to $6
kudongo: raises $3 to $9
MTails: calls $3
*** FLOP *** [9s 7h 3c]
kudongo: bets $3
MTails: calls $3
*** TURN *** [9s 7h 3c] [7c]
kudongo: bets $6
MTails: raises $6 to $12
kudongo: calls $6
*** RIVER *** [9s 7h 3c 7c] [Qd]
kudongo: checks
MTails: bets $6
kudongo: calls $6
*** SHOW DOWN ***
MTails: shows [3h Qh] (two pair, Queens and Sevens)
kudongo: mucks hand
MTails collected $59.50 from pot
*** SUMMARY ***
Total pot $60 | Rake $0.50
Board [9s 7h 3c 7c Qd]
Seat 1: kudongo (big blind) mucked
Seat 4: MTails (button) (small blind) showed [3h Qh] and won ($59.50) with two pair, Queens and Sevens


PokerStars Hand #168452658353:  Hold'em Limit ($3/$6 USD) - 2017/04/02 1:47:57 ET
Table 'Kevo' 6-max Seat #1 is the button
Seat 1: kudongo ($85.07 in chips)
Seat 4: MTails ($454.91 in chips)
kudongo: posts small blind $1
MTails: posts big blind $3
*** HOLE CARDS ***
kudongo: raises $3 to $6
MTails: raises $3 to $9
kudongo: calls $3
*** FLOP *** [2h 3c 6d]
MTails: bets $3
kudongo: calls $3
*** TURN *** [2h 3c 6d] [6s]
MTails: bets $6
kudongo: calls $6
*** RIVER *** [2h 3c 6d 6s] [6h]
MTails: bets $6
kudongo: calls $6
*** SHOW DOWN ***
MTails: shows [5s 5h] (a full house, Sixes full of Fives)
kudongo: mucks hand
MTails collected $47.50 from pot
*** SUMMARY ***
Total pot $48 | Rake $0.50
Board [2h 3c 6d 6s 6h]
Seat 1: kudongo (button) (small blind) mucked
Seat 4: MTails (big blind) showed [5s 5h] and won ($47.50) with a full house, Sixes full of Fives


PokerStars Hand #168452679576:  Hold'em Limit ($3/$6 USD) - 2017/04/02 1:48:50 ET
Table 'Kevo' 6-max Seat #4 is the button
Seat 1: kudongo ($72.57 in chips)
Seat 4: MTails ($466.17 in chips)
MTails: posts small blind $1
kudongo: posts big blind $3
*** HOLE CARDS ***
MTails: raises $3 to $6
kudongo: calls $3
*** FLOP *** [5d Ah 7s]
kudongo: checks
MTails: bets $3
kudongo: calls $3
*** TURN *** [5d Ah 7s] [Jh]
kudongo: checks
MTails: checks
*** RIVER *** [5d Ah 7s Jh] [Jd]
kudongo: bets $6
MTails: calls $6
*** SHOW DOWN ***
kudongo: shows [5c 4d] (two pair, Jacks and Fives)
MTails: shows [3c 7d] (two pair, Jacks and Sevens)
MTails collected $29.50 from pot
*** SUMMARY ***
Total pot $30 | Rake $0.50
Board [5d Ah 7s Jh Jd]
Seat 1: kudongo (big blind) showed [5c 4d] and lost with two pair, Jacks and Fives
Seat 4: MTails (button) (small blind) showed [3c 7d] and won ($29.50) with two pair, Jacks and Sevens


PokerStars Hand #168452675243:  Hold'em Limit ($3/$6 USD) - 2017/04/02 1:48:35 ET
Table 'Kevo' 6-max Seat #1 is the button
Seat 1: kudongo ($78.57 in chips)
Seat 4: MTails ($460.41 in chips)
kudongo: posts small blind $1
MTails: posts big blind $3
*** HOLE CARDS ***
kudongo: raises $3 to $6
MTails: calls $3
*** FLOP *** [4s 8s Js]
MTails: checks
kudongo: checks
*** TURN *** [4s 8s Js] [7c]
MTails: checks
kudongo: checks
*** RIVER *** [4s 8s Js 7c] [Qd]
MTails: checks
kudongo: checks
*** SHOW DOWN ***
MTails: shows [2s 7s] (a flush, Jack high)
kudongo: mucks hand
MTails collected $11.76 from pot
*** SUMMARY ***
Total pot $12 | Rake $0.24
Board [4s 8s Js 7c Qd]
Seat 1: kudongo (button) (small blind) mucked
Seat 4: MTails (big blind) showed [2s 7s] and won ($11.76) with a flush, Jack high


PokerStars Hand #168452688248:  Hold'em Limit ($3/$6 USD) - 2017/04/02 1:49:21 ET
Table 'Kevo' 6-max Seat #1 is the button
Seat 1: kudongo ($50.57 in chips)
Seat 4: MTails ($487.43 in chips)
kudongo: posts small blind $1
MTails: posts big blind $3
*** HOLE CARDS ***
kudongo: folds
Uncalled bet ($2) returned to MTails
MTails collected $2 from pot
MTails: doesn't show hand
*** SUMMARY ***
Total pot $2 | Rake $0
Seat 1: kudongo (button) (small blind) folded before Flop
Seat 4: MTails (big blind) collected ($2)


PokerStars Hand #168452685070:  Hold'em Limit ($3/$6 USD) - 2017/04/02 1:49:10 ET
Table 'Kevo' 6-max Seat #4 is the button
Seat 1: kudongo ($56.57 in chips)
Seat 4: MTails ($481.67 in chips)
MTails: posts small blind $1
kudongo: posts big blind $3
*** HOLE CARDS ***
MTails: raises $3 to $6
kudongo: calls $3
*** FLOP *** [Kc 2c 7s]
kudongo: checks
MTails: bets $3
kudongo: folds
Uncalled bet ($3) returned to MTails
MTails collected $11.76 from pot
*** SUMMARY ***
Total pot $12 | Rake $0.24
Board [Kc 2c 7s]
Seat 1: kudongo (big blind) folded on the Flop
Seat 4: MTails (button) (small blind) collected ($11.76)


PokerStars Hand #168452683676:  Hold'em Limit ($3/$6 USD) - 2017/04/02 1:49:05 ET
Table 'Kevo' 6-max Seat #1 is the button
Seat 1: kudongo ($57.57 in chips)
Seat 4: MTails ($480.67 in chips)
kudongo: posts small blind $1
MTails: posts big blind $3
*** HOLE CARDS ***
kudongo: folds
Uncalled bet ($2) returned to MTails
MTails collected $2 from pot
*** SUMMARY ***
Total pot $2 | Rake $0
Seat 1: kudongo (button) (small blind) folded before Flop
Seat 4: MTails (big blind) collected ($2)


PokerStars Hand #168452689701:  Hold'em Limit ($3/$6 USD) - 2017/04/02 1:49:26 ET
Table 'Kevo' 6-max Seat #4 is the button
Seat 1: kudongo ($49.57 in chips)
Seat 4: MTails ($488.43 in chips)
MTails: posts small blind $1
kudongo: posts big blind $3
*** HOLE CARDS ***
MTails: raises $3 to $6
kudongo: calls $3
*** FLOP *** [9d Ah Th]
kudongo: checks
MTails: bets $3
kudongo: folds
Uncalled bet ($3) returned to MTails
MTails collected $11.76 from pot
*** SUMMARY ***
Total pot $12 | Rake $0.24
Board [9d Ah Th]
Seat 1: kudongo (big blind) folded on the Flop
Seat 4: MTails (button) (small blind) collected ($11.76)


PokerStars Hand #168452697889:  Hold'em Limit ($3/$6 USD) - 2017/04/02 1:49:55 ET
Table 'Kevo' 6-max Seat #4 is the button
Seat 1: kudongo ($16.57 in chips)
Seat 4: MTails ($520.69 in chips)
MTails: posts small blind $1
kudongo: posts big blind $3
*** HOLE CARDS ***
MTails: raises $3 to $6
kudongo: calls $3
*** FLOP *** [6h Ad 3c]
kudongo: checks
MTails: bets $3
kudongo: folds
Uncalled bet ($3) returned to MTails
MTails collected $11.76 from pot
*** SUMMARY ***
Total pot $12 | Rake $0.24
Board [6h Ad 3c]
Seat 1: kudongo (big blind) folded on the Flop
Seat 4: MTails (button) (small blind) collected ($11.76)


PokerStars Hand #168452692525:  Hold'em Limit ($3/$6 USD) - 2017/04/02 1:49:36 ET
Table 'Kevo' 6-max Seat #1 is the button
Seat 1: kudongo ($43.57 in chips)
Seat 4: MTails ($494.19 in chips)
kudongo: posts small blind $1
MTails: posts big blind $3
*** HOLE CARDS ***
kudongo: raises $3 to $6
MTails: calls $3
*** FLOP *** [Th 9s 5s]
MTails: checks
kudongo: bets $3
MTails: calls $3
*** TURN *** [Th 9s 5s] [Jd]
MTails: checks
kudongo: bets $6
MTails: raises $6 to $12
kudongo: raises $6 to $18
MTails: calls $6
*** RIVER *** [Th 9s 5s Jd] [7d]
MTails: checks
kudongo: checks
*** SHOW DOWN ***
MTails: shows [Jh Ad] (a pair of Jacks)
kudongo: mucks hand
MTails collected $53.50 from pot
*** SUMMARY ***
Total pot $54 | Rake $0.50
Board [Th 9s 5s Jd 7d]
Seat 1: kudongo (button) (small blind) mucked
Seat 4: MTails (big blind) showed [Jh Ad] and won ($53.50) with a pair of Jacks


PokerStars Hand #168452701292:  Hold'em Limit ($3/$6 USD) - 2017/04/02 1:50:07 ET
Table 'Kevo' 6-max Seat #1 is the button
Seat 1: kudongo ($10.57 in chips)
Seat 4: MTails ($526.45 in chips)
kudongo: posts small blind $1
MTails: posts big blind $3
*** HOLE CARDS ***
kudongo: raises $3 to $6
MTails: raises $3 to $9
kudongo: raises $1.57 to $10.57 and is all-in
Betting is capped
MTails: calls $1.57
*** FLOP *** [Js 7s Ts]
*** TURN *** [Js 7s Ts] [2s]
*** RIVER *** [Js 7s Ts 2s] [8d]
*** SHOW DOWN ***
MTails: shows [5c Qc] (high card Queen)
kudongo: shows [7c Tc] (two pair, Tens and Sevens)
kudongo collected $20.72 from pot
*** SUMMARY ***
Total pot $21.14 | Rake $0.42
Board [Js 7s Ts 2s 8d]
Seat 1: kudongo (button) (small blind) showed [7c Tc] and won ($20.72) with two pair, Tens and Sevens
Seat 4: MTails (big blind) showed [5c Qc] and lost with high card Queen


