PokerStars Hand #162950575010:  Hold'em Limit ($3/$6 USD) - 2016/12/14 16:36:25 ET
Table 'Khama' 6-max Seat #4 is the button
Seat 2: hairy1961 ($59 in chips)
Seat 4: pasha6o ($55 in chips)
pasha6o: posts small blind $1
hairy1961: posts big blind $3
*** HOLE CARDS ***
ValeryRon joins the table at seat #6
pasha6o: calls $2
hairy1961: raises $3 to $6
pasha6o: calls $3
*** FLOP *** [6h Qd Qs]
hairy1961: bets $3
pasha6o: raises $3 to $6
hairy1961: calls $3
*** TURN *** [6h Qd Qs] [8s]
hairy1961: checks
pasha6o: bets $6
hairy1961: calls $6
*** RIVER *** [6h Qd Qs 8s] [Kc]
hairy1961: checks
pasha6o: checks
*** SHOW DOWN ***
hairy1961: shows [9d As] (a pair of Queens)
pasha6o: shows [8h 5c] (two pair, Queens and Eights)
vestimokrec joins the table at seat #3
pasha6o collected $35.50 from pot
*** SUMMARY ***
Total pot $36 | Rake $0.50
Board [6h Qd Qs 8s Kc]
Seat 2: hairy1961 (big blind) showed [9d As] and lost with a pair of Queens
Seat 4: pasha6o (button) (small blind) showed [8h 5c] and won ($35.50) with two pair, Queens and Eights


PokerStars Hand #162950595338:  Hold'em Limit ($3/$6 USD) - 2016/12/14 16:36:46 ET
Table 'Khama' 6-max Seat #2 is the button
Seat 2: hairy1961 ($41 in chips)
Seat 4: pasha6o ($72.50 in chips)
hairy1961: posts small blind $1
pasha6o: posts big blind $3
*** HOLE CARDS ***
poker111141 joins the table at seat #1
hairy1961: raises $3 to $6
pasha6o: calls $3
*** FLOP *** [3c 5d 2d]
pasha6o: bets $3
hairy1961: raises $3 to $6
pasha6o: calls $3
*** TURN *** [3c 5d 2d] [8h]
GoliafUa leaves the table
pasha6o: checks
hairy1961: checks
*** RIVER *** [3c 5d 2d 8h] [Qs]
pasha6o: bets $6
hairy1961: folds
Uncalled bet ($6) returned to pasha6o
pasha6o collected $23.52 from pot
pasha6o: doesn't show hand
*** SUMMARY ***
Total pot $24 | Rake $0.48
Board [3c 5d 2d 8h Qs]
Seat 2: hairy1961 (button) (small blind) folded on the River
Seat 4: pasha6o (big blind) collected ($23.52)


PokerStars Hand #162956036412:  Hold'em Limit ($3/$6 USD) - 2016/12/14 18:17:36 ET
Table 'Khama' 6-max Seat #4 is the button
Seat 4: Chessnok ($162.06 in chips)
Seat 6: GRAILKO ($461.59 in chips)
s s h leaves the table
Chessnok: posts small blind $1
GRAILKO: posts big blind $3
*** HOLE CARDS ***
Chessnok: raises $3 to $6
GRAILKO: calls $3
*** FLOP *** [9s Js Kh]
GRAILKO: checks
Chessnok: bets $3
GRAILKO: raises $3 to $6
Chessnok: calls $3
*** TURN *** [9s Js Kh] [6c]
GRAILKO: bets $6
Chessnok: calls $6
*** RIVER *** [9s Js Kh 6c] [2s]
GRAILKO: bets $6
Chessnok: calls $6
*** SHOW DOWN ***
GRAILKO: shows [Kd Jc] (two pair, Kings and Jacks)
Chessnok: mucks hand
GRAILKO collected $47.50 from pot
*** SUMMARY ***
Total pot $48 | Rake $0.50
Board [9s Js Kh 6c 2s]
Seat 4: Chessnok (button) (small blind) mucked
Seat 6: GRAILKO (big blind) showed [Kd Jc] and won ($47.50) with two pair, Kings and Jacks


PokerStars Hand #162956032215:  Hold'em Limit ($3/$6 USD) - 2016/12/14 18:17:31 ET
Table 'Khama' 6-max Seat #6 is the button
Seat 4: Chessnok ($161.06 in chips)
Seat 6: GRAILKO ($462.59 in chips)
GRAILKO: posts small blind $1
s s h: is sitting out
Chessnok: posts big blind $3
*** HOLE CARDS ***
GRAILKO: folds
Uncalled bet ($2) returned to Chessnok
Chessnok collected $2 from pot
Chessnok: doesn't show hand
*** SUMMARY ***
Total pot $2 | Rake $0
Seat 4: Chessnok (big blind) collected ($2)
Seat 6: GRAILKO (button) (small blind) folded before Flop


