PokerStars Hand #151915597900:  Hold'em Limit ($3/$6 USD) - 2016/04/14 15:19:54 ET
Table 'Khama II' 6-max Seat #5 is the button
Seat 2: kaldir01 ($35.80 in chips)
Seat 5: Great_Kang ($120 in chips)
Great_Kang: posts small blind $1
kaldir01: posts big blind $3
*** HOLE CARDS ***
Great_Kang: raises $3 to $6
kaldir01: raises $3 to $9
Great_Kang: calls $3
*** FLOP *** [7d 9c 4d]
kaldir01: bets $3
Great_Kang: calls $3
*** TURN *** [7d 9c 4d] [3h]
kaldir01: checks
Great_Kang: checks
*** RIVER *** [7d 9c 4d 3h] [8d]
kaldir01: bets $6
Great_Kang: folds
Uncalled bet ($6) returned to kaldir01
kaldir01 collected $23.52 from pot
kaldir01: doesn't show hand
*** SUMMARY ***
Total pot $24 | Rake $0.48
Board [7d 9c 4d 3h 8d]
Seat 2: kaldir01 (big blind) collected ($23.52)
Seat 5: Great_Kang (button) (small blind) folded on the River


PokerStars Hand #151915641366:  Hold'em Limit ($3/$6 USD) - 2016/04/14 15:20:42 ET
Table 'Khama II' 6-max Seat #5 is the button
Seat 2: kaldir01 ($29.32 in chips)
Seat 5: Great_Kang ($137.50 in chips)
Great_Kang: posts small blind $1
kaldir01: posts big blind $3
*** HOLE CARDS ***
Great_Kang: raises $3 to $6
kaldir01: raises $3 to $9
Great_Kang: calls $3
*** FLOP *** [6d Qs Ad]
kaldir01: bets $3
Great_Kang: calls $3
*** TURN *** [6d Qs Ad] [Kh]
kaldir01: checks
Great_Kang: checks
*** RIVER *** [6d Qs Ad Kh] [6s]
kaldir01: bets $6
Great_Kang: calls $6
*** SHOW DOWN ***
kaldir01: shows [Ah Qd] (two pair, Aces and Queens)
Great_Kang: mucks hand
kaldir01 collected $35.50 from pot
*** SUMMARY ***
Total pot $36 | Rake $0.50
Board [6d Qs Ad Kh 6s]
Seat 2: kaldir01 (big blind) showed [Ah Qd] and won ($35.50) with two pair, Aces and Queens
Seat 5: Great_Kang (button) (small blind) mucked


PokerStars Hand #151915623078:  Hold'em Limit ($3/$6 USD) - 2016/04/14 15:20:23 ET
Table 'Khama II' 6-max Seat #2 is the button
Seat 2: kaldir01 ($47.32 in chips)
Seat 5: Great_Kang ($120 in chips)
kaldir01: posts small blind $1
Great_Kang: posts big blind $3
*** HOLE CARDS ***
kaldir01: raises $3 to $6
Great_Kang: calls $3
*** FLOP *** [7h Th 6d]
Great_Kang: checks
kaldir01: bets $3
Great_Kang: raises $3 to $6
kaldir01: calls $3
*** TURN *** [7h Th 6d] [9d]
Great_Kang: bets $6
kaldir01: calls $6
*** RIVER *** [7h Th 6d 9d] [2d]
Great_Kang: bets $6
kaldir01: folds
Uncalled bet ($6) returned to Great_Kang
Great_Kang collected $35.50 from pot
Great_Kang: doesn't show hand
*** SUMMARY ***
Total pot $36 | Rake $0.50
Board [7h Th 6d 9d 2d]
Seat 2: kaldir01 (button) (small blind) folded on the River
Seat 5: Great_Kang (big blind) collected ($35.50)


PokerStars Hand #151915711912:  Hold'em Limit ($3/$6 USD) - 2016/04/14 15:22:00 ET
Table 'Khama II' 6-max Seat #2 is the button
Seat 2: kaldir01 ($41.82 in chips)
Seat 5: Great_Kang ($124.76 in chips)
kaldir01: posts small blind $1
Great_Kang: posts big blind $3
*** HOLE CARDS ***
kaldir01: raises $3 to $6
Great_Kang: folds
Uncalled bet ($3) returned to kaldir01
kaldir01 collected $6 from pot
kaldir01: doesn't show hand
*** SUMMARY ***
Total pot $6 | Rake $0
Seat 2: kaldir01 (button) (small blind) collected ($6)
Seat 5: Great_Kang (big blind) folded before Flop


PokerStars Hand #151915705062:  Hold'em Limit ($3/$6 USD) - 2016/04/14 15:21:53 ET
Table 'Khama II' 6-max Seat #5 is the button
Seat 2: kaldir01 ($40.82 in chips)
Seat 5: Great_Kang ($125.76 in chips)
Great_Kang: posts small blind $1
kaldir01: posts big blind $3
*** HOLE CARDS ***
Great_Kang: folds
Uncalled bet ($2) returned to kaldir01
kaldir01 collected $2 from pot
kaldir01: doesn't show hand
*** SUMMARY ***
Total pot $2 | Rake $0
Seat 2: kaldir01 (big blind) collected ($2)
Seat 5: Great_Kang (button) (small blind) folded before Flop


PokerStars Hand #151915699941:  Hold'em Limit ($3/$6 USD) - 2016/04/14 15:21:47 ET
Table 'Khama II' 6-max Seat #2 is the button
Seat 2: kaldir01 ($41.82 in chips)
Seat 5: Great_Kang ($124.76 in chips)
kaldir01: posts small blind $1
Great_Kang: posts big blind $3
*** HOLE CARDS ***
kaldir01: folds
Uncalled bet ($2) returned to Great_Kang
Great_Kang collected $2 from pot
Great_Kang: doesn't show hand
*** SUMMARY ***
Total pot $2 | Rake $0
Seat 2: kaldir01 (button) (small blind) folded before Flop
Seat 5: Great_Kang (big blind) collected ($2)


PokerStars Hand #151915692189:  Hold'em Limit ($3/$6 USD) - 2016/04/14 15:21:38 ET
Table 'Khama II' 6-max Seat #5 is the button
Seat 2: kaldir01 ($40.82 in chips)
Seat 5: Great_Kang ($125.76 in chips)
Great_Kang: posts small blind $1
kaldir01: posts big blind $3
*** HOLE CARDS ***
Great_Kang: folds
Uncalled bet ($2) returned to kaldir01
kaldir01 collected $2 from pot
kaldir01: doesn't show hand
*** SUMMARY ***
Total pot $2 | Rake $0
Seat 2: kaldir01 (big blind) collected ($2)
Seat 5: Great_Kang (button) (small blind) folded before Flop


PokerStars Hand #151915674450:  Hold'em Limit ($3/$6 USD) - 2016/04/14 15:21:19 ET
Table 'Khama II' 6-max Seat #2 is the button
Seat 2: kaldir01 ($46.82 in chips)
Seat 5: Great_Kang ($120 in chips)
kaldir01: posts small blind $1
Great_Kang: posts big blind $3
*** HOLE CARDS ***
kaldir01: calls $2
Great_Kang: raises $3 to $6
kaldir01: calls $3
*** FLOP *** [Jc 5s 9s]
Great_Kang: checks
kaldir01: checks
*** TURN *** [Jc 5s 9s] [Kc]
Great_Kang: bets $6
kaldir01: folds
Uncalled bet ($6) returned to Great_Kang
Great_Kang collected $11.76 from pot
Great_Kang: doesn't show hand
*** SUMMARY ***
Total pot $12 | Rake $0.24
Board [Jc 5s 9s Kc]
Seat 2: kaldir01 (button) (small blind) folded on the Turn
Seat 5: Great_Kang (big blind) collected ($11.76)


PokerStars Hand #151915751901:  Hold'em Limit ($3/$6 USD) - 2016/04/14 15:22:44 ET
Table 'Khama II' 6-max Seat #5 is the button
Seat 2: kaldir01 ($22.82 in chips)
Seat 5: Great_Kang ($143.26 in chips)
Great_Kang: posts small blind $1
kaldir01: posts big blind $3
*** HOLE CARDS ***
Great_Kang: raises $3 to $6
kaldir01: raises $3 to $9
Great_Kang: calls $3
*** FLOP *** [6c 8s Kd]
kaldir01: bets $3
hairy1961 joins the table at seat #4
Great_Kang: calls $3
*** TURN *** [6c 8s Kd] [Kh]
kaldir01: bets $6
Great_Kang: folds
Uncalled bet ($6) returned to kaldir01
kaldir01 collected $23.52 from pot
kaldir01: doesn't show hand
*** SUMMARY ***
Total pot $24 | Rake $0.48
Board [6c 8s Kd Kh]
Seat 2: kaldir01 (big blind) collected ($23.52)
Seat 5: Great_Kang (button) (small blind) folded on the Turn


PokerStars Hand #151915747292:  Hold'em Limit ($3/$6 USD) - 2016/04/14 15:22:39 ET
Table 'Khama II' 6-max Seat #2 is the button
Seat 2: kaldir01 ($23.82 in chips)
Seat 5: Great_Kang ($142.26 in chips)
kaldir01: posts small blind $1
Great_Kang: posts big blind $3
*** HOLE CARDS ***
kaldir01: folds
Uncalled bet ($2) returned to Great_Kang
Great_Kang collected $2 from pot
Great_Kang: doesn't show hand
*** SUMMARY ***
Total pot $2 | Rake $0
Seat 2: kaldir01 (button) (small blind) folded before Flop
Seat 5: Great_Kang (big blind) collected ($2)


PokerStars Hand #151915724273:  Hold'em Limit ($3/$6 USD) - 2016/04/14 15:22:14 ET
Table 'Khama II' 6-max Seat #5 is the button
Seat 2: kaldir01 ($44.82 in chips)
Seat 5: Great_Kang ($121.76 in chips)
Great_Kang: posts small blind $1
kaldir01: posts big blind $3
*** HOLE CARDS ***
Great_Kang: raises $3 to $6
kaldir01: calls $3
*** FLOP *** [2c 6c 6s]
kaldir01: checks
Great_Kang: bets $3
kaldir01: calls $3
*** TURN *** [2c 6c 6s] [Th]
kaldir01: checks
Great_Kang: bets $6
kaldir01: calls $6
*** RIVER *** [2c 6c 6s Th] [8d]
kaldir01: checks
Great_Kang: bets $6
kaldir01: calls $6
*** SHOW DOWN ***
Great_Kang: shows [Tc Qc] (two pair, Tens and Sixes)
kaldir01: mucks hand
Great_Kang collected $41.50 from pot
*** SUMMARY ***
Total pot $42 | Rake $0.50
Board [2c 6c 6s Th 8d]
Seat 2: kaldir01 (big blind) mucked
Seat 5: Great_Kang (button) (small blind) showed [Tc Qc] and won ($41.50) with two pair, Tens and Sixes


PokerStars Hand #151915999491:  Hold'em Limit ($3/$6 USD) - 2016/04/14 15:27:20 ET
Table 'Khama II' 6-max Seat #2 is the button
Seat 2: kaldir01 ($77.43 in chips)
Seat 5: Great_Kang ($166.27 in chips)
kaldir01: posts small blind $1
Great_Kang: posts big blind $3
*** HOLE CARDS ***
hairy1961 leaves the table
kaldir01: folds
Uncalled bet ($2) returned to Great_Kang
Great_Kang collected $2 from pot
Great_Kang: doesn't show hand
*** SUMMARY ***
Total pot $2 | Rake $0
Seat 2: kaldir01 (button) (small blind) folded before Flop
Seat 5: Great_Kang (big blind) collected ($2)


PokerStars Hand #151916039009:  Hold'em Limit ($3/$6 USD) - 2016/04/14 15:28:04 ET
Table 'Khama II' 6-max Seat #5 is the button
Seat 2: kaldir01 ($104.93 in chips)
Seat 5: Great_Kang ($138.27 in chips)
Great_Kang: posts small blind $1
kaldir01: posts big blind $3
*** HOLE CARDS ***
Great_Kang: folds
Uncalled bet ($2) returned to kaldir01
kaldir01 collected $2 from pot
kaldir01: doesn't show hand
*** SUMMARY ***
Total pot $2 | Rake $0
Seat 2: kaldir01 (big blind) collected ($2)
Seat 5: Great_Kang (button) (small blind) folded before Flop


PokerStars Hand #151916033554:  Hold'em Limit ($3/$6 USD) - 2016/04/14 15:27:58 ET
Table 'Khama II' 6-max Seat #2 is the button
Seat 2: kaldir01 ($105.93 in chips)
Seat 5: Great_Kang ($137.27 in chips)
kaldir01: posts small blind $1
Great_Kang: posts big blind $3
*** HOLE CARDS ***
kaldir01: folds
Uncalled bet ($2) returned to Great_Kang
Great_Kang collected $2 from pot
Great_Kang: doesn't show hand
*** SUMMARY ***
Total pot $2 | Rake $0
Seat 2: kaldir01 (button) (small blind) folded before Flop
Seat 5: Great_Kang (big blind) collected ($2)


PokerStars Hand #151916004372:  Hold'em Limit ($3/$6 USD) - 2016/04/14 15:27:26 ET
Table 'Khama II' 6-max Seat #5 is the button
Seat 2: kaldir01 ($76.43 in chips)
Seat 5: Great_Kang ($167.27 in chips)
Great_Kang: posts small blind $1
kaldir01: posts big blind $3
*** HOLE CARDS ***
Great_Kang: raises $3 to $6
kaldir01: calls $3
*** FLOP *** [Js 8d Kd]
kaldir01: checks
Great_Kang: bets $3
kaldir01: raises $3 to $6
Great_Kang: calls $3
*** TURN *** [Js 8d Kd] [7d]
kaldir01: bets $6
Great_Kang: calls $6
*** RIVER *** [Js 8d Kd 7d] [8h]
kaldir01: bets $6
Great_Kang: raises $6 to $12
kaldir01: calls $6
*** SHOW DOWN ***
Great_Kang: shows [8s 9h] (three of a kind, Eights)
kaldir01: shows [Jd 5d] (a flush, King high)
kaldir01 collected $59.50 from pot
*** SUMMARY ***
Total pot $60 | Rake $0.50
Board [Js 8d Kd 7d 8h]
Seat 2: kaldir01 (big blind) showed [Jd 5d] and won ($59.50) with a flush, King high
Seat 5: Great_Kang (button) (small blind) showed [8s 9h] and lost with three of a kind, Eights


PokerStars Hand #151916088564:  Hold'em Limit ($3/$6 USD) - 2016/04/14 15:28:59 ET
Table 'Khama II' 6-max Seat #5 is the button
Seat 2: kaldir01 ($155.93 in chips)
Seat 5: Great_Kang ($120 in chips)
Great_Kang: posts small blind $1
kaldir01: posts big blind $3
*** HOLE CARDS ***
Great_Kang: raises $3 to $6
kaldir01: calls $3
*** FLOP *** [Qh 9c Ac]
alpha2777 joins the table at seat #4
kaldir01: checks
Great_Kang: bets $3
kaldir01: folds
Uncalled bet ($3) returned to Great_Kang
Great_Kang collected $11.76 from pot
Great_Kang: doesn't show hand
*** SUMMARY ***
Total pot $12 | Rake $0.24
Board [Qh 9c Ac]
Seat 2: kaldir01 (big blind) folded on the Flop
Seat 5: Great_Kang (button) (small blind) collected ($11.76)


PokerStars Hand #151916044557:  Hold'em Limit ($3/$6 USD) - 2016/04/14 15:28:10 ET
Table 'Khama II' 6-max Seat #2 is the button
Seat 2: kaldir01 ($105.93 in chips)
Seat 5: Great_Kang ($137.27 in chips)
kaldir01: posts small blind $1
Great_Kang: posts big blind $3
*** HOLE CARDS ***
kaldir01: calls $2
Great_Kang: raises $3 to $6
kaldir01: calls $3
*** FLOP *** [3d Qs 8h]
Great_Kang: bets $3
kaldir01: calls $3
*** TURN *** [3d Qs 8h] [2c]
Great_Kang: bets $6
kaldir01: raises $6 to $12
Great_Kang: calls $6
*** RIVER *** [3d Qs 8h 2c] [5s]
Great_Kang: checks
kaldir01: bets $6
Great_Kang: calls $6
*** SHOW DOWN ***
kaldir01: shows [5d Qd] (two pair, Queens and Fives)
Great_Kang: mucks hand
kaldir01 collected $53.50 from pot
*** SUMMARY ***
Total pot $54 | Rake $0.50
Board [3d Qs 8h 2c 5s]
Seat 2: kaldir01 (button) (small blind) showed [5d Qd] and won ($53.50) with two pair, Queens and Fives
Seat 5: Great_Kang (big blind) mucked


PokerStars Hand #151916083081:  Hold'em Limit ($3/$6 USD) - 2016/04/14 15:28:53 ET
Table 'Khama II' 6-max Seat #2 is the button
Seat 2: kaldir01 ($152.93 in chips)
Seat 5: Great_Kang ($120 in chips)
kaldir01: posts small blind $1
Great_Kang: posts big blind $3
*** HOLE CARDS ***
kaldir01: raises $3 to $6
Great_Kang: folds
Uncalled bet ($3) returned to kaldir01
kaldir01 collected $6 from pot
kaldir01: doesn't show hand
*** SUMMARY ***
Total pot $6 | Rake $0
Seat 2: kaldir01 (button) (small blind) collected ($6)
Seat 5: Great_Kang (big blind) folded before Flop


PokerStars Hand #151916066205:  Hold'em Limit ($3/$6 USD) - 2016/04/14 15:28:34 ET
Table 'Khama II' 6-max Seat #5 is the button
Seat 2: kaldir01 ($132.43 in chips)
Seat 5: Great_Kang ($120 in chips)
Great_Kang: posts small blind $1
kaldir01: posts big blind $3
*** HOLE CARDS ***
Great_Kang: raises $3 to $6
kaldir01: calls $3
*** FLOP *** [7s 7d 4c]
kaldir01: checks
Great_Kang: bets $3
kaldir01: calls $3
*** TURN *** [7s 7d 4c] [9c]
kaldir01: checks
Great_Kang: bets $6
kaldir01: raises $6 to $12
Great_Kang: calls $6
*** RIVER *** [7s 7d 4c 9c] [4d]
kaldir01: bets $6
Great_Kang: folds
Uncalled bet ($6) returned to kaldir01
kaldir01 collected $41.50 from pot
kaldir01: doesn't show hand
*** SUMMARY ***
Total pot $42 | Rake $0.50
Board [7s 7d 4c 9c 4d]
Seat 2: kaldir01 (big blind) collected ($41.50)
Seat 5: Great_Kang (button) (small blind) folded on the River


