PokerStars Hand #156166548423:  Hold'em Limit ($3/$6 USD) - 2016/07/19 8:12:46 ET
Table 'Khryses' 6-max Seat #1 is the button
Seat 1: Ag3r0n ($72 in chips)
Seat 3: chodzewXXL ($120 in chips)
Ag3r0n: posts small blind $1
chodzewXXL: posts big blind $3
*** HOLE CARDS ***
RJF1943 joins the table at seat #5
Ag3r0n: raises $3 to $6
chodzewXXL: folds
Uncalled bet ($3) returned to Ag3r0n
Ag3r0n collected $6 from pot
*** SUMMARY ***
Total pot $6 | Rake $0
Seat 1: Ag3r0n (button) (small blind) collected ($6)
Seat 3: chodzewXXL (big blind) folded before Flop


PokerStars Hand #156170214304:  Hold'em Limit ($3/$6 USD) - 2016/07/19 10:12:59 ET
Table 'Khryses' 6-max Seat #2 is the button
Seat 2: B_loJkl ($309.63 in chips)
Seat 3: lin1rabbit ($141.74 in chips)
B_loJkl: posts small blind $1
lin1rabbit: posts big blind $3
*** HOLE CARDS ***
B_loJkl: raises $3 to $6
lin1rabbit: folds
Uncalled bet ($3) returned to B_loJkl
B_loJkl collected $6 from pot
kenuna00 leaves the table
B_loJkl: doesn't show hand
*** SUMMARY ***
Total pot $6 | Rake $0
Seat 2: B_loJkl (button) (small blind) collected ($6)
Seat 3: lin1rabbit (big blind) folded before Flop


