PokerStars Hand #154693853985:  Hold'em Limit ($3/$6 USD) - 2016/06/13 15:58:35 ET
Table 'Khryses' 6-max Seat #1 is the button
Seat 1: Hodaczek ($92.50 in chips)
Seat 2: eugon13 ($116.50 in chips)
Hodaczek: posts small blind $1
eugon13: posts big blind $3
*** HOLE CARDS ***
Hodaczek: raises $3 to $6
eugon13: calls $3
*** FLOP *** [5d Jc 4s]
eugon13: checks
Hodaczek: bets $3
eugon13: calls $3
*** TURN *** [5d Jc 4s] [Js]
eugon13: checks
Hodaczek: bets $6
eugon13: folds
Uncalled bet ($6) returned to Hodaczek
Hodaczek collected $17.64 from pot
Hodaczek: doesn't show hand
*** SUMMARY ***
Total pot $18 | Rake $0.36
Board [5d Jc 4s Js]
Seat 1: Hodaczek (button) (small blind) collected ($17.64)
Seat 2: eugon13 (big blind) folded on the Turn


PokerStars Hand #154693834609:  Hold'em Limit ($3/$6 USD) - 2016/06/13 15:58:06 ET
Table 'Khryses' 6-max Seat #2 is the button
Seat 1: Hodaczek ($110.50 in chips)
Seat 2: eugon13 ($99 in chips)
eugon13: posts small blind $1
Hodaczek: posts big blind $3
*** HOLE CARDS ***
eugon13: calls $2
Hodaczek: checks
*** FLOP *** [4c Ks 2d]
Hodaczek: bets $3
eugon13: calls $3
*** TURN *** [4c Ks 2d] [2c]
Hodaczek: bets $6
eugon13: calls $6
*** RIVER *** [4c Ks 2d 2c] [As]
Hodaczek: bets $6
eugon13: calls $6
*** SHOW DOWN ***
Hodaczek: shows [Th 5h] (a pair of Deuces)
eugon13: shows [8s Kh] (two pair, Kings and Deuces)
eugon13 collected $35.50 from pot
*** SUMMARY ***
Total pot $36 | Rake $0.50
Board [4c Ks 2d 2c As]
Seat 1: Hodaczek (big blind) showed [Th 5h] and lost with a pair of Deuces
Seat 2: eugon13 (button) (small blind) showed [8s Kh] and won ($35.50) with two pair, Kings and Deuces


PokerStars Hand #154693807734:  Hold'em Limit ($3/$6 USD) - 2016/06/13 15:57:26 ET
Table 'Khryses' 6-max Seat #1 is the button
Seat 1: Hodaczek ($90 in chips)
Seat 2: eugon13 ($120 in chips)
Hodaczek: posts small blind $1
eugon13: posts big blind $3
*** HOLE CARDS ***
Hodaczek: raises $3 to $6
eugon13: calls $3
*** FLOP *** [7c Tc Kh]
eugon13: checks
Hodaczek: bets $3
eugon13: calls $3
*** TURN *** [7c Tc Kh] [Th]
eugon13: checks
Hodaczek: checks
*** RIVER *** [7c Tc Kh Th] [8d]
eugon13: bets $6
Hodaczek: raises $6 to $12
eugon13: calls $6
*** SHOW DOWN ***
Hodaczek: shows [9d 6c] (a straight, Six to Ten)
eugon13: mucks hand
Hodaczek collected $41.50 from pot
*** SUMMARY ***
Total pot $42 | Rake $0.50
Board [7c Tc Kh Th 8d]
Seat 1: Hodaczek (button) (small blind) showed [9d 6c] and won ($41.50) with a straight, Six to Ten
Seat 2: eugon13 (big blind) mucked


PokerStars Hand #154693884297:  Hold'em Limit ($3/$6 USD) - 2016/06/13 15:59:20 ET
Table 'Khryses' 6-max Seat #1 is the button
Seat 1: Hodaczek ($83.14 in chips)
Seat 2: eugon13 ($125 in chips)
Hodaczek: posts small blind $1
eugon13: posts big blind $3
*** HOLE CARDS ***
Hodaczek: raises $3 to $6
eugon13: calls $3
*** FLOP *** [4s 8s 3d]
eugon13: checks
Hodaczek: bets $3
eugon13: calls $3
*** TURN *** [4s 8s 3d] [4c]
eugon13: checks
Hodaczek: bets $6
eugon13: folds
Uncalled bet ($6) returned to Hodaczek
Hodaczek collected $17.64 from pot
Hodaczek: doesn't show hand
*** SUMMARY ***
Total pot $18 | Rake $0.36
Board [4s 8s 3d 4c]
Seat 1: Hodaczek (button) (small blind) collected ($17.64)
Seat 2: eugon13 (big blind) folded on the Turn


PokerStars Hand #154693866742:  Hold'em Limit ($3/$6 USD) - 2016/06/13 15:58:54 ET
Table 'Khryses' 6-max Seat #2 is the button
Seat 1: Hodaczek ($101.14 in chips)
Seat 2: eugon13 ($107.50 in chips)
eugon13: posts small blind $1
Hodaczek: posts big blind $3
*** HOLE CARDS ***
eugon13: calls $2
Hodaczek: checks
*** FLOP *** [8h 7c Jc]
Hodaczek: bets $3
eugon13: calls $3
*** TURN *** [8h 7c Jc] [Ad]
Hodaczek: bets $6
eugon13: raises $6 to $12
Hodaczek: calls $6
*** RIVER *** [8h 7c Jc Ad] [Ac]
Hodaczek: checks
eugon13: bets $6
Hodaczek: folds
Uncalled bet ($6) returned to eugon13
eugon13 collected $35.50 from pot
eugon13: doesn't show hand
*** SUMMARY ***
Total pot $36 | Rake $0.50
Board [8h 7c Jc Ad Ac]
Seat 1: Hodaczek (big blind) folded on the River
Seat 2: eugon13 (button) (small blind) collected ($35.50)


PokerStars Hand #154693947441:  Hold'em Limit ($3/$6 USD) - 2016/06/13 16:00:50 ET
Table 'Khryses' 6-max Seat #2 is the button
Seat 1: Hodaczek ($58.78 in chips)
Seat 2: eugon13 ($148.02 in chips)
eugon13: posts small blind $1
Hodaczek: posts big blind $3
*** HOLE CARDS ***
eugon13: folds
Uncalled bet ($2) returned to Hodaczek
Hodaczek collected $2 from pot
Hodaczek: doesn't show hand
*** SUMMARY ***
Total pot $2 | Rake $0
Seat 1: Hodaczek (big blind) collected ($2)
Seat 2: eugon13 (button) (small blind) folded before Flop


PokerStars Hand #154693925513:  Hold'em Limit ($3/$6 USD) - 2016/06/13 16:00:20 ET
Table 'Khryses' 6-max Seat #1 is the button
Seat 1: Hodaczek ($79.78 in chips)
Seat 2: eugon13 ($127.52 in chips)
Hodaczek: posts small blind $1
eugon13: posts big blind $3
*** HOLE CARDS ***
Hodaczek: raises $3 to $6
eugon13: calls $3
*** FLOP *** [3s 8c 6h]
eugon13: checks
Hodaczek: bets $3
eugon13: calls $3
*** TURN *** [3s 8c 6h] [Ah]
eugon13: checks
Hodaczek: bets $6
eugon13: raises $6 to $12
Hodaczek: calls $6
*** RIVER *** [3s 8c 6h Ah] [Jc]
eugon13: bets $6
Hodaczek: folds
Uncalled bet ($6) returned to eugon13
eugon13 collected $41.50 from pot
eugon13: doesn't show hand
*** SUMMARY ***
Total pot $42 | Rake $0.50
Board [3s 8c 6h Ah Jc]
Seat 1: Hodaczek (button) (small blind) folded on the River
Seat 2: eugon13 (big blind) collected ($41.50)


PokerStars Hand #154693902616:  Hold'em Limit ($3/$6 USD) - 2016/06/13 15:59:47 ET
Table 'Khryses' 6-max Seat #2 is the button
Seat 1: Hodaczek ($91.78 in chips)
Seat 2: eugon13 ($116 in chips)
eugon13: posts small blind $1
Hodaczek: posts big blind $3
*** HOLE CARDS ***
eugon13: calls $2
Hodaczek: checks
*** FLOP *** [8s Tc As]
Hodaczek: checks
eugon13: bets $3
Hodaczek: calls $3
*** TURN *** [8s Tc As] [2c]
Hodaczek: checks
eugon13: checks
*** RIVER *** [8s Tc As 2c] [Kd]
Hodaczek: bets $6
eugon13: calls $6
*** SHOW DOWN ***
Hodaczek: shows [6d 7h] (high card Ace)
eugon13: shows [8d 5s] (a pair of Eights)
eugon13 collected $23.52 from pot
*** SUMMARY ***
Total pot $24 | Rake $0.48
Board [8s Tc As 2c Kd]
Seat 1: Hodaczek (big blind) showed [6d 7h] and lost with high card Ace
Seat 2: eugon13 (button) (small blind) showed [8d 5s] and won ($23.52) with a pair of Eights


PokerStars Hand #154693951092:  Hold'em Limit ($3/$6 USD) - 2016/06/13 16:00:55 ET
Table 'Khryses' 6-max Seat #1 is the button
Seat 1: Hodaczek ($59.78 in chips)
Seat 2: eugon13 ($147.02 in chips)
Hodaczek: posts small blind $1
eugon13: posts big blind $3
*** HOLE CARDS ***
Hodaczek: raises $3 to $6
eugon13: calls $3
*** FLOP *** [6s 6d 4d]
eugon13: checks
Hodaczek: bets $3
pukuotukxx89 joins the table at seat #3
eugon13: folds
Uncalled bet ($3) returned to Hodaczek
Hodaczek collected $11.76 from pot
Hodaczek: doesn't show hand
*** SUMMARY ***
Total pot $12 | Rake $0.24
Board [6s 6d 4d]
Seat 1: Hodaczek (button) (small blind) collected ($11.76)
Seat 2: eugon13 (big blind) folded on the Flop


PokerStars Hand #154694042075:  Hold'em Limit ($3/$6 USD) - 2016/06/13 16:02:48 ET
Table 'Khryses' 6-max Seat #2 is the button
Seat 1: Hodaczek ($73.37 in chips)
Seat 2: eugon13 ($134.54 in chips)
eugon13: posts small blind $1
GoliafUa was removed from the table for failing to post
Hodaczek: posts big blind $3
*** HOLE CARDS ***
eugon13: raises $3 to $6
Hodaczek: calls $3
*** FLOP *** [Jh 7s 9c]
Hodaczek: checks
eugon13: bets $3
Hodaczek: folds
Uncalled bet ($3) returned to eugon13
eugon13 collected $11.76 from pot
eugon13: doesn't show hand
*** SUMMARY ***
Total pot $12 | Rake $0.24
Board [Jh 7s 9c]
Seat 1: Hodaczek (big blind) folded on the Flop
Seat 2: eugon13 (button) (small blind) collected ($11.76)


PokerStars Hand #154694011658:  Hold'em Limit ($3/$6 USD) - 2016/06/13 16:02:11 ET
Table 'Khryses' 6-max Seat #1 is the button
Seat 1: Hodaczek ($85.37 in chips)
Seat 2: eugon13 ($123.02 in chips)
ValeryRon will be allowed to play after the button
Hodaczek: posts small blind $1
eugon13: posts big blind $3
*** HOLE CARDS ***
Hodaczek: raises $3 to $6
eugon13: calls $3
*** FLOP *** [7h 2c 8s]
eugon13: checks
Hodaczek: checks
*** TURN *** [7h 2c 8s] [8d]
eugon13: checks
Hodaczek: checks
*** RIVER *** [7h 2c 8s 8d] [Ah]
ValeryRon leaves the table
eugon13: checks
Hodaczek: bets $6
Motta16 joins the table at seat #3
Motta16 leaves the table
eugon13: calls $6
*** SHOW DOWN ***
Hodaczek: shows [3d 5s] (a pair of Eights)
eugon13: shows [2s 5d] (two pair, Eights and Deuces)
eugon13 collected $23.52 from pot
*** SUMMARY ***
Total pot $24 | Rake $0.48
Board [7h 2c 8s 8d Ah]
Seat 1: Hodaczek (button) (small blind) showed [3d 5s] and lost with a pair of Eights
Seat 2: eugon13 (big blind) showed [2s 5d] and won ($23.52) with two pair, Eights and Deuces


PokerStars Hand #154694066054:  Hold'em Limit ($3/$6 USD) - 2016/06/13 16:03:17 ET
Table 'Khryses' 6-max Seat #1 is the button
Seat 1: Hodaczek ($71.37 in chips)
Seat 2: eugon13 ($136.30 in chips)
Hodaczek: posts small blind $1
eugon13: posts big blind $3
*** HOLE CARDS ***
Chessnok joins the table at seat #3
Hodaczek: raises $3 to $6
eugon13: folds
Uncalled bet ($3) returned to Hodaczek
Hodaczek collected $6 from pot
Hodaczek: doesn't show hand
*** SUMMARY ***
Total pot $6 | Rake $0
Seat 1: Hodaczek (button) (small blind) collected ($6)
Seat 2: eugon13 (big blind) folded before Flop


PokerStars Hand #154694062055:  Hold'em Limit ($3/$6 USD) - 2016/06/13 16:03:12 ET
Table 'Khryses' 6-max Seat #2 is the button
Seat 1: Hodaczek ($70.37 in chips)
Seat 2: eugon13 ($137.30 in chips)
eugon13: posts small blind $1
Hodaczek: posts big blind $3
*** HOLE CARDS ***
eugon13: folds
Uncalled bet ($2) returned to Hodaczek
Hodaczek collected $2 from pot
Hodaczek: doesn't show hand
*** SUMMARY ***
Total pot $2 | Rake $0
Seat 1: Hodaczek (big blind) collected ($2)
Seat 2: eugon13 (button) (small blind) folded before Flop


PokerStars Hand #154694052312:  Hold'em Limit ($3/$6 USD) - 2016/06/13 16:03:00 ET
Table 'Khryses' 6-max Seat #1 is the button
Seat 1: Hodaczek ($67.37 in chips)
Seat 2: eugon13 ($140.30 in chips)
Hodaczek: posts small blind $1
eugon13: posts big blind $3
*** HOLE CARDS ***
Hodaczek: raises $3 to $6
eugon13: folds
Uncalled bet ($3) returned to Hodaczek
Hodaczek collected $6 from pot
Hodaczek: doesn't show hand
*** SUMMARY ***
Total pot $6 | Rake $0
Seat 1: Hodaczek (button) (small blind) collected ($6)
Seat 2: eugon13 (big blind) folded before Flop


PokerStars Hand #154698577196:  Hold'em Limit ($3/$6 USD) - 2016/06/13 17:37:31 ET
Table 'Khryses' 6-max Seat #3 is the button
Seat 2: lin1rabbit ($254.32 in chips)
Seat 3: Chessnok ($72.64 in chips)
Chessnok: posts small blind $1
lin1rabbit: posts big blind $3
*** HOLE CARDS ***
Chessnok: folds
Uncalled bet ($2) returned to lin1rabbit
lin1rabbit collected $2 from pot
lin1rabbit: doesn't show hand
*** SUMMARY ***
Total pot $2 | Rake $0
Seat 2: lin1rabbit (big blind) collected ($2)
Seat 3: Chessnok (button) (small blind) folded before Flop


PokerStars Hand #154698541716:  Hold'em Limit ($3/$6 USD) - 2016/06/13 17:36:46 ET
Table 'Khryses' 6-max Seat #2 is the button
Seat 2: lin1rabbit ($227.82 in chips)
Seat 3: Chessnok ($99.64 in chips)
lin1rabbit: posts small blind $1
Chessnok: posts big blind $3
*** HOLE CARDS ***
lin1rabbit: raises $3 to $6
Chessnok: calls $3
*** FLOP *** [Qc Th 7s]
Chessnok: checks
lin1rabbit: bets $3
kipsweter said, "nie wyriezali my ukraincew, tiepier' platit' nada"
Chessnok: calls $3
*** TURN *** [Qc Th 7s] [5c]
Chessnok: checks
lin1rabbit: bets $6
Chessnok: raises $6 to $12
lin1rabbit: calls $6
*** RIVER *** [Qc Th 7s 5c] [3h]
Chessnok: bets $6
lin1rabbit: calls $6
*** SHOW DOWN ***
Chessnok: shows [Jc 2c] (high card Queen)
lin1rabbit: shows [4h Qs] (a pair of Queens)
lin1rabbit collected $53.50 from pot
*** SUMMARY ***
Total pot $54 | Rake $0.50
Board [Qc Th 7s 5c 3h]
Seat 2: lin1rabbit (button) (small blind) showed [4h Qs] and won ($53.50) with a pair of Queens
Seat 3: Chessnok (big blind) showed [Jc 2c] and lost with high card Queen


