PokerStars Hand #151790338768:  Hold'em Limit ($3/$6 USD) - 2016/04/11 20:14:11 ET
Table 'Khryses II' 10-max Seat #8 is the button
Seat 7: d10868 ($168.45 in chips)
Seat 8: MissEKAmouse ($120 in chips)
MissEKAmouse: posts small blind $1
Zubasa07: is sitting out
d10868: posts big blind $3
*** HOLE CARDS ***
Zubasa07 leaves the table
MissEKAmouse: raises $3 to $6
d10868: calls $3
*** FLOP *** [9s Qs 2h]
d10868: checks
MissEKAmouse: bets $3
d10868: calls $3
*** TURN *** [9s Qs 2h] [7d]
d10868: checks
MissEKAmouse: bets $6
d10868: calls $6
*** RIVER *** [9s Qs 2h 7d] [Jd]
d10868: checks
MissEKAmouse: bets $6
d10868: calls $6
*** SHOW DOWN ***
MissEKAmouse: shows [Ts Jh] (a pair of Jacks)
d10868: mucks hand
MissEKAmouse collected $41.50 from pot
*** SUMMARY ***
Total pot $42 | Rake $0.50
Board [9s Qs 2h 7d Jd]
Seat 7: d10868 (big blind) mucked
Seat 8: MissEKAmouse (button) (small blind) showed [Ts Jh] and won ($41.50) with a pair of Jacks


PokerStars Hand #151790359533:  Hold'em Limit ($3/$6 USD) - 2016/04/11 20:14:53 ET
Table 'Khryses II' 10-max Seat #7 is the button
Seat 7: d10868 ($147.45 in chips)
Seat 8: MissEKAmouse ($140.50 in chips)
d10868: posts small blind $1
MissEKAmouse: posts big blind $3
*** HOLE CARDS ***
d10868: calls $2
MissEKAmouse: checks
*** FLOP *** [Qc Kh 5s]
MissEKAmouse: checks
d10868: bets $3
MissEKAmouse: folds
Uncalled bet ($3) returned to d10868
d10868 collected $5.88 from pot
d10868: doesn't show hand
*** SUMMARY ***
Total pot $6 | Rake $0.12
Board [Qc Kh 5s]
Seat 7: d10868 (button) (small blind) collected ($5.88)
Seat 8: MissEKAmouse (big blind) folded on the Flop


