PokerStars Hand #168065186138:  Hold'em Limit ($3/$6 USD) - 2017/03/24 20:19:30 ET
Table 'Khryses' 6-max Seat #1 is the button
Seat 1: Velbor107 ($222.70 in chips)
Seat 5: ezee1 ($126.66 in chips)
melyh82 will be allowed to play after the button
Velbor107: posts small blind $1
Actionni13: is sitting out
ezee1: posts big blind $3
*** HOLE CARDS ***
Velbor107: raises $3 to $6
ezee1: calls $3
*** FLOP *** [5h Jd Kh]
Actionni13 leaves the table
ezee1: checks
Velbor107: bets $3
ezee1: folds
Uncalled bet ($3) returned to Velbor107
Velbor107 collected $11.76 from pot
*** SUMMARY ***
Total pot $12 | Rake $0.24
Board [5h Jd Kh]
Seat 1: Velbor107 (button) (small blind) collected ($11.76)
Seat 5: ezee1 (big blind) folded on the Flop


PokerStars Hand #168066452872:  Hold'em Limit ($3/$6 USD) - 2017/03/24 20:54:59 ET
Table 'Khryses' 6-max Seat #1 is the button
Seat 1: Velbor107 ($363.95 in chips)
Seat 6: melyh82 ($135.03 in chips)
Velbor107: posts small blind $1
GRAILKO: is sitting out
melyh82: posts big blind $3
*** HOLE CARDS ***
Velbor107: raises $3 to $6
melyh82: raises $3 to $9
Velbor107: calls $3
*** FLOP *** [Qd Kh Qs]
melyh82: bets $3
Velbor107: folds
Uncalled bet ($3) returned to melyh82
melyh82 collected $17.64 from pot
melyh82: doesn't show hand
*** SUMMARY ***
Total pot $18 | Rake $0.36
Board [Qd Kh Qs]
Seat 1: Velbor107 (button) (small blind) folded on the Flop
Seat 6: melyh82 (big blind) collected ($17.64)


PokerStars Hand #168066465938:  Hold'em Limit ($3/$6 USD) - 2017/03/24 20:55:25 ET
Table 'Khryses' 6-max Seat #6 is the button
Seat 1: Velbor107 ($354.95 in chips)
Seat 6: melyh82 ($143.67 in chips)
melyh82: posts small blind $1
Velbor107: posts big blind $3
*** HOLE CARDS ***
GRAILKO leaves the table
melyh82: raises $3 to $6
Velbor107: calls $3
*** FLOP *** [7h 8d Jc]
Velbor107: checks
melyh82: bets $3
Velbor107: calls $3
*** TURN *** [7h 8d Jc] [Ac]
Velbor107: checks
melyh82 is disconnected
melyh82 is connected
melyh82: checks
*** RIVER *** [7h 8d Jc Ac] [Ad]
Velbor107: checks
melyh82: checks
*** SHOW DOWN ***
Velbor107: shows [5h Qd] (a pair of Aces)
melyh82: shows [Qs 5c] (a pair of Aces)
Velbor107 collected $8.82 from pot
melyh82 collected $8.82 from pot
*** SUMMARY ***
Total pot $18 | Rake $0.36
Board [7h 8d Jc Ac Ad]
Seat 1: Velbor107 (big blind) showed [5h Qd] and won ($8.82) with a pair of Aces
Seat 6: melyh82 (button) (small blind) showed [Qs 5c] and won ($8.82) with a pair of Aces


PokerStars Hand #168066520483:  Hold'em Limit ($3/$6 USD) - 2017/03/24 20:57:20 ET
Table 'Khryses' 6-max Seat #6 is the button
Seat 1: Velbor107 ($360.53 in chips)
Seat 6: melyh82 ($137.49 in chips)
melyh82: posts small blind $1
Velbor107: posts big blind $3
*** HOLE CARDS ***
melyh82: raises $3 to $6
Velbor107: calls $3
*** FLOP *** [8h 7h 9c]
Velbor107: checks
melyh82: bets $3
Velbor107: calls $3
*** TURN *** [8h 7h 9c] [Qd]
Velbor107: checks
melyh82: bets $6
Velbor107: folds
Uncalled bet ($6) returned to melyh82
melyh82 collected $17.64 from pot
*** SUMMARY ***
Total pot $18 | Rake $0.36
Board [8h 7h 9c Qd]
Seat 1: Velbor107 (big blind) folded on the Turn
Seat 6: melyh82 (button) (small blind) collected ($17.64)


PokerStars Hand #168066504092:  Hold'em Limit ($3/$6 USD) - 2017/03/24 20:56:46 ET
Table 'Khryses' 6-max Seat #1 is the button
Seat 1: Velbor107 ($354.77 in chips)
Seat 6: melyh82 ($143.49 in chips)
Velbor107: posts small blind $1
melyh82: posts big blind $3
*** HOLE CARDS ***
Velbor107: raises $3 to $6
melyh82: calls $3
*** FLOP *** [Ks Kc Tc]
melyh82: checks
Velbor107: bets $3
melyh82: folds
Uncalled bet ($3) returned to Velbor107
Velbor107 collected $11.76 from pot
*** SUMMARY ***
Total pot $12 | Rake $0.24
Board [Ks Kc Tc]
Seat 1: Velbor107 (button) (small blind) collected ($11.76)
Seat 6: melyh82 (big blind) folded on the Flop


PokerStars Hand #168066563239:  Hold'em Limit ($3/$6 USD) - 2017/03/24 20:58:49 ET
Table 'Khryses' 6-max Seat #1 is the button
Seat 1: Velbor107 ($369.03 in chips)
Seat 6: melyh82 ($128.13 in chips)
Velbor107: posts small blind $1
melyh82: posts big blind $3
*** HOLE CARDS ***
angelsite911 joins the table at seat #3
Velbor107: raises $3 to $6
melyh82: folds
Uncalled bet ($3) returned to Velbor107
Velbor107 collected $6 from pot
*** SUMMARY ***
Total pot $6 | Rake $0
Seat 1: Velbor107 (button) (small blind) collected ($6)
Seat 6: melyh82 (big blind) folded before Flop


PokerStars Hand #168066548742:  Hold'em Limit ($3/$6 USD) - 2017/03/24 20:58:19 ET
Table 'Khryses' 6-max Seat #6 is the button
Seat 1: Velbor107 ($354.53 in chips)
Seat 6: melyh82 ($143.13 in chips)
melyh82: posts small blind $1
Velbor107: posts big blind $3
*** HOLE CARDS ***
melyh82: raises $3 to $6
Velbor107: calls $3
*** FLOP *** [5h Qh 9c]
Velbor107: checks
melyh82: bets $3
Velbor107: calls $3
*** TURN *** [5h Qh 9c] [Jh]
Velbor107: bets $6
melyh82: calls $6
*** RIVER *** [5h Qh 9c Jh] [Js]
Velbor107: bets $6
melyh82: folds
Uncalled bet ($6) returned to Velbor107
Velbor107 collected $29.50 from pot
*** SUMMARY ***
Total pot $30 | Rake $0.50
Board [5h Qh 9c Jh Js]
Seat 1: Velbor107 (big blind) collected ($29.50)
Seat 6: melyh82 (button) (small blind) folded on the River


PokerStars Hand #168066542090:  Hold'em Limit ($3/$6 USD) - 2017/03/24 20:58:05 ET
Table 'Khryses' 6-max Seat #1 is the button
Seat 1: Velbor107 ($351.53 in chips)
Seat 6: melyh82 ($146.13 in chips)
Velbor107: posts small blind $1
melyh82: posts big blind $3
*** HOLE CARDS ***
Velbor107: raises $3 to $6
melyh82: folds
Uncalled bet ($3) returned to Velbor107
Velbor107 collected $6 from pot
*** SUMMARY ***
Total pot $6 | Rake $0
Seat 1: Velbor107 (button) (small blind) collected ($6)
Seat 6: melyh82 (big blind) folded before Flop


PokerStars Hand #168066566721:  Hold'em Limit ($3/$6 USD) - 2017/03/24 20:58:57 ET
Table 'Khryses' 6-max Seat #6 is the button
Seat 1: Velbor107 ($372.03 in chips)
Seat 6: melyh82 ($125.13 in chips)
melyh82: posts small blind $1
Velbor107: posts big blind $3
*** HOLE CARDS ***
melyh82: raises $3 to $6
Velbor107: calls $3
*** FLOP *** [7h 9s Kd]
GRAILKO joins the table at seat #4
Velbor107: checks
melyh82: bets $3
Velbor107: folds
Uncalled bet ($3) returned to melyh82
melyh82 collected $11.76 from pot
*** SUMMARY ***
Total pot $12 | Rake $0.24
Board [7h 9s Kd]
Seat 1: Velbor107 (big blind) folded on the Flop
Seat 6: melyh82 (button) (small blind) collected ($11.76)


PokerStars Hand #168072845086:  Hold'em Limit ($3/$6 USD) - 2017/03/25 1:25:45 ET
Table 'Khryses' 6-max Seat #4 is the button
Seat 3: Agrotait ($253.49 in chips)
Seat 4: AzureCaper ($101.91 in chips)
AzureCaper: posts small blind $1
Agrotait: posts big blind $3
*** HOLE CARDS ***
AzureCaper: folds
Uncalled bet ($2) returned to Agrotait
Agrotait collected $2 from pot
Agrotait: doesn't show hand
*** SUMMARY ***
Total pot $2 | Rake $0
Seat 3: Agrotait (big blind) collected ($2)
Seat 4: AzureCaper (button) (small blind) folded before Flop


PokerStars Hand #168072875687:  Hold'em Limit ($3/$6 USD) - 2017/03/25 1:27:32 ET
Table 'Khryses' 6-max Seat #4 is the button
Seat 3: Agrotait ($203.49 in chips)
Seat 4: AzureCaper ($149.82 in chips)
AzureCaper: posts small blind $1
Agrotait: posts big blind $3
*** HOLE CARDS ***
AzureCaper: raises $3 to $6
Agrotait: raises $3 to $9
AzureCaper: calls $3
*** FLOP *** [Th 5d 6s]
Agrotait: bets $3
AzureCaper: calls $3
*** TURN *** [Th 5d 6s] [6d]
Agrotait: bets $6
AzureCaper: raises $6 to $12
apx0surry9 said, "lol"
Agrotait: raises $6 to $18
AzureCaper: calls $6
*** RIVER *** [Th 5d 6s 6d] [4c]
Agrotait: bets $6
AzureCaper: calls $6
*** SHOW DOWN ***
Agrotait: shows [Qd Qs] (two pair, Queens and Sixes)
AzureCaper: shows [3c 6c] (three of a kind, Sixes)
AzureCaper collected $71.50 from pot
*** SUMMARY ***
Total pot $72 | Rake $0.50
Board [Th 5d 6s 6d 4c]
Seat 3: Agrotait (big blind) showed [Qd Qs] and lost with two pair, Queens and Sixes
Seat 4: AzureCaper (button) (small blind) showed [3c 6c] and won ($71.50) with three of a kind, Sixes


PokerStars Hand #168072884090:  Hold'em Limit ($3/$6 USD) - 2017/03/25 1:28:02 ET
Table 'Khryses' 6-max Seat #3 is the button
Seat 3: Agrotait ($167.49 in chips)
Seat 4: AzureCaper ($185.32 in chips)
Agrotait: posts small blind $1
AzureCaper: posts big blind $3
*** HOLE CARDS ***
Agrotait: raises $3 to $6
apx0surry9 said, "lololololololol"
AzureCaper: calls $3
*** FLOP *** [6c Qc 9d]
AzureCaper: checks
Agrotait: bets $3
AzureCaper: folds
Uncalled bet ($3) returned to Agrotait
Agrotait collected $11.76 from pot
Agrotait: doesn't show hand
*** SUMMARY ***
Total pot $12 | Rake $0.24
Board [6c Qc 9d]
Seat 3: Agrotait (button) (small blind) collected ($11.76)
Seat 4: AzureCaper (big blind) folded on the Flop


PokerStars Hand #168072898545:  Hold'em Limit ($3/$6 USD) - 2017/03/25 1:28:53 ET
Table 'Khryses' 6-max Seat #4 is the button
Seat 2: apx0surry9 ($502.70 in chips)
Seat 4: AzureCaper ($204.82 in chips)
AzureCaper: posts small blind $1
apx0surry9: posts big blind $3
*** HOLE CARDS ***
AzureCaper: folds
Uncalled bet ($2) returned to apx0surry9
apx0surry9 collected $2 from pot
apx0surry9: doesn't show hand
*** SUMMARY ***
Total pot $2 | Rake $0
Seat 2: apx0surry9 (big blind) collected ($2)
Seat 4: AzureCaper (button) (small blind) folded before Flop


PokerStars Hand #168072891785:  Hold'em Limit ($3/$6 USD) - 2017/03/25 1:28:29 ET
Table 'Khryses' 6-max Seat #2 is the button
Seat 2: apx0surry9 ($529.70 in chips)
Seat 4: AzureCaper ($178.32 in chips)
apx0surry9: posts small blind $1
Agrotait: is sitting out
AzureCaper: posts big blind $3
*** HOLE CARDS ***
apx0surry9: calls $2
AzureCaper: checks
*** FLOP *** [5s 8d 5d]
AzureCaper: checks
apx0surry9: checks
*** TURN *** [5s 8d 5d] [Kd]
AzureCaper: bets $6
apx0surry9: raises $6 to $12
AzureCaper: raises $6 to $18
apx0surry9: calls $6
*** RIVER *** [5s 8d 5d Kd] [6h]
AzureCaper: bets $6
apx0surry9: calls $6
*** SHOW DOWN ***
AzureCaper: shows [6s 5c] (a full house, Fives full of Sixes)
apx0surry9: mucks hand
AzureCaper collected $53.50 from pot
*** SUMMARY ***
Total pot $54 | Rake $0.50
Board [5s 8d 5d Kd 6h]
Seat 2: apx0surry9 (button) (small blind) mucked
Seat 4: AzureCaper (big blind) showed [6s 5c] and won ($53.50) with a full house, Fives full of Sixes


