PokerStars Hand #167745284793:  Hold'em Limit ($3/$6 USD) - 2017/03/18 5:11:05 ET
Table 'Kiangsu' 6-max Seat #2 is the button
Seat 2: sim5sim5 ($80.64 in chips)
Seat 3: Rus29APX ($122.52 in chips)
sim5sim5: posts small blind $1
Rus29APX: posts big blind $3
*** HOLE CARDS ***
sim5sim5: raises $3 to $6
Rus29APX: calls $3
*** FLOP *** [9h 9c 7s]
Rus29APX: checks
sim5sim5: bets $3
Rus29APX: raises $3 to $6
sim5sim5: calls $3
*** TURN *** [9h 9c 7s] [Th]
Rus29APX: checks
sim5sim5: checks
*** RIVER *** [9h 9c 7s Th] [9d]
sloboda4 joins the table at seat #4
Rus29APX: bets $6
sim5sim5: folds
Uncalled bet ($6) returned to Rus29APX
Rus29APX collected $23.52 from pot
Rus29APX: doesn't show hand
*** SUMMARY ***
Total pot $24 | Rake $0.48
Board [9h 9c 7s Th 9d]
Seat 2: sim5sim5 (button) (small blind) folded on the River
Seat 3: Rus29APX (big blind) collected ($23.52)


PokerStars Hand #167745265455:  Hold'em Limit ($3/$6 USD) - 2017/03/18 5:10:12 ET
Table 'Kiangsu' 6-max Seat #3 is the button
Seat 2: sim5sim5 ($72 in chips)
Seat 3: Rus29APX ($131.52 in chips)
Rus29APX: posts small blind $1
sim5sim5: posts big blind $3
*** HOLE CARDS ***
Rus29APX: raises $3 to $6
sim5sim5: calls $3
*** FLOP *** [3s 6c As]
sim5sim5: checks
Rus29APX: bets $3
sim5sim5: calls $3
*** TURN *** [3s 6c As] [Qc]
sim5sim5: checks
Rus29APX: checks
*** RIVER *** [3s 6c As Qc] [9h]
sim5sim5: bets $6
Rus29APX: folds
Uncalled bet ($6) returned to sim5sim5
sim5sim5 collected $17.64 from pot
sim5sim5: doesn't show hand
*** SUMMARY ***
Total pot $18 | Rake $0.36
Board [3s 6c As Qc 9h]
Seat 2: sim5sim5 (big blind) collected ($17.64)
Seat 3: Rus29APX (button) (small blind) folded on the River


PokerStars Hand #167745314172:  Hold'em Limit ($3/$6 USD) - 2017/03/18 5:12:25 ET
Table 'Kiangsu' 6-max Seat #4 is the button
Seat 3: Rus29APX ($133.04 in chips)
Seat 4: sloboda4 ($35 in chips)
sloboda4: posts small blind $1
sim5sim5: is sitting out
Rus29APX: posts big blind $3
*** HOLE CARDS ***
sloboda4: calls $2
sim5sim5 leaves the table
Rus29APX: raises $3 to $6
sloboda4: calls $3
*** FLOP *** [3h 9s 3d]
Rus29APX: bets $3
Pelurile joins the table at seat #5
sloboda4: calls $3
*** TURN *** [3h 9s 3d] [5h]
Amedius1923 joins the table at seat #2
Rus29APX: checks
sloboda4: bets $6
Rus29APX: calls $6
*** RIVER *** [3h 9s 3d 5h] [5c]
Rus29APX: checks
sloboda4: bets $6
Rus29APX: calls $6
*** SHOW DOWN ***
sloboda4: shows [5s Kc] (a full house, Fives full of Threes)
Rus29APX: mucks hand
sloboda4 collected $41.50 from pot
*** SUMMARY ***
Total pot $42 | Rake $0.50
Board [3h 9s 3d 5h 5c]
Seat 3: Rus29APX (big blind) mucked
Seat 4: sloboda4 (button) (small blind) showed [5s Kc] and won ($41.50) with a full house, Fives full of Threes


PokerStars Hand #167745326854:  Hold'em Limit ($3/$6 USD) - 2017/03/18 5:12:59 ET
Table 'Kiangsu' 6-max Seat #3 is the button
Seat 3: Rus29APX ($112.04 in chips)
Seat 4: sloboda4 ($55.50 in chips)
Rus29APX: posts small blind $1
sloboda4: posts big blind $3
*** HOLE CARDS ***
Rus29APX: raises $3 to $6
sloboda4: calls $3
*** FLOP *** [6h Ad 5d]
sloboda4: checks
Rus29APX: bets $3
sloboda4: calls $3
*** TURN *** [6h Ad 5d] [5c]
sloboda4: checks
Rus29APX: checks
*** RIVER *** [6h Ad 5d 5c] [2d]
sloboda4: bets $6
Rus29APX: calls $6
*** SHOW DOWN ***
sloboda4: shows [4s 7s] (a pair of Fives)
Rus29APX: shows [Ks 3c] (a pair of Fives - Ace+King kicker)
Rus29APX collected $29.50 from pot
*** SUMMARY ***
Total pot $30 | Rake $0.50
Board [6h Ad 5d 5c 2d]
Seat 3: Rus29APX (button) (small blind) showed [Ks 3c] and won ($29.50) with a pair of Fives
Seat 4: sloboda4 (big blind) showed [4s 7s] and lost with a pair of Fives


PokerStars Hand #167745480233:  Hold'em Limit ($3/$6 USD) - 2017/03/18 5:19:53 ET
Table 'Kiangsu' 6-max Seat #5 is the button
Seat 2: Amedius1923 ($100.04 in chips)
Seat 5: Pelurile ($115.36 in chips)
Pelurile: posts small blind $1
AzureCaper: is sitting out
Amedius1923: posts big blind $3
*** HOLE CARDS ***
AzureCaper leaves the table
Pelurile: raises $3 to $6
Amedius1923: calls $3
*** FLOP *** [Kc Ad Jd]
Amedius1923: checks
Pelurile: bets $3
Amedius1923: folds
Uncalled bet ($3) returned to Pelurile
Pelurile collected $11.76 from pot
Pelurile: doesn't show hand
*** SUMMARY ***
Total pot $12 | Rake $0.24
Board [Kc Ad Jd]
Seat 2: Amedius1923 (big blind) folded on the Flop
Seat 5: Pelurile (button) (small blind) collected ($11.76)


PokerStars Hand #167746021534:  Hold'em Limit ($3/$6 USD) - 2017/03/18 5:43:28 ET
Table 'Kiangsu' 6-max Seat #4 is the button
Seat 1: ragz2riche5 ($100.75 in chips)
Seat 4: Apanage ($99.53 in chips)
Apanage: posts small blind $1
Pelurile: is sitting out
ragz2riche5: posts big blind $3
*** HOLE CARDS ***
Apanage: raises $3 to $6
ragz2riche5: folds
Uncalled bet ($3) returned to Apanage
Apanage collected $6 from pot
Apanage: doesn't show hand
*** SUMMARY ***
Total pot $6 | Rake $0
Seat 1: ragz2riche5 (big blind) folded before Flop
Seat 4: Apanage (button) (small blind) collected ($6)


PokerStars Hand #167776436537:  Hold'em Limit ($3/$6 USD) - 2017/03/18 18:10:33 ET
Table 'Kiangsu' 6-max Seat #4 is the button
Seat 1: Carl1891 ($194.65 in chips)
Seat 4: Pfuenph ($120.86 in chips)
Pfuenph: posts small blind $1
flynny1111: is sitting out
Carl1891: posts big blind $3
*** HOLE CARDS ***
Pfuenph: folds
Uncalled bet ($2) returned to Carl1891
Carl1891 collected $2 from pot
Carl1891: doesn't show hand
*** SUMMARY ***
Total pot $2 | Rake $0
Seat 1: Carl1891 (big blind) collected ($2)
Seat 4: Pfuenph (button) (small blind) folded before Flop


PokerStars Hand #167778947487:  Hold'em Limit ($3/$6 USD) - 2017/03/18 19:06:12 ET
Table 'Kiangsu' 6-max Seat #5 is the button
Seat 3: Wizard in me ($274.73 in chips)
Seat 5: GoliafUa ($121 in chips)
GoliafUa: posts small blind $1
Wizard in me: posts big blind $3
*** HOLE CARDS ***
GoliafUa: raises $3 to $6
Wizard in me: calls $3
*** FLOP *** [9c 3c Qd]
Wizard in me: checks
GoliafUa: bets $3
Wizard in me: folds
Uncalled bet ($3) returned to GoliafUa
GoliafUa collected $11.76 from pot
GoliafUa: doesn't show hand
*** SUMMARY ***
Total pot $12 | Rake $0.24
Board [9c 3c Qd]
Seat 3: Wizard in me (big blind) folded on the Flop
Seat 5: GoliafUa (button) (small blind) collected ($11.76)


PokerStars Hand #167778959577:  Hold'em Limit ($3/$6 USD) - 2017/03/18 19:06:29 ET
Table 'Kiangsu' 6-max Seat #3 is the button
Seat 3: Wizard in me ($268.73 in chips)
Seat 5: GoliafUa ($126.76 in chips)
Wizard in me: posts small blind $1
GoliafUa: posts big blind $3
*** HOLE CARDS ***
Wizard in me: raises $3 to $6
GoliafUa: calls $3
*** FLOP *** [Ks 6d 5h]
GoliafUa: checks
Wizard in me: bets $3
GoliafUa: calls $3
*** TURN *** [Ks 6d 5h] [4c]
GoliafUa: checks
Wizard in me: bets $6
GoliafUa: calls $6
*** RIVER *** [Ks 6d 5h 4c] [Td]
GoliafUa: checks
Wizard in me: checks
*** SHOW DOWN ***
GoliafUa: shows [4s Qd] (a pair of Fours)
Wizard in me: mucks hand
GoliafUa collected $29.50 from pot
*** SUMMARY ***
Total pot $30 | Rake $0.50
Board [Ks 6d 5h 4c Td]
Seat 3: Wizard in me (button) (small blind) mucked
Seat 5: GoliafUa (big blind) showed [4s Qd] and won ($29.50) with a pair of Fours


PokerStars Hand #167778970262:  Hold'em Limit ($3/$6 USD) - 2017/03/18 19:06:44 ET
Table 'Kiangsu' 6-max Seat #5 is the button
Seat 3: Wizard in me ($253.73 in chips)
Seat 5: GoliafUa ($141.26 in chips)
GoliafUa: posts small blind $1
Wizard in me: posts big blind $3
*** HOLE CARDS ***
GoliafUa: raises $3 to $6
Wizard in me: raises $3 to $9
GoliafUa: calls $3
*** FLOP *** [Ad 9s Tc]
Wizard in me: bets $3
GoliafUa: folds
Uncalled bet ($3) returned to Wizard in me
Wizard in me collected $17.64 from pot
Wizard in me: doesn't show hand
*** SUMMARY ***
Total pot $18 | Rake $0.36
Board [Ad 9s Tc]
Seat 3: Wizard in me (big blind) collected ($17.64)
Seat 5: GoliafUa (button) (small blind) folded on the Flop


PokerStars Hand #167778977401:  Hold'em Limit ($3/$6 USD) - 2017/03/18 19:06:54 ET
Table 'Kiangsu' 6-max Seat #3 is the button
Seat 3: Wizard in me ($262.37 in chips)
Seat 5: GoliafUa ($132.26 in chips)
Wizard in me: posts small blind $1
GoliafUa: posts big blind $3
*** HOLE CARDS ***
Wizard in me: raises $3 to $6
GoliafUa: raises $3 to $9
Wizard in me: calls $3
*** FLOP *** [3c 5d Ad]
GoliafUa: bets $3
Wizard in me: calls $3
*** TURN *** [3c 5d Ad] [8d]
GoliafUa: bets $6
Wizard in me: calls $6
*** RIVER *** [3c 5d Ad 8d] [8s]
GoliafUa: checks
Wizard in me: checks
*** SHOW DOWN ***
GoliafUa: shows [Ks Th] (a pair of Eights)
Wizard in me: shows [9h 5h] (two pair, Eights and Fives)
Wizard in me collected $35.50 from pot
*** SUMMARY ***
Total pot $36 | Rake $0.50
Board [3c 5d Ad 8d 8s]
Seat 3: Wizard in me (button) (small blind) showed [9h 5h] and won ($35.50) with two pair, Eights and Fives
Seat 5: GoliafUa (big blind) showed [Ks Th] and lost with a pair of Eights


PokerStars Hand #167778987388:  Hold'em Limit ($3/$6 USD) - 2017/03/18 19:07:08 ET
Table 'Kiangsu' 6-max Seat #5 is the button
Seat 3: Wizard in me ($279.87 in chips)
Seat 5: GoliafUa ($114.26 in chips)
GoliafUa: posts small blind $1
Wizard in me: posts big blind $3
*** HOLE CARDS ***
GoliafUa: raises $3 to $6
Wizard in me: raises $3 to $9
GoliafUa: calls $3
*** FLOP *** [Tc 4h 8h]
Wizard in me: bets $3
GoliafUa: calls $3
*** TURN *** [Tc 4h 8h] [Js]
Wizard in me: checks
GoliafUa: bets $6
Wizard in me: calls $6
*** RIVER *** [Tc 4h 8h Js] [Kd]
Wizard in me: checks
GoliafUa: bets $6
Wizard in me: calls $6
*** SHOW DOWN ***
GoliafUa: shows [8s 9d] (a pair of Eights)
Wizard in me: mucks hand
GoliafUa collected $47.50 from pot
*** SUMMARY ***
Total pot $48 | Rake $0.50
Board [Tc 4h 8h Js Kd]
Seat 3: Wizard in me (big blind) mucked
Seat 5: GoliafUa (button) (small blind) showed [8s 9d] and won ($47.50) with a pair of Eights


PokerStars Hand #167778998285:  Hold'em Limit ($3/$6 USD) - 2017/03/18 19:07:24 ET
Table 'Kiangsu' 6-max Seat #3 is the button
Seat 3: Wizard in me ($255.87 in chips)
Seat 5: GoliafUa ($137.76 in chips)
Wizard in me: posts small blind $1
GoliafUa: posts big blind $3
*** HOLE CARDS ***
Wizard in me: raises $3 to $6
GoliafUa: calls $3
*** FLOP *** [8s 5s Qh]
GoliafUa: checks
Wizard in me: bets $3
GoliafUa: calls $3
*** TURN *** [8s 5s Qh] [3d]
GoliafUa: checks
Wizard in me: bets $6
GoliafUa: folds
Uncalled bet ($6) returned to Wizard in me
Wizard in me collected $17.64 from pot
Wizard in me: doesn't show hand
*** SUMMARY ***
Total pot $18 | Rake $0.36
Board [8s 5s Qh 3d]
Seat 3: Wizard in me (button) (small blind) collected ($17.64)
Seat 5: GoliafUa (big blind) folded on the Turn


PokerStars Hand #167779005792:  Hold'em Limit ($3/$6 USD) - 2017/03/18 19:07:34 ET
Table 'Kiangsu' 6-max Seat #5 is the button
Seat 3: Wizard in me ($264.51 in chips)
Seat 5: GoliafUa ($128.76 in chips)
GoliafUa: posts small blind $1
Wizard in me: posts big blind $3
*** HOLE CARDS ***
GoliafUa: raises $3 to $6
Wizard in me: calls $3
*** FLOP *** [Js 4d Jc]
Wizard in me: checks
GoliafUa: bets $3
Wizard in me: folds
Uncalled bet ($3) returned to GoliafUa
GoliafUa collected $11.76 from pot
GoliafUa: doesn't show hand
*** SUMMARY ***
Total pot $12 | Rake $0.24
Board [Js 4d Jc]
Seat 3: Wizard in me (big blind) folded on the Flop
Seat 5: GoliafUa (button) (small blind) collected ($11.76)


PokerStars Hand #167779012014:  Hold'em Limit ($3/$6 USD) - 2017/03/18 19:07:43 ET
Table 'Kiangsu' 6-max Seat #3 is the button
Seat 3: Wizard in me ($258.51 in chips)
Seat 5: GoliafUa ($134.52 in chips)
Wizard in me: posts small blind $1
GoliafUa: posts big blind $3
*** HOLE CARDS ***
Wizard in me: raises $3 to $6
GoliafUa: raises $3 to $9
Wizard in me: calls $3
*** FLOP *** [4c 6d 7c]
GoliafUa: bets $3
Wizard in me: raises $3 to $6
GoliafUa: raises $3 to $9
Wizard in me: calls $3
*** TURN *** [4c 6d 7c] [Qs]
GoliafUa: bets $6
Wizard in me: raises $6 to $12
GoliafUa: calls $6
*** RIVER *** [4c 6d 7c Qs] [Qd]
GoliafUa: checks
Wizard in me: bets $6
GoliafUa: folds
Uncalled bet ($6) returned to Wizard in me
Wizard in me collected $59.50 from pot
Wizard in me: doesn't show hand
*** SUMMARY ***
Total pot $60 | Rake $0.50
Board [4c 6d 7c Qs Qd]
Seat 3: Wizard in me (button) (small blind) collected ($59.50)
Seat 5: GoliafUa (big blind) folded on the River


PokerStars Hand #167779023155:  Hold'em Limit ($3/$6 USD) - 2017/03/18 19:07:58 ET
Table 'Kiangsu' 6-max Seat #5 is the button
Seat 3: Wizard in me ($288.01 in chips)
Seat 5: GoliafUa ($104.52 in chips)
GoliafUa: posts small blind $1
Wizard in me: posts big blind $3
*** HOLE CARDS ***
GoliafUa: raises $3 to $6
Wizard in me: calls $3
*** FLOP *** [3h 5s 6h]
Wizard in me: checks
GoliafUa: bets $3
Wizard in me: raises $3 to $6
GoliafUa: calls $3
*** TURN *** [3h 5s 6h] [Kd]
Wizard in me: bets $6
GoliafUa: raises $6 to $12
Wizard in me: calls $6
*** RIVER *** [3h 5s 6h Kd] [6d]
Wizard in me: checks
GoliafUa: bets $6
Wizard in me: folds
Uncalled bet ($6) returned to GoliafUa
GoliafUa collected $47.50 from pot
GoliafUa: doesn't show hand
*** SUMMARY ***
Total pot $48 | Rake $0.50
Board [3h 5s 6h Kd 6d]
Seat 3: Wizard in me (big blind) folded on the River
Seat 5: GoliafUa (button) (small blind) collected ($47.50)


PokerStars Hand #167779035652:  Hold'em Limit ($3/$6 USD) - 2017/03/18 19:08:16 ET
Table 'Kiangsu' 6-max Seat #3 is the button
Seat 3: Wizard in me ($264.01 in chips)
Seat 5: GoliafUa ($128.02 in chips)
Wizard in me: posts small blind $1
GoliafUa: posts big blind $3
*** HOLE CARDS ***
Wizard in me: raises $3 to $6
GoliafUa: folds
Uncalled bet ($3) returned to Wizard in me
Wizard in me collected $6 from pot
Wizard in me: doesn't show hand
*** SUMMARY ***
Total pot $6 | Rake $0
Seat 3: Wizard in me (button) (small blind) collected ($6)
Seat 5: GoliafUa (big blind) folded before Flop


PokerStars Hand #167779039091:  Hold'em Limit ($3/$6 USD) - 2017/03/18 19:08:21 ET
Table 'Kiangsu' 6-max Seat #5 is the button
Seat 3: Wizard in me ($267.01 in chips)
Seat 5: GoliafUa ($125.02 in chips)
GoliafUa: posts small blind $1
Wizard in me: posts big blind $3
*** HOLE CARDS ***
GoliafUa: raises $3 to $6
Wizard in me: calls $3
*** FLOP *** [Ah 4c 8c]
Wizard in me: checks
GoliafUa: bets $3
Wizard in me: calls $3
*** TURN *** [Ah 4c 8c] [6d]
Wizard in me: checks
GoliafUa: bets $6
Wizard in me: calls $6
*** RIVER *** [Ah 4c 8c 6d] [As]
Wizard in me: checks
GoliafUa: checks
*** SHOW DOWN ***
Wizard in me: shows [5d 2s] (a pair of Aces)
GoliafUa: shows [Qd 4d] (two pair, Aces and Fours)
GoliafUa collected $29.50 from pot
*** SUMMARY ***
Total pot $30 | Rake $0.50
Board [Ah 4c 8c 6d As]
Seat 3: Wizard in me (big blind) showed [5d 2s] and lost with a pair of Aces
Seat 5: GoliafUa (button) (small blind) showed [Qd 4d] and won ($29.50) with two pair, Aces and Fours


PokerStars Hand #167779057345:  Hold'em Limit ($3/$6 USD) - 2017/03/18 19:08:47 ET
Table 'Kiangsu' 6-max Seat #5 is the button
Seat 3: Wizard in me ($260.65 in chips)
Seat 5: GoliafUa ($130.52 in chips)
GoliafUa: posts small blind $1
Wizard in me: posts big blind $3
*** HOLE CARDS ***
GoliafUa: folds
Uncalled bet ($2) returned to Wizard in me
Wizard in me collected $2 from pot
Wizard in me: doesn't show hand
*** SUMMARY ***
Total pot $2 | Rake $0
Seat 3: Wizard in me (big blind) collected ($2)
Seat 5: GoliafUa (button) (small blind) folded before Flop


PokerStars Hand #167779050388:  Hold'em Limit ($3/$6 USD) - 2017/03/18 19:08:37 ET
Table 'Kiangsu' 6-max Seat #3 is the button
Seat 3: Wizard in me ($252.01 in chips)
Seat 5: GoliafUa ($139.52 in chips)
Wizard in me: posts small blind $1
GoliafUa: posts big blind $3
*** HOLE CARDS ***
Wizard in me: raises $3 to $6
GoliafUa: calls $3
*** FLOP *** [Js 3c 2s]
GoliafUa: checks
Wizard in me: bets $3
GoliafUa: calls $3
*** TURN *** [Js 3c 2s] [4c]
GoliafUa: checks
Wizard in me: bets $6
GoliafUa: folds
Uncalled bet ($6) returned to Wizard in me
Wizard in me collected $17.64 from pot
Wizard in me: doesn't show hand
*** SUMMARY ***
Total pot $18 | Rake $0.36
Board [Js 3c 2s 4c]
Seat 3: Wizard in me (button) (small blind) collected ($17.64)
Seat 5: GoliafUa (big blind) folded on the Turn


PokerStars Hand #167779060785:  Hold'em Limit ($3/$6 USD) - 2017/03/18 19:08:52 ET
Table 'Kiangsu' 6-max Seat #3 is the button
Seat 3: Wizard in me ($261.65 in chips)
Seat 5: GoliafUa ($129.52 in chips)
Wizard in me: posts small blind $1
GoliafUa: posts big blind $3
*** HOLE CARDS ***
Wizard in me: raises $3 to $6
GoliafUa: calls $3
*** FLOP *** [4h 7d Tc]
GoliafUa: checks
Wizard in me: bets $3
GoliafUa: raises $3 to $6
Wizard in me: calls $3
*** TURN *** [4h 7d Tc] [5s]
GoliafUa: bets $6
Wizard in me: raises $6 to $12
GoliafUa: calls $6
*** RIVER *** [4h 7d Tc 5s] [3s]
GoliafUa: checks
Wizard in me: checks
*** SHOW DOWN ***
GoliafUa: shows [9d Ts] (a pair of Tens)
Wizard in me: shows [As Ad] (a pair of Aces)
Wizard in me collected $47.50 from pot
*** SUMMARY ***
Total pot $48 | Rake $0.50
Board [4h 7d Tc 5s 3s]
Seat 3: Wizard in me (button) (small blind) showed [As Ad] and won ($47.50) with a pair of Aces
Seat 5: GoliafUa (big blind) showed [9d Ts] and lost with a pair of Tens


PokerStars Hand #167779071300:  Hold'em Limit ($3/$6 USD) - 2017/03/18 19:09:06 ET
Table 'Kiangsu' 6-max Seat #5 is the button
Seat 3: Wizard in me ($285.15 in chips)
Seat 5: GoliafUa ($105.52 in chips)
GoliafUa: posts small blind $1
Wizard in me: posts big blind $3
*** HOLE CARDS ***
GoliafUa: raises $3 to $6
Wizard in me: calls $3
*** FLOP *** [Ad 7s 2d]
Wizard in me: checks
GoliafUa: bets $3
Wizard in me: calls $3
*** TURN *** [Ad 7s 2d] [Kh]
Wizard in me: checks
GoliafUa: bets $6
Wizard in me: calls $6
*** RIVER *** [Ad 7s 2d Kh] [9d]
Wizard in me: checks
GoliafUa: bets $6
Wizard in me: folds
Uncalled bet ($6) returned to GoliafUa
GoliafUa collected $29.50 from pot
GoliafUa: doesn't show hand
*** SUMMARY ***
Total pot $30 | Rake $0.50
Board [Ad 7s 2d Kh 9d]
Seat 3: Wizard in me (big blind) folded on the River
Seat 5: GoliafUa (button) (small blind) collected ($29.50)


PokerStars Hand #167779083270:  Hold'em Limit ($3/$6 USD) - 2017/03/18 19:09:24 ET
Table 'Kiangsu' 6-max Seat #3 is the button
Seat 3: Wizard in me ($270.15 in chips)
Seat 5: GoliafUa ($120.02 in chips)
Wizard in me: posts small blind $1
GoliafUa: posts big blind $3
*** HOLE CARDS ***
Wizard in me: folds
Uncalled bet ($2) returned to GoliafUa
GoliafUa collected $2 from pot
GoliafUa: doesn't show hand
*** SUMMARY ***
Total pot $2 | Rake $0
Seat 3: Wizard in me (button) (small blind) folded before Flop
Seat 5: GoliafUa (big blind) collected ($2)


