PokerStars Hand #152123012434:  Hold'em Limit ($3/$6 USD) - 2016/04/18 20:28:52 ET
Table 'Kienle' 10-max Seat #2 is the button
Seat 2: Diogo mania ($24 in chips)
Seat 9: Scheubi88 ($126.76 in chips)
Diogo mania: posts small blind $1
Scheubi88: posts big blind $3
*** HOLE CARDS ***
Diogo mania: folds
Uncalled bet ($2) returned to Scheubi88
Scheubi88 collected $2 from pot
*** SUMMARY ***
Total pot $2 | Rake $0
Seat 2: Diogo mania (button) (small blind) folded before Flop
Seat 9: Scheubi88 (big blind) collected ($2)


PokerStars Hand #152123005939:  Hold'em Limit ($3/$6 USD) - 2016/04/18 20:28:38 ET
Table 'Kienle' 10-max Seat #9 is the button
Seat 2: Diogo mania ($30 in chips)
Seat 9: Scheubi88 ($121 in chips)
Scheubi88: posts small blind $1
Diogo mania: posts big blind $3
*** HOLE CARDS ***
Scheubi88: raises $3 to $6
Diogo mania: calls $3
*** FLOP *** [6d 2c As]
Diogo mania: checks
Scheubi88: bets $3
Diogo mania: folds
Uncalled bet ($3) returned to Scheubi88
Scheubi88 collected $11.76 from pot
*** SUMMARY ***
Total pot $12 | Rake $0.24
Board [6d 2c As]
Seat 2: Diogo mania (big blind) folded on the Flop
Seat 9: Scheubi88 (button) (small blind) collected ($11.76)


PokerStars Hand #152122982748:  Hold'em Limit ($3/$6 USD) - 2016/04/18 20:27:47 ET
Table 'Kienle' 10-max Seat #8 is the button
Seat 8: Pandakey ($120 in chips)
Seat 9: Scheubi88 ($120 in chips)
Pandakey: posts small blind $1
Scheubi88: posts big blind $3
*** HOLE CARDS ***
Diogo mania joins the table at seat #2
Pandakey has timed out
Pandakey: folds
Uncalled bet ($2) returned to Scheubi88
Scheubi88 collected $2 from pot
*** SUMMARY ***
Total pot $2 | Rake $0
Seat 8: Pandakey (button) (small blind) folded before Flop
Seat 9: Scheubi88 (big blind) collected ($2)


PokerStars Hand #152123015537:  Hold'em Limit ($3/$6 USD) - 2016/04/18 20:28:59 ET
Table 'Kienle' 10-max Seat #9 is the button
Seat 2: Diogo mania ($23 in chips)
Seat 9: Scheubi88 ($127.76 in chips)
Scheubi88: posts small blind $1
Diogo mania: posts big blind $3
*** HOLE CARDS ***
Scheubi88: raises $3 to $6
Diogo mania: calls $3
*** FLOP *** [3d 6h Ts]
Diogo mania: checks
Scheubi88: bets $3
Diogo mania: raises $3 to $6
Scheubi88: calls $3
*** TURN *** [3d 6h Ts] [8s]
Diogo mania: bets $6
Scheubi88: calls $6
*** RIVER *** [3d 6h Ts 8s] [Qd]
Diogo mania: bets $5 and is all-in
Scheubi88: calls $5
*** SHOW DOWN ***
Diogo mania: shows [Kh 5c] (high card King)
Scheubi88: shows [Ac 4h] (high card Ace)
Scheubi88 collected $45.50 from pot
*** SUMMARY ***
Total pot $46 | Rake $0.50
Board [3d 6h Ts 8s Qd]
Seat 2: Diogo mania (big blind) showed [Kh 5c] and lost with high card King
Seat 9: Scheubi88 (button) (small blind) showed [Ac 4h] and won ($45.50) with high card Ace


