PokerStars Hand #169881509871:  Hold'em Limit ($3/$6 USD) - 2017/05/02 22:22:58 ET
Table 'Kiess' 6-max Seat #3 is the button
Seat 1: Willijabo ($235.66 in chips)
Seat 3: xcgxcg2005 ($44.29 in chips)
xcgxcg2005: posts small blind $1
Willijabo: posts big blind $3
*** HOLE CARDS ***
xcgxcg2005: raises $3 to $6
Willijabo: calls $3
*** FLOP *** [7s 2c 8s]
Willijabo: checks
xcgxcg2005: bets $3
Willijabo: calls $3
*** TURN *** [7s 2c 8s] [7d]
Willijabo: checks
xcgxcg2005: bets $6
Willijabo: folds
Uncalled bet ($6) returned to xcgxcg2005
xcgxcg2005 collected $17.64 from pot
xcgxcg2005: doesn't show hand
*** SUMMARY ***
Total pot $18 | Rake $0.36
Board [7s 2c 8s 7d]
Seat 1: Willijabo (big blind) folded on the Turn
Seat 3: xcgxcg2005 (button) (small blind) collected ($17.64)


PokerStars Hand #169881522337:  Hold'em Limit ($3/$6 USD) - 2017/05/02 22:23:33 ET
Table 'Kiess' 6-max Seat #1 is the button
Seat 1: Willijabo ($226.66 in chips)
Seat 3: xcgxcg2005 ($52.93 in chips)
Willijabo: posts small blind $1
xcgxcg2005: posts big blind $3
*** HOLE CARDS ***
Willijabo: raises $3 to $6
xcgxcg2005: raises $3 to $9
Willijabo: calls $3
*** FLOP *** [4d 3s Td]
xcgxcg2005: bets $3
Willijabo: calls $3
*** TURN *** [4d 3s Td] [2d]
xcgxcg2005: bets $6
Willijabo: calls $6
*** RIVER *** [4d 3s Td 2d] [7s]
xcgxcg2005: bets $6
Willijabo: calls $6
*** SHOW DOWN ***
xcgxcg2005: shows [Jh Jd] (a pair of Jacks)
Willijabo: mucks hand
xcgxcg2005 collected $47.50 from pot
*** SUMMARY ***
Total pot $48 | Rake $0.50
Board [4d 3s Td 2d 7s]
Seat 1: Willijabo (button) (small blind) mucked
Seat 3: xcgxcg2005 (big blind) showed [Jh Jd] and won ($47.50) with a pair of Jacks


