PokerStars Hand #170593078679:  Hold'em Limit ($3/$6 USD) - 2017/05/18 14:58:09 ET
Table 'Kiess' 10-max Seat #6 is the button
Seat 5: SUDAK.RU ($30.38 in chips)
Seat 6: vestimokrec ($121 in chips)
vestimokrec: posts small blind $1
SUDAK.RU: posts big blind $3
*** HOLE CARDS ***
vestimokrec: folds
Uncalled bet ($2) returned to SUDAK.RU
SUDAK.RU collected $2 from pot
SUDAK.RU: doesn't show hand
*** SUMMARY ***
Total pot $2 | Rake $0
Seat 5: SUDAK.RU (big blind) collected ($2)
Seat 6: vestimokrec (button) (small blind) folded before Flop


PokerStars Hand #170593074076:  Hold'em Limit ($3/$6 USD) - 2017/05/18 14:58:02 ET
Table 'Kiess' 10-max Seat #5 is the button
Seat 5: SUDAK.RU ($31.38 in chips)
Seat 6: vestimokrec ($120 in chips)
SUDAK.RU: posts small blind $1
vestimokrec: posts big blind $3
*** HOLE CARDS ***
SUDAK.RU: folds
Uncalled bet ($2) returned to vestimokrec
vestimokrec collected $2 from pot
vestimokrec: doesn't show hand
*** SUMMARY ***
Total pot $2 | Rake $0
Seat 5: SUDAK.RU (button) (small blind) folded before Flop
Seat 6: vestimokrec (big blind) collected ($2)


PokerStars Hand #170593137374:  Hold'em Limit ($3/$6 USD) - 2017/05/18 14:59:36 ET
Table 'Kiess' 10-max Seat #5 is the button
Seat 5: SUDAK.RU ($45.88 in chips)
Seat 6: vestimokrec ($104.76 in chips)
SUDAK.RU: posts small blind $1
vestimokrec: posts big blind $3
*** HOLE CARDS ***
SUDAK.RU: raises $3 to $6
vestimokrec: calls $3
*** FLOP *** [Kh 8c Qh]
vestimokrec: checks
SUDAK.RU: checks
*** TURN *** [Kh 8c Qh] [4s]
vestimokrec: bets $6
SUDAK.RU: folds
Uncalled bet ($6) returned to vestimokrec
vestimokrec collected $11.76 from pot
vestimokrec: doesn't show hand
*** SUMMARY ***
Total pot $12 | Rake $0.24
Board [Kh 8c Qh 4s]
Seat 5: SUDAK.RU (button) (small blind) folded on the Turn
Seat 6: vestimokrec (big blind) collected ($11.76)


PokerStars Hand #170593082611:  Hold'em Limit ($3/$6 USD) - 2017/05/18 14:58:15 ET
Table 'Kiess' 10-max Seat #5 is the button
Seat 5: SUDAK.RU ($31.38 in chips)
Seat 6: vestimokrec ($120 in chips)
SUDAK.RU: posts small blind $1
vestimokrec: posts big blind $3
*** HOLE CARDS ***
SUDAK.RU: raises $3 to $6
vestimokrec: calls $3
*** FLOP *** [9d 4h 7h]
vestimokrec: checks
SUDAK.RU: checks
*** TURN *** [9d 4h 7h] [Kc]
vestimokrec: checks
SUDAK.RU: checks
*** RIVER *** [9d 4h 7h Kc] [9s]
vestimokrec: bets $6
SUDAK.RU: folds
Uncalled bet ($6) returned to vestimokrec
vestimokrec collected $11.76 from pot
vestimokrec: doesn't show hand
*** SUMMARY ***
Total pot $12 | Rake $0.24
Board [9d 4h 7h Kc 9s]
Seat 5: SUDAK.RU (button) (small blind) folded on the River
Seat 6: vestimokrec (big blind) collected ($11.76)


PokerStars Hand #170593099911:  Hold'em Limit ($3/$6 USD) - 2017/05/18 14:58:41 ET
Table 'Kiess' 10-max Seat #6 is the button
Seat 5: SUDAK.RU ($25.38 in chips)
Seat 6: vestimokrec ($125.76 in chips)
vestimokrec: posts small blind $1
SUDAK.RU: posts big blind $3
*** HOLE CARDS ***
vestimokrec: raises $3 to $6
SUDAK.RU: calls $3
*** FLOP *** [7c 6s 3d]
SUDAK.RU: bets $3
Jack_Wu1985 joins the table at seat #10
vestimokrec: calls $3
*** TURN *** [7c 6s 3d] [Jd]
SUDAK.RU: bets $6
vestimokrec: calls $6
*** RIVER *** [7c 6s 3d Jd] [Qs]
SUDAK.RU: bets $6
vestimokrec: calls $6
*** SHOW DOWN ***
SUDAK.RU: shows [8d 7h] (a pair of Sevens)
vestimokrec: mucks hand
SUDAK.RU collected $41.50 from pot
*** SUMMARY ***
Total pot $42 | Rake $0.50
Board [7c 6s 3d Jd Qs]
Seat 5: SUDAK.RU (big blind) showed [8d 7h] and won ($41.50) with a pair of Sevens
Seat 6: vestimokrec (button) (small blind) mucked


PokerStars Hand #170593231572:  Hold'em Limit ($3/$6 USD) - 2017/05/18 15:01:42 ET
Table 'Kiess' 10-max Seat #9 is the button
Seat 6: vestimokrec ($117.89 in chips)
Seat 9: GoliafUa ($117 in chips)
GoliafUa: posts small blind $1
Jack_Wu1985: is sitting out
vestimokrec: posts big blind $3
*** HOLE CARDS ***
SUDAK.RU leaves the table
GoliafUa: folds
Uncalled bet ($2) returned to vestimokrec
Jack_Wu1985 leaves the table
vestimokrec collected $2 from pot
vestimokrec: doesn't show hand
*** SUMMARY ***
Total pot $2 | Rake $0
Seat 6: vestimokrec (big blind) collected ($2)
Seat 9: GoliafUa (button) (small blind) folded before Flop


PokerStars Hand #170595421353:  Hold'em Limit ($3/$6 USD) - 2017/05/18 15:42:19 ET
Table 'Kiess' 10-max Seat #6 is the button
Seat 2: Larooo ($74.83 in chips)
Seat 6: SashaYuvelir ($187.56 in chips)
GeleoKant will be allowed to play after the button
SashaYuvelir: posts small blind $1
fix1: is sitting out
Larooo: posts big blind $3
*** HOLE CARDS ***
SashaYuvelir: raises $3 to $6
Larooo: folds
Uncalled bet ($3) returned to SashaYuvelir
fix1 leaves the table
SashaYuvelir collected $6 from pot
SashaYuvelir: doesn't show hand
*** SUMMARY ***
Total pot $6 | Rake $0
Seat 2: Larooo (big blind) folded before Flop
Seat 6: SashaYuvelir (button) (small blind) collected ($6)


PokerStars Hand #170595601849:  Hold'em Limit ($3/$6 USD) - 2017/05/18 15:45:39 ET
Table 'Kiess' 10-max Seat #5 is the button
Seat 2: Larooo ($89.31 in chips)
Seat 5: GeleoKant ($65.06 in chips)
GeleoKant: posts small blind $1
SashaYuvelir: is sitting out
Larooo: posts big blind $3
*** HOLE CARDS ***
SashaYuvelir leaves the table
GeleoKant: folds
Uncalled bet ($2) returned to Larooo
Larooo collected $2 from pot
*** SUMMARY ***
Total pot $2 | Rake $0
Seat 2: Larooo (big blind) collected ($2)
Seat 5: GeleoKant (button) (small blind) folded before Flop


PokerStars Hand #170595606679:  Hold'em Limit ($3/$6 USD) - 2017/05/18 15:45:44 ET
Table 'Kiess' 10-max Seat #2 is the button
Seat 2: Larooo ($90.31 in chips)
Seat 5: GeleoKant ($64.06 in chips)
Larooo: posts small blind $1
GeleoKant: posts big blind $3
SashaYuvelir joins the table at seat #6
*** HOLE CARDS ***
Larooo: raises $3 to $6
GeleoKant: folds
Uncalled bet ($3) returned to Larooo
Larooo collected $6 from pot
*** SUMMARY ***
Total pot $6 | Rake $0
Seat 2: Larooo (button) (small blind) collected ($6)
Seat 5: GeleoKant (big blind) folded before Flop


