PokerStars Hand #158805617117:  Hold'em Limit ($3/$6 USD) - 2016/09/19 7:39:16 ET
Table 'Kilia' 6-max Seat #6 is the button
Seat 5: TinaTurner72 ($120 in chips)
Seat 6: muzuri ($120 in chips)
muzuri: posts small blind $1
TinaTurner72: posts big blind $3
*** HOLE CARDS ***
muzuri: raises $3 to $6
TinaTurner72: calls $3
*** FLOP *** [Ad Qc 4c]
TinaTurner72: checks
muzuri: bets $3
TinaTurner72: raises $3 to $6
muzuri: calls $3
*** TURN *** [Ad Qc 4c] [4d]
TinaTurner72: bets $6
muzuri: calls $6
*** RIVER *** [Ad Qc 4c 4d] [4h]
TinaTurner72: bets $6
muzuri: calls $6
*** SHOW DOWN ***
TinaTurner72: shows [Ac 3h] (a full house, Fours full of Aces)
muzuri: shows [Ah 7c] (a full house, Fours full of Aces)
TinaTurner72 collected $23.75 from pot
muzuri collected $23.75 from pot
*** SUMMARY ***
Total pot $48 | Rake $0.50
Board [Ad Qc 4c 4d 4h]
Seat 5: TinaTurner72 (big blind) showed [Ac 3h] and won ($23.75) with a full house, Fours full of Aces
Seat 6: muzuri (button) (small blind) showed [Ah 7c] and won ($23.75) with a full house, Fours full of Aces


PokerStars Hand #158805656596:  Hold'em Limit ($3/$6 USD) - 2016/09/19 7:40:46 ET
Table 'Kilia' 6-max Seat #5 is the button
Seat 5: TinaTurner72 ($123.39 in chips)
Seat 6: muzuri ($115.25 in chips)
TinaTurner72: posts small blind $1
muzuri: posts big blind $3
*** HOLE CARDS ***
TinaTurner72: folds
Uncalled bet ($2) returned to muzuri
muzuri collected $2 from pot
muzuri: doesn't show hand
*** SUMMARY ***
Total pot $2 | Rake $0
Seat 5: TinaTurner72 (button) (small blind) folded before Flop
Seat 6: muzuri (big blind) collected ($2)


PokerStars Hand #158805648503:  Hold'em Limit ($3/$6 USD) - 2016/09/19 7:40:27 ET
Table 'Kilia' 6-max Seat #6 is the button
Seat 5: TinaTurner72 ($138.39 in chips)
Seat 6: muzuri ($100.75 in chips)
muzuri: posts small blind $1
TinaTurner72: posts big blind $3
*** HOLE CARDS ***
muzuri: raises $3 to $6
TinaTurner72: calls $3
*** FLOP *** [5c 6h 4c]
TinaTurner72: checks
muzuri: bets $3
TinaTurner72: raises $3 to $6
muzuri: raises $3 to $9
TinaTurner72: calls $3
*** TURN *** [5c 6h 4c] [5d]
TinaTurner72: checks
muzuri: checks
*** RIVER *** [5c 6h 4c 5d] [4h]
TinaTurner72: checks
muzuri: checks
*** SHOW DOWN ***
TinaTurner72: shows [Th 3c] (two pair, Fives and Fours)
muzuri: shows [7d Qc] (two pair, Fives and Fours - Queen kicker)
muzuri collected $29.50 from pot
*** SUMMARY ***
Total pot $30 | Rake $0.50
Board [5c 6h 4c 5d 4h]
Seat 5: TinaTurner72 (big blind) showed [Th 3c] and lost with two pair, Fives and Fours
Seat 6: muzuri (button) (small blind) showed [7d Qc] and won ($29.50) with two pair, Fives and Fours


PokerStars Hand #158805644921:  Hold'em Limit ($3/$6 USD) - 2016/09/19 7:40:19 ET
Table 'Kilia' 6-max Seat #5 is the button
Seat 5: TinaTurner72 ($135.39 in chips)
Seat 6: muzuri ($103.75 in chips)
TinaTurner72: posts small blind $1
muzuri: posts big blind $3
*** HOLE CARDS ***
TinaTurner72: raises $3 to $6
muzuri: folds
Uncalled bet ($3) returned to TinaTurner72
TinaTurner72 collected $6 from pot
TinaTurner72: doesn't show hand
*** SUMMARY ***
Total pot $6 | Rake $0
Seat 5: TinaTurner72 (button) (small blind) collected ($6)
Seat 6: muzuri (big blind) folded before Flop


PokerStars Hand #158805638969:  Hold'em Limit ($3/$6 USD) - 2016/09/19 7:40:06 ET
Table 'Kilia' 6-max Seat #6 is the button
Seat 5: TinaTurner72 ($126.75 in chips)
Seat 6: muzuri ($112.75 in chips)
muzuri: posts small blind $1
TinaTurner72: posts big blind $3
*** HOLE CARDS ***
muzuri: raises $3 to $6
TinaTurner72: raises $3 to $9
muzuri: calls $3
*** FLOP *** [Qd Ts 6s]
TinaTurner72: bets $3
muzuri: folds
Uncalled bet ($3) returned to TinaTurner72
TinaTurner72 collected $17.64 from pot
TinaTurner72: doesn't show hand
*** SUMMARY ***
Total pot $18 | Rake $0.36
Board [Qd Ts 6s]
Seat 5: TinaTurner72 (big blind) collected ($17.64)
Seat 6: muzuri (button) (small blind) folded on the Flop


PokerStars Hand #158805636197:  Hold'em Limit ($3/$6 USD) - 2016/09/19 7:39:59 ET
Table 'Kilia' 6-max Seat #5 is the button
Seat 5: TinaTurner72 ($123.75 in chips)
Seat 6: muzuri ($115.75 in chips)
TinaTurner72: posts small blind $1
muzuri: posts big blind $3
*** HOLE CARDS ***
TinaTurner72: raises $3 to $6
muzuri: folds
Uncalled bet ($3) returned to TinaTurner72
TinaTurner72 collected $6 from pot
TinaTurner72: doesn't show hand
*** SUMMARY ***
Total pot $6 | Rake $0
Seat 5: TinaTurner72 (button) (small blind) collected ($6)
Seat 6: muzuri (big blind) folded before Flop


PokerStars Hand #158805633603:  Hold'em Limit ($3/$6 USD) - 2016/09/19 7:39:53 ET
Table 'Kilia' 6-max Seat #6 is the button
Seat 5: TinaTurner72 ($122.75 in chips)
Seat 6: muzuri ($116.75 in chips)
muzuri: posts small blind $1
TinaTurner72: posts big blind $3
*** HOLE CARDS ***
muzuri: folds
Uncalled bet ($2) returned to TinaTurner72
TinaTurner72 collected $2 from pot
TinaTurner72: doesn't show hand
*** SUMMARY ***
Total pot $2 | Rake $0
Seat 5: TinaTurner72 (big blind) collected ($2)
Seat 6: muzuri (button) (small blind) folded before Flop


PokerStars Hand #158805630753:  Hold'em Limit ($3/$6 USD) - 2016/09/19 7:39:47 ET
Table 'Kilia' 6-max Seat #5 is the button
Seat 5: TinaTurner72 ($119.75 in chips)
Seat 6: muzuri ($119.75 in chips)
TinaTurner72: posts small blind $1
muzuri: posts big blind $3
*** HOLE CARDS ***
TinaTurner72: raises $3 to $6
muzuri: folds
Uncalled bet ($3) returned to TinaTurner72
TinaTurner72 collected $6 from pot
TinaTurner72: doesn't show hand
*** SUMMARY ***
Total pot $6 | Rake $0
Seat 5: TinaTurner72 (button) (small blind) collected ($6)
Seat 6: muzuri (big blind) folded before Flop


PokerStars Hand #158805671794:  Hold'em Limit ($3/$6 USD) - 2016/09/19 7:41:20 ET
Table 'Kilia' 6-max Seat #5 is the button
Seat 5: TinaTurner72 ($163.89 in chips)
Seat 6: muzuri ($74.25 in chips)
TinaTurner72: posts small blind $1
muzuri: posts big blind $3
*** HOLE CARDS ***
TinaTurner72: raises $3 to $6
muzuri: calls $3
*** FLOP *** [Ad 4s 2h]
muzuri: checks
TinaTurner72: bets $3
muzuri: calls $3
*** TURN *** [Ad 4s 2h] [4h]
muzuri: checks
TinaTurner72: checks
*** RIVER *** [Ad 4s 2h 4h] [6s]
muzuri: bets $6
TinaTurner72: calls $6
*** SHOW DOWN ***
muzuri: shows [5d 8s] (a pair of Fours)
TinaTurner72: shows [Kh 7c] (a pair of Fours - Ace+King kicker)
TinaTurner72 collected $29.50 from pot
*** SUMMARY ***
Total pot $30 | Rake $0.50
Board [Ad 4s 2h 4h 6s]
Seat 5: TinaTurner72 (button) (small blind) showed [Kh 7c] and won ($29.50) with a pair of Fours
Seat 6: muzuri (big blind) showed [5d 8s] and lost with a pair of Fours


PokerStars Hand #158805658919:  Hold'em Limit ($3/$6 USD) - 2016/09/19 7:40:51 ET
Table 'Kilia' 6-max Seat #6 is the button
Seat 5: TinaTurner72 ($122.39 in chips)
Seat 6: muzuri ($116.25 in chips)
muzuri: posts small blind $1
TinaTurner72: posts big blind $3
*** HOLE CARDS ***
muzuri: raises $3 to $6
TinaTurner72: calls $3
*** FLOP *** [Js 8d 9s]
TinaTurner72: checks
muzuri: bets $3
TinaTurner72: raises $3 to $6
muzuri: raises $3 to $9
TinaTurner72: raises $3 to $12
Betting is capped
muzuri: calls $3
*** TURN *** [Js 8d 9s] [As]
TinaTurner72: bets $6
muzuri: raises $6 to $12
TinaTurner72: raises $6 to $18
muzuri: calls $6
*** RIVER *** [Js 8d 9s As] [Jh]
TinaTurner72: bets $6
muzuri: calls $6
*** SHOW DOWN ***
TinaTurner72: shows [2s 7s] (a flush, Ace high)
muzuri: mucks hand
TinaTurner72 collected $83.50 from pot
*** SUMMARY ***
Total pot $84 | Rake $0.50
Board [Js 8d 9s As Jh]
Seat 5: TinaTurner72 (big blind) showed [2s 7s] and won ($83.50) with a flush, Ace high
Seat 6: muzuri (button) (small blind) mucked


PokerStars Hand #158805698774:  Hold'em Limit ($3/$6 USD) - 2016/09/19 7:42:21 ET
Table 'Kilia' 6-max Seat #5 is the button
Seat 5: TinaTurner72 ($206.65 in chips)
Seat 6: muzuri ($85.25 in chips)
TinaTurner72: posts small blind $1
muzuri: posts big blind $3
*** HOLE CARDS ***
TinaTurner72: raises $3 to $6
muzuri: calls $3
*** FLOP *** [2s Jh 3d]
muzuri: checks
TinaTurner72: bets $3
muzuri: calls $3
*** TURN *** [2s Jh 3d] [Ts]
muzuri: checks
TinaTurner72: checks
*** RIVER *** [2s Jh 3d Ts] [8d]
muzuri: bets $6
TinaTurner72: calls $6
*** SHOW DOWN ***
muzuri: shows [Qs 3h] (a pair of Threes)
TinaTurner72: mucks hand
muzuri collected $29.50 from pot
*** SUMMARY ***
Total pot $30 | Rake $0.50
Board [2s Jh 3d Ts 8d]
Seat 5: TinaTurner72 (button) (small blind) mucked
Seat 6: muzuri (big blind) showed [Qs 3h] and won ($29.50) with a pair of Threes


PokerStars Hand #158805690239:  Hold'em Limit ($3/$6 USD) - 2016/09/19 7:42:02 ET
Table 'Kilia' 6-max Seat #6 is the button
Seat 5: TinaTurner72 ($183.15 in chips)
Seat 6: muzuri ($109.25 in chips)
muzuri: posts small blind $1
TinaTurner72: posts big blind $3
*** HOLE CARDS ***
muzuri: raises $3 to $6
TinaTurner72: raises $3 to $9
muzuri: calls $3
*** FLOP *** [7s 6d 4c]
TinaTurner72: bets $3
muzuri: calls $3
*** TURN *** [7s 6d 4c] [Td]
TinaTurner72: bets $6
muzuri: calls $6
*** RIVER *** [7s 6d 4c Td] [Jc]
TinaTurner72: bets $6
muzuri: calls $6
*** SHOW DOWN ***
TinaTurner72: shows [6s 6c] (three of a kind, Sixes)
muzuri: mucks hand
TinaTurner72 collected $47.50 from pot
*** SUMMARY ***
Total pot $48 | Rake $0.50
Board [7s 6d 4c Td Jc]
Seat 5: TinaTurner72 (big blind) showed [6s 6c] and won ($47.50) with three of a kind, Sixes
Seat 6: muzuri (button) (small blind) mucked


PokerStars Hand #158805688043:  Hold'em Limit ($3/$6 USD) - 2016/09/19 7:41:57 ET
Table 'Kilia' 6-max Seat #5 is the button
Seat 5: TinaTurner72 ($184.15 in chips)
Seat 6: muzuri ($108.25 in chips)
TinaTurner72: posts small blind $1
muzuri: posts big blind $3
*** HOLE CARDS ***
TinaTurner72: folds
Uncalled bet ($2) returned to muzuri
muzuri collected $2 from pot
muzuri: doesn't show hand
*** SUMMARY ***
Total pot $2 | Rake $0
Seat 5: TinaTurner72 (button) (small blind) folded before Flop
Seat 6: muzuri (big blind) collected ($2)


PokerStars Hand #158805679593:  Hold'em Limit ($3/$6 USD) - 2016/09/19 7:41:38 ET
Table 'Kilia' 6-max Seat #6 is the button
Seat 5: TinaTurner72 ($178.39 in chips)
Seat 6: muzuri ($59.25 in chips)
muzuri: posts small blind $1
TinaTurner72: posts big blind $3
*** HOLE CARDS ***
muzuri: raises $3 to $6
TinaTurner72: calls $3
*** FLOP *** [8d 8h Ks]
TinaTurner72: checks
muzuri: checks
*** TURN *** [8d 8h Ks] [3d]
TinaTurner72: bets $6
muzuri: folds
Uncalled bet ($6) returned to TinaTurner72
TinaTurner72 collected $11.76 from pot
TinaTurner72: doesn't show hand
*** SUMMARY ***
Total pot $12 | Rake $0.24
Board [8d 8h Ks 3d]
Seat 5: TinaTurner72 (big blind) collected ($11.76)
Seat 6: muzuri (button) (small blind) folded on the Turn


PokerStars Hand #158807712670:  Hold'em Limit ($3/$6 USD) - 2016/09/19 8:53:11 ET
Table 'Kilia' 6-max Seat #3 is the button
Seat 1: MMM 22666 ($72 in chips)
Seat 3: Psynto ($72 in chips)
Psynto: posts small blind $1
Agrotait: is sitting out
MMM 22666: posts big blind $3
*** HOLE CARDS ***
Psynto: raises $3 to $6
MMM 22666: calls $3
*** FLOP *** [6h Jh Kd]
Agrotait leaves the table
MMM 22666: checks
Psynto: bets $3
MMM 22666: folds
Uncalled bet ($3) returned to Psynto
Psynto collected $11.76 from pot
Psynto: doesn't show hand
*** SUMMARY ***
Total pot $12 | Rake $0.24
Board [6h Jh Kd]
Seat 1: MMM 22666 (big blind) folded on the Flop
Seat 3: Psynto (button) (small blind) collected ($11.76)


PokerStars Hand #158807747737:  Hold'em Limit ($3/$6 USD) - 2016/09/19 8:54:20 ET
Table 'Kilia' 6-max Seat #3 is the button
Seat 1: MMM 22666 ($41.52 in chips)
Seat 3: Psynto ($101.26 in chips)
Psynto: posts small blind $1
MMM 22666: posts big blind $3
*** HOLE CARDS ***
Psynto: raises $3 to $6
MMM 22666: calls $3
*** FLOP *** [9h Qs Kd]
MMM 22666: checks
Psynto: bets $3
MMM 22666: raises $3 to $6
Psynto: folds
Uncalled bet ($3) returned to MMM 22666
MMM 22666 collected $17.64 from pot
MMM 22666: doesn't show hand
*** SUMMARY ***
Total pot $18 | Rake $0.36
Board [9h Qs Kd]
Seat 1: MMM 22666 (big blind) collected ($17.64)
Seat 3: Psynto (button) (small blind) folded on the Flop


PokerStars Hand #158807742362:  Hold'em Limit ($3/$6 USD) - 2016/09/19 8:54:09 ET
Table 'Kilia' 6-max Seat #1 is the button
Seat 1: MMM 22666 ($38.64 in chips)
Seat 3: Psynto ($104.26 in chips)
MMM 22666: posts small blind $1
Psynto: posts big blind $3
*** HOLE CARDS ***
MMM 22666: calls $2
Psynto: checks
*** FLOP *** [9h Kc 4c]
Psynto: checks
MMM 22666: checks
*** TURN *** [9h Kc 4c] [3s]
Psynto: checks
MMM 22666: bets $6
Psynto: folds
Uncalled bet ($6) returned to MMM 22666
MMM 22666 collected $5.88 from pot
MMM 22666: doesn't show hand
*** SUMMARY ***
Total pot $6 | Rake $0.12
Board [9h Kc 4c 3s]
Seat 1: MMM 22666 (button) (small blind) collected ($5.88)
Seat 3: Psynto (big blind) folded on the Turn


PokerStars Hand #158807735877:  Hold'em Limit ($3/$6 USD) - 2016/09/19 8:53:56 ET
Table 'Kilia' 6-max Seat #3 is the button
Seat 1: MMM 22666 ($30 in chips)
Seat 3: Psynto ($113.26 in chips)
Psynto: posts small blind $1
MMM 22666: posts big blind $3
*** HOLE CARDS ***
Psynto: raises $3 to $6
MMM 22666: calls $3
*** FLOP *** [2s 2c 2d]
MMM 22666: checks
Psynto: bets $3
MMM 22666: calls $3
*** TURN *** [2s 2c 2d] [9h]
MMM 22666: checks
Psynto: checks
*** RIVER *** [2s 2c 2d 9h] [3d]
MMM 22666: bets $6
Psynto: folds
Uncalled bet ($6) returned to MMM 22666
MMM 22666 collected $17.64 from pot
MMM 22666: doesn't show hand
*** SUMMARY ***
Total pot $18 | Rake $0.36
Board [2s 2c 2d 9h 3d]
Seat 1: MMM 22666 (big blind) collected ($17.64)
Seat 3: Psynto (button) (small blind) folded on the River


PokerStars Hand #158807722368:  Hold'em Limit ($3/$6 USD) - 2016/09/19 8:53:30 ET
Table 'Kilia' 6-max Seat #1 is the button
Seat 1: MMM 22666 ($66 in chips)
Seat 3: Psynto ($77.76 in chips)
MMM 22666: posts small blind $1
Psynto: posts big blind $3
*** HOLE CARDS ***
MMM 22666: raises $3 to $6
Psynto: calls $3
*** FLOP *** [Js Qh Ts]
Psynto: checks
MMM 22666: bets $3
Psynto: raises $3 to $6
MMM 22666: calls $3
*** TURN *** [Js Qh Ts] [9c]
Psynto: bets $6
MMM 22666: calls $6
*** RIVER *** [Js Qh Ts 9c] [9s]
Psynto: bets $6
MMM 22666: raises $6 to $12
Psynto: raises $6 to $18
MMM 22666: calls $6
*** SHOW DOWN ***
Psynto: shows [9d Qs] (a full house, Nines full of Queens)
MMM 22666: mucks hand
Psynto collected $71.50 from pot
*** SUMMARY ***
Total pot $72 | Rake $0.50
Board [Js Qh Ts 9c 9s]
Seat 1: MMM 22666 (button) (small blind) mucked
Seat 3: Psynto (big blind) showed [9d Qs] and won ($71.50) with a full house, Nines full of Queens


PokerStars Hand #158807777148:  Hold'em Limit ($3/$6 USD) - 2016/09/19 8:55:25 ET
Table 'Kilia' 6-max Seat #3 is the button
Seat 1: MMM 22666 ($38.04 in chips)
Seat 3: Psynto ($103.66 in chips)
Psynto: posts small blind $1
MMM 22666: posts big blind $3
*** HOLE CARDS ***
Psynto: raises $3 to $6
MMM 22666: calls $3
*** FLOP *** [Td 4h 8h]
MMM 22666: checks
Psynto: bets $3
MMM 22666: calls $3
*** TURN *** [Td 4h 8h] [Qc]
MMM 22666: checks
Psynto: bets $6
MMM 22666: folds
Uncalled bet ($6) returned to Psynto
Psynto collected $17.64 from pot
Psynto: doesn't show hand
*** SUMMARY ***
Total pot $18 | Rake $0.36
Board [Td 4h 8h Qc]
Seat 1: MMM 22666 (big blind) folded on the Turn
Seat 3: Psynto (button) (small blind) collected ($17.64)


PokerStars Hand #158807765784:  Hold'em Limit ($3/$6 USD) - 2016/09/19 8:54:59 ET
Table 'Kilia' 6-max Seat #1 is the button
Seat 1: MMM 22666 ($47.04 in chips)
Seat 3: Psynto ($95.02 in chips)
MMM 22666: posts small blind $1
Psynto: posts big blind $3
*** HOLE CARDS ***
MMM 22666: calls $2
Psynto: checks
*** FLOP *** [2h 4h Qc]
Psynto: checks
MMM 22666: checks
*** TURN *** [2h 4h Qc] [8c]
Psynto: bets $6
MMM 22666: calls $6
*** RIVER *** [2h 4h Qc 8c] [6c]
Psynto: checks
MMM 22666: checks
*** SHOW DOWN ***
Psynto: shows [5c 8s] (a pair of Eights)
MMM 22666: mucks hand
Psynto collected $17.64 from pot
*** SUMMARY ***
Total pot $18 | Rake $0.36
Board [2h 4h Qc 8c 6c]
Seat 1: MMM 22666 (button) (small blind) mucked
Seat 3: Psynto (big blind) showed [5c 8s] and won ($17.64) with a pair of Eights


PokerStars Hand #158807760337:  Hold'em Limit ($3/$6 USD) - 2016/09/19 8:54:48 ET
Table 'Kilia' 6-max Seat #3 is the button
Seat 1: MMM 22666 ($53.04 in chips)
Seat 3: Psynto ($89.26 in chips)
Psynto: posts small blind $1
MMM 22666: posts big blind $3
*** HOLE CARDS ***
Psynto: raises $3 to $6
MMM 22666: calls $3
*** FLOP *** [Tc Jh 5d]
MMM 22666: checks
Psynto: bets $3
MMM 22666: folds
Uncalled bet ($3) returned to Psynto
Psynto collected $11.76 from pot
Psynto: doesn't show hand
*** SUMMARY ***
Total pot $12 | Rake $0.24
Board [Tc Jh 5d]
Seat 1: MMM 22666 (big blind) folded on the Flop
Seat 3: Psynto (button) (small blind) collected ($11.76)


PokerStars Hand #158807754051:  Hold'em Limit ($3/$6 USD) - 2016/09/19 8:54:34 ET
Table 'Kilia' 6-max Seat #1 is the button
Seat 1: MMM 22666 ($50.16 in chips)
Seat 3: Psynto ($92.26 in chips)
MMM 22666: posts small blind $1
Psynto: posts big blind $3
*** HOLE CARDS ***
MMM 22666: calls $2
Psynto: checks
*** FLOP *** [3d As 2d]
Psynto: checks
MMM 22666: checks
*** TURN *** [3d As 2d] [2s]
Psynto: checks
MMM 22666: checks
*** RIVER *** [3d As 2d 2s] [6c]
Psynto: checks
MMM 22666: checks
*** SHOW DOWN ***
Psynto: shows [9d 4c] (a pair of Deuces)
MMM 22666: shows [9h 8d] (a pair of Deuces - Ace+Nine+Eight kicker)
MMM 22666 collected $5.88 from pot
*** SUMMARY ***
Total pot $6 | Rake $0.12
Board [3d As 2d 2s 6c]
Seat 1: MMM 22666 (button) (small blind) showed [9h 8d] and won ($5.88) with a pair of Deuces
Seat 3: Psynto (big blind) showed [9d 4c] and lost with a pair of Deuces


PokerStars Hand #158807852848:  Hold'em Limit ($3/$6 USD) - 2016/09/19 8:58:16 ET
Table 'Kilia' 6-max Seat #3 is the button
Seat 2: GoliafUa ($84.64 in chips)
Seat 3: Psynto ($90.73 in chips)
Psynto: posts small blind $1
MMM 22666: is sitting out
GoliafUa: posts big blind $3
*** HOLE CARDS ***
Psynto: raises $3 to $6
GoliafUa: folds
Uncalled bet ($3) returned to Psynto
MMM 22666 leaves the table
Psynto collected $6 from pot
Psynto: doesn't show hand
*** SUMMARY ***
Total pot $6 | Rake $0
Seat 2: GoliafUa (big blind) folded before Flop
Seat 3: Psynto (button) (small blind) collected ($6)


