PokerStars Hand #175536300000:  Hold'em Limit ($3/$6 USD) - 2017/09/12 3:07:55 ET
Table 'Kilia' 6-max Seat #3 is the button
Seat 3: Kosova1968 ($100 in chips)
Seat 4: VolkovDmitri ($120 in chips)
Kosova1968: posts small blind $1
VolkovDmitri: posts big blind $3
*** HOLE CARDS ***
Kosova1968: raises $3 to $6
VolkovDmitri: calls $3
*** FLOP *** [Jh 9h Js]
VolkovDmitri: checks
Kosova1968: bets $3
VolkovDmitri: folds
Uncalled bet ($3) returned to Kosova1968
Whatze Phuck joins the table at seat #5
Kosova1968 collected $11.76 from pot
*** SUMMARY ***
Total pot $12 | Rake $0.24
Board [Jh 9h Js]
Seat 3: Kosova1968 (button) (small blind) collected ($11.76)
Seat 4: VolkovDmitri (big blind) folded on the Flop


PokerStars Hand #175536560611:  Hold'em Limit ($3/$6 USD) - 2017/09/12 3:24:56 ET
Table 'Kilia' 6-max Seat #3 is the button
Seat 1: krytalex ($135.75 in chips)
Seat 3: Kosova1968 ($83.16 in chips)
Kosova1968: posts small blind $1
krytalex: posts big blind $3
*** HOLE CARDS ***
Kosova1968: folds
Uncalled bet ($2) returned to krytalex
krytalex collected $2 from pot
*** SUMMARY ***
Total pot $2 | Rake $0
Seat 1: krytalex (big blind) collected ($2)
Seat 3: Kosova1968 (button) (small blind) folded before Flop


PokerStars Hand #175536562021:  Hold'em Limit ($3/$6 USD) - 2017/09/12 3:25:02 ET
Table 'Kilia' 6-max Seat #1 is the button
Seat 1: krytalex ($136.75 in chips)
Seat 3: Kosova1968 ($82.16 in chips)
krytalex: posts small blind $1
Kosova1968: posts big blind $3
*** HOLE CARDS ***
pdsnr joins the table at seat #5
krytalex: raises $3 to $6
Kosova1968: raises $3 to $9
krytalex: calls $3
*** FLOP *** [Js 5s 6c]
Kosova1968: bets $3
krytalex: folds
Uncalled bet ($3) returned to Kosova1968
Kosova1968 collected $17.64 from pot
*** SUMMARY ***
Total pot $18 | Rake $0.36
Board [Js 5s 6c]
Seat 1: krytalex (button) (small blind) folded on the Flop
Seat 3: Kosova1968 (big blind) collected ($17.64)


PokerStars Hand #175536824990:  Hold'em Limit ($3/$6 USD) - 2017/09/12 3:41:49 ET
Table 'Kilia' 6-max Seat #6 is the button
Seat 1: krytalex ($110.86 in chips)
Seat 6: Mackeral ($122.34 in chips)
Mackeral: posts small blind $1
krytalex: posts big blind $3
*** HOLE CARDS ***
Mackeral: folds
Uncalled bet ($2) returned to krytalex
krytalex collected $2 from pot
*** SUMMARY ***
Total pot $2 | Rake $0
Seat 1: krytalex (big blind) collected ($2)
Seat 6: Mackeral (button) (small blind) folded before Flop


PokerStars Hand #175536818312:  Hold'em Limit ($3/$6 USD) - 2017/09/12 3:41:25 ET
Table 'Kilia' 6-max Seat #1 is the button
Seat 1: krytalex ($122.86 in chips)
Seat 6: Mackeral ($110.82 in chips)
krytalex: posts small blind $1
Mackeral: posts big blind $3
*** HOLE CARDS ***
krytalex: raises $3 to $6
Mackeral: raises $3 to $9
krytalex: calls $3
*** FLOP *** [6s 6d 4h]
Mackeral: bets $3
krytalex: calls $3
*** TURN *** [6s 6d 4h] [Td]
Mackeral: bets $6
krytalex: folds
Uncalled bet ($6) returned to Mackeral
Mackeral collected $23.52 from pot
Mackeral: doesn't show hand
*** SUMMARY ***
Total pot $24 | Rake $0.48
Board [6s 6d 4h Td]
Seat 1: krytalex (button) (small blind) folded on the Turn
Seat 6: Mackeral (big blind) collected ($23.52)


PokerStars Hand #175536828715:  Hold'em Limit ($3/$6 USD) - 2017/09/12 3:42:03 ET
Table 'Kilia' 6-max Seat #1 is the button
Seat 1: krytalex ($111.86 in chips)
Seat 6: Mackeral ($121.34 in chips)
krytalex: posts small blind $1
Mackeral: posts big blind $3
*** HOLE CARDS ***
krytalex: raises $3 to $6
Mackeral: folds
Uncalled bet ($3) returned to krytalex
krytalex collected $6 from pot
*** SUMMARY ***
Total pot $6 | Rake $0
Seat 1: krytalex (button) (small blind) collected ($6)
Seat 6: Mackeral (big blind) folded before Flop


PokerStars Hand #175536839407:  Hold'em Limit ($3/$6 USD) - 2017/09/12 3:42:43 ET
Table 'Kilia' 6-max Seat #6 is the button
Seat 1: krytalex ($122.86 in chips)
Seat 6: Mackeral ($110.34 in chips)
Mackeral: posts small blind $1
krytalex: posts big blind $3
*** HOLE CARDS ***
Mackeral: folds
Uncalled bet ($2) returned to krytalex
aleksei19945 joins the table at seat #2
krytalex collected $2 from pot
*** SUMMARY ***
Total pot $2 | Rake $0
Seat 1: krytalex (big blind) collected ($2)
Seat 6: Mackeral (button) (small blind) folded before Flop


PokerStars Hand #175536836358:  Hold'em Limit ($3/$6 USD) - 2017/09/12 3:42:31 ET
Table 'Kilia' 6-max Seat #1 is the button
Seat 1: krytalex ($119.86 in chips)
Seat 6: Mackeral ($113.34 in chips)
krytalex: posts small blind $1
Mackeral: posts big blind $3
*** HOLE CARDS ***
krytalex: raises $3 to $6
Mackeral: folds
Uncalled bet ($3) returned to krytalex
krytalex collected $6 from pot
*** SUMMARY ***
Total pot $6 | Rake $0
Seat 1: krytalex (button) (small blind) collected ($6)
Seat 6: Mackeral (big blind) folded before Flop


PokerStars Hand #175536831223:  Hold'em Limit ($3/$6 USD) - 2017/09/12 3:42:12 ET
Table 'Kilia' 6-max Seat #6 is the button
Seat 1: krytalex ($114.86 in chips)
Seat 6: Mackeral ($118.34 in chips)
Mackeral: posts small blind $1
krytalex: posts big blind $3
*** HOLE CARDS ***
Mackeral: folds
Uncalled bet ($2) returned to krytalex
krytalex collected $2 from pot
*** SUMMARY ***
Total pot $2 | Rake $0
Seat 1: krytalex (big blind) collected ($2)
Seat 6: Mackeral (button) (small blind) folded before Flop


PokerStars Hand #175536834831:  Hold'em Limit ($3/$6 USD) - 2017/09/12 3:42:26 ET
Table 'Kilia' 6-max Seat #6 is the button
Seat 1: krytalex ($118.86 in chips)
Seat 6: Mackeral ($114.34 in chips)
Mackeral: posts small blind $1
krytalex: posts big blind $3
*** HOLE CARDS ***
Mackeral: folds
Uncalled bet ($2) returned to krytalex
krytalex collected $2 from pot
*** SUMMARY ***
Total pot $2 | Rake $0
Seat 1: krytalex (big blind) collected ($2)
Seat 6: Mackeral (button) (small blind) folded before Flop


PokerStars Hand #175536833065:  Hold'em Limit ($3/$6 USD) - 2017/09/12 3:42:19 ET
Table 'Kilia' 6-max Seat #1 is the button
Seat 1: krytalex ($115.86 in chips)
Seat 6: Mackeral ($117.34 in chips)
krytalex: posts small blind $1
Mackeral: posts big blind $3
*** HOLE CARDS ***
krytalex: raises $3 to $6
Mackeral: folds
Uncalled bet ($3) returned to krytalex
krytalex collected $6 from pot
*** SUMMARY ***
Total pot $6 | Rake $0
Seat 1: krytalex (button) (small blind) collected ($6)
Seat 6: Mackeral (big blind) folded before Flop


PokerStars Hand #175537939328:  Hold'em Limit ($3/$6 USD) - 2017/09/12 4:46:26 ET
Table 'Kilia' 6-max Seat #3 is the button
Seat 1: mytuter ($202.22 in chips)
Seat 3: ABATAPP ($176.61 in chips)
ABATAPP: posts small blind $1
mytuter: posts big blind $3
*** HOLE CARDS ***
ABATAPP: raises $3 to $6
mytuter: raises $3 to $9
ABATAPP: calls $3
*** FLOP *** [6s Ks Th]
mytuter: bets $3
ABATAPP: calls $3
*** TURN *** [6s Ks Th] [4s]
mytuter: bets $6
ABATAPP: raises $6 to $12
mytuter: calls $6
*** RIVER *** [6s Ks Th 4s] [3d]
mytuter: checks
ABATAPP: bets $6
mytuter: folds
Uncalled bet ($6) returned to ABATAPP
ABATAPP collected $47.50 from pot
ABATAPP: doesn't show hand
*** SUMMARY ***
Total pot $48 | Rake $0.50
Board [6s Ks Th 4s 3d]
Seat 1: mytuter (big blind) folded on the River
Seat 3: ABATAPP (button) (small blind) collected ($47.50)


PokerStars Hand #175537937012:  Hold'em Limit ($3/$6 USD) - 2017/09/12 4:46:19 ET
Table 'Kilia' 6-max Seat #1 is the button
Seat 1: mytuter ($199.22 in chips)
Seat 3: ABATAPP ($179.61 in chips)
mytuter: posts small blind $1
ABATAPP: posts big blind $3
*** HOLE CARDS ***
jamie2000 leaves the table
mytuter: raises $3 to $6
ABATAPP: folds
Uncalled bet ($3) returned to mytuter
mytuter collected $6 from pot
mytuter: doesn't show hand
*** SUMMARY ***
Total pot $6 | Rake $0
Seat 1: mytuter (button) (small blind) collected ($6)
Seat 3: ABATAPP (big blind) folded before Flop


PokerStars Hand #175537977794:  Hold'em Limit ($3/$6 USD) - 2017/09/12 4:48:31 ET
Table 'Kilia' 6-max Seat #1 is the button
Seat 1: mytuter ($187.33 in chips)
Seat 5: ChawkDee ($86.88 in chips)
mytuter: posts small blind $1
ABATAPP: is sitting out
ChawkDee: posts big blind $3
*** HOLE CARDS ***
mytuter: raises $3 to $6
ChawkDee: calls $3
*** FLOP *** [4d 6h Ts]
ChawkDee: checks
ABATAPP leaves the table
mytuter: bets $3
ChawkDee: calls $3
*** TURN *** [4d 6h Ts] [3h]
ChawkDee: checks
mytuter: checks
*** RIVER *** [4d 6h Ts 3h] [Qs]
ChawkDee: checks
mytuter: checks
*** SHOW DOWN ***
ChawkDee: shows [8d Td] (a pair of Tens)
mytuter: mucks hand
ChawkDee collected $17.64 from pot
*** SUMMARY ***
Total pot $18 | Rake $0.36
Board [4d 6h Ts 3h Qs]
Seat 1: mytuter (button) (small blind) mucked
Seat 5: ChawkDee (big blind) showed [8d Td] and won ($17.64) with a pair of Tens


PokerStars Hand #175537993709:  Hold'em Limit ($3/$6 USD) - 2017/09/12 4:49:23 ET
Table 'Kilia' 6-max Seat #5 is the button
Seat 1: mytuter ($207.35 in chips)
Seat 5: ChawkDee ($65.52 in chips)
ChawkDee: posts small blind $1
mytuter: posts big blind $3
*** HOLE CARDS ***
ChawkDee: raises $3 to $6
mytuter: raises $3 to $9
ChawkDee: calls $3
*** FLOP *** [4h 9h 9c]
mytuter: bets $3
ChawkDee: calls $3
*** TURN *** [4h 9h 9c] [3d]
mytuter: checks
ChawkDee: checks
*** RIVER *** [4h 9h 9c 3d] [Ks]
mytuter: checks
ChawkDee: checks
*** SHOW DOWN ***
mytuter: shows [Jd Qc] (a pair of Nines)
ChawkDee: shows [5d Ac] (a pair of Nines - Ace kicker)
ChawkDee collected $23.52 from pot
*** SUMMARY ***
Total pot $24 | Rake $0.48
Board [4h 9h 9c 3d Ks]
Seat 1: mytuter (big blind) showed [Jd Qc] and lost with a pair of Nines
Seat 5: ChawkDee (button) (small blind) showed [5d Ac] and won ($23.52) with a pair of Nines


PokerStars Hand #175537989370:  Hold'em Limit ($3/$6 USD) - 2017/09/12 4:49:09 ET
Table 'Kilia' 6-max Seat #1 is the button
Seat 1: mytuter ($195.83 in chips)
Seat 5: ChawkDee ($77.52 in chips)
mytuter: posts small blind $1
ChawkDee: posts big blind $3
*** HOLE CARDS ***
mytuter: raises $3 to $6
ChawkDee: raises $3 to $9
mytuter: calls $3
*** FLOP *** [Kh 5c 5h]
ChawkDee: bets $3
mytuter: raises $3 to $6
ChawkDee: folds
Uncalled bet ($3) returned to mytuter
mytuter collected $23.52 from pot
mytuter: doesn't show hand
*** SUMMARY ***
Total pot $24 | Rake $0.48
Board [Kh 5c 5h]
Seat 1: mytuter (button) (small blind) collected ($23.52)
Seat 5: ChawkDee (big blind) folded on the Flop


PokerStars Hand #175537999111:  Hold'em Limit ($3/$6 USD) - 2017/09/12 4:49:40 ET
Table 'Kilia' 6-max Seat #1 is the button
Seat 1: mytuter ($195.35 in chips)
Seat 5: ChawkDee ($77.04 in chips)
mytuter: posts small blind $1
ChawkDee: posts big blind $3
*** HOLE CARDS ***
mytuter: raises $3 to $6
ChawkDee: calls $3
*** FLOP *** [9h 6d Jh]
ChawkDee: checks
mytuter: bets $3
ChawkDee: calls $3
*** TURN *** [9h 6d Jh] [Qc]
ChawkDee: checks
mytuter: checks
*** RIVER *** [9h 6d Jh Qc] [Ah]
ChawkDee: bets $6
mytuter: folds
Uncalled bet ($6) returned to ChawkDee
ChawkDee collected $17.64 from pot
ChawkDee: doesn't show hand
*** SUMMARY ***
Total pot $18 | Rake $0.36
Board [9h 6d Jh Qc Ah]
Seat 1: mytuter (button) (small blind) folded on the River
Seat 5: ChawkDee (big blind) collected ($17.64)


PokerStars Hand #175537983541:  Hold'em Limit ($3/$6 USD) - 2017/09/12 4:48:50 ET
Table 'Kilia' 6-max Seat #5 is the button
Seat 1: mytuter ($178.33 in chips)
Seat 5: ChawkDee ($95.52 in chips)
ChawkDee: posts small blind $1
mytuter: posts big blind $3
*** HOLE CARDS ***
ChawkDee: raises $3 to $6
mytuter: raises $3 to $9
ChawkDee: calls $3
*** FLOP *** [7s 7c Qs]
mytuter: bets $3
ChawkDee: calls $3
*** TURN *** [7s 7c Qs] [Td]
mytuter: bets $6
ChawkDee: calls $6
*** RIVER *** [7s 7c Qs Td] [8s]
mytuter: bets $6
ChawkDee: folds
Uncalled bet ($6) returned to mytuter
mytuter collected $35.50 from pot
mytuter: doesn't show hand
*** SUMMARY ***
Total pot $36 | Rake $0.50
Board [7s 7c Qs Td 8s]
Seat 1: mytuter (big blind) collected ($35.50)
Seat 5: ChawkDee (button) (small blind) folded on the River


PokerStars Hand #175538004845:  Hold'em Limit ($3/$6 USD) - 2017/09/12 4:49:58 ET
Table 'Kilia' 6-max Seat #5 is the button
Seat 1: mytuter ($186.35 in chips)
Seat 5: ChawkDee ($85.68 in chips)
ChawkDee: posts small blind $1
mytuter: posts big blind $3
*** HOLE CARDS ***
ChawkDee: raises $3 to $6
mytuter: raises $3 to $9
ChawkDee: calls $3
*** FLOP *** [Th 3s 5c]
mytuter: bets $3
ChawkDee: calls $3
*** TURN *** [Th 3s 5c] [Ah]
mytuter: bets $6
ChawkDee: calls $6
*** RIVER *** [Th 3s 5c Ah] [2h]
mytuter: checks
ChawkDee: bets $6
mytuter: folds
Uncalled bet ($6) returned to ChawkDee
ChawkDee collected $35.50 from pot
ChawkDee: doesn't show hand
*** SUMMARY ***
Total pot $36 | Rake $0.50
Board [Th 3s 5c Ah 2h]
Seat 1: mytuter (big blind) folded on the River
Seat 5: ChawkDee (button) (small blind) collected ($35.50)


PokerStars Hand #175538016798:  Hold'em Limit ($3/$6 USD) - 2017/09/12 4:50:37 ET
Table 'Kilia' 6-max Seat #1 is the button
Seat 1: mytuter ($175.11 in chips)
Seat 5: ChawkDee ($96.18 in chips)
mytuter: posts small blind $1
ChawkDee: posts big blind $3
*** HOLE CARDS ***
mytuter: raises $3 to $6
ChawkDee: folds
Uncalled bet ($3) returned to mytuter
mytuter collected $6 from pot
mytuter: doesn't show hand
*** SUMMARY ***
Total pot $6 | Rake $0
Seat 1: mytuter (button) (small blind) collected ($6)
Seat 5: ChawkDee (big blind) folded before Flop


PokerStars Hand #175538014863:  Hold'em Limit ($3/$6 USD) - 2017/09/12 4:50:30 ET
Table 'Kilia' 6-max Seat #5 is the button
Seat 1: mytuter ($174.11 in chips)
Seat 5: ChawkDee ($97.18 in chips)
ChawkDee: posts small blind $1
mytuter: posts big blind $3
*** HOLE CARDS ***
ChawkDee: folds
Uncalled bet ($2) returned to mytuter
mytuter collected $2 from pot
mytuter: doesn't show hand
*** SUMMARY ***
Total pot $2 | Rake $0
Seat 1: mytuter (big blind) collected ($2)
Seat 5: ChawkDee (button) (small blind) folded before Flop


PokerStars Hand #175538011120:  Hold'em Limit ($3/$6 USD) - 2017/09/12 4:50:18 ET
Table 'Kilia' 6-max Seat #1 is the button
Seat 1: mytuter ($168.35 in chips)
Seat 5: ChawkDee ($103.18 in chips)
mytuter: posts small blind $1
ChawkDee: posts big blind $3
*** HOLE CARDS ***
mytuter: raises $3 to $6
ChawkDee: calls $3
*** FLOP *** [2h Td 5h]
ChawkDee: checks
mytuter: bets $3
ChawkDee: folds
Uncalled bet ($3) returned to mytuter
mytuter collected $11.76 from pot
mytuter: doesn't show hand
*** SUMMARY ***
Total pot $12 | Rake $0.24
Board [2h Td 5h]
Seat 1: mytuter (button) (small blind) collected ($11.76)
Seat 5: ChawkDee (big blind) folded on the Flop


PokerStars Hand #175538018972:  Hold'em Limit ($3/$6 USD) - 2017/09/12 4:50:44 ET
Table 'Kilia' 6-max Seat #5 is the button
Seat 1: mytuter ($178.11 in chips)
Seat 5: ChawkDee ($93.18 in chips)
ChawkDee: posts small blind $1
mytuter: posts big blind $3
*** HOLE CARDS ***
ChawkDee: folds
Uncalled bet ($2) returned to mytuter
mytuter collected $2 from pot
mytuter: doesn't show hand
*** SUMMARY ***
Total pot $2 | Rake $0
Seat 1: mytuter (big blind) collected ($2)
Seat 5: ChawkDee (button) (small blind) folded before Flop


PokerStars Hand #175538029608:  Hold'em Limit ($3/$6 USD) - 2017/09/12 4:51:18 ET
Table 'Kilia' 6-max Seat #1 is the button
Seat 1: mytuter ($190.61 in chips)
Seat 5: ChawkDee ($80.18 in chips)
mytuter: posts small blind $1
ChawkDee: posts big blind $3
*** HOLE CARDS ***
mytuter: raises $3 to $6
ChawkDee: raises $3 to $9
mytuter: calls $3
*** FLOP *** [Th 3d Ks]
ChawkDee: bets $3
mytuter: folds
Uncalled bet ($3) returned to ChawkDee
ChawkDee collected $17.64 from pot
ChawkDee: doesn't show hand
*** SUMMARY ***
Total pot $18 | Rake $0.36
Board [Th 3d Ks]
Seat 1: mytuter (button) (small blind) folded on the Flop
Seat 5: ChawkDee (big blind) collected ($17.64)


PokerStars Hand #175538032870:  Hold'em Limit ($3/$6 USD) - 2017/09/12 4:51:28 ET
Table 'Kilia' 6-max Seat #5 is the button
Seat 1: mytuter ($181.61 in chips)
Seat 5: ChawkDee ($88.82 in chips)
ChawkDee: posts small blind $1
mytuter: posts big blind $3
*** HOLE CARDS ***
ChawkDee: raises $3 to $6
mytuter: raises $3 to $9
ChawkDee: calls $3
*** FLOP *** [2d 4h 8d]
mytuter: bets $3
ChawkDee: calls $3
*** TURN *** [2d 4h 8d] [9d]
mytuter: checks
ChawkDee: bets $6
mytuter: calls $6
*** RIVER *** [2d 4h 8d 9d] [7c]
mytuter: checks
ChawkDee: checks
*** SHOW DOWN ***
mytuter: shows [Qh Th] (high card Queen)
ChawkDee: shows [Ac Ts] (high card Ace)
ChawkDee collected $35.50 from pot
*** SUMMARY ***
Total pot $36 | Rake $0.50
Board [2d 4h 8d 9d 7c]
Seat 1: mytuter (big blind) showed [Qh Th] and lost with high card Queen
Seat 5: ChawkDee (button) (small blind) showed [Ac Ts] and won ($35.50) with high card Ace


PokerStars Hand #175538020544:  Hold'em Limit ($3/$6 USD) - 2017/09/12 4:50:49 ET
Table 'Kilia' 6-max Seat #1 is the button
Seat 1: mytuter ($179.11 in chips)
Seat 5: ChawkDee ($92.18 in chips)
mytuter: posts small blind $1
ChawkDee: posts big blind $3
*** HOLE CARDS ***
mytuter: raises $3 to $6
ChawkDee: calls $3
*** FLOP *** [8c Ac Qs]
ChawkDee: checks
mytuter: bets $3
ChawkDee: calls $3
*** TURN *** [8c Ac Qs] [4h]
ChawkDee: checks
mytuter: bets $6
ChawkDee: calls $6
*** RIVER *** [8c Ac Qs 4h] [7c]
ChawkDee: checks
mytuter: bets $6
ChawkDee: folds
Uncalled bet ($6) returned to mytuter
mytuter collected $29.50 from pot
mytuter: doesn't show hand
*** SUMMARY ***
Total pot $30 | Rake $0.50
Board [8c Ac Qs 4h 7c]
Seat 1: mytuter (button) (small blind) collected ($29.50)
Seat 5: ChawkDee (big blind) folded on the River


PokerStars Hand #175538039541:  Hold'em Limit ($3/$6 USD) - 2017/09/12 4:51:50 ET
Table 'Kilia' 6-max Seat #1 is the button
Seat 1: mytuter ($163.61 in chips)
Seat 5: ChawkDee ($106.32 in chips)
mytuter: posts small blind $1
ChawkDee: posts big blind $3
*** HOLE CARDS ***
mytuter: raises $3 to $6
ChawkDee: calls $3
*** FLOP *** [5d Qs 5s]
ChawkDee: checks
mytuter: bets $3
ChawkDee: folds
Uncalled bet ($3) returned to mytuter
mytuter collected $11.76 from pot
mytuter: doesn't show hand
*** SUMMARY ***
Total pot $12 | Rake $0.24
Board [5d Qs 5s]
Seat 1: mytuter (button) (small blind) collected ($11.76)
Seat 5: ChawkDee (big blind) folded on the Flop


PokerStars Hand #175538027794:  Hold'em Limit ($3/$6 USD) - 2017/09/12 4:51:12 ET
Table 'Kilia' 6-max Seat #5 is the button
Seat 1: mytuter ($193.61 in chips)
Seat 5: ChawkDee ($77.18 in chips)
ChawkDee: posts small blind $1
mytuter: posts big blind $3
*** HOLE CARDS ***
ChawkDee: raises $3 to $6
mytuter: folds
Uncalled bet ($3) returned to ChawkDee
ChawkDee collected $6 from pot
ChawkDee: doesn't show hand
*** SUMMARY ***
Total pot $6 | Rake $0
Seat 1: mytuter (big blind) folded before Flop
Seat 5: ChawkDee (button) (small blind) collected ($6)


PokerStars Hand #175538049672:  Hold'em Limit ($3/$6 USD) - 2017/09/12 4:52:22 ET
Table 'Kilia' 6-max Seat #1 is the button
Seat 1: mytuter ($170.37 in chips)
Seat 5: ChawkDee ($99.32 in chips)
mytuter: posts small blind $1
ChawkDee: posts big blind $3
*** HOLE CARDS ***
mytuter: raises $3 to $6
ChawkDee: calls $3
*** FLOP *** [4d Ah 5s]
ChawkDee: checks
mytuter: bets $3
ChawkDee: raises $3 to $6
mytuter: calls $3
*** TURN *** [4d Ah 5s] [Kh]
ChawkDee: bets $6
mytuter: calls $6
*** RIVER *** [4d Ah 5s Kh] [2s]
ChawkDee: checks
mytuter: checks
*** SHOW DOWN ***
ChawkDee: shows [5c Tc] (a pair of Fives)
mytuter: shows [Qd Qh] (a pair of Queens)
mytuter collected $35.50 from pot
Rus29APX joins the table at seat #6
*** SUMMARY ***
Total pot $36 | Rake $0.50
Board [4d Ah 5s Kh 2s]
Seat 1: mytuter (button) (small blind) showed [Qd Qh] and won ($35.50) with a pair of Queens
Seat 5: ChawkDee (big blind) showed [5c Tc] and lost with a pair of Fives


PokerStars Hand #175538047947:  Hold'em Limit ($3/$6 USD) - 2017/09/12 4:52:17 ET
Table 'Kilia' 6-max Seat #5 is the button
Seat 1: mytuter ($169.37 in chips)
Seat 5: ChawkDee ($100.32 in chips)
ChawkDee: posts small blind $1
mytuter: posts big blind $3
*** HOLE CARDS ***
ChawkDee: folds
Uncalled bet ($2) returned to mytuter
mytuter collected $2 from pot
mytuter: doesn't show hand
*** SUMMARY ***
Total pot $2 | Rake $0
Seat 1: mytuter (big blind) collected ($2)
Seat 5: ChawkDee (button) (small blind) folded before Flop


PokerStars Hand #175538045520:  Hold'em Limit ($3/$6 USD) - 2017/09/12 4:52:09 ET
Table 'Kilia' 6-max Seat #1 is the button
Seat 1: mytuter ($166.37 in chips)
Seat 5: ChawkDee ($103.32 in chips)
mytuter: posts small blind $1
ChawkDee: posts big blind $3
*** HOLE CARDS ***
mytuter: raises $3 to $6
ChawkDee: folds
Uncalled bet ($3) returned to mytuter
mytuter collected $6 from pot
mytuter: doesn't show hand
*** SUMMARY ***
Total pot $6 | Rake $0
Seat 1: mytuter (button) (small blind) collected ($6)
Seat 5: ChawkDee (big blind) folded before Flop


PokerStars Hand #175538043673:  Hold'em Limit ($3/$6 USD) - 2017/09/12 4:52:03 ET
Table 'Kilia' 6-max Seat #5 is the button
Seat 1: mytuter ($169.37 in chips)
Seat 5: ChawkDee ($100.32 in chips)
ChawkDee: posts small blind $1
mytuter: posts big blind $3
*** HOLE CARDS ***
ChawkDee: raises $3 to $6
mytuter: folds
Uncalled bet ($3) returned to ChawkDee
ChawkDee collected $6 from pot
ChawkDee: doesn't show hand
*** SUMMARY ***
Total pot $6 | Rake $0
Seat 1: mytuter (big blind) folded before Flop
Seat 5: ChawkDee (button) (small blind) collected ($6)


PokerStars Hand #175538216540:  Hold'em Limit ($3/$6 USD) - 2017/09/12 5:01:45 ET
Table 'Kilia' 6-max Seat #6 is the button
Seat 5: ChawkDee ($267.80 in chips)
Seat 6: Rus29APX ($112.74 in chips)
Rus29APX: posts small blind $1
ChawkDee: posts big blind $3
*** HOLE CARDS ***
Rus29APX: raises $3 to $6
ChawkDee: folds
Uncalled bet ($3) returned to Rus29APX
Rus29APX collected $6 from pot
Rus29APX: doesn't show hand
*** SUMMARY ***
Total pot $6 | Rake $0
Seat 5: ChawkDee (big blind) folded before Flop
Seat 6: Rus29APX (button) (small blind) collected ($6)


PokerStars Hand #175538219418:  Hold'em Limit ($3/$6 USD) - 2017/09/12 5:01:54 ET
Table 'Kilia' 6-max Seat #5 is the button
Seat 5: ChawkDee ($264.80 in chips)
Seat 6: Rus29APX ($115.74 in chips)
ChawkDee: posts small blind $1
Rus29APX: posts big blind $3
*** HOLE CARDS ***
ChawkDee: folds
Uncalled bet ($2) returned to Rus29APX
Rus29APX collected $2 from pot
Rus29APX: doesn't show hand
*** SUMMARY ***
Total pot $2 | Rake $0
Seat 5: ChawkDee (button) (small blind) folded before Flop
Seat 6: Rus29APX (big blind) collected ($2)


