PokerStars Hand #157277448010:  Hold'em Limit ($3/$6 USD) - 2016/08/14 15:49:28 ET
Table 'Kilia II' 6-max Seat #3 is the button
Seat 3: poooohpooh ($95 in chips)
Seat 4: AzureCaper ($96.50 in chips)
poooohpooh: posts small blind $1
AzureCaper: posts big blind $3
*** HOLE CARDS ***
poooohpooh: folds
Uncalled bet ($2) returned to AzureCaper
AzureCaper collected $2 from pot
AzureCaper: doesn't show hand
*** SUMMARY ***
Total pot $2 | Rake $0
Seat 3: poooohpooh (button) (small blind) folded before Flop
Seat 4: AzureCaper (big blind) collected ($2)


PokerStars Hand #157277433025:  Hold'em Limit ($3/$6 USD) - 2016/08/14 15:49:09 ET
Table 'Kilia II' 6-max Seat #4 is the button
Seat 3: poooohpooh ($119 in chips)
Seat 4: AzureCaper ($73 in chips)
AzureCaper: posts small blind $1
poooohpooh: posts big blind $3
*** HOLE CARDS ***
AzureCaper: raises $3 to $6
poooohpooh: raises $3 to $9
AzureCaper: calls $3
*** FLOP *** [5s 7c 8c]
poooohpooh: bets $3
AzureCaper: calls $3
*** TURN *** [5s 7c 8c] [Ah]
poooohpooh: bets $6
AzureCaper: calls $6
*** RIVER *** [5s 7c 8c Ah] [4c]
poooohpooh: bets $6
AzureCaper: calls $6
*** SHOW DOWN ***
poooohpooh: shows [9d Qh] (high card Ace)
AzureCaper: shows [8h Jc] (a pair of Eights)
AzureCaper collected $47.50 from pot
*** SUMMARY ***
Total pot $48 | Rake $0.50
Board [5s 7c 8c Ah 4c]
Seat 3: poooohpooh (big blind) showed [9d Qh] and lost with high card Ace
Seat 4: AzureCaper (button) (small blind) showed [8h Jc] and won ($47.50) with a pair of Eights


PokerStars Hand #157277481598:  Hold'em Limit ($3/$6 USD) - 2016/08/14 15:50:10 ET
Table 'Kilia II' 6-max Seat #3 is the button
Seat 3: poooohpooh ($58 in chips)
Seat 4: AzureCaper ($133 in chips)
poooohpooh: posts small blind $1
AzureCaper: posts big blind $3
*** HOLE CARDS ***
poooohpooh: raises $3 to $6
AzureCaper: calls $3
*** FLOP *** [7h 6h As]
AzureCaper: checks
poooohpooh: bets $3
AzureCaper: calls $3
*** TURN *** [7h 6h As] [8d]
AzureCaper: checks
poooohpooh: bets $6
AzureCaper: calls $6
*** RIVER *** [7h 6h As 8d] [Ah]
AzureCaper: checks
poooohpooh: checks
*** SHOW DOWN ***
AzureCaper: shows [5s 7s] (two pair, Aces and Sevens)
poooohpooh: shows [Jd 7d] (two pair, Aces and Sevens - Jack kicker)
poooohpooh collected $29.50 from pot
*** SUMMARY ***
Total pot $30 | Rake $0.50
Board [7h 6h As 8d Ah]
Seat 3: poooohpooh (button) (small blind) showed [Jd 7d] and won ($29.50) with two pair, Aces and Sevens
Seat 4: AzureCaper (big blind) showed [5s 7s] and lost with two pair, Aces and Sevens


PokerStars Hand #157277452353:  Hold'em Limit ($3/$6 USD) - 2016/08/14 15:49:33 ET
Table 'Kilia II' 6-max Seat #4 is the button
Seat 3: poooohpooh ($94 in chips)
Seat 4: AzureCaper ($97.50 in chips)
AzureCaper: posts small blind $1
poooohpooh: posts big blind $3
*** HOLE CARDS ***
AzureCaper: raises $3 to $6
poooohpooh: raises $3 to $9
AzureCaper: raises $3 to $12
Betting is capped
poooohpooh: calls $3
*** FLOP *** [5d Ks Kc]
poooohpooh: bets $3
AzureCaper: raises $3 to $6
poooohpooh: calls $3
*** TURN *** [5d Ks Kc] [3s]
poooohpooh: bets $6
AzureCaper: raises $6 to $12
poooohpooh: calls $6
*** RIVER *** [5d Ks Kc 3s] [Js]
poooohpooh: checks
AzureCaper: bets $6
poooohpooh: calls $6
*** SHOW DOWN ***
AzureCaper: shows [Qh Qc] (two pair, Kings and Queens)
poooohpooh: mucks hand
AzureCaper collected $71.50 from pot
*** SUMMARY ***
Total pot $72 | Rake $0.50
Board [5d Ks Kc 3s Js]
Seat 3: poooohpooh (big blind) mucked
Seat 4: AzureCaper (button) (small blind) showed [Qh Qc] and won ($71.50) with two pair, Kings and Queens


PokerStars Hand #157277536707:  Hold'em Limit ($3/$6 USD) - 2016/08/14 15:51:18 ET
Table 'Kilia II' 6-max Seat #4 is the button
Seat 3: poooohpooh ($57.50 in chips)
Seat 4: AzureCaper ($132.52 in chips)
AzureCaper: posts small blind $1
poooohpooh: posts big blind $3
*** HOLE CARDS ***
AzureCaper: raises $3 to $6
poooohpooh: raises $3 to $9
AzureCaper: calls $3
*** FLOP *** [4h Th 2s]
poooohpooh: bets $3
AzureCaper: calls $3
*** TURN *** [4h Th 2s] [Qh]
poooohpooh: bets $6
AzureCaper: calls $6
*** RIVER *** [4h Th 2s Qh] [Qd]
poooohpooh: checks
AzureCaper: checks
*** SHOW DOWN ***
poooohpooh: shows [9h Ks] (a pair of Queens)
AzureCaper: shows [3c Ad] (a pair of Queens - Ace kicker)
AzureCaper collected $35.50 from pot
*** SUMMARY ***
Total pot $36 | Rake $0.50
Board [4h Th 2s Qh Qd]
Seat 3: poooohpooh (big blind) showed [9h Ks] and lost with a pair of Queens
Seat 4: AzureCaper (button) (small blind) showed [3c Ad] and won ($35.50) with a pair of Queens


PokerStars Hand #157277533168:  Hold'em Limit ($3/$6 USD) - 2016/08/14 15:51:14 ET
Table 'Kilia II' 6-max Seat #3 is the button
Seat 3: poooohpooh ($58.50 in chips)
Seat 4: AzureCaper ($131.52 in chips)
poooohpooh: posts small blind $1
AzureCaper: posts big blind $3
*** HOLE CARDS ***
poooohpooh: folds
Uncalled bet ($2) returned to AzureCaper
AzureCaper collected $2 from pot
AzureCaper: doesn't show hand
*** SUMMARY ***
Total pot $2 | Rake $0
Seat 3: poooohpooh (button) (small blind) folded before Flop
Seat 4: AzureCaper (big blind) collected ($2)


PokerStars Hand #157277527563:  Hold'em Limit ($3/$6 USD) - 2016/08/14 15:51:07 ET
Table 'Kilia II' 6-max Seat #4 is the button
Seat 3: poooohpooh ($57.50 in chips)
Seat 4: AzureCaper ($132.52 in chips)
AzureCaper: posts small blind $1
poooohpooh: posts big blind $3
*** HOLE CARDS ***
AzureCaper: folds
Uncalled bet ($2) returned to poooohpooh
poooohpooh collected $2 from pot
poooohpooh: doesn't show hand
*** SUMMARY ***
Total pot $2 | Rake $0
Seat 3: poooohpooh (big blind) collected ($2)
Seat 4: AzureCaper (button) (small blind) folded before Flop


PokerStars Hand #157277523994:  Hold'em Limit ($3/$6 USD) - 2016/08/14 15:51:02 ET
Table 'Kilia II' 6-max Seat #3 is the button
Seat 3: poooohpooh ($58.50 in chips)
Seat 4: AzureCaper ($131.52 in chips)
poooohpooh: posts small blind $1
AzureCaper: posts big blind $3
*** HOLE CARDS ***
poooohpooh: folds
Uncalled bet ($2) returned to AzureCaper
AzureCaper collected $2 from pot
AzureCaper: doesn't show hand
*** SUMMARY ***
Total pot $2 | Rake $0
Seat 3: poooohpooh (button) (small blind) folded before Flop
Seat 4: AzureCaper (big blind) collected ($2)


PokerStars Hand #157277519134:  Hold'em Limit ($3/$6 USD) - 2016/08/14 15:50:56 ET
Table 'Kilia II' 6-max Seat #4 is the button
Seat 3: poooohpooh ($61.50 in chips)
Seat 4: AzureCaper ($128.52 in chips)
AzureCaper: posts small blind $1
poooohpooh: posts big blind $3
*** HOLE CARDS ***
AzureCaper: raises $3 to $6
poooohpooh: folds
Uncalled bet ($3) returned to AzureCaper
AzureCaper collected $6 from pot
AzureCaper: doesn't show hand
*** SUMMARY ***
Total pot $6 | Rake $0
Seat 3: poooohpooh (big blind) folded before Flop
Seat 4: AzureCaper (button) (small blind) collected ($6)


PokerStars Hand #157277503868:  Hold'em Limit ($3/$6 USD) - 2016/08/14 15:50:37 ET
Table 'Kilia II' 6-max Seat #3 is the button
Seat 3: poooohpooh ($73.50 in chips)
Seat 4: AzureCaper ($117 in chips)
poooohpooh: posts small blind $1
AzureCaper: posts big blind $3
*** HOLE CARDS ***
poooohpooh: raises $3 to $6
AzureCaper: calls $3
*** FLOP *** [Qs 9h 3h]
AzureCaper: checks
poooohpooh: checks
*** TURN *** [Qs 9h 3h] [8s]
AzureCaper: bets $6
poooohpooh: calls $6
*** RIVER *** [Qs 9h 3h 8s] [8c]
AzureCaper: bets $6
poooohpooh: folds
Uncalled bet ($6) returned to AzureCaper
AzureCaper collected $23.52 from pot
AzureCaper: doesn't show hand
*** SUMMARY ***
Total pot $24 | Rake $0.48
Board [Qs 9h 3h 8s 8c]
Seat 3: poooohpooh (button) (small blind) folded on the River
Seat 4: AzureCaper (big blind) collected ($23.52)


PokerStars Hand #157277497080:  Hold'em Limit ($3/$6 USD) - 2016/08/14 15:50:29 ET
Table 'Kilia II' 6-max Seat #4 is the button
Seat 3: poooohpooh ($72.50 in chips)
Seat 4: AzureCaper ($118 in chips)
AzureCaper: posts small blind $1
poooohpooh: posts big blind $3
*** HOLE CARDS ***
AzureCaper: folds
Uncalled bet ($2) returned to poooohpooh
poooohpooh collected $2 from pot
poooohpooh: doesn't show hand
*** SUMMARY ***
Total pot $2 | Rake $0
Seat 3: poooohpooh (big blind) collected ($2)
Seat 4: AzureCaper (button) (small blind) folded before Flop


PokerStars Hand #157277585010:  Hold'em Limit ($3/$6 USD) - 2016/08/14 15:52:18 ET
Table 'Kilia II' 6-max Seat #3 is the button
Seat 3: poooohpooh ($41.26 in chips)
Seat 4: AzureCaper ($147.78 in chips)
poooohpooh: posts small blind $1
AzureCaper: posts big blind $3
*** HOLE CARDS ***
poooohpooh: raises $3 to $6
AzureCaper: folds
Uncalled bet ($3) returned to poooohpooh
poooohpooh collected $6 from pot
poooohpooh: doesn't show hand
*** SUMMARY ***
Total pot $6 | Rake $0
Seat 3: poooohpooh (button) (small blind) collected ($6)
Seat 4: AzureCaper (big blind) folded before Flop


PokerStars Hand #157277580468:  Hold'em Limit ($3/$6 USD) - 2016/08/14 15:52:13 ET
Table 'Kilia II' 6-max Seat #4 is the button
Seat 3: poooohpooh ($40.26 in chips)
Seat 4: AzureCaper ($148.78 in chips)
AzureCaper: posts small blind $1
poooohpooh: posts big blind $3
*** HOLE CARDS ***
AzureCaper: folds
Uncalled bet ($2) returned to poooohpooh
poooohpooh collected $2 from pot
poooohpooh: doesn't show hand
*** SUMMARY ***
Total pot $2 | Rake $0
Seat 3: poooohpooh (big blind) collected ($2)
Seat 4: AzureCaper (button) (small blind) folded before Flop


PokerStars Hand #157277572815:  Hold'em Limit ($3/$6 USD) - 2016/08/14 15:52:03 ET
Table 'Kilia II' 6-max Seat #3 is the button
Seat 3: poooohpooh ($34.50 in chips)
Seat 4: AzureCaper ($154.78 in chips)
poooohpooh: posts small blind $1
AzureCaper: posts big blind $3
*** HOLE CARDS ***
poooohpooh: raises $3 to $6
AzureCaper: calls $3
*** FLOP *** [3d 4h 2s]
AzureCaper: checks
poooohpooh: bets $3
AzureCaper: folds
Uncalled bet ($3) returned to poooohpooh
poooohpooh collected $11.76 from pot
poooohpooh: doesn't show hand
*** SUMMARY ***
Total pot $12 | Rake $0.24
Board [3d 4h 2s]
Seat 3: poooohpooh (button) (small blind) collected ($11.76)
Seat 4: AzureCaper (big blind) folded on the Flop


PokerStars Hand #157277565995:  Hold'em Limit ($3/$6 USD) - 2016/08/14 15:51:55 ET
Table 'Kilia II' 6-max Seat #4 is the button
Seat 3: poooohpooh ($33.50 in chips)
Seat 4: AzureCaper ($155.78 in chips)
AzureCaper: posts small blind $1
poooohpooh: posts big blind $3
*** HOLE CARDS ***
AzureCaper: folds
Uncalled bet ($2) returned to poooohpooh
poooohpooh collected $2 from pot
poooohpooh: doesn't show hand
*** SUMMARY ***
Total pot $2 | Rake $0
Seat 3: poooohpooh (big blind) collected ($2)
Seat 4: AzureCaper (button) (small blind) folded before Flop


PokerStars Hand #157277556586:  Hold'em Limit ($3/$6 USD) - 2016/08/14 15:51:43 ET
Table 'Kilia II' 6-max Seat #3 is the button
Seat 3: poooohpooh ($39.50 in chips)
Seat 4: AzureCaper ($150.02 in chips)
poooohpooh: posts small blind $1
AzureCaper: posts big blind $3
*** HOLE CARDS ***
poooohpooh: raises $3 to $6
AzureCaper: calls $3
*** FLOP *** [3c 9c 6h]
AzureCaper: checks
poooohpooh: checks
*** TURN *** [3c 9c 6h] [2h]
AzureCaper: bets $6
poooohpooh: folds
Uncalled bet ($6) returned to AzureCaper
AzureCaper collected $11.76 from pot
AzureCaper: doesn't show hand
*** SUMMARY ***
Total pot $12 | Rake $0.24
Board [3c 9c 6h 2h]
Seat 3: poooohpooh (button) (small blind) folded on the Turn
Seat 4: AzureCaper (big blind) collected ($11.76)


PokerStars Hand #157277553188:  Hold'em Limit ($3/$6 USD) - 2016/08/14 15:51:39 ET
Table 'Kilia II' 6-max Seat #4 is the button
Seat 3: poooohpooh ($38.50 in chips)
Seat 4: AzureCaper ($151.02 in chips)
AzureCaper: posts small blind $1
poooohpooh: posts big blind $3
*** HOLE CARDS ***
AzureCaper: folds
Uncalled bet ($2) returned to poooohpooh
poooohpooh collected $2 from pot
poooohpooh: doesn't show hand
*** SUMMARY ***
Total pot $2 | Rake $0
Seat 3: poooohpooh (big blind) collected ($2)
Seat 4: AzureCaper (button) (small blind) folded before Flop


PokerStars Hand #157277549694:  Hold'em Limit ($3/$6 USD) - 2016/08/14 15:51:34 ET
Table 'Kilia II' 6-max Seat #3 is the button
Seat 3: poooohpooh ($39.50 in chips)
Seat 4: AzureCaper ($150.02 in chips)
poooohpooh: posts small blind $1
AzureCaper: posts big blind $3
*** HOLE CARDS ***
poooohpooh: folds
Uncalled bet ($2) returned to AzureCaper
AzureCaper collected $2 from pot
AzureCaper: doesn't show hand
*** SUMMARY ***
Total pot $2 | Rake $0
Seat 3: poooohpooh (button) (small blind) folded before Flop
Seat 4: AzureCaper (big blind) collected ($2)


PokerStars Hand #157277641480:  Hold'em Limit ($3/$6 USD) - 2016/08/14 15:53:28 ET
Table 'Kilia II' 6-max Seat #3 is the button
Seat 3: poooohpooh ($58.76 in chips)
Seat 4: AzureCaper ($129.42 in chips)
poooohpooh: posts small blind $1
AzureCaper: posts big blind $3
*** HOLE CARDS ***
poooohpooh: raises $3 to $6
AzureCaper: folds
Uncalled bet ($3) returned to poooohpooh
poooohpooh collected $6 from pot
poooohpooh: doesn't show hand
*** SUMMARY ***
Total pot $6 | Rake $0
Seat 3: poooohpooh (button) (small blind) collected ($6)
Seat 4: AzureCaper (big blind) folded before Flop


PokerStars Hand #157277636480:  Hold'em Limit ($3/$6 USD) - 2016/08/14 15:53:22 ET
Table 'Kilia II' 6-max Seat #4 is the button
Seat 3: poooohpooh ($57.76 in chips)
Seat 4: AzureCaper ($130.42 in chips)
AzureCaper: posts small blind $1
poooohpooh: posts big blind $3
*** HOLE CARDS ***
AzureCaper: folds
Uncalled bet ($2) returned to poooohpooh
poooohpooh collected $2 from pot
poooohpooh: doesn't show hand
*** SUMMARY ***
Total pot $2 | Rake $0
Seat 3: poooohpooh (big blind) collected ($2)
Seat 4: AzureCaper (button) (small blind) folded before Flop


PokerStars Hand #157277632046:  Hold'em Limit ($3/$6 USD) - 2016/08/14 15:53:17 ET
Table 'Kilia II' 6-max Seat #3 is the button
Seat 3: poooohpooh ($54.76 in chips)
Seat 4: AzureCaper ($133.42 in chips)
poooohpooh: posts small blind $1
AzureCaper: posts big blind $3
*** HOLE CARDS ***
poooohpooh: raises $3 to $6
AzureCaper: folds
Uncalled bet ($3) returned to poooohpooh
poooohpooh collected $6 from pot
poooohpooh: doesn't show hand
*** SUMMARY ***
Total pot $6 | Rake $0
Seat 3: poooohpooh (button) (small blind) collected ($6)
Seat 4: AzureCaper (big blind) folded before Flop


PokerStars Hand #157277628097:  Hold'em Limit ($3/$6 USD) - 2016/08/14 15:53:12 ET
Table 'Kilia II' 6-max Seat #4 is the button
Seat 3: poooohpooh ($53.76 in chips)
Seat 4: AzureCaper ($134.42 in chips)
AzureCaper: posts small blind $1
poooohpooh: posts big blind $3
*** HOLE CARDS ***
AzureCaper: folds
Uncalled bet ($2) returned to poooohpooh
poooohpooh collected $2 from pot
poooohpooh: doesn't show hand
*** SUMMARY ***
Total pot $2 | Rake $0
Seat 3: poooohpooh (big blind) collected ($2)
Seat 4: AzureCaper (button) (small blind) folded before Flop


PokerStars Hand #157277623763:  Hold'em Limit ($3/$6 USD) - 2016/08/14 15:53:06 ET
Table 'Kilia II' 6-max Seat #3 is the button
Seat 3: poooohpooh ($50.76 in chips)
Seat 4: AzureCaper ($137.42 in chips)
poooohpooh: posts small blind $1
AzureCaper: posts big blind $3
*** HOLE CARDS ***
poooohpooh: raises $3 to $6
AzureCaper: folds
Uncalled bet ($3) returned to poooohpooh
poooohpooh collected $6 from pot
poooohpooh: doesn't show hand
*** SUMMARY ***
Total pot $6 | Rake $0
Seat 3: poooohpooh (button) (small blind) collected ($6)
Seat 4: AzureCaper (big blind) folded before Flop


PokerStars Hand #157277616221:  Hold'em Limit ($3/$6 USD) - 2016/08/14 15:52:57 ET
Table 'Kilia II' 6-max Seat #4 is the button
Seat 3: poooohpooh ($49.76 in chips)
Seat 4: AzureCaper ($138.42 in chips)
AzureCaper: posts small blind $1
poooohpooh: posts big blind $3
*** HOLE CARDS ***
AzureCaper: folds
Uncalled bet ($2) returned to poooohpooh
poooohpooh collected $2 from pot
poooohpooh: doesn't show hand
*** SUMMARY ***
Total pot $2 | Rake $0
Seat 3: poooohpooh (big blind) collected ($2)
Seat 4: AzureCaper (button) (small blind) folded before Flop


PokerStars Hand #157277603990:  Hold'em Limit ($3/$6 USD) - 2016/08/14 15:52:42 ET
Table 'Kilia II' 6-max Seat #3 is the button
Seat 3: poooohpooh ($58.76 in chips)
Seat 4: AzureCaper ($129.78 in chips)
poooohpooh: posts small blind $1
AzureCaper: posts big blind $3
*** HOLE CARDS ***
poooohpooh: raises $3 to $6
AzureCaper: raises $3 to $9
poooohpooh: calls $3
*** FLOP *** [9h As 6c]
AzureCaper: bets $3
poooohpooh: folds
Uncalled bet ($3) returned to AzureCaper
AzureCaper collected $17.64 from pot
AzureCaper: doesn't show hand
*** SUMMARY ***
Total pot $18 | Rake $0.36
Board [9h As 6c]
Seat 3: poooohpooh (button) (small blind) folded on the Flop
Seat 4: AzureCaper (big blind) collected ($17.64)


PokerStars Hand #157277590603:  Hold'em Limit ($3/$6 USD) - 2016/08/14 15:52:25 ET
Table 'Kilia II' 6-max Seat #4 is the button
Seat 3: poooohpooh ($44.26 in chips)
Seat 4: AzureCaper ($144.78 in chips)
AzureCaper: posts small blind $1
poooohpooh: posts big blind $3
*** HOLE CARDS ***
AzureCaper: raises $3 to $6
poooohpooh: calls $3
*** FLOP *** [7c 8d 2d]
poooohpooh: checks
AzureCaper: bets $3
poooohpooh: calls $3
*** TURN *** [7c 8d 2d] [Jh]
poooohpooh: checks
AzureCaper: checks
*** RIVER *** [7c 8d 2d Jh] [8c]
poooohpooh: bets $6
AzureCaper: calls $6
*** SHOW DOWN ***
poooohpooh: shows [7s 4c] (two pair, Eights and Sevens)
AzureCaper: mucks hand
poooohpooh collected $29.50 from pot
*** SUMMARY ***
Total pot $30 | Rake $0.50
Board [7c 8d 2d Jh 8c]
Seat 3: poooohpooh (big blind) showed [7s 4c] and won ($29.50) with two pair, Eights and Sevens
Seat 4: AzureCaper (button) (small blind) mucked


PokerStars Hand #157277685121:  Hold'em Limit ($3/$6 USD) - 2016/08/14 15:54:23 ET
Table 'Kilia II' 6-max Seat #3 is the button
Seat 3: poooohpooh ($47.76 in chips)
Seat 4: AzureCaper ($139.70 in chips)
poooohpooh: posts small blind $1
AzureCaper: posts big blind $3
*** HOLE CARDS ***
poooohpooh: raises $3 to $6
AzureCaper: folds
Uncalled bet ($3) returned to poooohpooh
poooohpooh collected $6 from pot
poooohpooh: doesn't show hand
*** SUMMARY ***
Total pot $6 | Rake $0
Seat 3: poooohpooh (button) (small blind) collected ($6)
Seat 4: AzureCaper (big blind) folded before Flop


PokerStars Hand #157277675395:  Hold'em Limit ($3/$6 USD) - 2016/08/14 15:54:11 ET
Table 'Kilia II' 6-max Seat #4 is the button
Seat 3: poooohpooh ($53.76 in chips)
Seat 4: AzureCaper ($133.94 in chips)
AzureCaper: posts small blind $1
poooohpooh: posts big blind $3
*** HOLE CARDS ***
AzureCaper: raises $3 to $6
poooohpooh: calls $3
*** FLOP *** [6h Qh 7h]
poooohpooh: checks
AzureCaper: bets $3
poooohpooh: folds
Uncalled bet ($3) returned to AzureCaper
AzureCaper collected $11.76 from pot
AzureCaper: doesn't show hand
*** SUMMARY ***
Total pot $12 | Rake $0.24
Board [6h Qh 7h]
Seat 3: poooohpooh (big blind) folded on the Flop
Seat 4: AzureCaper (button) (small blind) collected ($11.76)


PokerStars Hand #157277662633:  Hold'em Limit ($3/$6 USD) - 2016/08/14 15:53:55 ET
Table 'Kilia II' 6-max Seat #3 is the button
Seat 3: poooohpooh ($59.76 in chips)
Seat 4: AzureCaper ($128.18 in chips)
poooohpooh: posts small blind $1
AzureCaper: posts big blind $3
*** HOLE CARDS ***
poooohpooh: raises $3 to $6
AzureCaper: calls $3
*** FLOP *** [3h Ac 8s]
AzureCaper: bets $3
poooohpooh: folds
Uncalled bet ($3) returned to AzureCaper
AzureCaper collected $11.76 from pot
AzureCaper: doesn't show hand
*** SUMMARY ***
Total pot $12 | Rake $0.24
Board [3h Ac 8s]
Seat 3: poooohpooh (button) (small blind) folded on the Flop
Seat 4: AzureCaper (big blind) collected ($11.76)


PokerStars Hand #157277658389:  Hold'em Limit ($3/$6 USD) - 2016/08/14 15:53:49 ET
Table 'Kilia II' 6-max Seat #4 is the button
Seat 3: poooohpooh ($58.76 in chips)
Seat 4: AzureCaper ($129.18 in chips)
AzureCaper: posts small blind $1
poooohpooh: posts big blind $3
*** HOLE CARDS ***
AzureCaper: folds
Uncalled bet ($2) returned to poooohpooh
poooohpooh collected $2 from pot
poooohpooh: doesn't show hand
*** SUMMARY ***
Total pot $2 | Rake $0
Seat 3: poooohpooh (big blind) collected ($2)
Seat 4: AzureCaper (button) (small blind) folded before Flop


PokerStars Hand #157277653258:  Hold'em Limit ($3/$6 USD) - 2016/08/14 15:53:43 ET
Table 'Kilia II' 6-max Seat #3 is the button
Seat 3: poooohpooh ($55.76 in chips)
Seat 4: AzureCaper ($132.18 in chips)
poooohpooh: posts small blind $1
AzureCaper: posts big blind $3
*** HOLE CARDS ***
poooohpooh: raises $3 to $6
AzureCaper: folds
Uncalled bet ($3) returned to poooohpooh
poooohpooh collected $6 from pot
poooohpooh: doesn't show hand
*** SUMMARY ***
Total pot $6 | Rake $0
Seat 3: poooohpooh (button) (small blind) collected ($6)
Seat 4: AzureCaper (big blind) folded before Flop


PokerStars Hand #157277646096:  Hold'em Limit ($3/$6 USD) - 2016/08/14 15:53:34 ET
Table 'Kilia II' 6-max Seat #4 is the button
Seat 3: poooohpooh ($61.76 in chips)
Seat 4: AzureCaper ($126.42 in chips)
AzureCaper: posts small blind $1
poooohpooh: posts big blind $3
*** HOLE CARDS ***
AzureCaper: raises $3 to $6
poooohpooh: calls $3
*** FLOP *** [Tc Ks Ad]
poooohpooh: checks
AzureCaper: bets $3
poooohpooh: folds
Uncalled bet ($3) returned to AzureCaper
AzureCaper collected $11.76 from pot
AzureCaper: doesn't show hand
*** SUMMARY ***
Total pot $12 | Rake $0.24
Board [Tc Ks Ad]
Seat 3: poooohpooh (big blind) folded on the Flop
Seat 4: AzureCaper (button) (small blind) collected ($11.76)


PokerStars Hand #157277730907:  Hold'em Limit ($3/$6 USD) - 2016/08/14 15:55:22 ET
Table 'Kilia II' 6-max Seat #4 is the button
Seat 3: poooohpooh ($65.26 in chips)
Seat 4: AzureCaper ($121.22 in chips)
AzureCaper: posts small blind $1
poooohpooh: posts big blind $3
*** HOLE CARDS ***
AzureCaper: raises $3 to $6
poooohpooh: calls $3
*** FLOP *** [6d Td Tc]
poooohpooh: checks
AzureCaper: bets $3
poooohpooh: folds
Uncalled bet ($3) returned to AzureCaper
AzureCaper collected $11.76 from pot
AzureCaper: doesn't show hand
*** SUMMARY ***
Total pot $12 | Rake $0.24
Board [6d Td Tc]
Seat 3: poooohpooh (big blind) folded on the Flop
Seat 4: AzureCaper (button) (small blind) collected ($11.76)


PokerStars Hand #157277722734:  Hold'em Limit ($3/$6 USD) - 2016/08/14 15:55:10 ET
Table 'Kilia II' 6-max Seat #3 is the button
Seat 3: poooohpooh ($71.26 in chips)
Seat 4: AzureCaper ($115.46 in chips)
poooohpooh: posts small blind $1
AzureCaper: posts big blind $3
*** HOLE CARDS ***
poooohpooh: raises $3 to $6
AzureCaper: calls $3
*** FLOP *** [4s 2c 3h]
AzureCaper: checks
poooohpooh: checks
*** TURN *** [4s 2c 3h] [7s]
AzureCaper: bets $6
poooohpooh: folds
Uncalled bet ($6) returned to AzureCaper
AzureCaper collected $11.76 from pot
AzureCaper: doesn't show hand
*** SUMMARY ***
Total pot $12 | Rake $0.24
Board [4s 2c 3h 7s]
Seat 3: poooohpooh (button) (small blind) folded on the Turn
Seat 4: AzureCaper (big blind) collected ($11.76)


PokerStars Hand #157277713412:  Hold'em Limit ($3/$6 USD) - 2016/08/14 15:54:58 ET
Table 'Kilia II' 6-max Seat #4 is the button
Seat 3: poooohpooh ($77.26 in chips)
Seat 4: AzureCaper ($109.70 in chips)
AzureCaper: posts small blind $1
poooohpooh: posts big blind $3
*** HOLE CARDS ***
AzureCaper: raises $3 to $6
poooohpooh: calls $3
*** FLOP *** [2h 7d Th]
poooohpooh: checks
AzureCaper: bets $3
poooohpooh: folds
Uncalled bet ($3) returned to AzureCaper
AzureCaper collected $11.76 from pot
AzureCaper: doesn't show hand
*** SUMMARY ***
Total pot $12 | Rake $0.24
Board [2h 7d Th]
Seat 3: poooohpooh (big blind) folded on the Flop
Seat 4: AzureCaper (button) (small blind) collected ($11.76)


PokerStars Hand #157277690765:  Hold'em Limit ($3/$6 USD) - 2016/08/14 15:54:30 ET
Table 'Kilia II' 6-max Seat #4 is the button
Seat 3: poooohpooh ($50.76 in chips)
Seat 4: AzureCaper ($136.70 in chips)
AzureCaper: posts small blind $1
poooohpooh: posts big blind $3
*** HOLE CARDS ***
AzureCaper: raises $3 to $6
poooohpooh: calls $3
*** FLOP *** [7d Ks 8h]
poooohpooh: checks
AzureCaper: bets $3
poooohpooh: raises $3 to $6
AzureCaper: calls $3
*** TURN *** [7d Ks 8h] [Qd]
poooohpooh: bets $6
AzureCaper: calls $6
*** RIVER *** [7d Ks 8h Qd] [Kc]
poooohpooh: bets $6
AzureCaper: calls $6
*** SHOW DOWN ***
poooohpooh: shows [Kh 8s] (a full house, Kings full of Eights)
AzureCaper: mucks hand
poooohpooh collected $47.50 from pot
*** SUMMARY ***
Total pot $48 | Rake $0.50
Board [7d Ks 8h Qd Kc]
Seat 3: poooohpooh (big blind) showed [Kh 8s] and won ($47.50) with a full house, Kings full of Eights
Seat 4: AzureCaper (button) (small blind) mucked


PokerStars Hand #157277707597:  Hold'em Limit ($3/$6 USD) - 2016/08/14 15:54:51 ET
Table 'Kilia II' 6-max Seat #3 is the button
Seat 3: poooohpooh ($74.26 in chips)
Seat 4: AzureCaper ($112.70 in chips)
poooohpooh: posts small blind $1
AzureCaper: posts big blind $3
*** HOLE CARDS ***
poooohpooh: raises $3 to $6
AzureCaper: folds
Uncalled bet ($3) returned to poooohpooh
poooohpooh collected $6 from pot
poooohpooh: doesn't show hand
*** SUMMARY ***
Total pot $6 | Rake $0
Seat 3: poooohpooh (button) (small blind) collected ($6)
Seat 4: AzureCaper (big blind) folded before Flop


PokerStars Hand #157277737865:  Hold'em Limit ($3/$6 USD) - 2016/08/14 15:55:34 ET
Table 'Kilia II' 6-max Seat #3 is the button
Seat 3: poooohpooh ($59.26 in chips)
Seat 4: AzureCaper ($126.98 in chips)
poooohpooh: posts small blind $1
AzureCaper: posts big blind $3
*** HOLE CARDS ***
poooohpooh: raises $3 to $6
AzureCaper: calls $3
*** FLOP *** [Qc 9s 9d]
AzureCaper: checks
poooohpooh: checks
*** TURN *** [Qc 9s 9d] [8c]
AzureCaper: bets $6
poooohpooh: raises $6 to $12
AzureCaper: raises $6 to $18
poooohpooh: calls $6
*** RIVER *** [Qc 9s 9d 8c] [3h]
AzureCaper: bets $6
poooohpooh: folds
Uncalled bet ($6) returned to AzureCaper
AzureCaper collected $47.50 from pot
AzureCaper: doesn't show hand
*** SUMMARY ***
Total pot $48 | Rake $0.50
Board [Qc 9s 9d 8c 3h]
Seat 3: poooohpooh (button) (small blind) folded on the River
Seat 4: AzureCaper (big blind) collected ($47.50)


PokerStars Hand #157277748803:  Hold'em Limit ($3/$6 USD) - 2016/08/14 15:55:53 ET
Table 'Kilia II' 6-max Seat #4 is the button
Seat 3: poooohpooh ($35.26 in chips)
Seat 4: AzureCaper ($150.48 in chips)
AzureCaper: posts small blind $1
poooohpooh: posts big blind $3
*** HOLE CARDS ***
AzureCaper: raises $3 to $6
poooohpooh: folds
Uncalled bet ($3) returned to AzureCaper
AzureCaper collected $6 from pot
AzureCaper: doesn't show hand
*** SUMMARY ***
Total pot $6 | Rake $0
Seat 3: poooohpooh (big blind) folded before Flop
Seat 4: AzureCaper (button) (small blind) collected ($6)


PokerStars Hand #157277762003:  Hold'em Limit ($3/$6 USD) - 2016/08/14 15:56:00 ET
Table 'Kilia II' 6-max Seat #3 is the button
Seat 3: poooohpooh ($32.26 in chips)
Seat 4: AzureCaper ($153.48 in chips)
poooohpooh: posts small blind $1
AzureCaper: posts big blind $3
*** HOLE CARDS ***
poooohpooh: raises $3 to $6
AzureCaper: calls $3
*** FLOP *** [8s 4c Qc]
AzureCaper: checks
poooohpooh: checks
*** TURN *** [8s 4c Qc] [8h]
AzureCaper: bets $6
poooohpooh: calls $6
*** RIVER *** [8s 4c Qc 8h] [2c]
AzureCaper: bets $6
poooohpooh: calls $6
*** SHOW DOWN ***
AzureCaper: shows [Ac 4h] (two pair, Eights and Fours)
poooohpooh: mucks hand
AzureCaper collected $35.50 from pot
*** SUMMARY ***
Total pot $36 | Rake $0.50
Board [8s 4c Qc 8h 2c]
Seat 3: poooohpooh (button) (small blind) mucked
Seat 4: AzureCaper (big blind) showed [Ac 4h] and won ($35.50) with two pair, Eights and Fours


PokerStars Hand #157277777122:  Hold'em Limit ($3/$6 USD) - 2016/08/14 15:56:26 ET
Table 'Kilia II' 6-max Seat #4 is the button
Seat 3: poooohpooh ($14.26 in chips)
Seat 4: AzureCaper ($170.98 in chips)
AzureCaper: posts small blind $1
poooohpooh: posts big blind $3
*** HOLE CARDS ***
AzureCaper: folds
Uncalled bet ($2) returned to poooohpooh
poooohpooh collected $2 from pot
poooohpooh: doesn't show hand
*** SUMMARY ***
Total pot $2 | Rake $0
Seat 3: poooohpooh (big blind) collected ($2)
Seat 4: AzureCaper (button) (small blind) folded before Flop


PokerStars Hand #157277780671:  Hold'em Limit ($3/$6 USD) - 2016/08/14 15:56:33 ET
Table 'Kilia II' 6-max Seat #3 is the button
Seat 3: poooohpooh ($78.22 in chips)
Seat 4: AzureCaper ($169.98 in chips)
poooohpooh: posts small blind $1
AzureCaper: posts big blind $3
*** HOLE CARDS ***
poooohpooh: raises $3 to $6
AzureCaper: calls $3
*** FLOP *** [6s 2c As]
AzureCaper: checks
poooohpooh: bets $3
AzureCaper: folds
Uncalled bet ($3) returned to poooohpooh
poooohpooh collected $11.76 from pot
poooohpooh: doesn't show hand
*** SUMMARY ***
Total pot $12 | Rake $0.24
Board [6s 2c As]
Seat 3: poooohpooh (button) (small blind) collected ($11.76)
Seat 4: AzureCaper (big blind) folded on the Flop


PokerStars Hand #157277788800:  Hold'em Limit ($3/$6 USD) - 2016/08/14 15:56:47 ET
Table 'Kilia II' 6-max Seat #4 is the button
Seat 3: poooohpooh ($83.98 in chips)
Seat 4: AzureCaper ($163.98 in chips)
AzureCaper: posts small blind $1
poooohpooh: posts big blind $3
*** HOLE CARDS ***
AzureCaper: folds
Uncalled bet ($2) returned to poooohpooh
poooohpooh collected $2 from pot
poooohpooh: doesn't show hand
*** SUMMARY ***
Total pot $2 | Rake $0
Seat 3: poooohpooh (big blind) collected ($2)
Seat 4: AzureCaper (button) (small blind) folded before Flop


PokerStars Hand #157277791507:  Hold'em Limit ($3/$6 USD) - 2016/08/14 15:56:51 ET
Table 'Kilia II' 6-max Seat #3 is the button
Seat 3: poooohpooh ($84.98 in chips)
Seat 4: AzureCaper ($162.98 in chips)
poooohpooh: posts small blind $1
AzureCaper: posts big blind $3
*** HOLE CARDS ***
poooohpooh: raises $3 to $6
AzureCaper: calls $3
*** FLOP *** [Th 3h 8c]
AzureCaper: checks
poooohpooh: checks
*** TURN *** [Th 3h 8c] [6c]
AzureCaper: bets $6
poooohpooh: raises $6 to $12
AzureCaper: calls $6
*** RIVER *** [Th 3h 8c 6c] [Qc]
AzureCaper: checks
poooohpooh: bets $6
AzureCaper: folds
Uncalled bet ($6) returned to poooohpooh
poooohpooh collected $35.50 from pot
poooohpooh: doesn't show hand
*** SUMMARY ***
Total pot $36 | Rake $0.50
Board [Th 3h 8c 6c Qc]
Seat 3: poooohpooh (button) (small blind) collected ($35.50)
Seat 4: AzureCaper (big blind) folded on the River


PokerStars Hand #157277799269:  Hold'em Limit ($3/$6 USD) - 2016/08/14 15:57:05 ET
Table 'Kilia II' 6-max Seat #4 is the button
Seat 3: poooohpooh ($102.48 in chips)
Seat 4: AzureCaper ($144.98 in chips)
AzureCaper: posts small blind $1
poooohpooh: posts big blind $3
*** HOLE CARDS ***
AzureCaper: folds
Uncalled bet ($2) returned to poooohpooh
poooohpooh collected $2 from pot
poooohpooh: doesn't show hand
*** SUMMARY ***
Total pot $2 | Rake $0
Seat 3: poooohpooh (big blind) collected ($2)
Seat 4: AzureCaper (button) (small blind) folded before Flop


PokerStars Hand #157277802466:  Hold'em Limit ($3/$6 USD) - 2016/08/14 15:57:10 ET
Table 'Kilia II' 6-max Seat #3 is the button
Seat 3: poooohpooh ($103.48 in chips)
Seat 4: AzureCaper ($143.98 in chips)
poooohpooh: posts small blind $1
AzureCaper: posts big blind $3
*** HOLE CARDS ***
poooohpooh: raises $3 to $6
AzureCaper: calls $3
*** FLOP *** [Jd Kh 5s]
AzureCaper: bets $3
poooohpooh: calls $3
*** TURN *** [Jd Kh 5s] [Qd]
AzureCaper: bets $6
poooohpooh: calls $6
*** RIVER *** [Jd Kh 5s Qd] [6d]
AzureCaper: bets $6
poooohpooh: calls $6
*** SHOW DOWN ***
AzureCaper: shows [Tc Qs] (a pair of Queens)
poooohpooh: mucks hand
AzureCaper collected $41.50 from pot
*** SUMMARY ***
Total pot $42 | Rake $0.50
Board [Jd Kh 5s Qd 6d]
Seat 3: poooohpooh (button) (small blind) mucked
Seat 4: AzureCaper (big blind) showed [Tc Qs] and won ($41.50) with a pair of Queens


PokerStars Hand #157277812551:  Hold'em Limit ($3/$6 USD) - 2016/08/14 15:57:28 ET
Table 'Kilia II' 6-max Seat #4 is the button
Seat 3: poooohpooh ($82.48 in chips)
Seat 4: AzureCaper ($164.48 in chips)
AzureCaper: posts small blind $1
poooohpooh: posts big blind $3
*** HOLE CARDS ***
AzureCaper: raises $3 to $6
poooohpooh: calls $3
*** FLOP *** [8s 5h 7c]
poooohpooh: bets $3
AzureCaper: raises $3 to $6
poooohpooh: raises $3 to $9
AzureCaper: calls $3
*** TURN *** [8s 5h 7c] [3d]
poooohpooh: bets $6
AzureCaper: calls $6
*** RIVER *** [8s 5h 7c 3d] [5c]
poooohpooh: bets $6
AzureCaper: calls $6
*** SHOW DOWN ***
poooohpooh: shows [4h 6s] (a straight, Four to Eight)
AzureCaper: mucks hand
poooohpooh collected $53.50 from pot
*** SUMMARY ***
Total pot $54 | Rake $0.50
Board [8s 5h 7c 3d 5c]
Seat 3: poooohpooh (big blind) showed [4h 6s] and won ($53.50) with a straight, Four to Eight
Seat 4: AzureCaper (button) (small blind) mucked


PokerStars Hand #157277821356:  Hold'em Limit ($3/$6 USD) - 2016/08/14 15:57:43 ET
Table 'Kilia II' 6-max Seat #3 is the button
Seat 3: poooohpooh ($108.98 in chips)
Seat 4: AzureCaper ($137.48 in chips)
poooohpooh: posts small blind $1
AzureCaper: posts big blind $3
*** HOLE CARDS ***
poooohpooh: raises $3 to $6
AzureCaper: calls $3
*** FLOP *** [8d 5c 7d]
AzureCaper: checks
poooohpooh: bets $3
AzureCaper: folds
Uncalled bet ($3) returned to poooohpooh
poooohpooh collected $11.76 from pot
poooohpooh: doesn't show hand
*** SUMMARY ***
Total pot $12 | Rake $0.24
Board [8d 5c 7d]
Seat 3: poooohpooh (button) (small blind) collected ($11.76)
Seat 4: AzureCaper (big blind) folded on the Flop


PokerStars Hand #157277827811:  Hold'em Limit ($3/$6 USD) - 2016/08/14 15:57:54 ET
Table 'Kilia II' 6-max Seat #4 is the button
Seat 3: poooohpooh ($114.74 in chips)
Seat 4: AzureCaper ($131.48 in chips)
AzureCaper: posts small blind $1
poooohpooh: posts big blind $3
*** HOLE CARDS ***
AzureCaper: raises $3 to $6
poooohpooh: calls $3
*** FLOP *** [6s Kh Jh]
poooohpooh: checks
AzureCaper: bets $3
poooohpooh: folds
Uncalled bet ($3) returned to AzureCaper
AzureCaper collected $11.76 from pot
AzureCaper: doesn't show hand
*** SUMMARY ***
Total pot $12 | Rake $0.24
Board [6s Kh Jh]
Seat 3: poooohpooh (big blind) folded on the Flop
Seat 4: AzureCaper (button) (small blind) collected ($11.76)


PokerStars Hand #157277833884:  Hold'em Limit ($3/$6 USD) - 2016/08/14 15:58:04 ET
Table 'Kilia II' 6-max Seat #3 is the button
Seat 3: poooohpooh ($108.74 in chips)
Seat 4: AzureCaper ($137.24 in chips)
poooohpooh: posts small blind $1
AzureCaper: posts big blind $3
*** HOLE CARDS ***
poooohpooh: raises $3 to $6
AzureCaper: calls $3
*** FLOP *** [9s 8d Js]
AzureCaper: checks
poooohpooh: checks
*** TURN *** [9s 8d Js] [Qs]
AzureCaper: bets $6
poooohpooh: raises $6 to $12
AzureCaper: folds
Uncalled bet ($6) returned to poooohpooh
poooohpooh collected $23.52 from pot
poooohpooh: doesn't show hand
*** SUMMARY ***
Total pot $24 | Rake $0.48
Board [9s 8d Js Qs]
Seat 3: poooohpooh (button) (small blind) collected ($23.52)
Seat 4: AzureCaper (big blind) folded on the Turn


PokerStars Hand #157277839387:  Hold'em Limit ($3/$6 USD) - 2016/08/14 15:58:14 ET
Table 'Kilia II' 6-max Seat #4 is the button
Seat 3: poooohpooh ($120.26 in chips)
Seat 4: AzureCaper ($125.24 in chips)
AzureCaper: posts small blind $1
poooohpooh: posts big blind $3
*** HOLE CARDS ***
AzureCaper: raises $3 to $6
poooohpooh: folds
Uncalled bet ($3) returned to AzureCaper
AzureCaper collected $6 from pot
AzureCaper: doesn't show hand
*** SUMMARY ***
Total pot $6 | Rake $0
Seat 3: poooohpooh (big blind) folded before Flop
Seat 4: AzureCaper (button) (small blind) collected ($6)


PokerStars Hand #157277847648:  Hold'em Limit ($3/$6 USD) - 2016/08/14 15:58:28 ET
Table 'Kilia II' 6-max Seat #4 is the button
Seat 3: poooohpooh ($111.26 in chips)
Seat 4: AzureCaper ($134 in chips)
AzureCaper: posts small blind $1
poooohpooh: posts big blind $3
*** HOLE CARDS ***
AzureCaper: raises $3 to $6
poooohpooh: folds
Uncalled bet ($3) returned to AzureCaper
AzureCaper collected $6 from pot
AzureCaper: doesn't show hand
*** SUMMARY ***
Total pot $6 | Rake $0
Seat 3: poooohpooh (big blind) folded before Flop
Seat 4: AzureCaper (button) (small blind) collected ($6)


PokerStars Hand #157277841984:  Hold'em Limit ($3/$6 USD) - 2016/08/14 15:58:18 ET
Table 'Kilia II' 6-max Seat #3 is the button
Seat 3: poooohpooh ($117.26 in chips)
Seat 4: AzureCaper ($128.24 in chips)
poooohpooh: posts small blind $1
AzureCaper: posts big blind $3
*** HOLE CARDS ***
poooohpooh: raises $3 to $6
AzureCaper: calls $3
*** FLOP *** [7d 8d 7h]
AzureCaper: checks
poooohpooh: checks
*** TURN *** [7d 8d 7h] [Qh]
AzureCaper: bets $6
poooohpooh: folds
Uncalled bet ($6) returned to AzureCaper
AzureCaper collected $11.76 from pot
AzureCaper: doesn't show hand
*** SUMMARY ***
Total pot $12 | Rake $0.24
Board [7d 8d 7h Qh]
Seat 3: poooohpooh (button) (small blind) folded on the Turn
Seat 4: AzureCaper (big blind) collected ($11.76)


PokerStars Hand #157277858986:  Hold'em Limit ($3/$6 USD) - 2016/08/14 15:58:48 ET
Table 'Kilia II' 6-max Seat #4 is the button
Seat 3: poooohpooh ($102.26 in chips)
Seat 4: AzureCaper ($142.76 in chips)
AzureCaper: posts small blind $1
poooohpooh: posts big blind $3
*** HOLE CARDS ***
AzureCaper: folds
Uncalled bet ($2) returned to poooohpooh
poooohpooh collected $2 from pot
poooohpooh: doesn't show hand
*** SUMMARY ***
Total pot $2 | Rake $0
Seat 3: poooohpooh (big blind) collected ($2)
Seat 4: AzureCaper (button) (small blind) folded before Flop


PokerStars Hand #157277852353:  Hold'em Limit ($3/$6 USD) - 2016/08/14 15:58:36 ET
Table 'Kilia II' 6-max Seat #3 is the button
Seat 3: poooohpooh ($108.26 in chips)
Seat 4: AzureCaper ($137 in chips)
poooohpooh: posts small blind $1
AzureCaper: posts big blind $3
*** HOLE CARDS ***
poooohpooh: raises $3 to $6
AzureCaper: calls $3
*** FLOP *** [Kh 4c 8d]
AzureCaper: checks
poooohpooh: checks
*** TURN *** [Kh 4c 8d] [Kd]
AzureCaper: bets $6
poooohpooh: folds
Uncalled bet ($6) returned to AzureCaper
AzureCaper collected $11.76 from pot
AzureCaper: doesn't show hand
*** SUMMARY ***
Total pot $12 | Rake $0.24
Board [Kh 4c 8d Kd]
Seat 3: poooohpooh (button) (small blind) folded on the Turn
Seat 4: AzureCaper (big blind) collected ($11.76)


PokerStars Hand #157277865491:  Hold'em Limit ($3/$6 USD) - 2016/08/14 15:58:59 ET
Table 'Kilia II' 6-max Seat #4 is the button
Seat 3: poooohpooh ($102.26 in chips)
Seat 4: AzureCaper ($142.76 in chips)
AzureCaper: posts small blind $1
poooohpooh: posts big blind $3
*** HOLE CARDS ***
AzureCaper: raises $3 to $6
poooohpooh: folds
Uncalled bet ($3) returned to AzureCaper
AzureCaper collected $6 from pot
AzureCaper: doesn't show hand
*** SUMMARY ***
Total pot $6 | Rake $0
Seat 3: poooohpooh (big blind) folded before Flop
Seat 4: AzureCaper (button) (small blind) collected ($6)


PokerStars Hand #157277862884:  Hold'em Limit ($3/$6 USD) - 2016/08/14 15:58:54 ET
Table 'Kilia II' 6-max Seat #3 is the button
Seat 3: poooohpooh ($103.26 in chips)
Seat 4: AzureCaper ($141.76 in chips)
poooohpooh: posts small blind $1
AzureCaper: posts big blind $3
*** HOLE CARDS ***
poooohpooh: folds
Uncalled bet ($2) returned to AzureCaper
AzureCaper collected $2 from pot
AzureCaper: doesn't show hand
*** SUMMARY ***
Total pot $2 | Rake $0
Seat 3: poooohpooh (button) (small blind) folded before Flop
Seat 4: AzureCaper (big blind) collected ($2)


PokerStars Hand #157277869129:  Hold'em Limit ($3/$6 USD) - 2016/08/14 15:59:05 ET
Table 'Kilia II' 6-max Seat #3 is the button
Seat 3: poooohpooh ($99.26 in chips)
Seat 4: AzureCaper ($145.76 in chips)
poooohpooh: posts small blind $1
AzureCaper: posts big blind $3
*** HOLE CARDS ***
poooohpooh: raises $3 to $6
AzureCaper: calls $3
*** FLOP *** [8s Jh Kc]
AzureCaper: checks
poooohpooh: bets $3
AzureCaper: folds
Uncalled bet ($3) returned to poooohpooh
poooohpooh collected $11.76 from pot
poooohpooh: doesn't show hand
*** SUMMARY ***
Total pot $12 | Rake $0.24
Board [8s Jh Kc]
Seat 3: poooohpooh (button) (small blind) collected ($11.76)
Seat 4: AzureCaper (big blind) folded on the Flop


PokerStars Hand #157277875420:  Hold'em Limit ($3/$6 USD) - 2016/08/14 15:59:16 ET
Table 'Kilia II' 6-max Seat #4 is the button
Seat 3: poooohpooh ($105.02 in chips)
Seat 4: AzureCaper ($139.76 in chips)
AzureCaper: posts small blind $1
poooohpooh: posts big blind $3
*** HOLE CARDS ***
AzureCaper: raises $3 to $6
poooohpooh: folds
Uncalled bet ($3) returned to AzureCaper
AzureCaper collected $6 from pot
AzureCaper: doesn't show hand
*** SUMMARY ***
Total pot $6 | Rake $0
Seat 3: poooohpooh (big blind) folded before Flop
Seat 4: AzureCaper (button) (small blind) collected ($6)


PokerStars Hand #157277878256:  Hold'em Limit ($3/$6 USD) - 2016/08/14 15:59:21 ET
Table 'Kilia II' 6-max Seat #3 is the button
Seat 3: poooohpooh ($102.02 in chips)
Seat 4: AzureCaper ($142.76 in chips)
poooohpooh: posts small blind $1
AzureCaper: posts big blind $3
*** HOLE CARDS ***
poooohpooh: raises $3 to $6
AzureCaper: calls $3
*** FLOP *** [Qd 6h 9c]
AzureCaper: checks
poooohpooh: checks
*** TURN *** [Qd 6h 9c] [3h]
AzureCaper: checks
poooohpooh: bets $6
AzureCaper: calls $6
*** RIVER *** [Qd 6h 9c 3h] [2s]
AzureCaper: checks
poooohpooh: checks
*** SHOW DOWN ***
AzureCaper: shows [3d As] (a pair of Threes)
poooohpooh: mucks hand
AzureCaper collected $23.52 from pot
*** SUMMARY ***
Total pot $24 | Rake $0.48
Board [Qd 6h 9c 3h 2s]
Seat 3: poooohpooh (button) (small blind) mucked
Seat 4: AzureCaper (big blind) showed [3d As] and won ($23.52) with a pair of Threes


PokerStars Hand #157277886325:  Hold'em Limit ($3/$6 USD) - 2016/08/14 15:59:34 ET
Table 'Kilia II' 6-max Seat #4 is the button
Seat 3: poooohpooh ($90.02 in chips)
Seat 4: AzureCaper ($154.28 in chips)
AzureCaper: posts small blind $1
poooohpooh: posts big blind $3
*** HOLE CARDS ***
AzureCaper: raises $3 to $6
poooohpooh: calls $3
*** FLOP *** [2h 4h 9d]
poooohpooh: checks
AzureCaper: checks
*** TURN *** [2h 4h 9d] [2s]
poooohpooh: bets $6
AzureCaper: folds
Uncalled bet ($6) returned to poooohpooh
poooohpooh collected $11.76 from pot
poooohpooh: doesn't show hand
*** SUMMARY ***
Total pot $12 | Rake $0.24
Board [2h 4h 9d 2s]
Seat 3: poooohpooh (big blind) collected ($11.76)
Seat 4: AzureCaper (button) (small blind) folded on the Turn


PokerStars Hand #157277892401:  Hold'em Limit ($3/$6 USD) - 2016/08/14 15:59:45 ET
Table 'Kilia II' 6-max Seat #3 is the button
Seat 3: poooohpooh ($95.78 in chips)
Seat 4: AzureCaper ($148.28 in chips)
poooohpooh: posts small blind $1
AzureCaper: posts big blind $3
*** HOLE CARDS ***
poooohpooh: folds
Uncalled bet ($2) returned to AzureCaper
AzureCaper collected $2 from pot
AzureCaper: doesn't show hand
*** SUMMARY ***
Total pot $2 | Rake $0
Seat 3: poooohpooh (button) (small blind) folded before Flop
Seat 4: AzureCaper (big blind) collected ($2)


PokerStars Hand #157277903279:  Hold'em Limit ($3/$6 USD) - 2016/08/14 16:00:03 ET
Table 'Kilia II' 6-max Seat #3 is the button
Seat 3: poooohpooh ($88.78 in chips)
Seat 4: AzureCaper ($155.04 in chips)
poooohpooh: posts small blind $1
AzureCaper: posts big blind $3
*** HOLE CARDS ***
poooohpooh: folds
Uncalled bet ($2) returned to AzureCaper
AzureCaper collected $2 from pot
AzureCaper: doesn't show hand
*** SUMMARY ***
Total pot $2 | Rake $0
Seat 3: poooohpooh (button) (small blind) folded before Flop
Seat 4: AzureCaper (big blind) collected ($2)


PokerStars Hand #157277894967:  Hold'em Limit ($3/$6 USD) - 2016/08/14 15:59:49 ET
Table 'Kilia II' 6-max Seat #4 is the button
Seat 3: poooohpooh ($94.78 in chips)
Seat 4: AzureCaper ($149.28 in chips)
AzureCaper: posts small blind $1
poooohpooh: posts big blind $3
*** HOLE CARDS ***
AzureCaper: raises $3 to $6
poooohpooh: calls $3
*** FLOP *** [6h 8h Kc]
poooohpooh: checks
AzureCaper: checks
*** TURN *** [6h 8h Kc] [As]
poooohpooh: checks
AzureCaper: bets $6
poooohpooh: folds
Uncalled bet ($6) returned to AzureCaper
AzureCaper collected $11.76 from pot
AzureCaper: doesn't show hand
*** SUMMARY ***
Total pot $12 | Rake $0.24
Board [6h 8h Kc As]
Seat 3: poooohpooh (big blind) folded on the Turn
Seat 4: AzureCaper (button) (small blind) collected ($11.76)


PokerStars Hand #157277905657:  Hold'em Limit ($3/$6 USD) - 2016/08/14 16:00:07 ET
Table 'Kilia II' 6-max Seat #4 is the button
Seat 3: poooohpooh ($87.78 in chips)
Seat 4: AzureCaper ($156.04 in chips)
AzureCaper: posts small blind $1
poooohpooh: posts big blind $3
*** HOLE CARDS ***
AzureCaper: raises $3 to $6
poooohpooh: folds
Uncalled bet ($3) returned to AzureCaper
AzureCaper collected $6 from pot
AzureCaper: doesn't show hand
*** SUMMARY ***
Total pot $6 | Rake $0
Seat 3: poooohpooh (big blind) folded before Flop
Seat 4: AzureCaper (button) (small blind) collected ($6)


PokerStars Hand #157277911467:  Hold'em Limit ($3/$6 USD) - 2016/08/14 16:00:17 ET
Table 'Kilia II' 6-max Seat #3 is the button
Seat 3: poooohpooh ($84.78 in chips)
Seat 4: AzureCaper ($159.04 in chips)
poooohpooh: posts small blind $1
AzureCaper: posts big blind $3
*** HOLE CARDS ***
poooohpooh: raises $3 to $6
AzureCaper: calls $3
*** FLOP *** [9h 5c Ts]
Hannibal2211 joins the table at seat #5
AzureCaper: checks
poooohpooh: checks
*** TURN *** [9h 5c Ts] [Qs]
AzureCaper: checks
poooohpooh: bets $6
AzureCaper: folds
Uncalled bet ($6) returned to poooohpooh
poooohpooh collected $11.76 from pot
poooohpooh: doesn't show hand
*** SUMMARY ***
Total pot $12 | Rake $0.24
Board [9h 5c Ts Qs]
Seat 3: poooohpooh (button) (small blind) collected ($11.76)
Seat 4: AzureCaper (big blind) folded on the Turn


PokerStars Hand #157277968708:  Hold'em Limit ($3/$6 USD) - 2016/08/14 16:01:45 ET
Table 'Kilia II' 6-max Seat #3 is the button
Seat 3: poooohpooh ($61.54 in chips)
Seat 5: Hannibal2211 ($99.11 in chips)
poooohpooh: posts small blind $1
AzureCaper: is sitting out
Hannibal2211: posts big blind $3
*** HOLE CARDS ***
AzureCaper leaves the table
poooohpooh: raises $3 to $6
Hannibal2211: calls $3
*** FLOP *** [8s 3h Qh]
Hannibal2211: checks
poooohpooh: bets $3
Hannibal2211: raises $3 to $6
poooohpooh: raises $3 to $9
Hannibal2211: calls $3
*** TURN *** [8s 3h Qh] [5c]
Hannibal2211: checks
poooohpooh: bets $6
Hannibal2211: raises $6 to $12
poooohpooh: calls $6
*** RIVER *** [8s 3h Qh 5c] [3c]
Hannibal2211: bets $6
poooohpooh: calls $6
*** SHOW DOWN ***
Hannibal2211: shows [8c 5h] (two pair, Eights and Fives)
poooohpooh: shows [Qs Js] (two pair, Queens and Threes)
poooohpooh collected $65.50 from pot
*** SUMMARY ***
Total pot $66 | Rake $0.50
Board [8s 3h Qh 5c 3c]
Seat 3: poooohpooh (button) (small blind) showed [Qs Js] and won ($65.50) with two pair, Queens and Threes
Seat 5: Hannibal2211 (big blind) showed [8c 5h] and lost with two pair, Eights and Fives


PokerStars Hand #157277984371:  Hold'em Limit ($3/$6 USD) - 2016/08/14 16:02:07 ET
Table 'Kilia II' 6-max Seat #5 is the button
Seat 3: poooohpooh ($94.04 in chips)
Seat 5: Hannibal2211 ($72 in chips)
Hannibal2211: posts small blind $1
poooohpooh: posts big blind $3
*** HOLE CARDS ***
Hannibal2211: folds
Uncalled bet ($2) returned to poooohpooh
poooohpooh collected $2 from pot
poooohpooh: doesn't show hand
*** SUMMARY ***
Total pot $2 | Rake $0
Seat 3: poooohpooh (big blind) collected ($2)
Seat 5: Hannibal2211 (button) (small blind) folded before Flop


PokerStars Hand #157277987805:  Hold'em Limit ($3/$6 USD) - 2016/08/14 16:02:12 ET
Table 'Kilia II' 6-max Seat #3 is the button
Seat 3: poooohpooh ($95.04 in chips)
Seat 5: Hannibal2211 ($72 in chips)
poooohpooh: posts small blind $1
Hannibal2211: posts big blind $3
*** HOLE CARDS ***
poooohpooh: raises $3 to $6
Hannibal2211: calls $3
*** FLOP *** [3c 5c 7s]
Hannibal2211: checks
poooohpooh: checks
*** TURN *** [3c 5c 7s] [3d]
Hannibal2211: bets $6
poooohpooh: calls $6
*** RIVER *** [3c 5c 7s 3d] [Kc]
Hannibal2211: checks
poooohpooh: bets $6
Hannibal2211: calls $6
*** SHOW DOWN ***
poooohpooh: shows [Td 9c] (a pair of Threes)
Hannibal2211: shows [Ah Jd] (a pair of Threes - Ace kicker)
Hannibal2211 collected $35.50 from pot
*** SUMMARY ***
Total pot $36 | Rake $0.50
Board [3c 5c 7s 3d Kc]
Seat 3: poooohpooh (button) (small blind) showed [Td 9c] and lost with a pair of Threes
Seat 5: Hannibal2211 (big blind) showed [Ah Jd] and won ($35.50) with a pair of Threes


PokerStars Hand #157277999117:  Hold'em Limit ($3/$6 USD) - 2016/08/14 16:02:26 ET
Table 'Kilia II' 6-max Seat #5 is the button
Seat 3: poooohpooh ($77.04 in chips)
Seat 5: Hannibal2211 ($89.50 in chips)
Hannibal2211: posts small blind $1
poooohpooh: posts big blind $3
*** HOLE CARDS ***
Hannibal2211: raises $3 to $6
poooohpooh: calls $3
*** FLOP *** [Th Ts 3s]
poooohpooh: checks
Hannibal2211: checks
*** TURN *** [Th Ts 3s] [7d]
poooohpooh: checks
Hannibal2211: checks
*** RIVER *** [Th Ts 3s 7d] [2h]
poooohpooh: checks
Hannibal2211: checks
*** SHOW DOWN ***
poooohpooh: shows [9s Kd] (a pair of Tens)
Hannibal2211: mucks hand
poooohpooh collected $11.76 from pot
*** SUMMARY ***
Total pot $12 | Rake $0.24
Board [Th Ts 3s 7d 2h]
Seat 3: poooohpooh (big blind) showed [9s Kd] and won ($11.76) with a pair of Tens
Seat 5: Hannibal2211 (button) (small blind) mucked


PokerStars Hand #157278010260:  Hold'em Limit ($3/$6 USD) - 2016/08/14 16:02:41 ET
Table 'Kilia II' 6-max Seat #3 is the button
Seat 3: poooohpooh ($82.80 in chips)
Seat 5: Hannibal2211 ($83.50 in chips)
poooohpooh: posts small blind $1
Hannibal2211: posts big blind $3
*** HOLE CARDS ***
poooohpooh: raises $3 to $6
Hannibal2211: calls $3
*** FLOP *** [4h Ac 7s]
Hannibal2211: checks
poooohpooh: bets $3
Hannibal2211: raises $3 to $6
poooohpooh: calls $3
*** TURN *** [4h Ac 7s] [3s]
Hannibal2211: checks
poooohpooh: checks
*** RIVER *** [4h Ac 7s 3s] [Jc]
Hannibal2211: checks
poooohpooh: checks
*** SHOW DOWN ***
Hannibal2211: shows [9d 8s] (high card Ace)
poooohpooh: shows [2c 2h] (a pair of Deuces)
poooohpooh collected $23.52 from pot
*** SUMMARY ***
Total pot $24 | Rake $0.48
Board [4h Ac 7s 3s Jc]
Seat 3: poooohpooh (button) (small blind) showed [2c 2h] and won ($23.52) with a pair of Deuces
Seat 5: Hannibal2211 (big blind) showed [9d 8s] and lost with high card Ace


PokerStars Hand #157278025584:  Hold'em Limit ($3/$6 USD) - 2016/08/14 16:03:01 ET
Table 'Kilia II' 6-max Seat #5 is the button
Seat 3: poooohpooh ($94.32 in chips)
Seat 5: Hannibal2211 ($72 in chips)
Hannibal2211: posts small blind $1
poooohpooh: posts big blind $3
*** HOLE CARDS ***
Hannibal2211: raises $3 to $6
poooohpooh: calls $3
*** FLOP *** [9d 7h Kc]
poooohpooh: bets $3
Hannibal2211: calls $3
*** TURN *** [9d 7h Kc] [Jc]
poooohpooh: bets $6
Hannibal2211: folds
Uncalled bet ($6) returned to poooohpooh
poooohpooh collected $17.64 from pot
poooohpooh: doesn't show hand
*** SUMMARY ***
Total pot $18 | Rake $0.36
Board [9d 7h Kc Jc]
Seat 3: poooohpooh (big blind) collected ($17.64)
Seat 5: Hannibal2211 (button) (small blind) folded on the Turn


PokerStars Hand #157278034915:  Hold'em Limit ($3/$6 USD) - 2016/08/14 16:03:12 ET
Table 'Kilia II' 6-max Seat #3 is the button
Seat 3: poooohpooh ($102.96 in chips)
Seat 5: Hannibal2211 ($72 in chips)
poooohpooh: posts small blind $1
Hannibal2211: posts big blind $3
*** HOLE CARDS ***
poooohpooh: raises $3 to $6
Hannibal2211: calls $3
*** FLOP *** [2d Qd 2h]
Hannibal2211: checks
poooohpooh: checks
*** TURN *** [2d Qd 2h] [Th]
Hannibal2211: bets $6
poooohpooh: folds
Uncalled bet ($6) returned to Hannibal2211
Hannibal2211 collected $11.76 from pot
*** SUMMARY ***
Total pot $12 | Rake $0.24
Board [2d Qd 2h Th]
Seat 3: poooohpooh (button) (small blind) folded on the Turn
Seat 5: Hannibal2211 (big blind) collected ($11.76)


PokerStars Hand #157278051232:  Hold'em Limit ($3/$6 USD) - 2016/08/14 16:03:31 ET
Table 'Kilia II' 6-max Seat #5 is the button
Seat 3: poooohpooh ($96.96 in chips)
Seat 5: Hannibal2211 ($77.76 in chips)
Hannibal2211: posts small blind $1
poooohpooh: posts big blind $3
*** HOLE CARDS ***
Hannibal2211: raises $3 to $6
poooohpooh: calls $3
*** FLOP *** [Ac 2d 4c]
poooohpooh: checks
Hannibal2211: bets $3
poooohpooh: calls $3
*** TURN *** [Ac 2d 4c] [6h]
poooohpooh: checks
Hannibal2211: checks
*** RIVER *** [Ac 2d 4c 6h] [6s]
poooohpooh: bets $6
Hannibal2211: folds
Uncalled bet ($6) returned to poooohpooh
poooohpooh collected $17.64 from pot
poooohpooh: doesn't show hand
*** SUMMARY ***
Total pot $18 | Rake $0.36
Board [Ac 2d 4c 6h 6s]
Seat 3: poooohpooh (big blind) collected ($17.64)
Seat 5: Hannibal2211 (button) (small blind) folded on the River


PokerStars Hand #157278092463:  Hold'em Limit ($3/$6 USD) - 2016/08/14 16:04:23 ET
Table 'Kilia II' 6-max Seat #5 is the button
Seat 3: poooohpooh ($135.10 in chips)
Seat 5: Hannibal2211 ($72 in chips)
Hannibal2211: posts small blind $1
poooohpooh: posts big blind $3
*** HOLE CARDS ***
Hannibal2211: folds
Uncalled bet ($2) returned to poooohpooh
poooohpooh collected $2 from pot
poooohpooh: doesn't show hand
*** SUMMARY ***
Total pot $2 | Rake $0
Seat 3: poooohpooh (big blind) collected ($2)
Seat 5: Hannibal2211 (button) (small blind) folded before Flop


PokerStars Hand #157278068309:  Hold'em Limit ($3/$6 USD) - 2016/08/14 16:03:53 ET
Table 'Kilia II' 6-max Seat #3 is the button
Seat 3: poooohpooh ($105.60 in chips)
Seat 5: Hannibal2211 ($72 in chips)
poooohpooh: posts small blind $1
Hannibal2211: posts big blind $3
*** HOLE CARDS ***
poooohpooh: raises $3 to $6
Hannibal2211: calls $3
*** FLOP *** [2s 6c 8d]
Hannibal2211: checks
poooohpooh: bets $3
Hannibal2211: raises $3 to $6
poooohpooh: calls $3
*** TURN *** [2s 6c 8d] [Qc]
Hannibal2211: bets $6
poooohpooh: raises $6 to $12
Hannibal2211: calls $6
*** RIVER *** [2s 6c 8d Qc] [5h]
Hannibal2211: checks
poooohpooh: bets $6
Hannibal2211: calls $6
*** SHOW DOWN ***
poooohpooh: shows [9d Qd] (a pair of Queens)
Hannibal2211: mucks hand
poooohpooh collected $59.50 from pot
*** SUMMARY ***
Total pot $60 | Rake $0.50
Board [2s 6c 8d Qc 5h]
Seat 3: poooohpooh (button) (small blind) showed [9d Qd] and won ($59.50) with a pair of Queens
Seat 5: Hannibal2211 (big blind) mucked


PokerStars Hand #157278096256:  Hold'em Limit ($3/$6 USD) - 2016/08/14 16:04:28 ET
Table 'Kilia II' 6-max Seat #3 is the button
Seat 3: poooohpooh ($136.10 in chips)
Seat 5: Hannibal2211 ($72 in chips)
poooohpooh: posts small blind $1
Hannibal2211: posts big blind $3
*** HOLE CARDS ***
poooohpooh: raises $3 to $6
Hannibal2211: calls $3
*** FLOP *** [Th Td As]
Hannibal2211: checks
poooohpooh: bets $3
Hannibal2211: folds
Uncalled bet ($3) returned to poooohpooh
poooohpooh collected $11.76 from pot
poooohpooh: doesn't show hand
*** SUMMARY ***
Total pot $12 | Rake $0.24
Board [Th Td As]
Seat 3: poooohpooh (button) (small blind) collected ($11.76)
Seat 5: Hannibal2211 (big blind) folded on the Flop


PokerStars Hand #157278104162:  Hold'em Limit ($3/$6 USD) - 2016/08/14 16:04:38 ET
Table 'Kilia II' 6-max Seat #5 is the button
Seat 3: poooohpooh ($141.86 in chips)
Seat 5: Hannibal2211 ($72 in chips)
Hannibal2211: posts small blind $1
poooohpooh: posts big blind $3
*** HOLE CARDS ***
Hannibal2211: raises $3 to $6
poooohpooh: raises $3 to $9
Hannibal2211: calls $3
*** FLOP *** [Kh 4d 8d]
poooohpooh: bets $3
Hannibal2211: calls $3
*** TURN *** [Kh 4d 8d] [As]
poooohpooh: bets $6
Hannibal2211: calls $6
*** RIVER *** [Kh 4d 8d As] [4s]
poooohpooh: checks
Hannibal2211: checks
*** SHOW DOWN ***
poooohpooh: shows [Ks 9h] (two pair, Kings and Fours)
Hannibal2211: mucks hand
poooohpooh collected $35.50 from pot
*** SUMMARY ***
Total pot $36 | Rake $0.50
Board [Kh 4d 8d As 4s]
Seat 3: poooohpooh (big blind) showed [Ks 9h] and won ($35.50) with two pair, Kings and Fours
Seat 5: Hannibal2211 (button) (small blind) mucked


PokerStars Hand #157278117742:  Hold'em Limit ($3/$6 USD) - 2016/08/14 16:04:54 ET
Table 'Kilia II' 6-max Seat #3 is the button
Seat 3: poooohpooh ($159.36 in chips)
Seat 5: Hannibal2211 ($72 in chips)
poooohpooh: posts small blind $1
Hannibal2211: posts big blind $3
*** HOLE CARDS ***
poooohpooh: raises $3 to $6
Hannibal2211: folds
Uncalled bet ($3) returned to poooohpooh
poooohpooh collected $6 from pot
poooohpooh: doesn't show hand
*** SUMMARY ***
Total pot $6 | Rake $0
Seat 3: poooohpooh (button) (small blind) collected ($6)
Seat 5: Hannibal2211 (big blind) folded before Flop


PokerStars Hand #157278139121:  Hold'em Limit ($3/$6 USD) - 2016/08/14 16:05:21 ET
Table 'Kilia II' 6-max Seat #3 is the button
Seat 3: poooohpooh ($135.36 in chips)
Seat 5: Hannibal2211 ($98.50 in chips)
poooohpooh: posts small blind $1
Hannibal2211: posts big blind $3
*** HOLE CARDS ***
poooohpooh: raises $3 to $6
Hannibal2211: folds
Uncalled bet ($3) returned to poooohpooh
poooohpooh collected $6 from pot
poooohpooh: doesn't show hand
*** SUMMARY ***
Total pot $6 | Rake $0
Seat 3: poooohpooh (button) (small blind) collected ($6)
Seat 5: Hannibal2211 (big blind) folded before Flop


PokerStars Hand #157278121857:  Hold'em Limit ($3/$6 USD) - 2016/08/14 16:04:59 ET
Table 'Kilia II' 6-max Seat #5 is the button
Seat 3: poooohpooh ($162.36 in chips)
Seat 5: Hannibal2211 ($72 in chips)
Hannibal2211: posts small blind $1
poooohpooh: posts big blind $3
*** HOLE CARDS ***
Hannibal2211: raises $3 to $6
poooohpooh: calls $3
*** FLOP *** [Qc 8h 3d]
poooohpooh: checks
Hannibal2211: bets $3
poooohpooh: calls $3
*** TURN *** [Qc 8h 3d] [Kc]
poooohpooh: checks
Hannibal2211: bets $6
poooohpooh: raises $6 to $12
Hannibal2211: calls $6
*** RIVER *** [Qc 8h 3d Kc] [2d]
poooohpooh: bets $6
Hannibal2211: calls $6
*** SHOW DOWN ***
poooohpooh: shows [9c Th] (high card King)
Hannibal2211: shows [Qh 7d] (a pair of Queens)
Hannibal2211 collected $53.50 from pot
*** SUMMARY ***
Total pot $54 | Rake $0.50
Board [Qc 8h 3d Kc 2d]
Seat 3: poooohpooh (big blind) showed [9c Th] and lost with high card King
Seat 5: Hannibal2211 (button) (small blind) showed [Qh 7d] and won ($53.50) with a pair of Queens


PokerStars Hand #157278144825:  Hold'em Limit ($3/$6 USD) - 2016/08/14 16:05:28 ET
Table 'Kilia II' 6-max Seat #5 is the button
Seat 3: poooohpooh ($138.36 in chips)
Seat 5: Hannibal2211 ($95.50 in chips)
Hannibal2211: posts small blind $1
poooohpooh: posts big blind $3
*** HOLE CARDS ***
Hannibal2211: raises $3 to $6
poooohpooh: folds
Uncalled bet ($3) returned to Hannibal2211
Hannibal2211 collected $6 from pot
*** SUMMARY ***
Total pot $6 | Rake $0
Seat 3: poooohpooh (big blind) folded before Flop
Seat 5: Hannibal2211 (button) (small blind) collected ($6)


PokerStars Hand #157278156510:  Hold'em Limit ($3/$6 USD) - 2016/08/14 16:05:42 ET
Table 'Kilia II' 6-max Seat #5 is the button
Seat 3: poooohpooh ($138.36 in chips)
Seat 5: Hannibal2211 ($95.50 in chips)
Hannibal2211: posts small blind $1
poooohpooh: posts big blind $3
*** HOLE CARDS ***
Hannibal2211: folds
Uncalled bet ($2) returned to poooohpooh
poooohpooh collected $2 from pot
poooohpooh: doesn't show hand
*** SUMMARY ***
Total pot $2 | Rake $0
Seat 3: poooohpooh (big blind) collected ($2)
Seat 5: Hannibal2211 (button) (small blind) folded before Flop


PokerStars Hand #157278150149:  Hold'em Limit ($3/$6 USD) - 2016/08/14 16:05:34 ET
Table 'Kilia II' 6-max Seat #3 is the button
Seat 3: poooohpooh ($135.36 in chips)
Seat 5: Hannibal2211 ($98.50 in chips)
poooohpooh: posts small blind $1
Hannibal2211: posts big blind $3
*** HOLE CARDS ***
poooohpooh: raises $3 to $6
Hannibal2211: folds
Uncalled bet ($3) returned to poooohpooh
poooohpooh collected $6 from pot
poooohpooh: doesn't show hand
*** SUMMARY ***
Total pot $6 | Rake $0
Seat 3: poooohpooh (button) (small blind) collected ($6)
Seat 5: Hannibal2211 (big blind) folded before Flop


PokerStars Hand #157278160504:  Hold'em Limit ($3/$6 USD) - 2016/08/14 16:05:47 ET
Table 'Kilia II' 6-max Seat #3 is the button
Seat 3: poooohpooh ($139.36 in chips)
Seat 5: Hannibal2211 ($94.50 in chips)
poooohpooh: posts small blind $1
Hannibal2211: posts big blind $3
*** HOLE CARDS ***
poooohpooh: raises $3 to $6
Hannibal2211: raises $3 to $9
poooohpooh: calls $3
*** FLOP *** [6h 9s Jd]
Hannibal2211: bets $3
poooohpooh: calls $3
*** TURN *** [6h 9s Jd] [Kd]
Hannibal2211: bets $6
poooohpooh: calls $6
*** RIVER *** [6h 9s Jd Kd] [4c]
Hannibal2211: bets $6
poooohpooh: folds
Uncalled bet ($6) returned to Hannibal2211
Hannibal2211 collected $35.50 from pot
*** SUMMARY ***
Total pot $36 | Rake $0.50
Board [6h 9s Jd Kd 4c]
Seat 3: poooohpooh (button) (small blind) folded on the River
Seat 5: Hannibal2211 (big blind) collected ($35.50)


PokerStars Hand #157278174832:  Hold'em Limit ($3/$6 USD) - 2016/08/14 16:06:05 ET
Table 'Kilia II' 6-max Seat #5 is the button
Seat 3: poooohpooh ($121.36 in chips)
Seat 5: Hannibal2211 ($112 in chips)
Hannibal2211: posts small blind $1
poooohpooh: posts big blind $3
*** HOLE CARDS ***
Hannibal2211: raises $3 to $6
poooohpooh: calls $3
*** FLOP *** [4h 4s 6h]
poooohpooh: checks
Hannibal2211: bets $3
poooohpooh: calls $3
*** TURN *** [4h 4s 6h] [Ah]
poooohpooh: checks
Hannibal2211: bets $6
poooohpooh: folds
Uncalled bet ($6) returned to Hannibal2211
Hannibal2211 collected $17.64 from pot
*** SUMMARY ***
Total pot $18 | Rake $0.36
Board [4h 4s 6h Ah]
Seat 3: poooohpooh (big blind) folded on the Turn
Seat 5: Hannibal2211 (button) (small blind) collected ($17.64)


PokerStars Hand #157278188545:  Hold'em Limit ($3/$6 USD) - 2016/08/14 16:06:22 ET
Table 'Kilia II' 6-max Seat #3 is the button
Seat 3: poooohpooh ($112.36 in chips)
Seat 5: Hannibal2211 ($120.64 in chips)
poooohpooh: posts small blind $1
Hannibal2211: posts big blind $3
*** HOLE CARDS ***
poooohpooh: raises $3 to $6
Hannibal2211: folds
Uncalled bet ($3) returned to poooohpooh
poooohpooh collected $6 from pot
poooohpooh: doesn't show hand
*** SUMMARY ***
Total pot $6 | Rake $0
Seat 3: poooohpooh (button) (small blind) collected ($6)
Seat 5: Hannibal2211 (big blind) folded before Flop


PokerStars Hand #157278195396:  Hold'em Limit ($3/$6 USD) - 2016/08/14 16:06:30 ET
Table 'Kilia II' 6-max Seat #5 is the button
Seat 3: poooohpooh ($115.36 in chips)
Seat 5: Hannibal2211 ($117.64 in chips)
Hannibal2211: posts small blind $1
poooohpooh: posts big blind $3
*** HOLE CARDS ***
Hannibal2211: raises $3 to $6
poooohpooh: calls $3
*** FLOP *** [9d 7s 7c]
poooohpooh: checks
Hannibal2211: checks
*** TURN *** [9d 7s 7c] [Ah]
poooohpooh: bets $6
Hannibal2211: folds
Uncalled bet ($6) returned to poooohpooh
poooohpooh collected $11.76 from pot
poooohpooh: doesn't show hand
*** SUMMARY ***
Total pot $12 | Rake $0.24
Board [9d 7s 7c Ah]
Seat 3: poooohpooh (big blind) collected ($11.76)
Seat 5: Hannibal2211 (button) (small blind) folded on the Turn


PokerStars Hand #157278208708:  Hold'em Limit ($3/$6 USD) - 2016/08/14 16:06:47 ET
Table 'Kilia II' 6-max Seat #3 is the button
Seat 3: poooohpooh ($121.12 in chips)
Seat 5: Hannibal2211 ($111.64 in chips)
poooohpooh: posts small blind $1
Hannibal2211: posts big blind $3
*** HOLE CARDS ***
poooohpooh: raises $3 to $6
Hannibal2211: calls $3
*** FLOP *** [2d 5c Jh]
Hannibal2211: checks
poooohpooh: bets $3
Hannibal2211: folds
Uncalled bet ($3) returned to poooohpooh
poooohpooh collected $11.76 from pot
poooohpooh: doesn't show hand
*** SUMMARY ***
Total pot $12 | Rake $0.24
Board [2d 5c Jh]
Seat 3: poooohpooh (button) (small blind) collected ($11.76)
Seat 5: Hannibal2211 (big blind) folded on the Flop


PokerStars Hand #157278237427:  Hold'em Limit ($3/$6 USD) - 2016/08/14 16:07:23 ET
Table 'Kilia II' 6-max Seat #3 is the button
Seat 3: poooohpooh ($138.40 in chips)
Seat 5: Hannibal2211 ($93.64 in chips)
poooohpooh: posts small blind $1
Hannibal2211: posts big blind $3
*** HOLE CARDS ***
poooohpooh: folds
Uncalled bet ($2) returned to Hannibal2211
Hannibal2211 collected $2 from pot
*** SUMMARY ***
Total pot $2 | Rake $0
Seat 3: poooohpooh (button) (small blind) folded before Flop
Seat 5: Hannibal2211 (big blind) collected ($2)


PokerStars Hand #157278221784:  Hold'em Limit ($3/$6 USD) - 2016/08/14 16:07:03 ET
Table 'Kilia II' 6-max Seat #5 is the button
Seat 3: poooohpooh ($126.88 in chips)
Seat 5: Hannibal2211 ($105.64 in chips)
Hannibal2211: posts small blind $1
poooohpooh: posts big blind $3
*** HOLE CARDS ***
Hannibal2211: raises $3 to $6
poooohpooh: raises $3 to $9
Hannibal2211: calls $3
*** FLOP *** [Th Jc Ts]
poooohpooh: bets $3
Hannibal2211: calls $3
*** TURN *** [Th Jc Ts] [Kh]
poooohpooh: bets $6
Hannibal2211: folds
Uncalled bet ($6) returned to poooohpooh
poooohpooh collected $23.52 from pot
poooohpooh: doesn't show hand
*** SUMMARY ***
Total pot $24 | Rake $0.48
Board [Th Jc Ts Kh]
Seat 3: poooohpooh (big blind) collected ($23.52)
Seat 5: Hannibal2211 (button) (small blind) folded on the Turn


PokerStars Hand #157278240770:  Hold'em Limit ($3/$6 USD) - 2016/08/14 16:07:27 ET
Table 'Kilia II' 6-max Seat #5 is the button
Seat 3: poooohpooh ($137.40 in chips)
Seat 5: Hannibal2211 ($94.64 in chips)
Hannibal2211: posts small blind $1
poooohpooh: posts big blind $3
*** HOLE CARDS ***
Hannibal2211: raises $3 to $6
poooohpooh: calls $3
*** FLOP *** [6c 4s Jh]
poooohpooh: checks
Hannibal2211: bets $3
poooohpooh: calls $3
*** TURN *** [6c 4s Jh] [4c]
poooohpooh: checks
Hannibal2211: bets $6
poooohpooh: folds
Uncalled bet ($6) returned to Hannibal2211
Hannibal2211 collected $17.64 from pot
*** SUMMARY ***
Total pot $18 | Rake $0.36
Board [6c 4s Jh 4c]
Seat 3: poooohpooh (big blind) folded on the Turn
Seat 5: Hannibal2211 (button) (small blind) collected ($17.64)


PokerStars Hand #157278252695:  Hold'em Limit ($3/$6 USD) - 2016/08/14 16:07:42 ET
Table 'Kilia II' 6-max Seat #3 is the button
Seat 3: poooohpooh ($128.40 in chips)
Seat 5: Hannibal2211 ($103.28 in chips)
poooohpooh: posts small blind $1
Hannibal2211: posts big blind $3
*** HOLE CARDS ***
poooohpooh: raises $3 to $6
Hannibal2211: calls $3
*** FLOP *** [Qd 2h 2d]
Hannibal2211: checks
poooohpooh: checks
*** TURN *** [Qd 2h 2d] [Ad]
Hannibal2211: checks
poooohpooh: bets $6
Hannibal2211: folds
Uncalled bet ($6) returned to poooohpooh
poooohpooh collected $11.76 from pot
poooohpooh: doesn't show hand
*** SUMMARY ***
Total pot $12 | Rake $0.24
Board [Qd 2h 2d Ad]
Seat 3: poooohpooh (button) (small blind) collected ($11.76)
Seat 5: Hannibal2211 (big blind) folded on the Turn


PokerStars Hand #157278265236:  Hold'em Limit ($3/$6 USD) - 2016/08/14 16:07:57 ET
Table 'Kilia II' 6-max Seat #5 is the button
Seat 3: poooohpooh ($134.16 in chips)
Seat 5: Hannibal2211 ($97.28 in chips)
Hannibal2211: posts small blind $1
poooohpooh: posts big blind $3
*** HOLE CARDS ***
Hannibal2211: raises $3 to $6
poooohpooh: folds
Uncalled bet ($3) returned to Hannibal2211
Hannibal2211 collected $6 from pot
*** SUMMARY ***
Total pot $6 | Rake $0
Seat 3: poooohpooh (big blind) folded before Flop
Seat 5: Hannibal2211 (button) (small blind) collected ($6)


PokerStars Hand #157278269527:  Hold'em Limit ($3/$6 USD) - 2016/08/14 16:08:03 ET
Table 'Kilia II' 6-max Seat #3 is the button
Seat 3: poooohpooh ($131.16 in chips)
Seat 5: Hannibal2211 ($100.28 in chips)
poooohpooh: posts small blind $1
Hannibal2211: posts big blind $3
*** HOLE CARDS ***
poooohpooh: raises $3 to $6
Hannibal2211: calls $3
*** FLOP *** [Ks 7h Ts]
Hannibal2211: checks
poooohpooh: bets $3
Hannibal2211: folds
Uncalled bet ($3) returned to poooohpooh
poooohpooh collected $11.76 from pot
poooohpooh: doesn't show hand
*** SUMMARY ***
Total pot $12 | Rake $0.24
Board [Ks 7h Ts]
Seat 3: poooohpooh (button) (small blind) collected ($11.76)
Seat 5: Hannibal2211 (big blind) folded on the Flop


PokerStars Hand #157278300474:  Hold'em Limit ($3/$6 USD) - 2016/08/14 16:08:41 ET
Table 'Kilia II' 6-max Seat #3 is the button
Seat 3: poooohpooh ($163.42 in chips)
Seat 5: Hannibal2211 ($72 in chips)
poooohpooh: posts small blind $1
Hannibal2211: posts big blind $3
*** HOLE CARDS ***
poooohpooh: raises $3 to $6
Hannibal2211: folds
Uncalled bet ($3) returned to poooohpooh
poooohpooh collected $6 from pot
poooohpooh: doesn't show hand
*** SUMMARY ***
Total pot $6 | Rake $0
Seat 3: poooohpooh (button) (small blind) collected ($6)
Seat 5: Hannibal2211 (big blind) folded before Flop


PokerStars Hand #157278281678:  Hold'em Limit ($3/$6 USD) - 2016/08/14 16:08:18 ET
Table 'Kilia II' 6-max Seat #5 is the button
Seat 3: poooohpooh ($136.92 in chips)
Seat 5: Hannibal2211 ($94.28 in chips)
Hannibal2211: posts small blind $1
poooohpooh: posts big blind $3
*** HOLE CARDS ***
Hannibal2211: raises $3 to $6
poooohpooh: calls $3
*** FLOP *** [4d Ad Qc]
poooohpooh: checks
Hannibal2211: bets $3
poooohpooh: calls $3
*** TURN *** [4d Ad Qc] [2h]
poooohpooh: checks
Hannibal2211: bets $6
poooohpooh: raises $6 to $12
Hannibal2211: raises $6 to $18
poooohpooh: calls $6
*** RIVER *** [4d Ad Qc 2h] [Qh]
poooohpooh: checks
Hannibal2211: checks
*** SHOW DOWN ***
poooohpooh: shows [Qs 2d] (a full house, Queens full of Deuces)
Hannibal2211: mucks hand
poooohpooh collected $53.50 from pot
*** SUMMARY ***
Total pot $54 | Rake $0.50
Board [4d Ad Qc 2h Qh]
Seat 3: poooohpooh (big blind) showed [Qs 2d] and won ($53.50) with a full house, Queens full of Deuces
Seat 5: Hannibal2211 (button) (small blind) mucked


PokerStars Hand #157278305197:  Hold'em Limit ($3/$6 USD) - 2016/08/14 16:08:47 ET
Table 'Kilia II' 6-max Seat #5 is the button
Seat 3: poooohpooh ($166.42 in chips)
Seat 5: Hannibal2211 ($72 in chips)
Hannibal2211: posts small blind $1
poooohpooh: posts big blind $3
*** HOLE CARDS ***
Hannibal2211: raises $3 to $6
poooohpooh: calls $3
*** FLOP *** [Kc 5d 4h]
poooohpooh: checks
Hannibal2211: bets $3
poooohpooh: calls $3
*** TURN *** [Kc 5d 4h] [2d]
poooohpooh: checks
Hannibal2211: bets $6
poooohpooh: raises $6 to $12
Hannibal2211: calls $6
*** RIVER *** [Kc 5d 4h 2d] [As]
poooohpooh: bets $6
Hannibal2211: folds
Uncalled bet ($6) returned to poooohpooh
poooohpooh collected $41.50 from pot
poooohpooh: doesn't show hand
*** SUMMARY ***
Total pot $42 | Rake $0.50
Board [Kc 5d 4h 2d As]
Seat 3: poooohpooh (big blind) collected ($41.50)
Seat 5: Hannibal2211 (button) (small blind) folded on the River


PokerStars Hand #157278320844:  Hold'em Limit ($3/$6 USD) - 2016/08/14 16:09:07 ET
Table 'Kilia II' 6-max Seat #3 is the button
Seat 3: poooohpooh ($186.92 in chips)
Seat 5: Hannibal2211 ($72 in chips)
poooohpooh: posts small blind $1
Hannibal2211: posts big blind $3
*** HOLE CARDS ***
poooohpooh: folds
Uncalled bet ($2) returned to Hannibal2211
Hannibal2211 collected $2 from pot
*** SUMMARY ***
Total pot $2 | Rake $0
Seat 3: poooohpooh (button) (small blind) folded before Flop
Seat 5: Hannibal2211 (big blind) collected ($2)


PokerStars Hand #157278324588:  Hold'em Limit ($3/$6 USD) - 2016/08/14 16:09:12 ET
Table 'Kilia II' 6-max Seat #5 is the button
Seat 3: poooohpooh ($185.92 in chips)
Seat 5: Hannibal2211 ($73 in chips)
Hannibal2211: posts small blind $1
poooohpooh: posts big blind $3
*** HOLE CARDS ***
Hannibal2211: raises $3 to $6
poooohpooh: calls $3
*** FLOP *** [6s 8c 7h]
poooohpooh: checks
Hannibal2211: bets $3
poooohpooh: calls $3
*** TURN *** [6s 8c 7h] [Jh]
poooohpooh: checks
Hannibal2211: bets $6
poooohpooh: calls $6
*** RIVER *** [6s 8c 7h Jh] [2d]
poooohpooh: checks
Hannibal2211: bets $6
poooohpooh: calls $6
*** SHOW DOWN ***
Hannibal2211: shows [5s Js] (a pair of Jacks)
poooohpooh: mucks hand
Hannibal2211 collected $41.50 from pot
*** SUMMARY ***
Total pot $42 | Rake $0.50
Board [6s 8c 7h Jh 2d]
Seat 3: poooohpooh (big blind) mucked
Seat 5: Hannibal2211 (button) (small blind) showed [5s Js] and won ($41.50) with a pair of Jacks


PokerStars Hand #157278338403:  Hold'em Limit ($3/$6 USD) - 2016/08/14 16:09:29 ET
Table 'Kilia II' 6-max Seat #3 is the button
Seat 3: poooohpooh ($164.92 in chips)
Seat 5: Hannibal2211 ($93.50 in chips)
poooohpooh: posts small blind $1
Hannibal2211: posts big blind $3
*** HOLE CARDS ***
poooohpooh: raises $3 to $6
Hannibal2211: calls $3
*** FLOP *** [7c Td 5c]
Hannibal2211: checks
poooohpooh: bets $3
Hannibal2211: folds
Uncalled bet ($3) returned to poooohpooh
poooohpooh collected $11.76 from pot
poooohpooh: doesn't show hand
*** SUMMARY ***
Total pot $12 | Rake $0.24
Board [7c Td 5c]
Seat 3: poooohpooh (button) (small blind) collected ($11.76)
Seat 5: Hannibal2211 (big blind) folded on the Flop


PokerStars Hand #157278345536:  Hold'em Limit ($3/$6 USD) - 2016/08/14 16:09:38 ET
Table 'Kilia II' 6-max Seat #5 is the button
Seat 3: poooohpooh ($170.68 in chips)
Seat 5: Hannibal2211 ($87.50 in chips)
Hannibal2211: posts small blind $1
poooohpooh: posts big blind $3
*** HOLE CARDS ***
Hannibal2211: raises $3 to $6
poooohpooh: raises $3 to $9
Hannibal2211: calls $3
*** FLOP *** [3d 9s Ad]
poooohpooh: bets $3
Hannibal2211: folds
Uncalled bet ($3) returned to poooohpooh
poooohpooh collected $17.64 from pot
poooohpooh: doesn't show hand
*** SUMMARY ***
Total pot $18 | Rake $0.36
Board [3d 9s Ad]
Seat 3: poooohpooh (big blind) collected ($17.64)
Seat 5: Hannibal2211 (button) (small blind) folded on the Flop


PokerStars Hand #157278356491:  Hold'em Limit ($3/$6 USD) - 2016/08/14 16:09:51 ET
Table 'Kilia II' 6-max Seat #3 is the button
Seat 3: poooohpooh ($179.32 in chips)
Seat 5: Hannibal2211 ($78.50 in chips)
poooohpooh: posts small blind $1
Hannibal2211: posts big blind $3
*** HOLE CARDS ***
poooohpooh: raises $3 to $6
Hannibal2211: calls $3
*** FLOP *** [9h 8d 7h]
Hannibal2211: checks
poooohpooh: checks
*** TURN *** [9h 8d 7h] [Js]
Hannibal2211: bets $6
poooohpooh: calls $6
*** RIVER *** [9h 8d 7h Js] [2h]
Hannibal2211: checks
poooohpooh: checks
*** SHOW DOWN ***
Hannibal2211: shows [Jh 6c] (a pair of Jacks)
poooohpooh: mucks hand
Hannibal2211 collected $23.52 from pot
*** SUMMARY ***
Total pot $24 | Rake $0.48
Board [9h 8d 7h Js 2h]
Seat 3: poooohpooh (button) (small blind) mucked
Seat 5: Hannibal2211 (big blind) showed [Jh 6c] and won ($23.52) with a pair of Jacks


PokerStars Hand #157278387753:  Hold'em Limit ($3/$6 USD) - 2016/08/14 16:10:30 ET
Table 'Kilia II' 6-max Seat #3 is the button
Seat 3: poooohpooh ($169.08 in chips)
Seat 5: Hannibal2211 ($88.02 in chips)
poooohpooh: posts small blind $1
Hannibal2211: posts big blind $3
*** HOLE CARDS ***
poooohpooh: folds
Uncalled bet ($2) returned to Hannibal2211
Hannibal2211 collected $2 from pot
*** SUMMARY ***
Total pot $2 | Rake $0
Seat 3: poooohpooh (button) (small blind) folded before Flop
Seat 5: Hannibal2211 (big blind) collected ($2)


PokerStars Hand #157278382584:  Hold'em Limit ($3/$6 USD) - 2016/08/14 16:10:24 ET
Table 'Kilia II' 6-max Seat #5 is the button
Seat 3: poooohpooh ($172.08 in chips)
Seat 5: Hannibal2211 ($85.02 in chips)
Hannibal2211: posts small blind $1
poooohpooh: posts big blind $3
*** HOLE CARDS ***
Hannibal2211: raises $3 to $6
poooohpooh: folds
Uncalled bet ($3) returned to Hannibal2211
Hannibal2211 collected $6 from pot
*** SUMMARY ***
Total pot $6 | Rake $0
Seat 3: poooohpooh (big blind) folded before Flop
Seat 5: Hannibal2211 (button) (small blind) collected ($6)


PokerStars Hand #157278379167:  Hold'em Limit ($3/$6 USD) - 2016/08/14 16:10:20 ET
Table 'Kilia II' 6-max Seat #3 is the button
Seat 3: poooohpooh ($173.08 in chips)
Seat 5: Hannibal2211 ($84.02 in chips)
poooohpooh: posts small blind $1
Hannibal2211: posts big blind $3
*** HOLE CARDS ***
poooohpooh: folds
Uncalled bet ($2) returned to Hannibal2211
Hannibal2211 collected $2 from pot
*** SUMMARY ***
Total pot $2 | Rake $0
Seat 3: poooohpooh (button) (small blind) folded before Flop
Seat 5: Hannibal2211 (big blind) collected ($2)


PokerStars Hand #157278371632:  Hold'em Limit ($3/$6 USD) - 2016/08/14 16:10:10 ET
Table 'Kilia II' 6-max Seat #5 is the button
Seat 3: poooohpooh ($167.32 in chips)
Seat 5: Hannibal2211 ($90.02 in chips)
Hannibal2211: posts small blind $1
poooohpooh: posts big blind $3
*** HOLE CARDS ***
Hannibal2211: raises $3 to $6
poooohpooh: calls $3
*** FLOP *** [6d As Ad]
poooohpooh: bets $3
Hannibal2211: folds
Uncalled bet ($3) returned to poooohpooh
poooohpooh collected $11.76 from pot
poooohpooh: doesn't show hand
*** SUMMARY ***
Total pot $12 | Rake $0.24
Board [6d As Ad]
Seat 3: poooohpooh (big blind) collected ($11.76)
Seat 5: Hannibal2211 (button) (small blind) folded on the Flop


PokerStars Hand #157278414942:  Hold'em Limit ($3/$6 USD) - 2016/08/14 16:11:04 ET
Table 'Kilia II' 6-max Seat #5 is the button
Seat 3: poooohpooh ($182.58 in chips)
Seat 5: Hannibal2211 ($74.02 in chips)
Hannibal2211: posts small blind $1
poooohpooh: posts big blind $3
*** HOLE CARDS ***
Hannibal2211: raises $3 to $6
poooohpooh: calls $3
*** FLOP *** [3h 6c 7d]
poooohpooh: checks
Hannibal2211: bets $3
poooohpooh: raises $3 to $6
Hannibal2211: calls $3
*** TURN *** [3h 6c 7d] [Ac]
poooohpooh: bets $6
Hannibal2211: calls $6
*** RIVER *** [3h 6c 7d Ac] [9d]
poooohpooh: bets $6
Hannibal2211: calls $6
*** SHOW DOWN ***
poooohpooh: shows [5d 8h] (a straight, Five to Nine)
Hannibal2211: mucks hand
poooohpooh collected $47.50 from pot
*** SUMMARY ***
Total pot $48 | Rake $0.50
Board [3h 6c 7d Ac 9d]
Seat 3: poooohpooh (big blind) showed [5d 8h] and won ($47.50) with a straight, Five to Nine
Seat 5: Hannibal2211 (button) (small blind) mucked


PokerStars Hand #157278396969:  Hold'em Limit ($3/$6 USD) - 2016/08/14 16:10:42 ET
Table 'Kilia II' 6-max Seat #3 is the button
Seat 3: poooohpooh ($165.08 in chips)
Seat 5: Hannibal2211 ($92.02 in chips)
poooohpooh: posts small blind $1
Hannibal2211: posts big blind $3
*** HOLE CARDS ***
poooohpooh: raises $3 to $6
Hannibal2211: calls $3
*** FLOP *** [Jh 7h 5s]
Hannibal2211: checks
poooohpooh: bets $3
Hannibal2211: raises $3 to $6
poooohpooh: calls $3
*** TURN *** [Jh 7h 5s] [As]
Hannibal2211: checks
poooohpooh: checks
*** RIVER *** [Jh 7h 5s As] [Td]
Hannibal2211: checks
poooohpooh: bets $6
Hannibal2211: calls $6
*** SHOW DOWN ***
poooohpooh: shows [7d Tc] (two pair, Tens and Sevens)
Hannibal2211: mucks hand
poooohpooh collected $35.50 from pot
*** SUMMARY ***
Total pot $36 | Rake $0.50
Board [Jh 7h 5s As Td]
Seat 3: poooohpooh (button) (small blind) showed [7d Tc] and won ($35.50) with two pair, Tens and Sevens
Seat 5: Hannibal2211 (big blind) mucked


PokerStars Hand #157278391394:  Hold'em Limit ($3/$6 USD) - 2016/08/14 16:10:35 ET
Table 'Kilia II' 6-max Seat #5 is the button
Seat 3: poooohpooh ($168.08 in chips)
Seat 5: Hannibal2211 ($89.02 in chips)
Hannibal2211: posts small blind $1
poooohpooh: posts big blind $3
*** HOLE CARDS ***
Hannibal2211: raises $3 to $6
poooohpooh: folds
Uncalled bet ($3) returned to Hannibal2211
Hannibal2211 collected $6 from pot
*** SUMMARY ***
Total pot $6 | Rake $0
Seat 3: poooohpooh (big blind) folded before Flop
Seat 5: Hannibal2211 (button) (small blind) collected ($6)


