PokerStars Hand #166994279619:  Hold'em Limit ($3/$6 USD) - 2017/03/02 7:35:31 ET
Table 'Kippes' 10-max Seat #10 is the button
Seat 6: Agrotait ($72 in chips)
Seat 10: Whitty29 ($120 in chips)
Whitty29: posts small blind $1
Agrotait: posts big blind $3
*** HOLE CARDS ***
grabaz joins the table at seat #1
Whitty29: calls $2
Agrotait: checks
*** FLOP *** [Kc 8h 7h]
Agrotait: checks
Whitty29: checks
*** TURN *** [Kc 8h 7h] [2s]
Agrotait: bets $6
Whitty29: folds
Uncalled bet ($6) returned to Agrotait
Agrotait collected $5.88 from pot
Agrotait: doesn't show hand
*** SUMMARY ***
Total pot $6 | Rake $0.12
Board [Kc 8h 7h 2s]
Seat 6: Agrotait (big blind) collected ($5.88)
Seat 10: Whitty29 (button) (small blind) folded on the Turn


PokerStars Hand #166994294709:  Hold'em Limit ($3/$6 USD) - 2017/03/02 7:36:00 ET
Table 'Kippes' 10-max Seat #6 is the button
Seat 6: Agrotait ($74.88 in chips)
Seat 10: Whitty29 ($117 in chips)
Agrotait: posts small blind $1
Whitty29: posts big blind $3
*** HOLE CARDS ***
Agrotait: raises $3 to $6
Whitty29: raises $3 to $9
Agrotait: calls $3
*** FLOP *** [4h 5s 4s]
Whitty29: bets $3
Agrotait: folds
Uncalled bet ($3) returned to Whitty29
Whitty29 collected $17.64 from pot
*** SUMMARY ***
Total pot $18 | Rake $0.36
Board [4h 5s 4s]
Seat 6: Agrotait (button) (small blind) folded on the Flop
Seat 10: Whitty29 (big blind) collected ($17.64)


PokerStars Hand #166995224623:  Hold'em Limit ($3/$6 USD) - 2017/03/02 8:06:09 ET
Table 'Kippes' 10-max Seat #2 is the button
Seat 2: Rmk1500 ($43 in chips)
Seat 7: grabaz ($240 in chips)
Rmk1500: posts small blind $1
kiwi/mike: is sitting out
grabaz: posts big blind $3
*** HOLE CARDS ***
Rmk1500: raises $3 to $6
kiwi/mike leaves the table
grabaz: calls $3
*** FLOP *** [9c 6c Qh]
grabaz: checks
Rmk1500: bets $3
grabaz: raises $3 to $6
Rmk1500: calls $3
*** TURN *** [9c 6c Qh] [8d]
grabaz: bets $6
Rmk1500: folds
Uncalled bet ($6) returned to grabaz
grabaz collected $23.52 from pot
grabaz: doesn't show hand
*** SUMMARY ***
Total pot $24 | Rake $0.48
Board [9c 6c Qh 8d]
Seat 2: Rmk1500 (button) (small blind) folded on the Turn
Seat 7: grabaz (big blind) collected ($23.52)


PokerStars Hand #166999476246:  Hold'em Limit ($3/$6 USD) - 2017/03/02 10:05:38 ET
Table 'Kippes' 10-max Seat #5 is the button
Seat 1: krytalex ($269.71 in chips)
Seat 5: B_loJkl ($194.80 in chips)
B_loJkl: posts small blind $1
grabaz: is sitting out
LouisB: is sitting out
krytalex: posts big blind $3
*** HOLE CARDS ***
B_loJkl: raises $3 to $6
LouisB leaves the table
krytalex: calls $3
*** FLOP *** [Ks 5h 6d]
OlegKharkov leaves the table
krytalex: checks
B_loJkl: bets $3
grabaz leaves the table
krytalex: calls $3
*** TURN *** [Ks 5h 6d] [3s]
krytalex: checks
B_loJkl: bets $6
krytalex: folds
Uncalled bet ($6) returned to B_loJkl
Psgunnnnnnnn leaves the table
B_loJkl collected $17.64 from pot
B_loJkl: doesn't show hand
*** SUMMARY ***
Total pot $18 | Rake $0.36
Board [Ks 5h 6d 3s]
Seat 1: krytalex (big blind) folded on the Turn
Seat 5: B_loJkl (button) (small blind) collected ($17.64)


PokerStars Hand #167003753504:  Hold'em Limit ($3/$6 USD) - 2017/03/02 11:47:37 ET
Table 'Kippes' 10-max Seat #6 is the button
Seat 6: vestimokrec ($119 in chips)
Seat 7: Ale4o ($120 in chips)
vestimokrec: posts small blind $1
Ale4o: posts big blind $3
*** HOLE CARDS ***
cashmuzi leaves the table
vestimokrec: folds
Uncalled bet ($2) returned to Ale4o
Ale4o collected $2 from pot
Ale4o: doesn't show hand
*** SUMMARY ***
Total pot $2 | Rake $0
Seat 6: vestimokrec (button) (small blind) folded before Flop
Seat 7: Ale4o (big blind) collected ($2)


PokerStars Hand #167003851711:  Hold'em Limit ($3/$6 USD) - 2017/03/02 11:49:49 ET
Table 'Kippes' 10-max Seat #9 is the button
Seat 5: vestimokrec ($145.47 in chips)
Seat 9: krytalex ($130.34 in chips)
krytalex: posts small blind $1
vestimokrec: posts big blind $3
*** HOLE CARDS ***
krytalex: raises $3 to $6
vestimokrec: calls $3
*** FLOP *** [9c 2d Kh]
vestimokrec: checks
krytalex: bets $3
vestimokrec: raises $3 to $6
krytalex: calls $3
*** TURN *** [9c 2d Kh] [3h]
vestimokrec: bets $6
krytalex: calls $6
*** RIVER *** [9c 2d Kh 3h] [2c]
vestimokrec: checks
krytalex: checks
*** SHOW DOWN ***
vestimokrec: shows [4s Tc] (a pair of Deuces)
krytalex: shows [9h 8c] (two pair, Nines and Deuces)
krytalex collected $35.50 from pot
Krazy90 joins the table at seat #6
*** SUMMARY ***
Total pot $36 | Rake $0.50
Board [9c 2d Kh 3h 2c]
Seat 5: vestimokrec (big blind) showed [4s Tc] and lost with a pair of Deuces
Seat 9: krytalex (button) (small blind) showed [9h 8c] and won ($35.50) with two pair, Nines and Deuces


PokerStars Hand #167020149843:  Hold'em Limit ($3/$6 USD) - 2017/03/02 17:05:18 ET
Table 'Kippes' 10-max Seat #5 is the button
Seat 5: bkcase ($131.19 in chips)
Seat 8: B_loJkl ($184.51 in chips)
bkcase: posts small blind $1
B_loJkl: posts big blind $3
*** HOLE CARDS ***
bkcase: calls $2
B_loJkl: checks
*** FLOP *** [9c 3h Ah]
B_loJkl: bets $3
bkcase: calls $3
*** TURN *** [9c 3h Ah] [Kc]
B_loJkl: checks
bkcase: checks
*** RIVER *** [9c 3h Ah Kc] [Tc]
B_loJkl: bets $6
bkcase: folds
Uncalled bet ($6) returned to B_loJkl
B_loJkl collected $11.76 from pot
B_loJkl: doesn't show hand
*** SUMMARY ***
Total pot $12 | Rake $0.24
Board [9c 3h Ah Kc Tc]
Seat 5: bkcase (button) (small blind) folded on the River
Seat 8: B_loJkl (big blind) collected ($11.76)


