PokerStars Hand #164585424347:  Hold'em Limit ($3/$6 USD) - 2017/01/14 18:09:44 ET
Table 'Kiso' 6-max Seat #1 is the button
Seat 1: Velbor107 ($328.50 in chips)
Seat 3: PZYDARMAN ($91 in chips)
Velbor107: posts small blind $1
PZYDARMAN: posts big blind $3
*** HOLE CARDS ***
Velbor107: raises $3 to $6
PZYDARMAN: calls $3
*** FLOP *** [Jc Jh 5h]
PZYDARMAN: checks
Velbor107: bets $3
PZYDARMAN: folds
Uncalled bet ($3) returned to Velbor107
Velbor107 collected $11.76 from pot
*** SUMMARY ***
Total pot $12 | Rake $0.24
Board [Jc Jh 5h]
Seat 1: Velbor107 (button) (small blind) collected ($11.76)
Seat 3: PZYDARMAN (big blind) folded on the Flop


PokerStars Hand #164585389971:  Hold'em Limit ($3/$6 USD) - 2017/01/14 18:09:04 ET
Table 'Kiso' 6-max Seat #3 is the button
Seat 1: Velbor107 ($299 in chips)
Seat 3: PZYDARMAN ($121 in chips)
PZYDARMAN: posts small blind $1
Velbor107: posts big blind $3
*** HOLE CARDS ***
PZYDARMAN: raises $3 to $6
Velbor107: calls $3
*** FLOP *** [8d 3h 6s]
Velbor107: checks
PZYDARMAN: bets $3
Velbor107: raises $3 to $6
PZYDARMAN: calls $3
*** TURN *** [8d 3h 6s] [4s]
Velbor107: bets $6
PZYDARMAN: calls $6
*** RIVER *** [8d 3h 6s 4s] [3s]
Velbor107: bets $6
PZYDARMAN: raises $6 to $12
Velbor107: calls $6
*** SHOW DOWN ***
PZYDARMAN: shows [Kh 7h] (a pair of Threes)
Velbor107: shows [7s 6d] (two pair, Sixes and Threes)
Velbor107 collected $59.50 from pot
*** SUMMARY ***
Total pot $60 | Rake $0.50
Board [8d 3h 6s 4s 3s]
Seat 1: Velbor107 (big blind) showed [7s 6d] and won ($59.50) with two pair, Sixes and Threes
Seat 3: PZYDARMAN (button) (small blind) showed [Kh 7h] and lost with a pair of Threes


PokerStars Hand #164585490725:  Hold'em Limit ($3/$6 USD) - 2017/01/14 18:11:01 ET
Table 'Kiso' 6-max Seat #1 is the button
Seat 1: Velbor107 ($310.08 in chips)
Seat 3: PZYDARMAN ($108.32 in chips)
Velbor107: posts small blind $1
PZYDARMAN: posts big blind $3
*** HOLE CARDS ***
Velbor107: raises $3 to $6
PZYDARMAN: folds
Uncalled bet ($3) returned to Velbor107
Velbor107 collected $6 from pot
*** SUMMARY ***
Total pot $6 | Rake $0
Seat 1: Velbor107 (button) (small blind) collected ($6)
Seat 3: PZYDARMAN (big blind) folded before Flop


PokerStars Hand #164585474914:  Hold'em Limit ($3/$6 USD) - 2017/01/14 18:10:42 ET
Table 'Kiso' 6-max Seat #3 is the button
Seat 1: Velbor107 ($310.26 in chips)
Seat 3: PZYDARMAN ($108.50 in chips)
PZYDARMAN: posts small blind $1
Velbor107: posts big blind $3
*** HOLE CARDS ***
PZYDARMAN: raises $3 to $6
Velbor107: calls $3
*** FLOP *** [Qh Ah Ks]
Velbor107: checks
PZYDARMAN: bets $3
Velbor107: calls $3
*** TURN *** [Qh Ah Ks] [Js]
Velbor107: checks
PZYDARMAN: checks
*** RIVER *** [Qh Ah Ks Js] [2h]
Velbor107: checks
PZYDARMAN: checks
*** SHOW DOWN ***
Velbor107: shows [9d Jd] (a pair of Jacks)
PZYDARMAN: shows [9s Jh] (a pair of Jacks)
Velbor107 collected $8.82 from pot
PZYDARMAN collected $8.82 from pot
*** SUMMARY ***
Total pot $18 | Rake $0.36
Board [Qh Ah Ks Js 2h]
Seat 1: Velbor107 (big blind) showed [9d Jd] and won ($8.82) with a pair of Jacks
Seat 3: PZYDARMAN (button) (small blind) showed [9s Jh] and won ($8.82) with a pair of Jacks


PokerStars Hand #164585468705:  Hold'em Limit ($3/$6 USD) - 2017/01/14 18:10:35 ET
Table 'Kiso' 6-max Seat #1 is the button
Seat 1: Velbor107 ($307.26 in chips)
Seat 3: PZYDARMAN ($111.50 in chips)
Velbor107: posts small blind $1
PZYDARMAN: posts big blind $3
*** HOLE CARDS ***
Velbor107: raises $3 to $6
PZYDARMAN: folds
Uncalled bet ($3) returned to Velbor107
Velbor107 collected $6 from pot
*** SUMMARY ***
Total pot $6 | Rake $0
Seat 1: Velbor107 (button) (small blind) collected ($6)
Seat 3: PZYDARMAN (big blind) folded before Flop


PokerStars Hand #164585440855:  Hold'em Limit ($3/$6 USD) - 2017/01/14 18:10:03 ET
Table 'Kiso' 6-max Seat #3 is the button
Seat 1: Velbor107 ($334.26 in chips)
Seat 3: PZYDARMAN ($85 in chips)
PZYDARMAN: posts small blind $1
Velbor107: posts big blind $3
*** HOLE CARDS ***
PZYDARMAN: raises $3 to $6
Velbor107: calls $3
*** FLOP *** [Jc Kc 4s]
Velbor107: checks
PZYDARMAN: bets $3
Velbor107: calls $3
*** TURN *** [Jc Kc 4s] [9c]
Velbor107: checks
PZYDARMAN: bets $6
Velbor107: raises $6 to $12
PZYDARMAN: calls $6
*** RIVER *** [Jc Kc 4s 9c] [Td]
Velbor107: bets $6
PZYDARMAN: raises $6 to $12
Velbor107: folds
Uncalled bet ($6) returned to PZYDARMAN
PZYDARMAN collected $53.50 from pot
*** SUMMARY ***
Total pot $54 | Rake $0.50
Board [Jc Kc 4s 9c Td]
Seat 1: Velbor107 (big blind) folded on the River
Seat 3: PZYDARMAN (button) (small blind) collected ($53.50)


PokerStars Hand #164585544165:  Hold'em Limit ($3/$6 USD) - 2017/01/14 18:12:03 ET
Table 'Kiso' 6-max Seat #1 is the button
Seat 1: Velbor107 ($310.83 in chips)
Seat 3: PZYDARMAN ($107.07 in chips)
Velbor107: posts small blind $1
PZYDARMAN: posts big blind $3
*** HOLE CARDS ***
Velbor107: raises $3 to $6
PZYDARMAN: folds
Uncalled bet ($3) returned to Velbor107
Velbor107 collected $6 from pot
*** SUMMARY ***
Total pot $6 | Rake $0
Seat 1: Velbor107 (button) (small blind) collected ($6)
Seat 3: PZYDARMAN (big blind) folded before Flop


PokerStars Hand #164585536359:  Hold'em Limit ($3/$6 USD) - 2017/01/14 18:11:54 ET
Table 'Kiso' 6-max Seat #3 is the button
Seat 1: Velbor107 ($313.83 in chips)
Seat 3: PZYDARMAN ($104.07 in chips)
PZYDARMAN: posts small blind $1
Velbor107: posts big blind $3
*** HOLE CARDS ***
PZYDARMAN: raises $3 to $6
Velbor107: folds
Uncalled bet ($3) returned to PZYDARMAN
PZYDARMAN collected $6 from pot
*** SUMMARY ***
Total pot $6 | Rake $0
Seat 1: Velbor107 (big blind) folded before Flop
Seat 3: PZYDARMAN (button) (small blind) collected ($6)


PokerStars Hand #164585505371:  Hold'em Limit ($3/$6 USD) - 2017/01/14 18:11:18 ET
Table 'Kiso' 6-max Seat #1 is the button
Seat 1: Velbor107 ($314.08 in chips)
Seat 3: PZYDARMAN ($104.32 in chips)
Velbor107: posts small blind $1
PZYDARMAN: posts big blind $3
*** HOLE CARDS ***
Velbor107: raises $3 to $6
PZYDARMAN: calls $3
*** FLOP *** [8h Ac Jd]
PZYDARMAN: checks
Velbor107: bets $3
PZYDARMAN: calls $3
*** TURN *** [8h Ac Jd] [2s]
PZYDARMAN: checks
Velbor107: checks
*** RIVER *** [8h Ac Jd 2s] [3s]
PZYDARMAN: checks
Velbor107: bets $6
PZYDARMAN: calls $6
*** SHOW DOWN ***
Velbor107: shows [8s 9s] (a pair of Eights)
PZYDARMAN: shows [9h 8c] (a pair of Eights)
PZYDARMAN collected $14.75 from pot
Velbor107 collected $14.75 from pot
*** SUMMARY ***
Total pot $30 | Rake $0.50
Board [8h Ac Jd 2s 3s]
Seat 1: Velbor107 (button) (small blind) showed [8s 9s] and won ($14.75) with a pair of Eights
Seat 3: PZYDARMAN (big blind) showed [9h 8c] and won ($14.75) with a pair of Eights


PokerStars Hand #164585496484:  Hold'em Limit ($3/$6 USD) - 2017/01/14 18:11:07 ET
Table 'Kiso' 6-max Seat #3 is the button
Seat 1: Velbor107 ($313.08 in chips)
Seat 3: PZYDARMAN ($105.32 in chips)
PZYDARMAN: posts small blind $1
Velbor107: posts big blind $3
*** HOLE CARDS ***
PZYDARMAN: folds
Uncalled bet ($2) returned to Velbor107
Velbor107 collected $2 from pot
*** SUMMARY ***
Total pot $2 | Rake $0
Seat 1: Velbor107 (big blind) collected ($2)
Seat 3: PZYDARMAN (button) (small blind) folded before Flop


PokerStars Hand #164585564492:  Hold'em Limit ($3/$6 USD) - 2017/01/14 18:12:27 ET
Table 'Kiso' 6-max Seat #1 is the button
Seat 1: Velbor107 ($314.83 in chips)
Seat 3: PZYDARMAN ($103.07 in chips)
Velbor107: posts small blind $1
PZYDARMAN: posts big blind $3
*** HOLE CARDS ***
Velbor107: folds
Uncalled bet ($2) returned to PZYDARMAN
PZYDARMAN collected $2 from pot
*** SUMMARY ***
Total pot $2 | Rake $0
Seat 1: Velbor107 (button) (small blind) folded before Flop
Seat 3: PZYDARMAN (big blind) collected ($2)


PokerStars Hand #164585560312:  Hold'em Limit ($3/$6 USD) - 2017/01/14 18:12:22 ET
Table 'Kiso' 6-max Seat #3 is the button
Seat 1: Velbor107 ($313.83 in chips)
Seat 3: PZYDARMAN ($104.07 in chips)
PZYDARMAN: posts small blind $1
Velbor107: posts big blind $3
*** HOLE CARDS ***
PZYDARMAN: folds
Uncalled bet ($2) returned to Velbor107
Velbor107 collected $2 from pot
*** SUMMARY ***
Total pot $2 | Rake $0
Seat 1: Velbor107 (big blind) collected ($2)
Seat 3: PZYDARMAN (button) (small blind) folded before Flop


PokerStars Hand #164585555835:  Hold'em Limit ($3/$6 USD) - 2017/01/14 18:12:17 ET
Table 'Kiso' 6-max Seat #1 is the button
Seat 1: Velbor107 ($310.83 in chips)
Seat 3: PZYDARMAN ($107.07 in chips)
Velbor107: posts small blind $1
PZYDARMAN: posts big blind $3
*** HOLE CARDS ***
Velbor107: raises $3 to $6
PZYDARMAN: folds
Uncalled bet ($3) returned to Velbor107
Velbor107 collected $6 from pot
*** SUMMARY ***
Total pot $6 | Rake $0
Seat 1: Velbor107 (button) (small blind) collected ($6)
Seat 3: PZYDARMAN (big blind) folded before Flop


PokerStars Hand #164585550549:  Hold'em Limit ($3/$6 USD) - 2017/01/14 18:12:10 ET
Table 'Kiso' 6-max Seat #3 is the button
Seat 1: Velbor107 ($313.83 in chips)
Seat 3: PZYDARMAN ($104.07 in chips)
PZYDARMAN: posts small blind $1
Velbor107: posts big blind $3
*** HOLE CARDS ***
PZYDARMAN: raises $3 to $6
Velbor107: folds
Uncalled bet ($3) returned to PZYDARMAN
PZYDARMAN collected $6 from pot
*** SUMMARY ***
Total pot $6 | Rake $0
Seat 1: Velbor107 (big blind) folded before Flop
Seat 3: PZYDARMAN (button) (small blind) collected ($6)


PokerStars Hand #164585628435:  Hold'em Limit ($3/$6 USD) - 2017/01/14 18:13:41 ET
Table 'Kiso' 6-max Seat #1 is the button
Seat 1: Velbor107 ($335.33 in chips)
Seat 3: PZYDARMAN ($82.07 in chips)
Velbor107: posts small blind $1
PZYDARMAN: posts big blind $3
*** HOLE CARDS ***
Velbor107: raises $3 to $6
PZYDARMAN: raises $3 to $9
Velbor107: calls $3
*** FLOP *** [Kd Jc 6h]
PZYDARMAN: bets $3
Velbor107: calls $3
*** TURN *** [Kd Jc 6h] [9c]
PZYDARMAN: bets $6
Velbor107: folds
Uncalled bet ($6) returned to PZYDARMAN
PZYDARMAN collected $23.52 from pot
*** SUMMARY ***
Total pot $24 | Rake $0.48
Board [Kd Jc 6h 9c]
Seat 1: Velbor107 (button) (small blind) folded on the Turn
Seat 3: PZYDARMAN (big blind) collected ($23.52)


PokerStars Hand #164585623809:  Hold'em Limit ($3/$6 USD) - 2017/01/14 18:13:35 ET
Table 'Kiso' 6-max Seat #3 is the button
Seat 1: Velbor107 ($334.33 in chips)
Seat 3: PZYDARMAN ($83.07 in chips)
PZYDARMAN: posts small blind $1
Velbor107: posts big blind $3
*** HOLE CARDS ***
PZYDARMAN: folds
Uncalled bet ($2) returned to Velbor107
Velbor107 collected $2 from pot
*** SUMMARY ***
Total pot $2 | Rake $0
Seat 1: Velbor107 (big blind) collected ($2)
Seat 3: PZYDARMAN (button) (small blind) folded before Flop


PokerStars Hand #164585619388:  Hold'em Limit ($3/$6 USD) - 2017/01/14 18:13:30 ET
Table 'Kiso' 6-max Seat #1 is the button
Seat 1: Velbor107 ($331.33 in chips)
Seat 3: PZYDARMAN ($86.07 in chips)
Velbor107: posts small blind $1
PZYDARMAN: posts big blind $3
*** HOLE CARDS ***
Velbor107: raises $3 to $6
PZYDARMAN: folds
Uncalled bet ($3) returned to Velbor107
Velbor107 collected $6 from pot
*** SUMMARY ***
Total pot $6 | Rake $0
Seat 1: Velbor107 (button) (small blind) collected ($6)
Seat 3: PZYDARMAN (big blind) folded before Flop


PokerStars Hand #164585574009:  Hold'em Limit ($3/$6 USD) - 2017/01/14 18:12:38 ET
Table 'Kiso' 6-max Seat #3 is the button
Seat 1: Velbor107 ($313.83 in chips)
Seat 3: PZYDARMAN ($104.07 in chips)
PZYDARMAN: posts small blind $1
Velbor107: posts big blind $3
*** HOLE CARDS ***
PZYDARMAN: raises $3 to $6
Velbor107: calls $3
*** FLOP *** [4c Kc 3h]
Velbor107: checks
PZYDARMAN: bets $3
Velbor107: raises $3 to $6
PZYDARMAN: calls $3
*** TURN *** [4c Kc 3h] [Ah]
Velbor107: checks
PZYDARMAN: checks
*** RIVER *** [4c Kc 3h Ah] [8h]
Velbor107: bets $6
PZYDARMAN: calls $6
*** SHOW DOWN ***
Velbor107: shows [Ks Tc] (a pair of Kings)
PZYDARMAN: mucks hand
Velbor107 collected $35.50 from pot
*** SUMMARY ***
Total pot $36 | Rake $0.50
Board [4c Kc 3h Ah 8h]
Seat 1: Velbor107 (big blind) showed [Ks Tc] and won ($35.50) with a pair of Kings
Seat 3: PZYDARMAN (button) (small blind) mucked


PokerStars Hand #164585699261:  Hold'em Limit ($3/$6 USD) - 2017/01/14 18:15:03 ET
Table 'Kiso' 6-max Seat #1 is the button
Seat 1: Velbor107 ($343.83 in chips)
Seat 3: PZYDARMAN ($115.69 in chips)
Velbor107: posts small blind $1
PZYDARMAN: posts big blind $3
*** HOLE CARDS ***
Velbor107: raises $3 to $6
PZYDARMAN: folds
Uncalled bet ($3) returned to Velbor107
Velbor107 collected $6 from pot
*** SUMMARY ***
Total pot $6 | Rake $0
Seat 1: Velbor107 (button) (small blind) collected ($6)
Seat 3: PZYDARMAN (big blind) folded before Flop


PokerStars Hand #164585685516:  Hold'em Limit ($3/$6 USD) - 2017/01/14 18:14:47 ET
Table 'Kiso' 6-max Seat #3 is the button
Seat 1: Velbor107 ($346.83 in chips)
Seat 3: PZYDARMAN ($69.59 in chips)
PZYDARMAN: posts small blind $1
Velbor107: posts big blind $3
*** HOLE CARDS ***
PZYDARMAN: raises $3 to $6
Velbor107: folds
Uncalled bet ($3) returned to PZYDARMAN
PZYDARMAN collected $6 from pot
*** SUMMARY ***
Total pot $6 | Rake $0
Seat 1: Velbor107 (big blind) folded before Flop
Seat 3: PZYDARMAN (button) (small blind) collected ($6)


PokerStars Hand #164585680753:  Hold'em Limit ($3/$6 USD) - 2017/01/14 18:14:42 ET
Table 'Kiso' 6-max Seat #1 is the button
Seat 1: Velbor107 ($343.83 in chips)
Seat 3: PZYDARMAN ($72.59 in chips)
Velbor107: posts small blind $1
PZYDARMAN: posts big blind $3
*** HOLE CARDS ***
Velbor107: raises $3 to $6
PZYDARMAN: folds
Uncalled bet ($3) returned to Velbor107
Velbor107 collected $6 from pot
*** SUMMARY ***
Total pot $6 | Rake $0
Seat 1: Velbor107 (button) (small blind) collected ($6)
Seat 3: PZYDARMAN (big blind) folded before Flop


PokerStars Hand #164585652877:  Hold'em Limit ($3/$6 USD) - 2017/01/14 18:14:09 ET
Table 'Kiso' 6-max Seat #3 is the button
Seat 1: Velbor107 ($323.33 in chips)
Seat 3: PZYDARMAN ($93.59 in chips)
PZYDARMAN: posts small blind $1
Velbor107: posts big blind $3
*** HOLE CARDS ***
PZYDARMAN: raises $3 to $6
Velbor107: calls $3
*** FLOP *** [Jd Ah 2s]
Velbor107: checks
PZYDARMAN: bets $3
Velbor107: calls $3
*** TURN *** [Jd Ah 2s] [6h]
Velbor107: checks
PZYDARMAN: bets $6
Velbor107: calls $6
*** RIVER *** [Jd Ah 2s 6h] [Ad]
Velbor107: checks
PZYDARMAN: bets $6
Velbor107: calls $6
*** SHOW DOWN ***
PZYDARMAN: shows [5c 7d] (a pair of Aces)
Velbor107: shows [3h Kh] (a pair of Aces - King kicker)
Velbor107 collected $41.50 from pot
*** SUMMARY ***
Total pot $42 | Rake $0.50
Board [Jd Ah 2s 6h Ad]
Seat 1: Velbor107 (big blind) showed [3h Kh] and won ($41.50) with a pair of Aces
Seat 3: PZYDARMAN (button) (small blind) showed [5c 7d] and lost with a pair of Aces


PokerStars Hand #164585740109:  Hold'em Limit ($3/$6 USD) - 2017/01/14 18:15:51 ET
Table 'Kiso' 6-max Seat #1 is the button
Seat 1: Velbor107 ($376.33 in chips)
Seat 3: PZYDARMAN ($82.69 in chips)
Velbor107: posts small blind $1
PZYDARMAN: posts big blind $3
*** HOLE CARDS ***
Velbor107: raises $3 to $6
PZYDARMAN: folds
Uncalled bet ($3) returned to Velbor107
PZYDARMAN leaves the table
Velbor107 collected $6 from pot
*** SUMMARY ***
Total pot $6 | Rake $0
Seat 1: Velbor107 (button) (small blind) collected ($6)
Seat 3: PZYDARMAN (big blind) folded before Flop


PokerStars Hand #164585706731:  Hold'em Limit ($3/$6 USD) - 2017/01/14 18:15:12 ET
Table 'Kiso' 6-max Seat #3 is the button
Seat 1: Velbor107 ($346.83 in chips)
Seat 3: PZYDARMAN ($112.69 in chips)
PZYDARMAN: posts small blind $1
Velbor107: posts big blind $3
*** HOLE CARDS ***
PZYDARMAN: raises $3 to $6
Velbor107: calls $3
*** FLOP *** [7d Ts 6c]
Velbor107: checks
PZYDARMAN: checks
*** TURN *** [7d Ts 6c] [Kc]
Velbor107: bets $6
PZYDARMAN: raises $6 to $12
Velbor107: raises $6 to $18
PZYDARMAN: calls $6
*** RIVER *** [7d Ts 6c Kc] [3d]
Velbor107: bets $6
PZYDARMAN: calls $6
*** SHOW DOWN ***
Velbor107: shows [8h 9c] (a straight, Six to Ten)
PZYDARMAN: mucks hand
Velbor107 collected $59.50 from pot
*** SUMMARY ***
Total pot $60 | Rake $0.50
Board [7d Ts 6c Kc 3d]
Seat 1: Velbor107 (big blind) showed [8h 9c] and won ($59.50) with a straight, Six to Ten
Seat 3: PZYDARMAN (button) (small blind) mucked


PokerStars Hand #164585802932:  Hold'em Limit ($3/$6 USD) - 2017/01/14 18:17:05 ET
Table 'Kiso' 6-max Seat #3 is the button
Seat 1: Velbor107 ($379.33 in chips)
Seat 3: D Negranz ($42 in chips)
D Negranz: posts small blind $1
Velbor107: posts big blind $3
*** HOLE CARDS ***
D Negranz: raises $3 to $6
Velbor107: calls $3
*** FLOP *** [5s 2s Ts]
Velbor107: checks
D Negranz: bets $3
Velbor107: calls $3
*** TURN *** [5s 2s Ts] [6d]
Velbor107: checks
D Negranz: bets $6
Velbor107: calls $6
*** RIVER *** [5s 2s Ts 6d] [8d]
Velbor107: checks
D Negranz: bets $6
Velbor107: calls $6
*** SHOW DOWN ***
D Negranz: shows [Th Qd] (a pair of Tens)
Velbor107: mucks hand
D Negranz collected $41.50 from pot
*** SUMMARY ***
Total pot $42 | Rake $0.50
Board [5s 2s Ts 6d 8d]
Seat 1: Velbor107 (big blind) mucked
Seat 3: D Negranz (button) (small blind) showed [Th Qd] and won ($41.50) with a pair of Tens


PokerStars Hand #164585906642:  Hold'em Limit ($3/$6 USD) - 2017/01/14 18:19:06 ET
Table 'Kiso' 6-max Seat #3 is the button
Seat 1: Velbor107 ($370.83 in chips)
Seat 3: ShenChiDo73 ($46.83 in chips)
ShenChiDo73: posts small blind $1
Velbor107: posts big blind $3
*** HOLE CARDS ***
ShenChiDo73: folds
Uncalled bet ($2) returned to Velbor107
Velbor107 collected $2 from pot
*** SUMMARY ***
Total pot $2 | Rake $0
Seat 1: Velbor107 (big blind) collected ($2)
Seat 3: ShenChiDo73 (button) (small blind) folded before Flop


PokerStars Hand #164585902182:  Hold'em Limit ($3/$6 USD) - 2017/01/14 18:19:00 ET
Table 'Kiso' 6-max Seat #1 is the button
Seat 1: Velbor107 ($371.83 in chips)
Seat 3: ShenChiDo73 ($45.83 in chips)
Velbor107: posts small blind $1
ShenChiDo73: posts big blind $3
*** HOLE CARDS ***
Velbor107: folds
Uncalled bet ($2) returned to ShenChiDo73
ShenChiDo73 collected $2 from pot
ShenChiDo73: doesn't show hand
*** SUMMARY ***
Total pot $2 | Rake $0
Seat 1: Velbor107 (button) (small blind) folded before Flop
Seat 3: ShenChiDo73 (big blind) collected ($2)


PokerStars Hand #164585883648:  Hold'em Limit ($3/$6 USD) - 2017/01/14 18:18:39 ET
Table 'Kiso' 6-max Seat #3 is the button
Seat 1: Velbor107 ($357.33 in chips)
Seat 3: ShenChiDo73 ($60.83 in chips)
ShenChiDo73: posts small blind $1
Velbor107: posts big blind $3
*** HOLE CARDS ***
ShenChiDo73: calls $2
Velbor107: raises $3 to $6
ShenChiDo73: calls $3
*** FLOP *** [6c Td 8c]
Velbor107: bets $3
ShenChiDo73: calls $3
*** TURN *** [6c Td 8c] [6h]
Velbor107: bets $6
ShenChiDo73: calls $6
*** RIVER *** [6c Td 8c 6h] [4d]
Velbor107: checks
ShenChiDo73: checks
*** SHOW DOWN ***
Velbor107: shows [Ks Ts] (two pair, Tens and Sixes)
ShenChiDo73: mucks hand
Velbor107 collected $29.50 from pot
*** SUMMARY ***
Total pot $30 | Rake $0.50
Board [6c Td 8c 6h 4d]
Seat 1: Velbor107 (big blind) showed [Ks Ts] and won ($29.50) with two pair, Tens and Sixes
Seat 3: ShenChiDo73 (button) (small blind) mucked


PokerStars Hand #164585877468:  Hold'em Limit ($3/$6 USD) - 2017/01/14 18:18:32 ET
Table 'Kiso' 6-max Seat #1 is the button
Seat 1: Velbor107 ($358.33 in chips)
Seat 3: ShenChiDo73 ($59.83 in chips)
Velbor107: posts small blind $1
ShenChiDo73: posts big blind $3
*** HOLE CARDS ***
Velbor107: folds
Uncalled bet ($2) returned to ShenChiDo73
ShenChiDo73 collected $2 from pot
ShenChiDo73: doesn't show hand
*** SUMMARY ***
Total pot $2 | Rake $0
Seat 1: Velbor107 (button) (small blind) folded before Flop
Seat 3: ShenChiDo73 (big blind) collected ($2)


PokerStars Hand #164585910808:  Hold'em Limit ($3/$6 USD) - 2017/01/14 18:19:11 ET
Table 'Kiso' 6-max Seat #1 is the button
Seat 1: Velbor107 ($371.83 in chips)
Seat 3: ShenChiDo73 ($45.83 in chips)
Velbor107: posts small blind $1
ShenChiDo73: posts big blind $3
*** HOLE CARDS ***
Velbor107: raises $3 to $6
ShenChiDo73: calls $3
*** FLOP *** [8d Qd 7d]
ShenChiDo73: checks
Velbor107: bets $3
ShenChiDo73: calls $3
*** TURN *** [8d Qd 7d] [2h]
ShenChiDo73: checks
Velbor107: checks
*** RIVER *** [8d Qd 7d 2h] [Ah]
ShenChiDo73: checks
Velbor107: bets $6
ShenChiDo73: calls $6
*** SHOW DOWN ***
Velbor107: shows [9d Th] (high card Ace)
ShenChiDo73: shows [Js 8h] (a pair of Eights)
ShenChiDo73 collected $29.50 from pot
*** SUMMARY ***
Total pot $30 | Rake $0.50
Board [8d Qd 7d 2h Ah]
Seat 1: Velbor107 (button) (small blind) showed [9d Th] and lost with high card Ace
Seat 3: ShenChiDo73 (big blind) showed [Js 8h] and won ($29.50) with a pair of Eights


PokerStars Hand #164585928055:  Hold'em Limit ($3/$6 USD) - 2017/01/14 18:19:31 ET
Table 'Kiso' 6-max Seat #3 is the button
Seat 1: Velbor107 ($356.83 in chips)
Seat 3: ShenChiDo73 ($60.33 in chips)
ShenChiDo73: posts small blind $1
Velbor107: posts big blind $3
*** HOLE CARDS ***
ShenChiDo73: calls $2
Velbor107: raises $3 to $6
ShenChiDo73: calls $3
*** FLOP *** [6h Ts 5h]
Velbor107: bets $3
ShenChiDo73: calls $3
*** TURN *** [6h Ts 5h] [Kh]
Velbor107: bets $6
ShenChiDo73: folds
Uncalled bet ($6) returned to Velbor107
fugu82 joins the table at seat #2
Velbor107 collected $17.64 from pot
*** SUMMARY ***
Total pot $18 | Rake $0.36
Board [6h Ts 5h Kh]
Seat 1: Velbor107 (big blind) collected ($17.64)
Seat 3: ShenChiDo73 (button) (small blind) folded on the Turn


