PokerStars Hand #160513513096:  Hold'em Limit ($3/$6 USD) - 2016/10/27 14:46:40 ET
Table 'Kiso II' 6-max Seat #1 is the button
Seat 1: Ag3r0n ($72 in chips)
Seat 2: hubschi ($120 in chips)
vestimokrec joins the table at seat #3
Ag3r0n: posts small blind $1
hubschi: posts big blind $3
*** HOLE CARDS ***
Ag3r0n: raises $3 to $6
hubschi: calls $3
*** FLOP *** [6d 8h Qd]
hubschi: checks
Ag3r0n: bets $3
hubschi: folds
Uncalled bet ($3) returned to Ag3r0n
Ag3r0n collected $11.76 from pot
*** SUMMARY ***
Total pot $12 | Rake $0.24
Board [6d 8h Qd]
Seat 1: Ag3r0n (button) (small blind) collected ($11.76)
Seat 2: hubschi (big blind) folded on the Flop


PokerStars Hand #160521999130:  Hold'em Limit ($3/$6 USD) - 2016/10/27 17:47:22 ET
Table 'Kiso II' 6-max Seat #5 is the button
Seat 2: xxPSRxx ($48 in chips)
Seat 5: Chessnok ($313.47 in chips)
Chessnok: posts small blind $1
xxPSRxx: posts big blind $3
*** HOLE CARDS ***
Chessnok: raises $3 to $6
xxPSRxx: raises $3 to $9
Chessnok: calls $3
*** FLOP *** [3d 2s Ts]
xxPSRxx: checks
Chessnok: bets $3
xxPSRxx: calls $3
*** TURN *** [3d 2s Ts] [Jc]
xxPSRxx: checks
Chessnok: bets $6
xxPSRxx: calls $6
*** RIVER *** [3d 2s Ts Jc] [Td]
xxPSRxx: checks
Chessnok: bets $6
xxPSRxx: calls $6
*** SHOW DOWN ***
Chessnok: shows [5s 4c] (a pair of Tens)
xxPSRxx: shows [Ac Qc] (a pair of Tens - Ace kicker)
xxPSRxx collected $47.50 from pot
*** SUMMARY ***
Total pot $48 | Rake $0.50
Board [3d 2s Ts Jc Td]
Seat 2: xxPSRxx (big blind) showed [Ac Qc] and won ($47.50) with a pair of Tens
Seat 5: Chessnok (button) (small blind) showed [5s 4c] and lost with a pair of Tens


PokerStars Hand #160522381311:  Hold'em Limit ($3/$6 USD) - 2016/10/27 17:55:08 ET
Table 'Kiso II' 6-max Seat #2 is the button
Seat 2: xxPSRxx ($20.41 in chips)
Seat 5: Chessnok ($290.04 in chips)
xxPSRxx: posts small blind $1
Chessnok: posts big blind $3
*** HOLE CARDS ***
xxPSRxx: raises $3 to $6
Chessnok: raises $3 to $9
xxPSRxx: raises $3 to $12
Betting is capped
Chessnok: calls $3
*** FLOP *** [8s Jh 5h]
Chessnok: checks
xxPSRxx: checks
*** TURN *** [8s Jh 5h] [Kc]
Chessnok: bets $6
xxPSRxx: folds
Uncalled bet ($6) returned to Chessnok
Chessnok collected $23.52 from pot
Chessnok: doesn't show hand
*** SUMMARY ***
Total pot $24 | Rake $0.48
Board [8s Jh 5h Kc]
Seat 2: xxPSRxx (button) (small blind) folded on the Turn
Seat 5: Chessnok (big blind) collected ($23.52)


PokerStars Hand #160522376333:  Hold'em Limit ($3/$6 USD) - 2016/10/27 17:55:02 ET
Table 'Kiso II' 6-max Seat #5 is the button
Seat 2: xxPSRxx ($19.41 in chips)
Seat 5: Chessnok ($291.04 in chips)
Chessnok: posts small blind $1
xxPSRxx: posts big blind $3
*** HOLE CARDS ***
Chessnok: folds
Uncalled bet ($2) returned to xxPSRxx
xxPSRxx collected $2 from pot
xxPSRxx: doesn't show hand
*** SUMMARY ***
Total pot $2 | Rake $0
Seat 2: xxPSRxx (big blind) collected ($2)
Seat 5: Chessnok (button) (small blind) folded before Flop


PokerStars Hand #160522372184:  Hold'em Limit ($3/$6 USD) - 2016/10/27 17:54:57 ET
Table 'Kiso II' 6-max Seat #2 is the button
Seat 2: xxPSRxx ($20.41 in chips)
Seat 5: Chessnok ($290.04 in chips)
xxPSRxx: posts small blind $1
Big_M: is sitting out
Chessnok: posts big blind $3
*** HOLE CARDS ***
xxPSRxx: folds
Uncalled bet ($2) returned to Chessnok
Chessnok collected $2 from pot
Chessnok: doesn't show hand
*** SUMMARY ***
Total pot $2 | Rake $0
Seat 2: xxPSRxx (button) (small blind) folded before Flop
Seat 5: Chessnok (big blind) collected ($2)


PokerStars Hand #160522439068:  Hold'em Limit ($3/$6 USD) - 2016/10/27 17:56:33 ET
Table 'Kiso II' 6-max Seat #2 is the button
Seat 2: xxPSRxx ($76.48 in chips)
Seat 5: Chessnok ($293.15 in chips)
xxPSRxx: posts small blind $1
Chessnok: posts big blind $3
*** HOLE CARDS ***
xxPSRxx: folds
Uncalled bet ($2) returned to Chessnok
Chessnok collected $2 from pot
Chessnok: doesn't show hand
*** SUMMARY ***
Total pot $2 | Rake $0
Seat 2: xxPSRxx (button) (small blind) folded before Flop
Seat 5: Chessnok (big blind) collected ($2)


PokerStars Hand #160522435313:  Hold'em Limit ($3/$6 USD) - 2016/10/27 17:56:27 ET
Table 'Kiso II' 6-max Seat #5 is the button
Seat 2: xxPSRxx ($79.48 in chips)
Seat 5: Chessnok ($290.15 in chips)
Chessnok: posts small blind $1
xxPSRxx: posts big blind $3
*** HOLE CARDS ***
Chessnok: raises $3 to $6
xxPSRxx: folds
Uncalled bet ($3) returned to Chessnok
Chessnok collected $6 from pot
Chessnok: doesn't show hand
*** SUMMARY ***
Total pot $6 | Rake $0
Seat 2: xxPSRxx (big blind) folded before Flop
Seat 5: Chessnok (button) (small blind) collected ($6)


PokerStars Hand #160522430389:  Hold'em Limit ($3/$6 USD) - 2016/10/27 17:56:20 ET
Table 'Kiso II' 6-max Seat #2 is the button
Seat 2: xxPSRxx ($76.48 in chips)
Seat 5: Chessnok ($293.15 in chips)
xxPSRxx: posts small blind $1
Chessnok: posts big blind $3
*** HOLE CARDS ***
xxPSRxx: raises $3 to $6
Chessnok: folds
Uncalled bet ($3) returned to xxPSRxx
xxPSRxx collected $6 from pot
xxPSRxx: doesn't show hand
*** SUMMARY ***
Total pot $6 | Rake $0
Seat 2: xxPSRxx (button) (small blind) collected ($6)
Seat 5: Chessnok (big blind) folded before Flop


PokerStars Hand #160522426301:  Hold'em Limit ($3/$6 USD) - 2016/10/27 17:56:14 ET
Table 'Kiso II' 6-max Seat #5 is the button
Seat 2: xxPSRxx ($75.48 in chips)
Seat 5: Chessnok ($294.15 in chips)
Chessnok: posts small blind $1
xxPSRxx: posts big blind $3
*** HOLE CARDS ***
Chessnok: folds
Uncalled bet ($2) returned to xxPSRxx
xxPSRxx collected $2 from pot
xxPSRxx: doesn't show hand
*** SUMMARY ***
Total pot $2 | Rake $0
Seat 2: xxPSRxx (big blind) collected ($2)
Seat 5: Chessnok (button) (small blind) folded before Flop


PokerStars Hand #160522414266:  Hold'em Limit ($3/$6 USD) - 2016/10/27 17:55:56 ET
Table 'Kiso II' 6-max Seat #2 is the button
Seat 2: xxPSRxx ($16.48 in chips)
Seat 5: Chessnok ($293.15 in chips)
xxPSRxx: posts small blind $1
Chessnok: posts big blind $3
*** HOLE CARDS ***
xxPSRxx: folds
Uncalled bet ($2) returned to Chessnok
Chessnok collected $2 from pot
Chessnok: doesn't show hand
*** SUMMARY ***
Total pot $2 | Rake $0
Seat 2: xxPSRxx (button) (small blind) folded before Flop
Seat 5: Chessnok (big blind) collected ($2)


PokerStars Hand #160522403734:  Hold'em Limit ($3/$6 USD) - 2016/10/27 17:55:41 ET
Table 'Kiso II' 6-max Seat #5 is the button
Seat 2: xxPSRxx ($8.41 in chips)
Seat 5: Chessnok ($301.56 in chips)
Chessnok: posts small blind $1
xxPSRxx: posts big blind $3
*** HOLE CARDS ***
Chessnok: raises $3 to $6
xxPSRxx: calls $3
*** FLOP *** [Ah 6s 9s]
xxPSRxx: bets $2.41 and is all-in
Chessnok: calls $2.41
*** TURN *** [Ah 6s 9s] [5h]
*** RIVER *** [Ah 6s 9s 5h] [7h]
*** SHOW DOWN ***
xxPSRxx: shows [4s 7s] (a pair of Sevens)
Chessnok: shows [3h Kd] (high card Ace)
xxPSRxx collected $16.48 from pot
*** SUMMARY ***
Total pot $16.82 | Rake $0.34
Board [Ah 6s 9s 5h 7h]
Seat 2: xxPSRxx (big blind) showed [4s 7s] and won ($16.48) with a pair of Sevens
Seat 5: Chessnok (button) (small blind) showed [3h Kd] and lost with high card Ace


PokerStars Hand #160522458887:  Hold'em Limit ($3/$6 USD) - 2016/10/27 17:57:02 ET
Table 'Kiso II' 6-max Seat #5 is the button
Seat 2: xxPSRxx ($68.48 in chips)
Seat 5: Chessnok ($300.91 in chips)
Chessnok: posts small blind $1
xxPSRxx: posts big blind $3
*** HOLE CARDS ***
Chessnok: raises $3 to $6
xxPSRxx: raises $3 to $9
Chessnok: raises $3 to $12
Betting is capped
xxPSRxx: calls $3
*** FLOP *** [2s 2d Qh]
xxPSRxx: checks
Chessnok: bets $3
xxPSRxx: calls $3
*** TURN *** [2s 2d Qh] [7c]
xxPSRxx: checks
Chessnok: bets $6
xxPSRxx: folds
Uncalled bet ($6) returned to Chessnok
Chessnok collected $29.50 from pot
Chessnok: doesn't show hand
*** SUMMARY ***
Total pot $30 | Rake $0.50
Board [2s 2d Qh 7c]
Seat 2: xxPSRxx (big blind) folded on the Turn
Seat 5: Chessnok (button) (small blind) collected ($29.50)


PokerStars Hand #160522455526:  Hold'em Limit ($3/$6 USD) - 2016/10/27 17:56:57 ET
Table 'Kiso II' 6-max Seat #2 is the button
Seat 2: xxPSRxx ($69.48 in chips)
Seat 5: Chessnok ($299.91 in chips)
xxPSRxx: posts small blind $1
Chessnok: posts big blind $3
*** HOLE CARDS ***
xxPSRxx: folds
Uncalled bet ($2) returned to Chessnok
Chessnok collected $2 from pot
Chessnok: doesn't show hand
*** SUMMARY ***
Total pot $2 | Rake $0
Seat 2: xxPSRxx (button) (small blind) folded before Flop
Seat 5: Chessnok (big blind) collected ($2)


PokerStars Hand #160522442811:  Hold'em Limit ($3/$6 USD) - 2016/10/27 17:56:38 ET
Table 'Kiso II' 6-max Seat #5 is the button
Seat 2: xxPSRxx ($75.48 in chips)
Seat 5: Chessnok ($294.15 in chips)
Chessnok: posts small blind $1
xxPSRxx: posts big blind $3
*** HOLE CARDS ***
Chessnok: raises $3 to $6
xxPSRxx: calls $3
*** FLOP *** [5h Jd Kc]
xxPSRxx: checks
Chessnok: bets $3
xxPSRxx: folds
Uncalled bet ($3) returned to Chessnok
Chessnok collected $11.76 from pot
Chessnok: doesn't show hand
*** SUMMARY ***
Total pot $12 | Rake $0.24
Board [5h Jd Kc]
Seat 2: xxPSRxx (big blind) folded on the Flop
Seat 5: Chessnok (button) (small blind) collected ($11.76)


PokerStars Hand #160522492889:  Hold'em Limit ($3/$6 USD) - 2016/10/27 17:57:52 ET
Table 'Kiso II' 6-max Seat #2 is the button
Seat 2: xxPSRxx ($67.98 in chips)
Seat 5: Chessnok ($300.41 in chips)
xxPSRxx: posts small blind $1
Chessnok: posts big blind $3
*** HOLE CARDS ***
xxPSRxx: folds
Uncalled bet ($2) returned to Chessnok
Chessnok collected $2 from pot
Chessnok: doesn't show hand
*** SUMMARY ***
Total pot $2 | Rake $0
Seat 2: xxPSRxx (button) (small blind) folded before Flop
Seat 5: Chessnok (big blind) collected ($2)


PokerStars Hand #160522487253:  Hold'em Limit ($3/$6 USD) - 2016/10/27 17:57:43 ET
Table 'Kiso II' 6-max Seat #5 is the button
Seat 2: xxPSRxx ($70.98 in chips)
Seat 5: Chessnok ($297.41 in chips)
Chessnok: posts small blind $1
xxPSRxx: posts big blind $3
*** HOLE CARDS ***
Chessnok: raises $3 to $6
xxPSRxx: folds
Uncalled bet ($3) returned to Chessnok
Chessnok collected $6 from pot
Chessnok: doesn't show hand
*** SUMMARY ***
Total pot $6 | Rake $0
Seat 2: xxPSRxx (big blind) folded before Flop
Seat 5: Chessnok (button) (small blind) collected ($6)


PokerStars Hand #160522474745:  Hold'em Limit ($3/$6 USD) - 2016/10/27 17:57:25 ET
Table 'Kiso II' 6-max Seat #2 is the button
Seat 2: xxPSRxx ($53.48 in chips)
Seat 5: Chessnok ($315.41 in chips)
xxPSRxx: posts small blind $1
Chessnok: posts big blind $3
*** HOLE CARDS ***
xxPSRxx: raises $3 to $6
Chessnok: raises $3 to $9
xxPSRxx: raises $3 to $12
Betting is capped
Chessnok: calls $3
*** FLOP *** [7d Kc Tc]
Chessnok: checks
xxPSRxx: checks
*** TURN *** [7d Kc Tc] [7c]
Chessnok: bets $6
Big_M leaves the table
xxPSRxx: calls $6
*** RIVER *** [7d Kc Tc 7c] [Ks]
Chessnok: checks
xxPSRxx: checks
*** SHOW DOWN ***
Chessnok: shows [5d Js] (two pair, Kings and Sevens)
xxPSRxx: shows [9h 9d] (two pair, Kings and Nines)
xxPSRxx collected $35.50 from pot
*** SUMMARY ***
Total pot $36 | Rake $0.50
Board [7d Kc Tc 7c Ks]
Seat 2: xxPSRxx (button) (small blind) showed [9h 9d] and won ($35.50) with two pair, Kings and Nines
Seat 5: Chessnok (big blind) showed [5d Js] and lost with two pair, Kings and Sevens


PokerStars Hand #160522495938:  Hold'em Limit ($3/$6 USD) - 2016/10/27 17:57:56 ET
Table 'Kiso II' 6-max Seat #5 is the button
Seat 2: xxPSRxx ($66.98 in chips)
Seat 5: Chessnok ($301.41 in chips)
Chessnok: posts small blind $1
xxPSRxx: posts big blind $3
*** HOLE CARDS ***
Chessnok: raises $3 to $6
xxPSRxx: calls $3
*** FLOP *** [Jc 9c Ad]
xxPSRxx: checks
Chessnok: bets $3
xxPSRxx: calls $3
*** TURN *** [Jc 9c Ad] [Js]
xxPSRxx: checks
Chessnok: bets $6
xxPSRxx: calls $6
*** RIVER *** [Jc 9c Ad Js] [2h]
xxPSRxx: checks
Chessnok: bets $6
xxPSRxx: raises $6 to $12
Chessnok: calls $6
*** SHOW DOWN ***
xxPSRxx: shows [2d 2s] (a full house, Deuces full of Jacks)
Chessnok: mucks hand
xxPSRxx collected $53.50 from pot
*** SUMMARY ***
Total pot $54 | Rake $0.50
Board [Jc 9c Ad Js 2h]
Seat 2: xxPSRxx (big blind) showed [2d 2s] and won ($53.50) with a full house, Deuces full of Jacks
Seat 5: Chessnok (button) (small blind) mucked


PokerStars Hand #160522516991:  Hold'em Limit ($3/$6 USD) - 2016/10/27 17:58:27 ET
Table 'Kiso II' 6-max Seat #2 is the button
Seat 2: xxPSRxx ($93.48 in chips)
Seat 5: Chessnok ($274.41 in chips)
xxPSRxx: posts small blind $1
Chessnok: posts big blind $3
*** HOLE CARDS ***
xxPSRxx: raises $3 to $6
Chessnok: raises $3 to $9
xxPSRxx: raises $3 to $12
Betting is capped
Chessnok: calls $3
*** FLOP *** [2d Jc Qs]
Chessnok: bets $3
xxPSRxx: calls $3
*** TURN *** [2d Jc Qs] [7s]
Chessnok: bets $6
xxPSRxx: calls $6
*** RIVER *** [2d Jc Qs 7s] [2c]
Chessnok: bets $6
xxPSRxx: calls $6
*** SHOW DOWN ***
Chessnok: shows [Kh 7c] (two pair, Sevens and Deuces)
xxPSRxx: shows [9h 9c] (two pair, Nines and Deuces)
xxPSRxx collected $53.50 from pot
*** SUMMARY ***
Total pot $54 | Rake $0.50
Board [2d Jc Qs 7s 2c]
Seat 2: xxPSRxx (button) (small blind) showed [9h 9c] and won ($53.50) with two pair, Nines and Deuces
Seat 5: Chessnok (big blind) showed [Kh 7c] and lost with two pair, Sevens and Deuces


PokerStars Hand #160522532665:  Hold'em Limit ($3/$6 USD) - 2016/10/27 17:58:50 ET
Table 'Kiso II' 6-max Seat #5 is the button
Seat 2: xxPSRxx ($119.98 in chips)
Seat 5: Chessnok ($247.41 in chips)
Chessnok: posts small blind $1
xxPSRxx: posts big blind $3
*** HOLE CARDS ***
Chessnok: folds
Uncalled bet ($2) returned to xxPSRxx
xxPSRxx collected $2 from pot
xxPSRxx: doesn't show hand
*** SUMMARY ***
Total pot $2 | Rake $0
Seat 2: xxPSRxx (big blind) collected ($2)
Seat 5: Chessnok (button) (small blind) folded before Flop


PokerStars Hand #160522536477:  Hold'em Limit ($3/$6 USD) - 2016/10/27 17:58:56 ET
Table 'Kiso II' 6-max Seat #2 is the button
Seat 2: xxPSRxx ($120.98 in chips)
Seat 5: Chessnok ($246.41 in chips)
xxPSRxx: posts small blind $1
Chessnok: posts big blind $3
*** HOLE CARDS ***
xxPSRxx: raises $3 to $6
Chessnok: raises $3 to $9
xxPSRxx: raises $3 to $12
Betting is capped
Chessnok: calls $3
*** FLOP *** [As 2s Ts]
Chessnok: checks
xxPSRxx: bets $3
Chessnok: calls $3
*** TURN *** [As 2s Ts] [4c]
Chessnok: checks
xxPSRxx: bets $6
Chessnok: calls $6
*** RIVER *** [As 2s Ts 4c] [8d]
Chessnok: checks
xxPSRxx: bets $6
Chessnok: calls $6
*** SHOW DOWN ***
xxPSRxx: shows [9s 9c] (a pair of Nines)
Chessnok: mucks hand
xxPSRxx collected $53.50 from pot
*** SUMMARY ***
Total pot $54 | Rake $0.50
Board [As 2s Ts 4c 8d]
Seat 2: xxPSRxx (button) (small blind) showed [9s 9c] and won ($53.50) with a pair of Nines
Seat 5: Chessnok (big blind) mucked


PokerStars Hand #160522554061:  Hold'em Limit ($3/$6 USD) - 2016/10/27 17:59:22 ET
Table 'Kiso II' 6-max Seat #5 is the button
Seat 2: xxPSRxx ($147.48 in chips)
Seat 5: Chessnok ($219.41 in chips)
Chessnok: posts small blind $1
xxPSRxx: posts big blind $3
*** HOLE CARDS ***
Chessnok: raises $3 to $6
xxPSRxx: raises $3 to $9
Chessnok: calls $3
*** FLOP *** [Qs 7c 8s]
xxPSRxx: bets $3
Chessnok: raises $3 to $6
xxPSRxx: calls $3
*** TURN *** [Qs 7c 8s] [Ah]
xxPSRxx: checks
Chessnok: checks
*** RIVER *** [Qs 7c 8s Ah] [5s]
xxPSRxx: checks
Chessnok: bets $6
xxPSRxx: folds
Uncalled bet ($6) returned to Chessnok
Chessnok collected $29.50 from pot
Chessnok: doesn't show hand
*** SUMMARY ***
Total pot $30 | Rake $0.50
Board [Qs 7c 8s Ah 5s]
Seat 2: xxPSRxx (big blind) folded on the River
Seat 5: Chessnok (button) (small blind) collected ($29.50)


PokerStars Hand #160522571477:  Hold'em Limit ($3/$6 USD) - 2016/10/27 17:59:47 ET
Table 'Kiso II' 6-max Seat #2 is the button
Seat 2: xxPSRxx ($132.48 in chips)
Seat 5: Chessnok ($233.91 in chips)
xxPSRxx: posts small blind $1
Chessnok: posts big blind $3
*** HOLE CARDS ***
xxPSRxx: raises $3 to $6
Chessnok: raises $3 to $9
xxPSRxx: raises $3 to $12
Betting is capped
Chessnok: calls $3
*** FLOP *** [5c Ts 8h]
Chessnok: checks
xxPSRxx: bets $3
Chessnok: calls $3
*** TURN *** [5c Ts 8h] [6h]
Chessnok: checks
xxPSRxx: bets $6
Chessnok: calls $6
*** RIVER *** [5c Ts 8h 6h] [Qs]
Chessnok: checks
xxPSRxx: checks
*** SHOW DOWN ***
Chessnok: shows [Kd 2d] (high card King)
xxPSRxx: shows [7s 7d] (a pair of Sevens)
xxPSRxx collected $41.50 from pot
*** SUMMARY ***
Total pot $42 | Rake $0.50
Board [5c Ts 8h 6h Qs]
Seat 2: xxPSRxx (button) (small blind) showed [7s 7d] and won ($41.50) with a pair of Sevens
Seat 5: Chessnok (big blind) showed [Kd 2d] and lost with high card King


PokerStars Hand #160522599930:  Hold'em Limit ($3/$6 USD) - 2016/10/27 18:00:28 ET
Table 'Kiso II' 6-max Seat #5 is the button
Seat 2: xxPSRxx ($152.98 in chips)
Seat 5: Chessnok ($212.91 in chips)
Chessnok: posts small blind $1
xxPSRxx: posts big blind $3
*** HOLE CARDS ***
Chessnok: folds
Uncalled bet ($2) returned to xxPSRxx
xxPSRxx collected $2 from pot
xxPSRxx: doesn't show hand
*** SUMMARY ***
Total pot $2 | Rake $0
Seat 2: xxPSRxx (big blind) collected ($2)
Seat 5: Chessnok (button) (small blind) folded before Flop


PokerStars Hand #160522605639:  Hold'em Limit ($3/$6 USD) - 2016/10/27 18:00:37 ET
Table 'Kiso II' 6-max Seat #2 is the button
Seat 2: xxPSRxx ($153.98 in chips)
Seat 5: Chessnok ($211.91 in chips)
xxPSRxx: posts small blind $1
Chessnok: posts big blind $3
*** HOLE CARDS ***
xxPSRxx: raises $3 to $6
Chessnok: raises $3 to $9
xxPSRxx: raises $3 to $12
Betting is capped
Chessnok: calls $3
*** FLOP *** [8s Tc 3c]
Chessnok: checks
xxPSRxx: bets $3
Chessnok: raises $3 to $6
xxPSRxx: raises $3 to $9
Chessnok: calls $3
*** TURN *** [8s Tc 3c] [Js]
Chessnok: bets $6
xxPSRxx: calls $6
*** RIVER *** [8s Tc 3c Js] [Qh]
Chessnok: bets $6
xxPSRxx: calls $6
*** SHOW DOWN ***
Chessnok: shows [9c Jc] (a straight, Eight to Queen)
xxPSRxx: mucks hand
Chessnok collected $65.50 from pot
*** SUMMARY ***
Total pot $66 | Rake $0.50
Board [8s Tc 3c Js Qh]
Seat 2: xxPSRxx (button) (small blind) mucked
Seat 5: Chessnok (big blind) showed [9c Jc] and won ($65.50) with a straight, Eight to Queen


PokerStars Hand #160522635250:  Hold'em Limit ($3/$6 USD) - 2016/10/27 18:01:17 ET
Table 'Kiso II' 6-max Seat #5 is the button
Seat 2: xxPSRxx ($120.98 in chips)
Seat 5: Chessnok ($244.41 in chips)
Chessnok: posts small blind $1
xxPSRxx: posts big blind $3
*** HOLE CARDS ***
Chessnok: raises $3 to $6
xxPSRxx: calls $3
*** FLOP *** [Ts 8s 3d]
xxPSRxx: checks
Chessnok: bets $3
xxPSRxx: calls $3
*** TURN *** [Ts 8s 3d] [Qd]
xxPSRxx: checks
Chessnok: bets $6
xxPSRxx: raises $6 to $12
Chessnok: raises $6 to $18
xxPSRxx: raises $6 to $24
Betting is capped
Chessnok: calls $6
*** RIVER *** [Ts 8s 3d Qd] [Ad]
xxPSRxx: bets $6
Chessnok: calls $6
*** SHOW DOWN ***
xxPSRxx: shows [9h Js] (a straight, Eight to Queen)
Chessnok: mucks hand
xxPSRxx collected $77.50 from pot
*** SUMMARY ***
Total pot $78 | Rake $0.50
Board [Ts 8s 3d Qd Ad]
Seat 2: xxPSRxx (big blind) showed [9h Js] and won ($77.50) with a straight, Eight to Queen
Seat 5: Chessnok (button) (small blind) mucked


PokerStars Hand #160522660789:  Hold'em Limit ($3/$6 USD) - 2016/10/27 18:01:50 ET
Table 'Kiso II' 6-max Seat #2 is the button
Seat 2: xxPSRxx ($159.48 in chips)
Seat 5: Chessnok ($205.41 in chips)
xxPSRxx: posts small blind $1
Chessnok: posts big blind $3
*** HOLE CARDS ***
xxPSRxx: raises $3 to $6
Chessnok: raises $3 to $9
xxPSRxx: calls $3
*** FLOP *** [2s 9s Qs]
Chessnok: checks
xxPSRxx: checks
*** TURN *** [2s 9s Qs] [5s]
Chessnok: checks
xxPSRxx: bets $6
Chessnok: calls $6
*** RIVER *** [2s 9s Qs 5s] [2d]
Chessnok: checks
xxPSRxx: checks
*** SHOW DOWN ***
Chessnok: shows [Kd 5c] (two pair, Fives and Deuces)
xxPSRxx: mucks hand
Chessnok collected $29.50 from pot
*** SUMMARY ***
Total pot $30 | Rake $0.50
Board [2s 9s Qs 5s 2d]
Seat 2: xxPSRxx (button) (small blind) mucked
Seat 5: Chessnok (big blind) showed [Kd 5c] and won ($29.50) with two pair, Fives and Deuces


PokerStars Hand #160522694882:  Hold'em Limit ($3/$6 USD) - 2016/10/27 18:02:34 ET
Table 'Kiso II' 6-max Seat #5 is the button
Seat 2: xxPSRxx ($144.48 in chips)
Seat 5: Chessnok ($219.91 in chips)
Chessnok: posts small blind $1
xxPSRxx: posts big blind $3
*** HOLE CARDS ***
Chessnok: raises $3 to $6
xxPSRxx: raises $3 to $9
Chessnok: raises $3 to $12
Betting is capped
xxPSRxx: calls $3
*** FLOP *** [9c 6h 8c]
xxPSRxx: checks
Chessnok: bets $3
xxPSRxx: calls $3
*** TURN *** [9c 6h 8c] [8h]
xxPSRxx: checks
Chessnok: checks
*** RIVER *** [9c 6h 8c 8h] [4d]
xxPSRxx: checks
Chessnok: checks
*** SHOW DOWN ***
xxPSRxx: shows [Ah Jd] (a pair of Eights)
Chessnok: mucks hand
xxPSRxx collected $29.50 from pot
*** SUMMARY ***
Total pot $30 | Rake $0.50
Board [9c 6h 8c 8h 4d]
Seat 2: xxPSRxx (big blind) showed [Ah Jd] and won ($29.50) with a pair of Eights
Seat 5: Chessnok (button) (small blind) mucked


PokerStars Hand #160522713818:  Hold'em Limit ($3/$6 USD) - 2016/10/27 18:02:58 ET
Table 'Kiso II' 6-max Seat #2 is the button
Seat 2: xxPSRxx ($158.98 in chips)
Seat 5: Chessnok ($204.91 in chips)
xxPSRxx: posts small blind $1
Chessnok: posts big blind $3
*** HOLE CARDS ***
xxPSRxx: raises $3 to $6
Chessnok: calls $3
*** FLOP *** [4d Tc Td]
Chessnok: bets $3
xxPSRxx: calls $3
*** TURN *** [4d Tc Td] [4h]
Chessnok: bets $6
xxPSRxx: folds
Uncalled bet ($6) returned to Chessnok
Chessnok collected $17.64 from pot
Chessnok: doesn't show hand
*** SUMMARY ***
Total pot $18 | Rake $0.36
Board [4d Tc Td 4h]
Seat 2: xxPSRxx (button) (small blind) folded on the Turn
Seat 5: Chessnok (big blind) collected ($17.64)


PokerStars Hand #160522725226:  Hold'em Limit ($3/$6 USD) - 2016/10/27 18:03:13 ET
Table 'Kiso II' 6-max Seat #5 is the button
Seat 2: xxPSRxx ($149.98 in chips)
Seat 5: Chessnok ($213.55 in chips)
Chessnok: posts small blind $1
xxPSRxx: posts big blind $3
*** HOLE CARDS ***
Chessnok: folds
Uncalled bet ($2) returned to xxPSRxx
xxPSRxx collected $2 from pot
xxPSRxx: doesn't show hand
*** SUMMARY ***
Total pot $2 | Rake $0
Seat 2: xxPSRxx (big blind) collected ($2)
Seat 5: Chessnok (button) (small blind) folded before Flop


PokerStars Hand #160522729674:  Hold'em Limit ($3/$6 USD) - 2016/10/27 18:03:19 ET
Table 'Kiso II' 6-max Seat #2 is the button
Seat 2: xxPSRxx ($150.98 in chips)
Seat 5: Chessnok ($212.55 in chips)
xxPSRxx: posts small blind $1
Chessnok: posts big blind $3
*** HOLE CARDS ***
xxPSRxx: raises $3 to $6
Chessnok: raises $3 to $9
xxPSRxx: raises $3 to $12
Betting is capped
Chessnok: calls $3
*** FLOP *** [Qd 2c 8c]
Chessnok: bets $3
xxPSRxx: calls $3
*** TURN *** [Qd 2c 8c] [4s]
Chessnok: bets $6
xxPSRxx: calls $6
*** RIVER *** [Qd 2c 8c 4s] [7s]
Chessnok: bets $6
xxPSRxx: calls $6
*** SHOW DOWN ***
Chessnok: shows [Qs Kc] (a pair of Queens)
xxPSRxx: mucks hand
Chessnok collected $53.50 from pot
*** SUMMARY ***
Total pot $54 | Rake $0.50
Board [Qd 2c 8c 4s 7s]
Seat 2: xxPSRxx (button) (small blind) mucked
Seat 5: Chessnok (big blind) showed [Qs Kc] and won ($53.50) with a pair of Queens


PokerStars Hand #160522767062:  Hold'em Limit ($3/$6 USD) - 2016/10/27 18:03:54 ET
Table 'Kiso II' 6-max Seat #5 is the button
Seat 2: xxPSRxx ($123.98 in chips)
Seat 5: Chessnok ($239.05 in chips)
Chessnok: posts small blind $1
xxPSRxx: posts big blind $3
*** HOLE CARDS ***
Chessnok: raises $3 to $6
xxPSRxx: raises $3 to $9
Chessnok: calls $3
*** FLOP *** [2c 9h 7c]
xxPSRxx: bets $3
Chessnok: calls $3
*** TURN *** [2c 9h 7c] [9c]
xxPSRxx: bets $6
Chessnok: raises $6 to $12
xxPSRxx: calls $6
*** RIVER *** [2c 9h 7c 9c] [Kc]
degal76 joins the table at seat #4
xxPSRxx: bets $6
Chessnok: calls $6
*** SHOW DOWN ***
xxPSRxx: shows [Jh Jc] (a flush, King high)
Chessnok: mucks hand
xxPSRxx collected $59.50 from pot
*** SUMMARY ***
Total pot $60 | Rake $0.50
Board [2c 9h 7c 9c Kc]
Seat 2: xxPSRxx (big blind) showed [Jh Jc] and won ($59.50) with a flush, King high
Seat 5: Chessnok (button) (small blind) mucked


PokerStars Hand #160524175168:  Hold'em Limit ($3/$6 USD) - 2016/10/27 18:34:22 ET
Table 'Kiso II' 6-max Seat #5 is the button
Seat 2: xxPSRxx ($252.90 in chips)
Seat 5: Chessnok ($280.35 in chips)
Chessnok: posts small blind $1
smellyrat777: is sitting out
xxPSRxx: posts big blind $3
*** HOLE CARDS ***
Chessnok: raises $3 to $6
xxPSRxx: calls $3
*** FLOP *** [As 9h Jc]
smellyrat777 leaves the table
xxPSRxx: checks
Chessnok: bets $3
xxPSRxx: raises $3 to $6
Chessnok: calls $3
*** TURN *** [As 9h Jc] [Ks]
xxPSRxx: checks
Chessnok: checks
*** RIVER *** [As 9h Jc Ks] [8c]
xxPSRxx: checks
Chessnok: bets $6
xxPSRxx: folds
Uncalled bet ($6) returned to Chessnok
Chessnok collected $23.52 from pot
Chessnok: doesn't show hand
*** SUMMARY ***
Total pot $24 | Rake $0.48
Board [As 9h Jc Ks 8c]
Seat 2: xxPSRxx (big blind) folded on the River
Seat 5: Chessnok (button) (small blind) collected ($23.52)


PokerStars Hand #160524198605:  Hold'em Limit ($3/$6 USD) - 2016/10/27 18:34:54 ET
Table 'Kiso II' 6-max Seat #2 is the button
Seat 2: xxPSRxx ($240.90 in chips)
Seat 5: Chessnok ($291.87 in chips)
xxPSRxx: posts small blind $1
Chessnok: posts big blind $3
*** HOLE CARDS ***
xxPSRxx: raises $3 to $6
Chessnok: folds
Uncalled bet ($3) returned to xxPSRxx
xxPSRxx collected $6 from pot
xxPSRxx: doesn't show hand
*** SUMMARY ***
Total pot $6 | Rake $0
Seat 2: xxPSRxx (button) (small blind) collected ($6)
Seat 5: Chessnok (big blind) folded before Flop


