PokerStars Hand #152814260704:  Hold'em Limit ($3/$6 USD) - 2016/05/03 17:08:06 ET
Table 'Kiso II' 6-max Seat #3 is the button
Seat 3: llmaiconll ($65.90 in chips)
Seat 5: Pandakey ($92.40 in chips)
llmaiconll: posts small blind $1
Pandakey: posts big blind $3
*** HOLE CARDS ***
llmaiconll: folds
Uncalled bet ($2) returned to Pandakey
Pandakey collected $2 from pot
Pandakey: doesn't show hand
*** SUMMARY ***
Total pot $2 | Rake $0
Seat 3: llmaiconll (button) (small blind) folded before Flop
Seat 5: Pandakey (big blind) collected ($2)


PokerStars Hand #152814251268:  Hold'em Limit ($3/$6 USD) - 2016/05/03 17:07:55 ET
Table 'Kiso II' 6-max Seat #5 is the button
Seat 3: llmaiconll ($71.90 in chips)
Seat 5: Pandakey ($86.64 in chips)
Pandakey: posts small blind $1
llmaiconll: posts big blind $3
*** HOLE CARDS ***
Pandakey: raises $3 to $6
llmaiconll: calls $3
*** FLOP *** [Qc 4c Jd]
llmaiconll: checks
Pandakey: bets $3
llmaiconll: folds
Uncalled bet ($3) returned to Pandakey
Pandakey collected $11.76 from pot
Pandakey: doesn't show hand
*** SUMMARY ***
Total pot $12 | Rake $0.24
Board [Qc 4c Jd]
Seat 3: llmaiconll (big blind) folded on the Flop
Seat 5: Pandakey (button) (small blind) collected ($11.76)


PokerStars Hand #152814236518:  Hold'em Limit ($3/$6 USD) - 2016/05/03 17:07:37 ET
Table 'Kiso II' 6-max Seat #3 is the button
Seat 3: llmaiconll ($80.90 in chips)
Seat 5: Pandakey ($78 in chips)
llmaiconll: posts small blind $1
Pandakey: posts big blind $3
*** HOLE CARDS ***
llmaiconll: calls $2
Pandakey: checks
*** FLOP *** [Ah Kc 7d]
Pandakey: checks
llmaiconll: checks
*** TURN *** [Ah Kc 7d] [6h]
Pandakey: checks
llmaiconll: checks
*** RIVER *** [Ah Kc 7d 6h] [8d]
Pandakey: bets $6
llmaiconll: calls $6
*** SHOW DOWN ***
Pandakey: shows [3s 7h] (a pair of Sevens)
llmaiconll: mucks hand
Pandakey collected $17.64 from pot
*** SUMMARY ***
Total pot $18 | Rake $0.36
Board [Ah Kc 7d 6h 8d]
Seat 3: llmaiconll (button) (small blind) mucked
Seat 5: Pandakey (big blind) showed [3s 7h] and won ($17.64) with a pair of Sevens


PokerStars Hand #152814295683:  Hold'em Limit ($3/$6 USD) - 2016/05/03 17:08:48 ET
Table 'Kiso II' 6-max Seat #3 is the button
Seat 3: llmaiconll ($58.66 in chips)
Seat 5: Pandakey ($98.92 in chips)
llmaiconll: posts small blind $1
Pandakey: posts big blind $3
*** HOLE CARDS ***
llmaiconll: calls $2
Pandakey: checks
*** FLOP *** [Qs 5d 4d]
Pandakey: checks
llmaiconll: bets $3
Pandakey: calls $3
*** TURN *** [Qs 5d 4d] [3c]
Pandakey: checks
llmaiconll: checks
*** RIVER *** [Qs 5d 4d 3c] [9s]
Pandakey: bets $6
llmaiconll: calls $6
*** SHOW DOWN ***
Pandakey: shows [3d 5s] (two pair, Fives and Threes)
llmaiconll: mucks hand
Pandakey collected $23.52 from pot
*** SUMMARY ***
Total pot $24 | Rake $0.48
Board [Qs 5d 4d 3c 9s]
Seat 3: llmaiconll (button) (small blind) mucked
Seat 5: Pandakey (big blind) showed [3d 5s] and won ($23.52) with two pair, Fives and Threes


PokerStars Hand #152814281649:  Hold'em Limit ($3/$6 USD) - 2016/05/03 17:08:31 ET
Table 'Kiso II' 6-max Seat #5 is the button
Seat 3: llmaiconll ($64.66 in chips)
Seat 5: Pandakey ($93.16 in chips)
Pandakey: posts small blind $1
llmaiconll: posts big blind $3
*** HOLE CARDS ***
Pandakey: raises $3 to $6
llmaiconll: calls $3
*** FLOP *** [8s 5h Th]
llmaiconll: checks
Pandakey: checks
*** TURN *** [8s 5h Th] [4s]
llmaiconll: checks
Pandakey: bets $6
llmaiconll: folds
Uncalled bet ($6) returned to Pandakey
Pandakey collected $11.76 from pot
Pandakey: doesn't show hand
*** SUMMARY ***
Total pot $12 | Rake $0.24
Board [8s 5h Th 4s]
Seat 3: llmaiconll (big blind) folded on the Turn
Seat 5: Pandakey (button) (small blind) collected ($11.76)


PokerStars Hand #152814273120:  Hold'em Limit ($3/$6 USD) - 2016/05/03 17:08:21 ET
Table 'Kiso II' 6-max Seat #3 is the button
Seat 3: llmaiconll ($58.90 in chips)
Seat 5: Pandakey ($99.16 in chips)
llmaiconll: posts small blind $1
Pandakey: posts big blind $3
*** HOLE CARDS ***
llmaiconll: raises $3 to $6
Pandakey: calls $3
*** FLOP *** [Kc Kh 5h]
Pandakey: checks
llmaiconll: bets $3
Pandakey: folds
Uncalled bet ($3) returned to llmaiconll
llmaiconll collected $11.76 from pot
llmaiconll: doesn't show hand
*** SUMMARY ***
Total pot $12 | Rake $0.24
Board [Kc Kh 5h]
Seat 3: llmaiconll (button) (small blind) collected ($11.76)
Seat 5: Pandakey (big blind) folded on the Flop


PokerStars Hand #152814264924:  Hold'em Limit ($3/$6 USD) - 2016/05/03 17:08:11 ET
Table 'Kiso II' 6-max Seat #5 is the button
Seat 3: llmaiconll ($64.90 in chips)
Seat 5: Pandakey ($93.40 in chips)
Pandakey: posts small blind $1
llmaiconll: posts big blind $3
*** HOLE CARDS ***
Pandakey: raises $3 to $6
llmaiconll: calls $3
*** FLOP *** [Qh 3h 5h]
llmaiconll: checks
Pandakey: bets $3
llmaiconll: folds
Uncalled bet ($3) returned to Pandakey
Pandakey collected $11.76 from pot
Pandakey: doesn't show hand
*** SUMMARY ***
Total pot $12 | Rake $0.24
Board [Qh 3h 5h]
Seat 3: llmaiconll (big blind) folded on the Flop
Seat 5: Pandakey (button) (small blind) collected ($11.76)


PokerStars Hand #152814363463:  Hold'em Limit ($3/$6 USD) - 2016/05/03 17:10:09 ET
Table 'Kiso II' 6-max Seat #3 is the button
Seat 3: llmaiconll ($60.82 in chips)
Seat 5: Pandakey ($95.20 in chips)
llmaiconll: posts small blind $1
Pandakey: posts big blind $3
*** HOLE CARDS ***
llmaiconll: folds
Uncalled bet ($2) returned to Pandakey
Pandakey collected $2 from pot
Pandakey: doesn't show hand
*** SUMMARY ***
Total pot $2 | Rake $0
Seat 3: llmaiconll (button) (small blind) folded before Flop
Seat 5: Pandakey (big blind) collected ($2)


PokerStars Hand #152814358853:  Hold'em Limit ($3/$6 USD) - 2016/05/03 17:10:03 ET
Table 'Kiso II' 6-max Seat #5 is the button
Seat 3: llmaiconll ($59.82 in chips)
Seat 5: Pandakey ($96.20 in chips)
Pandakey: posts small blind $1
llmaiconll: posts big blind $3
*** HOLE CARDS ***
Pandakey: folds
Uncalled bet ($2) returned to llmaiconll
llmaiconll collected $2 from pot
llmaiconll: doesn't show hand
*** SUMMARY ***
Total pot $2 | Rake $0
Seat 3: llmaiconll (big blind) collected ($2)
Seat 5: Pandakey (button) (small blind) folded before Flop


PokerStars Hand #152814353628:  Hold'em Limit ($3/$6 USD) - 2016/05/03 17:09:57 ET
Table 'Kiso II' 6-max Seat #3 is the button
Seat 3: llmaiconll ($56.82 in chips)
Seat 5: Pandakey ($99.20 in chips)
llmaiconll: posts small blind $1
Pandakey: posts big blind $3
*** HOLE CARDS ***
llmaiconll: raises $3 to $6
Pandakey: folds
Uncalled bet ($3) returned to llmaiconll
llmaiconll collected $6 from pot
llmaiconll: doesn't show hand
*** SUMMARY ***
Total pot $6 | Rake $0
Seat 3: llmaiconll (button) (small blind) collected ($6)
Seat 5: Pandakey (big blind) folded before Flop


PokerStars Hand #152814347099:  Hold'em Limit ($3/$6 USD) - 2016/05/03 17:09:49 ET
Table 'Kiso II' 6-max Seat #5 is the button
Seat 3: llmaiconll ($59.82 in chips)
Seat 5: Pandakey ($96.20 in chips)
Pandakey: posts small blind $1
llmaiconll: posts big blind $3
*** HOLE CARDS ***
Pandakey: raises $3 to $6
llmaiconll: folds
Uncalled bet ($3) returned to Pandakey
Pandakey collected $6 from pot
Pandakey: doesn't show hand
*** SUMMARY ***
Total pot $6 | Rake $0
Seat 3: llmaiconll (big blind) folded before Flop
Seat 5: Pandakey (button) (small blind) collected ($6)


PokerStars Hand #152814336182:  Hold'em Limit ($3/$6 USD) - 2016/05/03 17:09:36 ET
Table 'Kiso II' 6-max Seat #3 is the button
Seat 3: llmaiconll ($48.30 in chips)
Seat 5: Pandakey ($108.20 in chips)
llmaiconll: posts small blind $1
Pandakey: posts big blind $3
*** HOLE CARDS ***
llmaiconll: raises $3 to $6
Pandakey: raises $3 to $9
llmaiconll: raises $3 to $12
Betting is capped
Pandakey: calls $3
*** FLOP *** [6d 5s Ac]
Pandakey: checks
llmaiconll: bets $3
Pandakey: folds
Uncalled bet ($3) returned to llmaiconll
llmaiconll collected $23.52 from pot
llmaiconll: doesn't show hand
*** SUMMARY ***
Total pot $24 | Rake $0.48
Board [6d 5s Ac]
Seat 3: llmaiconll (button) (small blind) collected ($23.52)
Seat 5: Pandakey (big blind) folded on the Flop


PokerStars Hand #152814326436:  Hold'em Limit ($3/$6 USD) - 2016/05/03 17:09:25 ET
Table 'Kiso II' 6-max Seat #5 is the button
Seat 3: llmaiconll ($54.30 in chips)
Seat 5: Pandakey ($102.44 in chips)
Pandakey: posts small blind $1
llmaiconll: posts big blind $3
*** HOLE CARDS ***
Pandakey: raises $3 to $6
llmaiconll: calls $3
*** FLOP *** [9d 3d 2h]
llmaiconll: checks
Pandakey: bets $3
llmaiconll: folds
Uncalled bet ($3) returned to Pandakey
Pandakey collected $11.76 from pot
Pandakey: doesn't show hand
*** SUMMARY ***
Total pot $12 | Rake $0.24
Board [9d 3d 2h]
Seat 3: llmaiconll (big blind) folded on the Flop
Seat 5: Pandakey (button) (small blind) collected ($11.76)


PokerStars Hand #152814322258:  Hold'em Limit ($3/$6 USD) - 2016/05/03 17:09:20 ET
Table 'Kiso II' 6-max Seat #3 is the button
Seat 3: llmaiconll ($55.30 in chips)
Seat 5: Pandakey ($101.44 in chips)
llmaiconll: posts small blind $1
Pandakey: posts big blind $3
*** HOLE CARDS ***
llmaiconll: folds
Uncalled bet ($2) returned to Pandakey
Pandakey collected $2 from pot
Pandakey: doesn't show hand
*** SUMMARY ***
Total pot $2 | Rake $0
Seat 3: llmaiconll (button) (small blind) folded before Flop
Seat 5: Pandakey (big blind) collected ($2)


PokerStars Hand #152814310011:  Hold'em Limit ($3/$6 USD) - 2016/05/03 17:09:05 ET
Table 'Kiso II' 6-max Seat #5 is the button
Seat 3: llmaiconll ($46.66 in chips)
Seat 5: Pandakey ($110.44 in chips)
Pandakey: posts small blind $1
llmaiconll: posts big blind $3
*** HOLE CARDS ***
Pandakey: raises $3 to $6
llmaiconll: calls $3
*** FLOP *** [Qh 2d 8c]
llmaiconll: checks
Pandakey: bets $3
llmaiconll: raises $3 to $6
Pandakey: folds
Uncalled bet ($3) returned to llmaiconll
llmaiconll collected $17.64 from pot
llmaiconll: doesn't show hand
*** SUMMARY ***
Total pot $18 | Rake $0.36
Board [Qh 2d 8c]
Seat 3: llmaiconll (big blind) collected ($17.64)
Seat 5: Pandakey (button) (small blind) folded on the Flop


PokerStars Hand #152814406576:  Hold'em Limit ($3/$6 USD) - 2016/05/03 17:11:00 ET
Table 'Kiso II' 6-max Seat #3 is the button
Seat 3: llmaiconll ($47.82 in chips)
Seat 5: Pandakey ($107.60 in chips)
llmaiconll: posts small blind $1
Pandakey: posts big blind $3
*** HOLE CARDS ***
llmaiconll: raises $3 to $6
Pandakey: folds
Uncalled bet ($3) returned to llmaiconll
llmaiconll collected $6 from pot
llmaiconll: doesn't show hand
*** SUMMARY ***
Total pot $6 | Rake $0
Seat 3: llmaiconll (button) (small blind) collected ($6)
Seat 5: Pandakey (big blind) folded before Flop


PokerStars Hand #152814391609:  Hold'em Limit ($3/$6 USD) - 2016/05/03 17:10:42 ET
Table 'Kiso II' 6-max Seat #5 is the button
Seat 3: llmaiconll ($56.82 in chips)
Seat 5: Pandakey ($98.96 in chips)
Pandakey: posts small blind $1
llmaiconll: posts big blind $3
*** HOLE CARDS ***
Pandakey: raises $3 to $6
llmaiconll: calls $3
*** FLOP *** [Ts 5s Ac]
llmaiconll: checks
Pandakey: bets $3
llmaiconll: calls $3
*** TURN *** [Ts 5s Ac] [5c]
llmaiconll: checks
Pandakey: checks
*** RIVER *** [Ts 5s Ac 5c] [9s]
llmaiconll: checks
Pandakey: checks
*** SHOW DOWN ***
llmaiconll: shows [4c 4d] (two pair, Fives and Fours)
Pandakey: shows [6s 9c] (two pair, Nines and Fives)
Pandakey collected $17.64 from pot
*** SUMMARY ***
Total pot $18 | Rake $0.36
Board [Ts 5s Ac 5c 9s]
Seat 3: llmaiconll (big blind) showed [4c 4d] and lost with two pair, Fives and Fours
Seat 5: Pandakey (button) (small blind) showed [6s 9c] and won ($17.64) with two pair, Nines and Fives


PokerStars Hand #152814385435:  Hold'em Limit ($3/$6 USD) - 2016/05/03 17:10:35 ET
Table 'Kiso II' 6-max Seat #3 is the button
Seat 3: llmaiconll ($53.82 in chips)
Seat 5: Pandakey ($101.96 in chips)
llmaiconll: posts small blind $1
Pandakey: posts big blind $3
*** HOLE CARDS ***
llmaiconll: raises $3 to $6
Pandakey: folds
Uncalled bet ($3) returned to llmaiconll
llmaiconll collected $6 from pot
*** SUMMARY ***
Total pot $6 | Rake $0
Seat 3: llmaiconll (button) (small blind) collected ($6)
Seat 5: Pandakey (big blind) folded before Flop


PokerStars Hand #152814367978:  Hold'em Limit ($3/$6 USD) - 2016/05/03 17:10:14 ET
Table 'Kiso II' 6-max Seat #5 is the button
Seat 3: llmaiconll ($59.82 in chips)
Seat 5: Pandakey ($96.20 in chips)
Pandakey: posts small blind $1
llmaiconll: posts big blind $3
*** HOLE CARDS ***
Pandakey: raises $3 to $6
llmaiconll: calls $3
*** FLOP *** [Qh 8s Qs]
llmaiconll: checks
Pandakey: checks
*** TURN *** [Qh 8s Qs] [Ac]
llmaiconll: checks
Pandakey: checks
*** RIVER *** [Qh 8s Qs Ac] [4d]
llmaiconll: checks
Pandakey: bets $6
llmaiconll: folds
Uncalled bet ($6) returned to Pandakey
Pandakey collected $11.76 from pot
Pandakey: doesn't show hand
*** SUMMARY ***
Total pot $12 | Rake $0.24
Board [Qh 8s Qs Ac 4d]
Seat 3: llmaiconll (big blind) folded on the River
Seat 5: Pandakey (button) (small blind) collected ($11.76)


PokerStars Hand #152814445860:  Hold'em Limit ($3/$6 USD) - 2016/05/03 17:11:47 ET
Table 'Kiso II' 6-max Seat #5 is the button
Seat 3: llmaiconll ($77.32 in chips)
Seat 5: Pandakey ($77.36 in chips)
Pandakey: posts small blind $1
llmaiconll: posts big blind $3
*** HOLE CARDS ***
Pandakey: raises $3 to $6
llmaiconll: calls $3
*** FLOP *** [Kd 8c 9d]
llmaiconll: checks
Pandakey: bets $3
llmaiconll: calls $3
*** TURN *** [Kd 8c 9d] [5h]
llmaiconll: checks
Pandakey: bets $6
llmaiconll: raises $6 to $12
Pandakey: calls $6
*** RIVER *** [Kd 8c 9d 5h] [3c]
llmaiconll: bets $6
Pandakey: folds
Uncalled bet ($6) returned to llmaiconll
llmaiconll collected $41.50 from pot
llmaiconll: doesn't show hand
*** SUMMARY ***
Total pot $42 | Rake $0.50
Board [Kd 8c 9d 5h 3c]
Seat 3: llmaiconll (big blind) collected ($41.50)
Seat 5: Pandakey (button) (small blind) folded on the River


PokerStars Hand #152814426613:  Hold'em Limit ($3/$6 USD) - 2016/05/03 17:11:24 ET
Table 'Kiso II' 6-max Seat #3 is the button
Seat 3: llmaiconll ($44.82 in chips)
Seat 5: Pandakey ($110.36 in chips)
llmaiconll: posts small blind $1
Pandakey: posts big blind $3
*** HOLE CARDS ***
llmaiconll: raises $3 to $6
Pandakey: raises $3 to $9
llmaiconll: raises $3 to $12
Betting is capped
Pandakey: calls $3
*** FLOP *** [6s 3c 4s]
Pandakey: checks
llmaiconll: bets $3
Pandakey: raises $3 to $6
llmaiconll: raises $3 to $9
Pandakey: calls $3
*** TURN *** [6s 3c 4s] [Qs]
Pandakey: checks
llmaiconll: bets $6
Pandakey: calls $6
*** RIVER *** [6s 3c 4s Qs] [4h]
Pandakey: checks
llmaiconll: bets $6
Pandakey: calls $6
*** SHOW DOWN ***
llmaiconll: shows [Kd Kc] (two pair, Kings and Fours)
Pandakey: mucks hand
llmaiconll collected $65.50 from pot
*** SUMMARY ***
Total pot $66 | Rake $0.50
Board [6s 3c 4s Qs 4h]
Seat 3: llmaiconll (button) (small blind) showed [Kd Kc] and won ($65.50) with two pair, Kings and Fours
Seat 5: Pandakey (big blind) mucked


PokerStars Hand #152814417996:  Hold'em Limit ($3/$6 USD) - 2016/05/03 17:11:14 ET
Table 'Kiso II' 6-max Seat #5 is the button
Seat 3: llmaiconll ($50.82 in chips)
Seat 5: Pandakey ($104.60 in chips)
Pandakey: posts small blind $1
llmaiconll: posts big blind $3
*** HOLE CARDS ***
Pandakey: raises $3 to $6
llmaiconll: calls $3
*** FLOP *** [9c 9s Kd]
llmaiconll: checks
Pandakey: bets $3
llmaiconll: folds
Uncalled bet ($3) returned to Pandakey
Pandakey collected $11.76 from pot
Pandakey: doesn't show hand
*** SUMMARY ***
Total pot $12 | Rake $0.24
Board [9c 9s Kd]
Seat 3: llmaiconll (big blind) folded on the Flop
Seat 5: Pandakey (button) (small blind) collected ($11.76)


PokerStars Hand #152814473693:  Hold'em Limit ($3/$6 USD) - 2016/05/03 17:12:21 ET
Table 'Kiso II' 6-max Seat #5 is the button
Seat 3: llmaiconll ($94.82 in chips)
Seat 5: Pandakey ($59.24 in chips)
Pandakey: posts small blind $1
llmaiconll: posts big blind $3
*** HOLE CARDS ***
Great_Kang joins the table at seat #4
Pandakey: raises $3 to $6
llmaiconll: calls $3
*** FLOP *** [Jd 6h Td]
llmaiconll: checks
Pandakey: bets $3
llmaiconll: calls $3
*** TURN *** [Jd 6h Td] [3c]
llmaiconll: checks
Pandakey: bets $6
llmaiconll: calls $6
*** RIVER *** [Jd 6h Td 3c] [Ks]
llmaiconll: checks
Pandakey: bets $6
llmaiconll: folds
Uncalled bet ($6) returned to Pandakey
Pandakey collected $29.50 from pot
Pandakey: doesn't show hand
*** SUMMARY ***
Total pot $30 | Rake $0.50
Board [Jd 6h Td 3c Ks]
Seat 3: llmaiconll (big blind) folded on the River
Seat 5: Pandakey (button) (small blind) collected ($29.50)


PokerStars Hand #152814463490:  Hold'em Limit ($3/$6 USD) - 2016/05/03 17:12:08 ET
Table 'Kiso II' 6-max Seat #3 is the button
Seat 3: llmaiconll ($97.82 in chips)
Seat 5: Pandakey ($56.36 in chips)
llmaiconll: posts small blind $1
Pandakey: posts big blind $3
*** HOLE CARDS ***
llmaiconll: calls $2
Pandakey: checks
*** FLOP *** [7c 4d 7s]
Pandakey: bets $3
llmaiconll: folds
Uncalled bet ($3) returned to Pandakey
Pandakey collected $5.88 from pot
Pandakey: doesn't show hand
*** SUMMARY ***
Total pot $6 | Rake $0.12
Board [7c 4d 7s]
Seat 3: llmaiconll (button) (small blind) folded on the Flop
Seat 5: Pandakey (big blind) collected ($5.88)


PokerStars Hand #152814828616:  Hold'em Limit ($3/$6 USD) - 2016/05/03 17:19:25 ET
Table 'Kiso II' 6-max Seat #3 is the button
Seat 3: llmaiconll ($76.19 in chips)
Seat 4: Great_Kang ($127.89 in chips)
llmaiconll: posts small blind $1
Great_Kang: posts big blind $3
*** HOLE CARDS ***
llmaiconll: calls $2
Great_Kang: raises $3 to $6
llmaiconll: calls $3
*** FLOP *** [3c Jd 3h]
Great_Kang: bets $3
llmaiconll: folds
Uncalled bet ($3) returned to Great_Kang
Great_Kang collected $11.76 from pot
Great_Kang: doesn't show hand
*** SUMMARY ***
Total pot $12 | Rake $0.24
Board [3c Jd 3h]
Seat 3: llmaiconll (button) (small blind) folded on the Flop
Seat 4: Great_Kang (big blind) collected ($11.76)


PokerStars Hand #152814840110:  Hold'em Limit ($3/$6 USD) - 2016/05/03 17:19:39 ET
Table 'Kiso II' 6-max Seat #4 is the button
Seat 3: llmaiconll ($70.19 in chips)
Seat 4: Great_Kang ($133.65 in chips)
Great_Kang: posts small blind $1
llmaiconll: posts big blind $3
*** HOLE CARDS ***
Great_Kang: raises $3 to $6
llmaiconll: calls $3
*** FLOP *** [2s 8c 9h]
llmaiconll: checks
Great_Kang: bets $3
llmaiconll: calls $3
*** TURN *** [2s 8c 9h] [6h]
llmaiconll: checks
Great_Kang: bets $6
llmaiconll: calls $6
*** RIVER *** [2s 8c 9h 6h] [Kc]
llmaiconll: checks
Great_Kang: checks
*** SHOW DOWN ***
llmaiconll: shows [Kd 8h] (two pair, Kings and Eights)
Great_Kang: mucks hand
llmaiconll collected $29.50 from pot
*** SUMMARY ***
Total pot $30 | Rake $0.50
Board [2s 8c 9h 6h Kc]
Seat 3: llmaiconll (big blind) showed [Kd 8h] and won ($29.50) with two pair, Kings and Eights
Seat 4: Great_Kang (button) (small blind) mucked


PokerStars Hand #152814854794:  Hold'em Limit ($3/$6 USD) - 2016/05/03 17:19:56 ET
Table 'Kiso II' 6-max Seat #3 is the button
Seat 3: llmaiconll ($84.69 in chips)
Seat 4: Great_Kang ($120 in chips)
llmaiconll: posts small blind $1
Great_Kang: posts big blind $3
*** HOLE CARDS ***
llmaiconll: folds
Uncalled bet ($2) returned to Great_Kang
Great_Kang collected $2 from pot
Great_Kang: doesn't show hand
*** SUMMARY ***
Total pot $2 | Rake $0
Seat 3: llmaiconll (button) (small blind) folded before Flop
Seat 4: Great_Kang (big blind) collected ($2)


PokerStars Hand #152814859558:  Hold'em Limit ($3/$6 USD) - 2016/05/03 17:20:02 ET
Table 'Kiso II' 6-max Seat #4 is the button
Seat 3: llmaiconll ($83.69 in chips)
Seat 4: Great_Kang ($121 in chips)
Great_Kang: posts small blind $1
llmaiconll: posts big blind $3
*** HOLE CARDS ***
Great_Kang: raises $3 to $6
llmaiconll: calls $3
*** FLOP *** [Ks Qh Js]
llmaiconll: checks
Great_Kang: bets $3
llmaiconll: calls $3
*** TURN *** [Ks Qh Js] [9d]
llmaiconll: checks
Great_Kang: checks
*** RIVER *** [Ks Qh Js 9d] [2h]
llmaiconll: checks
Great_Kang: checks
*** SHOW DOWN ***
llmaiconll: shows [Qc 6c] (a pair of Queens)
Great_Kang: mucks hand
llmaiconll collected $17.64 from pot
*** SUMMARY ***
Total pot $18 | Rake $0.36
Board [Ks Qh Js 9d 2h]
Seat 3: llmaiconll (big blind) showed [Qc 6c] and won ($17.64) with a pair of Queens
Seat 4: Great_Kang (button) (small blind) mucked


PokerStars Hand #152814876127:  Hold'em Limit ($3/$6 USD) - 2016/05/03 17:20:21 ET
Table 'Kiso II' 6-max Seat #3 is the button
Seat 3: llmaiconll ($92.33 in chips)
Seat 4: Great_Kang ($120 in chips)
llmaiconll: posts small blind $1
Great_Kang: posts big blind $3
*** HOLE CARDS ***
llmaiconll: folds
Uncalled bet ($2) returned to Great_Kang
Great_Kang collected $2 from pot
Great_Kang: doesn't show hand
*** SUMMARY ***
Total pot $2 | Rake $0
Seat 3: llmaiconll (button) (small blind) folded before Flop
Seat 4: Great_Kang (big blind) collected ($2)


PokerStars Hand #152814902029:  Hold'em Limit ($3/$6 USD) - 2016/05/03 17:20:52 ET
Table 'Kiso II' 6-max Seat #3 is the button
Seat 3: llmaiconll ($82.33 in chips)
Seat 4: Great_Kang ($129.64 in chips)
llmaiconll: posts small blind $1
Great_Kang: posts big blind $3
*** HOLE CARDS ***
llmaiconll: folds
Uncalled bet ($2) returned to Great_Kang
Great_Kang collected $2 from pot
Great_Kang: doesn't show hand
*** SUMMARY ***
Total pot $2 | Rake $0
Seat 3: llmaiconll (button) (small blind) folded before Flop
Seat 4: Great_Kang (big blind) collected ($2)


PokerStars Hand #152814880755:  Hold'em Limit ($3/$6 USD) - 2016/05/03 17:20:27 ET
Table 'Kiso II' 6-max Seat #4 is the button
Seat 3: llmaiconll ($91.33 in chips)
Seat 4: Great_Kang ($121 in chips)
Great_Kang: posts small blind $1
llmaiconll: posts big blind $3
*** HOLE CARDS ***
Great_Kang: raises $3 to $6
llmaiconll: calls $3
*** FLOP *** [Th 9c 6c]
llmaiconll: checks
Great_Kang: bets $3
llmaiconll: calls $3
*** TURN *** [Th 9c 6c] [4c]
llmaiconll: checks
Great_Kang: bets $6
llmaiconll: folds
Uncalled bet ($6) returned to Great_Kang
Great_Kang collected $17.64 from pot
Great_Kang: doesn't show hand
*** SUMMARY ***
Total pot $18 | Rake $0.36
Board [Th 9c 6c 4c]
Seat 3: llmaiconll (big blind) folded on the Turn
Seat 4: Great_Kang (button) (small blind) collected ($17.64)


PokerStars Hand #152814906094:  Hold'em Limit ($3/$6 USD) - 2016/05/03 17:20:57 ET
Table 'Kiso II' 6-max Seat #4 is the button
Seat 3: llmaiconll ($81.33 in chips)
Seat 4: Great_Kang ($130.64 in chips)
Great_Kang: posts small blind $1
llmaiconll: posts big blind $3
*** HOLE CARDS ***
Great_Kang: raises $3 to $6
llmaiconll: raises $3 to $9
Great_Kang: calls $3
*** FLOP *** [2c Kc 2d]
llmaiconll: bets $3
Great_Kang: folds
Uncalled bet ($3) returned to llmaiconll
llmaiconll collected $17.64 from pot
llmaiconll: doesn't show hand
*** SUMMARY ***
Total pot $18 | Rake $0.36
Board [2c Kc 2d]
Seat 3: llmaiconll (big blind) collected ($17.64)
Seat 4: Great_Kang (button) (small blind) folded on the Flop


PokerStars Hand #152814917526:  Hold'em Limit ($3/$6 USD) - 2016/05/03 17:21:11 ET
Table 'Kiso II' 6-max Seat #3 is the button
Seat 3: llmaiconll ($89.97 in chips)
Seat 4: Great_Kang ($121.64 in chips)
llmaiconll: posts small blind $1
Great_Kang: posts big blind $3
*** HOLE CARDS ***
llmaiconll: folds
Uncalled bet ($2) returned to Great_Kang
Great_Kang collected $2 from pot
Great_Kang: doesn't show hand
*** SUMMARY ***
Total pot $2 | Rake $0
Seat 3: llmaiconll (button) (small blind) folded before Flop
Seat 4: Great_Kang (big blind) collected ($2)


PokerStars Hand #152814922135:  Hold'em Limit ($3/$6 USD) - 2016/05/03 17:21:16 ET
Table 'Kiso II' 6-max Seat #4 is the button
Seat 3: llmaiconll ($88.97 in chips)
Seat 4: Great_Kang ($122.64 in chips)
Great_Kang: posts small blind $1
llmaiconll: posts big blind $3
*** HOLE CARDS ***
Great_Kang: raises $3 to $6
llmaiconll: raises $3 to $9
Great_Kang: calls $3
*** FLOP *** [Jh 9s 6s]
llmaiconll: bets $3
Great_Kang: calls $3
*** TURN *** [Jh 9s 6s] [4s]
llmaiconll: bets $6
Great_Kang: calls $6
*** RIVER *** [Jh 9s 6s 4s] [5c]
llmaiconll: bets $6
Great_Kang: folds
Uncalled bet ($6) returned to llmaiconll
liza3008 joins the table at seat #2
llmaiconll collected $35.50 from pot
llmaiconll: doesn't show hand
*** SUMMARY ***
Total pot $36 | Rake $0.50
Board [Jh 9s 6s 4s 5c]
Seat 3: llmaiconll (big blind) collected ($35.50)
Seat 4: Great_Kang (button) (small blind) folded on the River


PokerStars Hand #152814939809:  Hold'em Limit ($3/$6 USD) - 2016/05/03 17:21:37 ET
Table 'Kiso II' 6-max Seat #3 is the button
Seat 3: llmaiconll ($106.47 in chips)
Seat 4: Great_Kang ($120 in chips)
llmaiconll: posts small blind $1
Great_Kang: posts big blind $3
*** HOLE CARDS ***
llmaiconll: calls $2
Great_Kang: raises $3 to $6
llmaiconll: calls $3
*** FLOP *** [8s 6d 5s]
Great_Kang: checks
llmaiconll: checks
*** TURN *** [8s 6d 5s] [Ad]
Great_Kang: checks
llmaiconll: bets $6
Great_Kang: folds
Uncalled bet ($6) returned to llmaiconll
llmaiconll collected $11.76 from pot
llmaiconll: doesn't show hand
*** SUMMARY ***
Total pot $12 | Rake $0.24
Board [8s 6d 5s Ad]
Seat 3: llmaiconll (button) (small blind) collected ($11.76)
Seat 4: Great_Kang (big blind) folded on the Turn


PokerStars Hand #152817397215:  Hold'em Limit ($3/$6 USD) - 2016/05/03 18:11:09 ET
Table 'Kiso II' 6-max Seat #5 is the button
Seat 1: tangxueke ($73.90 in chips)
Seat 5: Chessnok ($185.32 in chips)
Chessnok: posts small blind $1
tangxueke: posts big blind $3
*** HOLE CARDS ***
Chessnok: folds
Uncalled bet ($2) returned to tangxueke
tangxueke collected $2 from pot
tangxueke: doesn't show hand
*** SUMMARY ***
Total pot $2 | Rake $0
Seat 1: tangxueke (big blind) collected ($2)
Seat 5: Chessnok (button) (small blind) folded before Flop


PokerStars Hand #152817392899:  Hold'em Limit ($3/$6 USD) - 2016/05/03 18:11:04 ET
Table 'Kiso II' 6-max Seat #1 is the button
Seat 1: tangxueke ($74.90 in chips)
Seat 5: Chessnok ($184.32 in chips)
tangxueke: posts small blind $1
Chessnok: posts big blind $3
*** HOLE CARDS ***
tangxueke: folds
Uncalled bet ($2) returned to Chessnok
Chessnok collected $2 from pot
Chessnok: doesn't show hand
*** SUMMARY ***
Total pot $2 | Rake $0
Seat 1: tangxueke (button) (small blind) folded before Flop
Seat 5: Chessnok (big blind) collected ($2)


