PokerStars Hand #171482141627:  Hold'em Limit ($3/$6 USD) - 2017/06/07 17:35:11 ET
Table 'Kiviuq II' 6-max Seat #6 is the button
Seat 1: EVBET ($345.97 in chips)
Seat 6: MForce007 ($38.49 in chips)
MForce007: posts small blind $1
EVBET: posts big blind $3
*** HOLE CARDS ***
MForce007: calls $2
EVBET: checks
*** FLOP *** [2c 8s 8c]
EVBET: checks
MForce007: bets $3
EVBET: folds
Uncalled bet ($3) returned to MForce007
MForce007 collected $5.88 from pot
MForce007: doesn't show hand
*** SUMMARY ***
Total pot $6 | Rake $0.12
Board [2c 8s 8c]
Seat 1: EVBET (big blind) folded on the Flop
Seat 6: MForce007 (button) (small blind) collected ($5.88)


PokerStars Hand #171482128741:  Hold'em Limit ($3/$6 USD) - 2017/06/07 17:34:54 ET
Table 'Kiviuq II' 6-max Seat #1 is the button
Seat 1: EVBET ($342.97 in chips)
Seat 6: MForce007 ($41.49 in chips)
EVBET: posts small blind $1
RaisemyNut$: is sitting out
MForce007: posts big blind $3
*** HOLE CARDS ***
RaisemyNut$ leaves the table
Humtum81 leaves the table
EVBET: raises $3 to $6
MForce007: folds
Uncalled bet ($3) returned to EVBET
EVBET collected $6 from pot
EVBET: doesn't show hand
*** SUMMARY ***
Total pot $6 | Rake $0
Seat 1: EVBET (button) (small blind) collected ($6)
Seat 6: MForce007 (big blind) folded before Flop


PokerStars Hand #171482162036:  Hold'em Limit ($3/$6 USD) - 2017/06/07 17:35:37 ET
Table 'Kiviuq II' 6-max Seat #1 is the button
Seat 1: EVBET ($342.97 in chips)
Seat 6: MForce007 ($41.37 in chips)
EVBET: posts small blind $1
MForce007: posts big blind $3
*** HOLE CARDS ***
EVBET: raises $3 to $6
MForce007: calls $3
*** FLOP *** [4h 3d Qh]
MForce007: checks
EVBET: bets $3
MForce007: calls $3
*** TURN *** [4h 3d Qh] [5s]
MForce007: checks
EVBET: bets $6
MForce007: calls $6
*** RIVER *** [4h 3d Qh 5s] [7s]
MForce007: checks
EVBET: bets $6
MForce007: folds
Uncalled bet ($6) returned to EVBET
EVBET collected $29.50 from pot
EVBET: doesn't show hand
*** SUMMARY ***
Total pot $30 | Rake $0.50
Board [4h 3d Qh 5s 7s]
Seat 1: EVBET (button) (small blind) collected ($29.50)
Seat 6: MForce007 (big blind) folded on the River


PokerStars Hand #171482229625:  Hold'em Limit ($3/$6 USD) - 2017/06/07 17:37:03 ET
Table 'Kiviuq II' 6-max Seat #6 is the button
Seat 5: belik555 ($138.45 in chips)
Seat 6: MForce007 ($26.37 in chips)
MForce007: posts small blind $1
belik555: posts big blind $3
*** HOLE CARDS ***
MForce007: calls $2
belik555: checks
*** FLOP *** [Jd 6s 4d]
belik555: checks
MForce007: bets $3
belik555: folds
Uncalled bet ($3) returned to MForce007
MForce007 collected $5.88 from pot
MForce007: doesn't show hand
*** SUMMARY ***
Total pot $6 | Rake $0.12
Board [Jd 6s 4d]
Seat 5: belik555 (big blind) folded on the Flop
Seat 6: MForce007 (button) (small blind) collected ($5.88)


