PokerStars Hand #145880991810:  Hold'em Limit ($3/$6 USD) - 2015/12/25 2:48:50 ET
Table 'Kiviuq' 2-max Seat #2 is the button
Seat 1: jl45259071 ($102.12 in chips)
Seat 2: VolkovDmitri ($120 in chips)
VolkovDmitri: posts small blind $1
jl45259071: posts big blind $3
*** HOLE CARDS ***
VolkovDmitri: raises $3 to $6
jl45259071: calls $3
*** FLOP *** [Qh Qs 2h]
jl45259071: bets $3
VolkovDmitri: folds
Uncalled bet ($3) returned to jl45259071
jl45259071 collected $11.76 from pot
jl45259071: doesn't show hand
*** SUMMARY ***
Total pot $12 | Rake $0.24
Board [Qh Qs 2h]
Seat 1: jl45259071 (big blind) collected ($11.76)
Seat 2: VolkovDmitri (button) (small blind) folded on the Flop


PokerStars Hand #145880995810:  Hold'em Limit ($3/$6 USD) - 2015/12/25 2:49:03 ET
Table 'Kiviuq' 2-max Seat #1 is the button
Seat 1: jl45259071 ($107.88 in chips)
Seat 2: VolkovDmitri ($120 in chips)
jl45259071: posts small blind $1
VolkovDmitri: posts big blind $3
*** HOLE CARDS ***
jl45259071: calls $2
VolkovDmitri: raises $3 to $6
jl45259071: calls $3
*** FLOP *** [2d 3c Kc]
VolkovDmitri: bets $3
jl45259071: calls $3
*** TURN *** [2d 3c Kc] [Js]
VolkovDmitri: checks
jl45259071: bets $6
VolkovDmitri: folds
Uncalled bet ($6) returned to jl45259071
jl45259071 collected $17.64 from pot
jl45259071: doesn't show hand
*** SUMMARY ***
Total pot $18 | Rake $0.36
Board [2d 3c Kc Js]
Seat 1: jl45259071 (button) (small blind) collected ($17.64)
Seat 2: VolkovDmitri (big blind) folded on the Turn


PokerStars Hand #145881010525:  Hold'em Limit ($3/$6 USD) - 2015/12/25 2:49:52 ET
Table 'Kiviuq' 2-max Seat #1 is the button
Seat 1: jl45259071 ($113.52 in chips)
Seat 2: VolkovDmitri ($123 in chips)
jl45259071: posts small blind $1
VolkovDmitri: posts big blind $3
*** HOLE CARDS ***
jl45259071: calls $2
VolkovDmitri: raises $3 to $6
jl45259071: calls $3
*** FLOP *** [Kd 6h Ks]
VolkovDmitri: bets $3
jl45259071: calls $3
*** TURN *** [Kd 6h Ks] [2s]
VolkovDmitri: bets $6
jl45259071: folds
Uncalled bet ($6) returned to VolkovDmitri
VolkovDmitri collected $17.64 from pot
VolkovDmitri: doesn't show hand
*** SUMMARY ***
Total pot $18 | Rake $0.36
Board [Kd 6h Ks 2s]
Seat 1: jl45259071 (button) (small blind) folded on the Turn
Seat 2: VolkovDmitri (big blind) collected ($17.64)


PokerStars Hand #145881007489:  Hold'em Limit ($3/$6 USD) - 2015/12/25 2:49:42 ET
Table 'Kiviuq' 2-max Seat #2 is the button
Seat 1: jl45259071 ($116.52 in chips)
Seat 2: VolkovDmitri ($120 in chips)
VolkovDmitri: posts small blind $1
jl45259071: posts big blind $3
*** HOLE CARDS ***
VolkovDmitri: raises $3 to $6
jl45259071: folds
Uncalled bet ($3) returned to VolkovDmitri
VolkovDmitri collected $6 from pot
VolkovDmitri: doesn't show hand
*** SUMMARY ***
Total pot $6 | Rake $0
Seat 1: jl45259071 (big blind) folded before Flop
Seat 2: VolkovDmitri (button) (small blind) collected ($6)


PokerStars Hand #145881031579:  Hold'em Limit ($3/$6 USD) - 2015/12/25 2:51:02 ET
Table 'Kiviuq' 2-max Seat #1 is the button
Seat 1: jl45259071 ($116.04 in chips)
Seat 2: VolkovDmitri ($120 in chips)
jl45259071: posts small blind $1
VolkovDmitri: posts big blind $3
*** HOLE CARDS ***
jl45259071: calls $2
VolkovDmitri: raises $3 to $6
jl45259071: calls $3
*** FLOP *** [Qd 7s 8c]
VolkovDmitri: bets $3
jl45259071: calls $3
*** TURN *** [Qd 7s 8c] [4c]
VolkovDmitri: checks
jl45259071: bets $6
VolkovDmitri: folds
Uncalled bet ($6) returned to jl45259071
jl45259071 collected $17.64 from pot
jl45259071: doesn't show hand
*** SUMMARY ***
Total pot $18 | Rake $0.36
Board [Qd 7s 8c 4c]
Seat 1: jl45259071 (button) (small blind) collected ($17.64)
Seat 2: VolkovDmitri (big blind) folded on the Turn


PokerStars Hand #145881022563:  Hold'em Limit ($3/$6 USD) - 2015/12/25 2:50:32 ET
Table 'Kiviuq' 2-max Seat #2 is the button
Seat 1: jl45259071 ($104.52 in chips)
Seat 2: VolkovDmitri ($131.64 in chips)
VolkovDmitri: posts small blind $1
jl45259071: posts big blind $3
*** HOLE CARDS ***
VolkovDmitri: raises $3 to $6
jl45259071: calls $3
*** FLOP *** [6c Kh 5h]
jl45259071: checks
VolkovDmitri: bets $3
jl45259071: raises $3 to $6
VolkovDmitri: calls $3
*** TURN *** [6c Kh 5h] [2c]
jl45259071: bets $6
VolkovDmitri: folds
Uncalled bet ($6) returned to jl45259071
jl45259071 collected $23.52 from pot
jl45259071: doesn't show hand
*** SUMMARY ***
Total pot $24 | Rake $0.48
Board [6c Kh 5h 2c]
Seat 1: jl45259071 (big blind) collected ($23.52)
Seat 2: VolkovDmitri (button) (small blind) folded on the Turn


PokerStars Hand #145881054747:  Hold'em Limit ($3/$6 USD) - 2015/12/25 2:52:19 ET
Table 'Kiviuq' 2-max Seat #2 is the button
Seat 1: jl45259071 ($147.82 in chips)
Seat 2: VolkovDmitri ($120 in chips)
VolkovDmitri: posts small blind $1
jl45259071: posts big blind $3
*** HOLE CARDS ***
VolkovDmitri: raises $3 to $6
jl45259071: folds
Uncalled bet ($3) returned to VolkovDmitri
VolkovDmitri collected $6 from pot
VolkovDmitri: doesn't show hand
*** SUMMARY ***
Total pot $6 | Rake $0
Seat 1: jl45259071 (big blind) folded before Flop
Seat 2: VolkovDmitri (button) (small blind) collected ($6)


PokerStars Hand #145881036836:  Hold'em Limit ($3/$6 USD) - 2015/12/25 2:51:19 ET
Table 'Kiviuq' 2-max Seat #2 is the button
Seat 1: jl45259071 ($124.68 in chips)
Seat 2: VolkovDmitri ($120 in chips)
VolkovDmitri: posts small blind $1
jl45259071: posts big blind $3
*** HOLE CARDS ***
VolkovDmitri: raises $3 to $6
jl45259071: calls $3
*** FLOP *** [8d 6s Jd]
jl45259071: bets $3
VolkovDmitri: calls $3
*** TURN *** [8d 6s Jd] [2s]
jl45259071: checks
VolkovDmitri: bets $6
jl45259071: calls $6
*** RIVER *** [8d 6s Jd 2s] [Ac]
jl45259071: checks
VolkovDmitri: checks
*** SHOW DOWN ***
jl45259071: shows [6h 4h] (a pair of Sixes)
VolkovDmitri: mucks hand
jl45259071 collected $29.50 from pot
*** SUMMARY ***
Total pot $30 | Rake $0.50
Board [8d 6s Jd 2s Ac]
Seat 1: jl45259071 (big blind) showed [6h 4h] and won ($29.50) with a pair of Sixes
Seat 2: VolkovDmitri (button) (small blind) mucked


PokerStars Hand #145881046590:  Hold'em Limit ($3/$6 USD) - 2015/12/25 2:51:52 ET
Table 'Kiviuq' 2-max Seat #1 is the button
Seat 1: jl45259071 ($139.18 in chips)
Seat 2: VolkovDmitri ($120 in chips)
jl45259071: posts small blind $1
VolkovDmitri: posts big blind $3
*** HOLE CARDS ***
jl45259071: calls $2
VolkovDmitri: raises $3 to $6
jl45259071: calls $3
*** FLOP *** [7h 5h 4h]
VolkovDmitri: bets $3
jl45259071: calls $3
*** TURN *** [7h 5h 4h] [Th]
VolkovDmitri: checks
jl45259071: bets $6
VolkovDmitri: folds
Uncalled bet ($6) returned to jl45259071
jl45259071 collected $17.64 from pot
jl45259071: doesn't show hand
*** SUMMARY ***
Total pot $18 | Rake $0.36
Board [7h 5h 4h Th]
Seat 1: jl45259071 (button) (small blind) collected ($17.64)
Seat 2: VolkovDmitri (big blind) folded on the Turn


