PokerStars Hand #173863869083:  Hold'em Limit ($3/$6 USD) - 2017/08/03 7:19:58 ET
Table 'Klare' 6-max Seat #3 is the button
Seat 3: NewRocker ($120 in chips)
Seat 4: VolkovDmitri ($120 in chips)
NewRocker: posts small blind $1
VolkovDmitri: posts big blind $3
*** HOLE CARDS ***
NewRocker: folds
Uncalled bet ($2) returned to VolkovDmitri
VolkovDmitri collected $2 from pot
VolkovDmitri: doesn't show hand
*** SUMMARY ***
Total pot $2 | Rake $0
Seat 3: NewRocker (button) (small blind) folded before Flop
Seat 4: VolkovDmitri (big blind) collected ($2)


PokerStars Hand #173863881087:  Hold'em Limit ($3/$6 USD) - 2017/08/03 7:20:28 ET
Table 'Klare' 6-max Seat #3 is the button
Seat 3: NewRocker ($124.76 in chips)
Seat 4: VolkovDmitri ($120 in chips)
NewRocker: posts small blind $1
VolkovDmitri: posts big blind $3
*** HOLE CARDS ***
NewRocker: folds
Uncalled bet ($2) returned to VolkovDmitri
VolkovDmitri collected $2 from pot
VolkovDmitri: doesn't show hand
*** SUMMARY ***
Total pot $2 | Rake $0
Seat 3: NewRocker (button) (small blind) folded before Flop
Seat 4: VolkovDmitri (big blind) collected ($2)


PokerStars Hand #173863874378:  Hold'em Limit ($3/$6 USD) - 2017/08/03 7:20:11 ET
Table 'Klare' 6-max Seat #4 is the button
Seat 3: NewRocker ($119 in chips)
Seat 4: VolkovDmitri ($121 in chips)
VolkovDmitri: posts small blind $1
NewRocker: posts big blind $3
*** HOLE CARDS ***
VolkovDmitri: raises $3 to $6
NewRocker: calls $3
*** FLOP *** [Kc 5h Tc]
NewRocker: bets $3
VolkovDmitri: folds
Uncalled bet ($3) returned to NewRocker
NewRocker collected $11.76 from pot
NewRocker: doesn't show hand
*** SUMMARY ***
Total pot $12 | Rake $0.24
Board [Kc 5h Tc]
Seat 3: NewRocker (big blind) collected ($11.76)
Seat 4: VolkovDmitri (button) (small blind) folded on the Flop


PokerStars Hand #173863882987:  Hold'em Limit ($3/$6 USD) - 2017/08/03 7:20:33 ET
Table 'Klare' 6-max Seat #4 is the button
Seat 3: NewRocker ($123.76 in chips)
Seat 4: VolkovDmitri ($121 in chips)
VolkovDmitri: posts small blind $1
NewRocker: posts big blind $3
*** HOLE CARDS ***
VolkovDmitri: raises $3 to $6
NewRocker: calls $3
*** FLOP *** [4c 4s 3s]
NewRocker: checks
VolkovDmitri: bets $3
NewRocker: raises $3 to $6
VolkovDmitri: calls $3
*** TURN *** [4c 4s 3s] [6d]
NewRocker: bets $6
VolkovDmitri: calls $6
*** RIVER *** [4c 4s 3s 6d] [4d]
NewRocker: bets $6
VolkovDmitri: folds
Uncalled bet ($6) returned to NewRocker
NewRocker collected $35.50 from pot
NewRocker: doesn't show hand
*** SUMMARY ***
Total pot $36 | Rake $0.50
Board [4c 4s 3s 6d 4d]
Seat 3: NewRocker (big blind) collected ($35.50)
Seat 4: VolkovDmitri (button) (small blind) folded on the River


