PokerStars Hand #167791808257:  Hold'em Limit ($3/$6 USD) - 2017/03/19 4:13:16 ET
Table 'Klare' 6-max Seat #1 is the button
Seat 1: LifeisagameX ($84 in chips)
Seat 3: hairy1961 ($50 in chips)
LifeisagameX: posts small blind $1
hairy1961: posts big blind $3
*** HOLE CARDS ***
LifeisagameX: raises $3 to $6
hairy1961: folds
Uncalled bet ($3) returned to LifeisagameX
LifeisagameX collected $6 from pot
LifeisagameX: doesn't show hand
*** SUMMARY ***
Total pot $6 | Rake $0
Seat 1: LifeisagameX (button) (small blind) collected ($6)
Seat 3: hairy1961 (big blind) folded before Flop


PokerStars Hand #167791815756:  Hold'em Limit ($3/$6 USD) - 2017/03/19 4:13:39 ET
Table 'Klare' 6-max Seat #1 is the button
Seat 1: LifeisagameX ($88 in chips)
Seat 3: hairy1961 ($46 in chips)
LifeisagameX: posts small blind $1
hairy1961: posts big blind $3
*** HOLE CARDS ***
LifeisagameX: raises $3 to $6
hairy1961: raises $3 to $9
LifeisagameX: calls $3
*** FLOP *** [4c 8c 2h]
hairy1961: bets $3
AzureCaper joins the table at seat #4
LifeisagameX: calls $3
*** TURN *** [4c 8c 2h] [Js]
hairy1961: bets $6
LifeisagameX: calls $6
*** RIVER *** [4c 8c 2h Js] [2c]
hairy1961: bets $6
LifeisagameX: folds
Uncalled bet ($6) returned to hairy1961
hairy1961 collected $35.50 from pot
*** SUMMARY ***
Total pot $36 | Rake $0.50
Board [4c 8c 2h Js 2c]
Seat 1: LifeisagameX (button) (small blind) folded on the River
Seat 3: hairy1961 (big blind) collected ($35.50)


PokerStars Hand #167791813309:  Hold'em Limit ($3/$6 USD) - 2017/03/19 4:13:31 ET
Table 'Klare' 6-max Seat #3 is the button
Seat 1: LifeisagameX ($87 in chips)
Seat 3: hairy1961 ($47 in chips)
hairy1961: posts small blind $1
LifeisagameX: posts big blind $3
*** HOLE CARDS ***
hairy1961: folds
Uncalled bet ($2) returned to LifeisagameX
LifeisagameX collected $2 from pot
LifeisagameX: doesn't show hand
*** SUMMARY ***
Total pot $2 | Rake $0
Seat 1: LifeisagameX (big blind) collected ($2)
Seat 3: hairy1961 (button) (small blind) folded before Flop


PokerStars Hand #167791840898:  Hold'em Limit ($3/$6 USD) - 2017/03/19 4:14:56 ET
Table 'Klare' 6-max Seat #3 is the button
Seat 3: hairy1961 ($70.96 in chips)
Seat 4: AzureCaper ($72 in chips)
LifeisagameX leaves the table
hairy1961: posts small blind $1
AzureCaper: posts big blind $3
*** HOLE CARDS ***
hairy1961: folds
Uncalled bet ($2) returned to AzureCaper
AzureCaper collected $2 from pot
AzureCaper: doesn't show hand
*** SUMMARY ***
Total pot $2 | Rake $0
Seat 3: hairy1961 (button) (small blind) folded before Flop
Seat 4: AzureCaper (big blind) collected ($2)


PokerStars Hand #167793028936:  Hold'em Limit ($3/$6 USD) - 2017/03/19 5:11:48 ET
Table 'Klare' 6-max Seat #1 is the button
Seat 1: sim5sim5 ($72 in chips)
Seat 3: Krazy90 ($120 in chips)
sim5sim5: posts small blind $1
Krazy90: posts big blind $3
*** HOLE CARDS ***
sim5sim5: raises $3 to $6
Krazy90: calls $3
*** FLOP *** [Tc 2d 5d]
Krazy90: checks
sim5sim5: bets $3
Krazy90: folds
Uncalled bet ($3) returned to sim5sim5
sim5sim5 collected $11.76 from pot
sim5sim5: doesn't show hand
*** SUMMARY ***
Total pot $12 | Rake $0.24
Board [Tc 2d 5d]
Seat 1: sim5sim5 (button) (small blind) collected ($11.76)
Seat 3: Krazy90 (big blind) folded on the Flop


