PokerStars Hand #159068583279:  Hold'em Limit ($3/$6 USD) - 2016/09/25 9:14:02 ET
Table 'Klare' 6-max Seat #6 is the button
Seat 4: Agrotait ($76 in chips)
Seat 6: HAOYUN88888 ($44.64 in chips)
HAOYUN88888: posts small blind $1
Agrotait: posts big blind $3
*** HOLE CARDS ***
HAOYUN88888: raises $3 to $6
Agrotait: calls $3
*** FLOP *** [4s Ad 9c]
Agrotait: checks
HAOYUN88888: bets $3
Agrotait: folds
Uncalled bet ($3) returned to HAOYUN88888
HAOYUN88888 collected $11.76 from pot
HAOYUN88888: doesn't show hand
*** SUMMARY ***
Total pot $12 | Rake $0.24
Board [4s Ad 9c]
Seat 4: Agrotait (big blind) folded on the Flop
Seat 6: HAOYUN88888 (button) (small blind) collected ($11.76)


PokerStars Hand #159068580491:  Hold'em Limit ($3/$6 USD) - 2016/09/25 9:13:58 ET
Table 'Klare' 6-max Seat #4 is the button
Seat 4: Agrotait ($73 in chips)
Seat 6: HAOYUN88888 ($47.64 in chips)
Agrotait: posts small blind $1
HAOYUN88888: posts big blind $3
*** HOLE CARDS ***
Agrotait: raises $3 to $6
HAOYUN88888: folds
Uncalled bet ($3) returned to Agrotait
Agrotait collected $6 from pot
Agrotait: doesn't show hand
*** SUMMARY ***
Total pot $6 | Rake $0
Seat 4: Agrotait (button) (small blind) collected ($6)
Seat 6: HAOYUN88888 (big blind) folded before Flop


PokerStars Hand #159068608294:  Hold'em Limit ($3/$6 USD) - 2016/09/25 9:14:44 ET
Table 'Klare' 6-max Seat #6 is the button
Seat 4: Agrotait ($75.76 in chips)
Seat 6: HAOYUN88888 ($44.40 in chips)
HAOYUN88888: posts small blind $1
Agrotait: posts big blind $3
*** HOLE CARDS ***
HAOYUN88888: folds
Uncalled bet ($2) returned to Agrotait
Agrotait collected $2 from pot
Agrotait: doesn't show hand
*** SUMMARY ***
Total pot $2 | Rake $0
Seat 4: Agrotait (big blind) collected ($2)
Seat 6: HAOYUN88888 (button) (small blind) folded before Flop


PokerStars Hand #159068597383:  Hold'em Limit ($3/$6 USD) - 2016/09/25 9:14:26 ET
Table 'Klare' 6-max Seat #4 is the button
Seat 4: Agrotait ($70 in chips)
Seat 6: HAOYUN88888 ($50.40 in chips)
Agrotait: posts small blind $1
HAOYUN88888: posts big blind $3
*** HOLE CARDS ***
Agrotait: raises $3 to $6
HAOYUN88888: calls $3
*** FLOP *** [8d As 8s]
HAOYUN88888: checks
Agrotait: bets $3
HAOYUN88888: folds
Uncalled bet ($3) returned to Agrotait
Agrotait collected $11.76 from pot
Agrotait: doesn't show hand
*** SUMMARY ***
Total pot $12 | Rake $0.24
Board [8d As 8s]
Seat 4: Agrotait (button) (small blind) collected ($11.76)
Seat 6: HAOYUN88888 (big blind) folded on the Flop


PokerStars Hand #159068611304:  Hold'em Limit ($3/$6 USD) - 2016/09/25 9:14:49 ET
Table 'Klare' 6-max Seat #4 is the button
Seat 4: Agrotait ($76.76 in chips)
Seat 6: HAOYUN88888 ($43.40 in chips)
Agrotait: posts small blind $1
HAOYUN88888: posts big blind $3
*** HOLE CARDS ***
Agrotait: raises $3 to $6
HAOYUN88888: calls $3
*** FLOP *** [3h 2h Td]
HAOYUN88888: checks
Agrotait: bets $3
HAOYUN88888: folds
Uncalled bet ($3) returned to Agrotait
Agrotait collected $11.76 from pot
Agrotait: doesn't show hand
*** SUMMARY ***
Total pot $12 | Rake $0.24
Board [3h 2h Td]
Seat 4: Agrotait (button) (small blind) collected ($11.76)
Seat 6: HAOYUN88888 (big blind) folded on the Flop


PokerStars Hand #159068622561:  Hold'em Limit ($3/$6 USD) - 2016/09/25 9:15:08 ET
Table 'Klare' 6-max Seat #6 is the button
Seat 4: Agrotait ($82.52 in chips)
Seat 6: HAOYUN88888 ($37.40 in chips)
HAOYUN88888: posts small blind $1
Agrotait: posts big blind $3
*** HOLE CARDS ***
HAOYUN88888: raises $3 to $6
Agrotait: calls $3
*** FLOP *** [9h Tc Ah]
Agrotait: checks
HAOYUN88888: bets $3
Agrotait: calls $3
*** TURN *** [9h Tc Ah] [4c]
Agrotait: checks
HAOYUN88888: bets $6
Agrotait: calls $6
*** RIVER *** [9h Tc Ah 4c] [Ks]
LolDnkaments joins the table at seat #1
Agrotait: checks
HAOYUN88888: checks
*** SHOW DOWN ***
Agrotait: shows [9c 6h] (a pair of Nines)
HAOYUN88888: shows [5d Td] (a pair of Tens)
HAOYUN88888 collected $29.50 from pot
*** SUMMARY ***
Total pot $30 | Rake $0.50
Board [9h Tc Ah 4c Ks]
Seat 4: Agrotait (big blind) showed [9c 6h] and lost with a pair of Nines
Seat 6: HAOYUN88888 (button) (small blind) showed [5d Td] and won ($29.50) with a pair of Tens


PokerStars Hand #159068653171:  Hold'em Limit ($3/$6 USD) - 2016/09/25 9:16:01 ET
Table 'Klare' 6-max Seat #4 is the button
Seat 4: Agrotait ($67.52 in chips)
Seat 6: HAOYUN88888 ($51.90 in chips)
Agrotait: posts small blind $1
HAOYUN88888: posts big blind $3
*** HOLE CARDS ***
Agrotait: raises $3 to $6
HAOYUN88888: raises $3 to $9
Agrotait: calls $3
*** FLOP *** [Ah Qs 9h]
HAOYUN88888: bets $3
Agrotait: calls $3
*** TURN *** [Ah Qs 9h] [6h]
HAOYUN88888: checks
Agrotait: bets $6
HAOYUN88888: calls $6
*** RIVER *** [Ah Qs 9h 6h] [3c]
HAOYUN88888: checks
Agrotait: bets $6
HAOYUN88888: folds
Uncalled bet ($6) returned to Agrotait
Agrotait collected $35.50 from pot
Agrotait: doesn't show hand
*** SUMMARY ***
Total pot $36 | Rake $0.50
Board [Ah Qs 9h 6h 3c]
Seat 4: Agrotait (button) (small blind) collected ($35.50)
Seat 6: HAOYUN88888 (big blind) folded on the River


PokerStars Hand #159071742768:  Hold'em Limit ($3/$6 USD) - 2016/09/25 10:36:17 ET
Table 'Klare' 6-max Seat #6 is the button
Seat 4: fsreibnitz ($153.53 in chips)
Seat 6: Fabulous108 ($144.65 in chips)
Fabulous108: posts small blind $1
LolDnkaments: is sitting out
VolkovDmitri: is sitting out
fsreibnitz: posts big blind $3
*** HOLE CARDS ***
LolDnkaments leaves the table
VolkovDmitri leaves the table
Fabulous108: folds
Uncalled bet ($2) returned to fsreibnitz
fsreibnitz collected $2 from pot
*** SUMMARY ***
Total pot $2 | Rake $0
Seat 4: fsreibnitz (big blind) collected ($2)
Seat 6: Fabulous108 (button) (small blind) folded before Flop


