PokerStars Hand #170621674836:  Hold'em Limit ($3/$6 USD) - 2017/05/19 7:55:50 ET
Table 'Klare II' 6-max Seat #3 is the button
Seat 3: hairy1961 ($50 in chips)
Seat 4: Actionni13 ($150 in chips)
hairy1961: posts small blind $1
Actionni13: posts big blind $3
*** HOLE CARDS ***
hairy1961: raises $3 to $6
Actionni13: folds
Uncalled bet ($3) returned to hairy1961
hairy1961 collected $6 from pot
*** SUMMARY ***
Total pot $6 | Rake $0
Seat 3: hairy1961 (button) (small blind) collected ($6)
Seat 4: Actionni13 (big blind) folded before Flop


PokerStars Hand #170621706078:  Hold'em Limit ($3/$6 USD) - 2017/05/19 7:57:08 ET
Table 'Klare II' 6-max Seat #3 is the button
Seat 3: hairy1961 ($70.04 in chips)
Seat 4: Actionni13 ($150 in chips)
hairy1961: posts small blind $1
Actionni13: posts big blind $3
*** HOLE CARDS ***
hairy1961: folds
Uncalled bet ($2) returned to Actionni13
Actionni13 collected $2 from pot
Actionni13: doesn't show hand
*** SUMMARY ***
Total pot $2 | Rake $0
Seat 3: hairy1961 (button) (small blind) folded before Flop
Seat 4: Actionni13 (big blind) collected ($2)


PokerStars Hand #170621700872:  Hold'em Limit ($3/$6 USD) - 2017/05/19 7:56:55 ET
Table 'Klare II' 6-max Seat #4 is the button
Seat 3: hairy1961 ($64.28 in chips)
Seat 4: Actionni13 ($151 in chips)
Actionni13: posts small blind $1
hairy1961: posts big blind $3
*** HOLE CARDS ***
Actionni13: raises $3 to $6
hairy1961: calls $3
*** FLOP *** [2c Tc Qh]
hairy1961: checks
Actionni13: checks
*** TURN *** [2c Tc Qh] [4s]
hairy1961: bets $6
Actionni13: folds
Uncalled bet ($6) returned to hairy1961
hairy1961 collected $11.76 from pot
*** SUMMARY ***
Total pot $12 | Rake $0.24
Board [2c Tc Qh 4s]
Seat 3: hairy1961 (big blind) collected ($11.76)
Seat 4: Actionni13 (button) (small blind) folded on the Turn


PokerStars Hand #170621698747:  Hold'em Limit ($3/$6 USD) - 2017/05/19 7:56:49 ET
Table 'Klare II' 6-max Seat #3 is the button
Seat 3: hairy1961 ($65.28 in chips)
Seat 4: Actionni13 ($150 in chips)
hairy1961: posts small blind $1
Actionni13: posts big blind $3
*** HOLE CARDS ***
hairy1961: folds
Uncalled bet ($2) returned to Actionni13
Actionni13 collected $2 from pot
Actionni13: doesn't show hand
*** SUMMARY ***
Total pot $2 | Rake $0
Seat 3: hairy1961 (button) (small blind) folded before Flop
Seat 4: Actionni13 (big blind) collected ($2)


PokerStars Hand #170621692822:  Hold'em Limit ($3/$6 USD) - 2017/05/19 7:56:35 ET
Table 'Klare II' 6-max Seat #4 is the button
Seat 3: hairy1961 ($56.64 in chips)
Seat 4: Actionni13 ($155 in chips)
Actionni13: posts small blind $1
hairy1961: posts big blind $3
*** HOLE CARDS ***
Actionni13: raises $3 to $6
hairy1961: raises $3 to $9
Actionni13: calls $3
*** FLOP *** [8d 2d Qh]
hairy1961: bets $3
Actionni13: folds
Uncalled bet ($3) returned to hairy1961
hairy1961 collected $17.64 from pot
*** SUMMARY ***
Total pot $18 | Rake $0.36
Board [8d 2d Qh]
Seat 3: hairy1961 (big blind) collected ($17.64)
Seat 4: Actionni13 (button) (small blind) folded on the Flop


PokerStars Hand #170621690562:  Hold'em Limit ($3/$6 USD) - 2017/05/19 7:56:29 ET
Table 'Klare II' 6-max Seat #3 is the button
Seat 3: hairy1961 ($57.64 in chips)
Seat 4: Actionni13 ($154 in chips)
hairy1961: posts small blind $1
Actionni13: posts big blind $3
*** HOLE CARDS ***
hairy1961: folds
Uncalled bet ($2) returned to Actionni13
Actionni13 collected $2 from pot
Actionni13: doesn't show hand
*** SUMMARY ***
Total pot $2 | Rake $0
Seat 3: hairy1961 (button) (small blind) folded before Flop
Seat 4: Actionni13 (big blind) collected ($2)


PokerStars Hand #170621688175:  Hold'em Limit ($3/$6 USD) - 2017/05/19 7:56:23 ET
Table 'Klare II' 6-max Seat #4 is the button
Seat 3: hairy1961 ($60.64 in chips)
Seat 4: Actionni13 ($151 in chips)
Actionni13: posts small blind $1
hairy1961: posts big blind $3
*** HOLE CARDS ***
Actionni13: raises $3 to $6
hairy1961: folds
Uncalled bet ($3) returned to Actionni13
Actionni13 collected $6 from pot
Actionni13: doesn't show hand
*** SUMMARY ***
Total pot $6 | Rake $0
Seat 3: hairy1961 (big blind) folded before Flop
Seat 4: Actionni13 (button) (small blind) collected ($6)


PokerStars Hand #170621685985:  Hold'em Limit ($3/$6 USD) - 2017/05/19 7:56:18 ET
Table 'Klare II' 6-max Seat #3 is the button
Seat 3: hairy1961 ($61.64 in chips)
Seat 4: Actionni13 ($150 in chips)
hairy1961: posts small blind $1
Actionni13: posts big blind $3
*** HOLE CARDS ***
hairy1961: folds
Uncalled bet ($2) returned to Actionni13
Actionni13 collected $2 from pot
Actionni13: doesn't show hand
*** SUMMARY ***
Total pot $2 | Rake $0
Seat 3: hairy1961 (button) (small blind) folded before Flop
Seat 4: Actionni13 (big blind) collected ($2)


PokerStars Hand #170621678719:  Hold'em Limit ($3/$6 USD) - 2017/05/19 7:56:00 ET
Table 'Klare II' 6-max Seat #4 is the button
Seat 3: hairy1961 ($53 in chips)
Seat 4: Actionni13 ($150 in chips)
Actionni13: posts small blind $1
hairy1961: posts big blind $3
*** HOLE CARDS ***
Actionni13: raises $3 to $6
hairy1961: calls $3
*** FLOP *** [Ts 4h Jd]
hairy1961: checks
Actionni13: bets $3
hairy1961: calls $3
*** TURN *** [Ts 4h Jd] [Qs]
hairy1961: bets $6
Actionni13: folds
Uncalled bet ($6) returned to hairy1961
hairy1961 collected $17.64 from pot
*** SUMMARY ***
Total pot $18 | Rake $0.36
Board [Ts 4h Jd Qs]
Seat 3: hairy1961 (big blind) collected ($17.64)
Seat 4: Actionni13 (button) (small blind) folded on the Turn


PokerStars Hand #170621721570:  Hold'em Limit ($3/$6 USD) - 2017/05/19 7:57:46 ET
Table 'Klare II' 6-max Seat #4 is the button
Seat 3: hairy1961 ($72.92 in chips)
Seat 4: Actionni13 ($150 in chips)
Actionni13: posts small blind $1
hairy1961: posts big blind $3
*** HOLE CARDS ***
Actionni13: raises $3 to $6
hairy1961: calls $3
*** FLOP *** [5s 7h 4d]
hairy1961: checks
Actionni13: bets $3
hairy1961: calls $3
*** TURN *** [5s 7h 4d] [Ad]
hairy1961: checks
Actionni13: checks
*** RIVER *** [5s 7h 4d Ad] [8s]
hairy1961: bets $6
Actionni13: raises $6 to $12
hairy1961: calls $6
*** SHOW DOWN ***
Actionni13: shows [Kc 6c] (a straight, Four to Eight)
hairy1961: mucks hand
Actionni13 collected $41.50 from pot
*** SUMMARY ***
Total pot $42 | Rake $0.50
Board [5s 7h 4d Ad 8s]
Seat 3: hairy1961 (big blind) mucked
Seat 4: Actionni13 (button) (small blind) showed [Kc 6c] and won ($41.50) with a straight, Four to Eight


PokerStars Hand #170621716530:  Hold'em Limit ($3/$6 USD) - 2017/05/19 7:57:33 ET
Table 'Klare II' 6-max Seat #3 is the button
Seat 3: hairy1961 ($70.04 in chips)
Seat 4: Actionni13 ($150 in chips)
hairy1961: posts small blind $1
Actionni13: posts big blind $3
*** HOLE CARDS ***
hairy1961: calls $2
Actionni13: checks
*** FLOP *** [Qd 2c As]
Actionni13: checks
hairy1961: bets $3
Actionni13: folds
Uncalled bet ($3) returned to hairy1961
hairy1961 collected $5.88 from pot
*** SUMMARY ***
Total pot $6 | Rake $0.12
Board [Qd 2c As]
Seat 3: hairy1961 (button) (small blind) collected ($5.88)
Seat 4: Actionni13 (big blind) folded on the Flop


PokerStars Hand #170621713502:  Hold'em Limit ($3/$6 USD) - 2017/05/19 7:57:26 ET
Table 'Klare II' 6-max Seat #4 is the button
Seat 3: hairy1961 ($69.04 in chips)
Seat 4: Actionni13 ($151 in chips)
Actionni13: posts small blind $1
hairy1961: posts big blind $3
*** HOLE CARDS ***
Actionni13: folds
Uncalled bet ($2) returned to hairy1961
hairy1961 collected $2 from pot
*** SUMMARY ***
Total pot $2 | Rake $0
Seat 3: hairy1961 (big blind) collected ($2)
Seat 4: Actionni13 (button) (small blind) folded before Flop


PokerStars Hand #170621711109:  Hold'em Limit ($3/$6 USD) - 2017/05/19 7:57:20 ET
Table 'Klare II' 6-max Seat #3 is the button
Seat 3: hairy1961 ($66.04 in chips)
Seat 4: Actionni13 ($154 in chips)
hairy1961: posts small blind $1
Actionni13: posts big blind $3
*** HOLE CARDS ***
hairy1961: raises $3 to $6
Actionni13: folds
Uncalled bet ($3) returned to hairy1961
hairy1961 collected $6 from pot
*** SUMMARY ***
Total pot $6 | Rake $0
Seat 3: hairy1961 (button) (small blind) collected ($6)
Seat 4: Actionni13 (big blind) folded before Flop


PokerStars Hand #170621708310:  Hold'em Limit ($3/$6 USD) - 2017/05/19 7:57:13 ET
Table 'Klare II' 6-max Seat #4 is the button
Seat 3: hairy1961 ($69.04 in chips)
Seat 4: Actionni13 ($151 in chips)
Actionni13: posts small blind $1
hairy1961: posts big blind $3
*** HOLE CARDS ***
Actionni13: raises $3 to $6
hairy1961: folds
Uncalled bet ($3) returned to Actionni13
Actionni13 collected $6 from pot
Actionni13: doesn't show hand
*** SUMMARY ***
Total pot $6 | Rake $0
Seat 3: hairy1961 (big blind) folded before Flop
Seat 4: Actionni13 (button) (small blind) collected ($6)


PokerStars Hand #170621748963:  Hold'em Limit ($3/$6 USD) - 2017/05/19 7:58:53 ET
Table 'Klare II' 6-max Seat #4 is the button
Seat 3: hairy1961 ($32.92 in chips)
Seat 4: Actionni13 ($189 in chips)
Actionni13: posts small blind $1
hairy1961: posts big blind $3
*** HOLE CARDS ***
Actionni13: raises $3 to $6
hairy1961: calls $3
*** FLOP *** [7s 6s 8h]
hairy1961: checks
Actionni13: bets $3
hairy1961: calls $3
*** TURN *** [7s 6s 8h] [Ah]
hairy1961: checks
Actionni13: checks
*** RIVER *** [7s 6s 8h Ah] [2d]
hairy1961: checks
Actionni13: checks
*** SHOW DOWN ***
hairy1961: shows [3d Ks] (high card Ace)
Actionni13: mucks hand
hairy1961 collected $17.64 from pot
*** SUMMARY ***
Total pot $18 | Rake $0.36
Board [7s 6s 8h Ah 2d]
Seat 3: hairy1961 (big blind) showed [3d Ks] and won ($17.64) with high card Ace
Seat 4: Actionni13 (button) (small blind) mucked


PokerStars Hand #170621746624:  Hold'em Limit ($3/$6 USD) - 2017/05/19 7:58:47 ET
Table 'Klare II' 6-max Seat #3 is the button
Seat 3: hairy1961 ($33.92 in chips)
Seat 4: Actionni13 ($188 in chips)
hairy1961: posts small blind $1
Actionni13: posts big blind $3
*** HOLE CARDS ***
hairy1961: folds
Uncalled bet ($2) returned to Actionni13
Actionni13 collected $2 from pot
Actionni13: doesn't show hand
*** SUMMARY ***
Total pot $2 | Rake $0
Seat 3: hairy1961 (button) (small blind) folded before Flop
Seat 4: Actionni13 (big blind) collected ($2)


PokerStars Hand #170621737194:  Hold'em Limit ($3/$6 USD) - 2017/05/19 7:58:24 ET
Table 'Klare II' 6-max Seat #4 is the button
Seat 3: hairy1961 ($54.92 in chips)
Seat 4: Actionni13 ($167.50 in chips)
Actionni13: posts small blind $1
hairy1961: posts big blind $3
*** HOLE CARDS ***
Actionni13: raises $3 to $6
hairy1961: calls $3
*** FLOP *** [9d Ac 8d]
hairy1961: bets $3
Actionni13: calls $3
*** TURN *** [9d Ac 8d] [Js]
hairy1961: bets $6
Actionni13: calls $6
*** RIVER *** [9d Ac 8d Js] [8h]
hairy1961: bets $6
Actionni13: calls $6
*** SHOW DOWN ***
hairy1961: shows [5d 2c] (a pair of Eights)
Actionni13: shows [Ah Ks] (two pair, Aces and Eights)
Actionni13 collected $41.50 from pot
*** SUMMARY ***
Total pot $42 | Rake $0.50
Board [9d Ac 8d Js 8h]
Seat 3: hairy1961 (big blind) showed [5d 2c] and lost with a pair of Eights
Seat 4: Actionni13 (button) (small blind) showed [Ah Ks] and won ($41.50) with two pair, Aces and Eights


PokerStars Hand #170621732362:  Hold'em Limit ($3/$6 USD) - 2017/05/19 7:58:12 ET
Table 'Klare II' 6-max Seat #3 is the button
Seat 3: hairy1961 ($51.92 in chips)
Seat 4: Actionni13 ($170.50 in chips)
hairy1961: posts small blind $1
Actionni13: posts big blind $3
*** HOLE CARDS ***
hairy1961: raises $3 to $6
Actionni13: folds
Uncalled bet ($3) returned to hairy1961
hairy1961 collected $6 from pot
*** SUMMARY ***
Total pot $6 | Rake $0
Seat 3: hairy1961 (button) (small blind) collected ($6)
Seat 4: Actionni13 (big blind) folded before Flop


PokerStars Hand #170621776638:  Hold'em Limit ($3/$6 USD) - 2017/05/19 8:00:01 ET
Table 'Klare II' 6-max Seat #3 is the button
Seat 3: hairy1961 ($47.20 in chips)
Seat 4: Actionni13 ($174 in chips)
hairy1961: posts small blind $1
Actionni13: posts big blind $3
*** HOLE CARDS ***
hairy1961: folds
Uncalled bet ($2) returned to Actionni13
Actionni13 collected $2 from pot
Actionni13: doesn't show hand
*** SUMMARY ***
Total pot $2 | Rake $0
Seat 3: hairy1961 (button) (small blind) folded before Flop
Seat 4: Actionni13 (big blind) collected ($2)


PokerStars Hand #170621769955:  Hold'em Limit ($3/$6 USD) - 2017/05/19 7:59:44 ET
Table 'Klare II' 6-max Seat #4 is the button
Seat 3: hairy1961 ($50.20 in chips)
Seat 4: Actionni13 ($171 in chips)
Actionni13: posts small blind $1
hairy1961: posts big blind $3
*** HOLE CARDS ***
Actionni13: raises $3 to $6
hairy1961: folds
Uncalled bet ($3) returned to Actionni13
Actionni13 collected $6 from pot
Actionni13: doesn't show hand
*** SUMMARY ***
Total pot $6 | Rake $0
Seat 3: hairy1961 (big blind) folded before Flop
Seat 4: Actionni13 (button) (small blind) collected ($6)


PokerStars Hand #170621757743:  Hold'em Limit ($3/$6 USD) - 2017/05/19 7:59:15 ET
Table 'Klare II' 6-max Seat #3 is the button
Seat 3: hairy1961 ($41.56 in chips)
Seat 4: Actionni13 ($180 in chips)
hairy1961: posts small blind $1
Actionni13: posts big blind $3
*** HOLE CARDS ***
hairy1961: raises $3 to $6
Actionni13: calls $3
*** FLOP *** [9d 5c 7d]
Actionni13: checks
hairy1961: bets $3
Actionni13: calls $3
*** TURN *** [9d 5c 7d] [2s]
Actionni13: checks
hairy1961: bets $6
Actionni13: folds
Uncalled bet ($6) returned to hairy1961
hairy1961 collected $17.64 from pot
*** SUMMARY ***
Total pot $18 | Rake $0.36
Board [9d 5c 7d 2s]
Seat 3: hairy1961 (button) (small blind) collected ($17.64)
Seat 4: Actionni13 (big blind) folded on the Turn


PokerStars Hand #170621790027:  Hold'em Limit ($3/$6 USD) - 2017/05/19 8:00:33 ET
Table 'Klare II' 6-max Seat #3 is the button
Seat 3: hairy1961 ($54.84 in chips)
Seat 4: Actionni13 ($166 in chips)
hairy1961: posts small blind $1
Actionni13: posts big blind $3
*** HOLE CARDS ***
hairy1961: raises $3 to $6
Actionni13: calls $3
*** FLOP *** [3c 9s 8c]
Actionni13: checks
hairy1961: bets $3
Actionni13: raises $3 to $6
hairy1961: calls $3
*** TURN *** [3c 9s 8c] [Js]
Actionni13: bets $6
hairy1961: raises $6 to $12
Actionni13: calls $6
*** RIVER *** [3c 9s 8c Js] [Td]
Actionni13: checks
hairy1961: bets $6
Actionni13: calls $6
*** SHOW DOWN ***
hairy1961: shows [5s Qs] (a straight, Eight to Queen)
Actionni13: mucks hand
hairy1961 collected $59.50 from pot
*** SUMMARY ***
Total pot $60 | Rake $0.50
Board [3c 9s 8c Js Td]
Seat 3: hairy1961 (button) (small blind) showed [5s Qs] and won ($59.50) with a straight, Eight to Queen
Seat 4: Actionni13 (big blind) mucked


PokerStars Hand #170621778900:  Hold'em Limit ($3/$6 USD) - 2017/05/19 8:00:07 ET
Table 'Klare II' 6-max Seat #4 is the button
Seat 3: hairy1961 ($46.20 in chips)
Seat 4: Actionni13 ($175 in chips)
Actionni13: posts small blind $1
hairy1961: posts big blind $3
*** HOLE CARDS ***
Actionni13: raises $3 to $6
hairy1961: calls $3
*** FLOP *** [Qd 8d 5s]
hairy1961: checks
Actionni13: bets $3
hairy1961: calls $3
*** TURN *** [Qd 8d 5s] [As]
hairy1961: checks
Actionni13: checks
*** RIVER *** [Qd 8d 5s As] [4h]
hairy1961: bets $6
Actionni13: folds
Uncalled bet ($6) returned to hairy1961
hairy1961 collected $17.64 from pot
*** SUMMARY ***
Total pot $18 | Rake $0.36
Board [Qd 8d 5s As 4h]
Seat 3: hairy1961 (big blind) collected ($17.64)
Seat 4: Actionni13 (button) (small blind) folded on the River


PokerStars Hand #170621819406:  Hold'em Limit ($3/$6 USD) - 2017/05/19 8:01:40 ET
Table 'Klare II' 6-max Seat #3 is the button
Seat 3: hairy1961 ($95.86 in chips)
Seat 4: Actionni13 ($150 in chips)
hairy1961: posts small blind $1
Actionni13: posts big blind $3
*** HOLE CARDS ***
hairy1961: raises $3 to $6
Actionni13: calls $3
*** FLOP *** [4d 9c 2h]
Actionni13: checks
hairy1961: checks
*** TURN *** [4d 9c 2h] [3d]
Actionni13: bets $6
hairy1961: calls $6
*** RIVER *** [4d 9c 2h 3d] [9d]
Actionni13: bets $6
hairy1961: folds
Uncalled bet ($6) returned to Actionni13
Actionni13 collected $23.52 from pot
Actionni13: doesn't show hand
*** SUMMARY ***
Total pot $24 | Rake $0.48
Board [4d 9c 2h 3d 9d]
Seat 3: hairy1961 (button) (small blind) folded on the River
Seat 4: Actionni13 (big blind) collected ($23.52)


PokerStars Hand #170621808473:  Hold'em Limit ($3/$6 USD) - 2017/05/19 8:01:15 ET
Table 'Klare II' 6-max Seat #4 is the button
Seat 3: hairy1961 ($84.34 in chips)
Seat 4: Actionni13 ($150 in chips)
Actionni13: posts small blind $1
hairy1961: posts big blind $3
*** HOLE CARDS ***
Actionni13: raises $3 to $6
hairy1961: calls $3
*** FLOP *** [Kh 9h 2s]
hairy1961: checks
Actionni13: bets $3
hairy1961: raises $3 to $6
Actionni13: calls $3
*** TURN *** [Kh 9h 2s] [2c]
hairy1961: bets $6
Actionni13: folds
Uncalled bet ($6) returned to hairy1961
hairy1961 collected $23.52 from pot
*** SUMMARY ***
Total pot $24 | Rake $0.48
Board [Kh 9h 2s 2c]
Seat 3: hairy1961 (big blind) collected ($23.52)
Seat 4: Actionni13 (button) (small blind) folded on the Turn


PokerStars Hand #170621853726:  Hold'em Limit ($3/$6 USD) - 2017/05/19 8:02:56 ET
Table 'Klare II' 6-max Seat #3 is the button
Seat 3: hairy1961 ($107.12 in chips)
Seat 4: Actionni13 ($153 in chips)
hairy1961: posts small blind $1
Actionni13: posts big blind $3
*** HOLE CARDS ***
hairy1961: folds
Uncalled bet ($2) returned to Actionni13
Actionni13 collected $2 from pot
Actionni13: doesn't show hand
*** SUMMARY ***
Total pot $2 | Rake $0
Seat 3: hairy1961 (button) (small blind) folded before Flop
Seat 4: Actionni13 (big blind) collected ($2)


PokerStars Hand #170621851008:  Hold'em Limit ($3/$6 USD) - 2017/05/19 8:02:50 ET
Table 'Klare II' 6-max Seat #4 is the button
Seat 3: hairy1961 ($110.12 in chips)
Seat 4: Actionni13 ($150 in chips)
Actionni13: posts small blind $1
hairy1961: posts big blind $3
*** HOLE CARDS ***
Actionni13: raises $3 to $6
hairy1961: folds
Uncalled bet ($3) returned to Actionni13
Actionni13 collected $6 from pot
Actionni13: doesn't show hand
*** SUMMARY ***
Total pot $6 | Rake $0
Seat 3: hairy1961 (big blind) folded before Flop
Seat 4: Actionni13 (button) (small blind) collected ($6)


PokerStars Hand #170621845034:  Hold'em Limit ($3/$6 USD) - 2017/05/19 8:02:37 ET
Table 'Klare II' 6-max Seat #3 is the button
Seat 3: hairy1961 ($104.36 in chips)
Seat 4: Actionni13 ($150 in chips)
hairy1961: posts small blind $1
Actionni13: posts big blind $3
*** HOLE CARDS ***
hairy1961: raises $3 to $6
Actionni13: calls $3
*** FLOP *** [Kd 3h 6s]
Actionni13: checks
hairy1961: bets $3
Actionni13: folds
Uncalled bet ($3) returned to hairy1961
hairy1961 collected $11.76 from pot
*** SUMMARY ***
Total pot $12 | Rake $0.24
Board [Kd 3h 6s]
Seat 3: hairy1961 (button) (small blind) collected ($11.76)
Seat 4: Actionni13 (big blind) folded on the Flop


PokerStars Hand #170621831366:  Hold'em Limit ($3/$6 USD) - 2017/05/19 8:02:07 ET
Table 'Klare II' 6-max Seat #4 is the button
Seat 3: hairy1961 ($83.86 in chips)
Seat 4: Actionni13 ($161.52 in chips)
Actionni13: posts small blind $1
hairy1961: posts big blind $3
*** HOLE CARDS ***
Actionni13: raises $3 to $6
hairy1961: calls $3
*** FLOP *** [Ah 5c 4s]
hairy1961: bets $3
Actionni13: calls $3
*** TURN *** [Ah 5c 4s] [5s]
hairy1961: checks
Actionni13: bets $6
hairy1961: calls $6
*** RIVER *** [Ah 5c 4s 5s] [7s]
hairy1961: bets $6
Actionni13: calls $6
*** SHOW DOWN ***
hairy1961: shows [6d 8h] (a straight, Four to Eight)
Actionni13: mucks hand
hairy1961 collected $41.50 from pot
*** SUMMARY ***
Total pot $42 | Rake $0.50
Board [Ah 5c 4s 5s 7s]
Seat 3: hairy1961 (big blind) showed [6d 8h] and won ($41.50) with a straight, Four to Eight
Seat 4: Actionni13 (button) (small blind) mucked


