PokerStars Hand #150360335961:  Hold'em Limit ($3/$6 USD) - 2016/03/14 17:32:31 ET
Table 'Klemola' 10-max Seat #5 is the button
Seat 1: Zubasa07 ($552.50 in chips)
Seat 5: $i1ver ($5.12 in chips)
$i1ver: posts small blind $1
Zubasa07: posts big blind $3
*** HOLE CARDS ***
vestimokrec leaves the table
$i1ver: raises $2.12 to $5.12 and is all-in
Zubasa07: calls $2.12
*** FLOP *** [8d 9c As]
*** TURN *** [8d 9c As] [Ad]
*** RIVER *** [8d 9c As Ad] [2c]
*** SHOW DOWN ***
Zubasa07: shows [Qs 4d] (a pair of Aces)
$i1ver: mucks hand
Zubasa07 collected $10.04 from pot
*** SUMMARY ***
Total pot $10.24 | Rake $0.20
Board [8d 9c As Ad 2c]
Seat 1: Zubasa07 (big blind) showed [Qs 4d] and won ($10.04) with a pair of Aces
Seat 5: $i1ver (button) (small blind) mucked


PokerStars Hand #150360315311:  Hold'em Limit ($3/$6 USD) - 2016/03/14 17:32:13 ET
Table 'Klemola' 10-max Seat #1 is the button
Seat 1: Zubasa07 ($543.86 in chips)
Seat 5: $i1ver ($14.12 in chips)
Zubasa07: posts small blind $1
$i1ver: posts big blind $3
*** HOLE CARDS ***
Zubasa07: raises $3 to $6
$i1ver: calls $3
*** FLOP *** [3c Td 4c]
$i1ver: checks
Zubasa07: bets $3
Espen26 leaves the table
$i1ver: calls $3
*** TURN *** [3c Td 4c] [Qh]
$i1ver: checks
Zubasa07: bets $6
$i1ver: folds
Uncalled bet ($6) returned to Zubasa07
Zubasa07 collected $17.64 from pot
Zubasa07: doesn't show hand
*** SUMMARY ***
Total pot $18 | Rake $0.36
Board [3c Td 4c Qh]
Seat 1: Zubasa07 (button) (small blind) collected ($17.64)
Seat 5: $i1ver (big blind) folded on the Turn


PokerStars Hand #150360423325:  Hold'em Limit ($3/$6 USD) - 2016/03/14 17:33:53 ET
Table 'Klemola' 10-max Seat #1 is the button
Seat 1: Zubasa07 ($530.42 in chips)
Seat 5: $i1ver ($56.38 in chips)
Zubasa07: posts small blind $1
$i1ver: posts big blind $3
*** HOLE CARDS ***
Zubasa07: raises $3 to $6
$i1ver: calls $3
*** FLOP *** [9d Ad 7h]
$i1ver: checks
Zubasa07: bets $3
$i1ver: calls $3
*** TURN *** [9d Ad 7h] [4s]
$i1ver: checks
Zubasa07: checks
*** RIVER *** [9d Ad 7h 4s] [Ks]
$i1ver: bets $6
Zubasa07: calls $6
*** SHOW DOWN ***
$i1ver: shows [Kh 2h] (a pair of Kings)
Zubasa07: mucks hand
$i1ver collected $29.50 from pot
*** SUMMARY ***
Total pot $30 | Rake $0.50
Board [9d Ad 7h 4s Ks]
Seat 1: Zubasa07 (button) (small blind) mucked
Seat 5: $i1ver (big blind) showed [Kh 2h] and won ($29.50) with a pair of Kings


PokerStars Hand #150360400932:  Hold'em Limit ($3/$6 USD) - 2016/03/14 17:33:32 ET
Table 'Klemola' 10-max Seat #5 is the button
Seat 1: Zubasa07 ($533.42 in chips)
Seat 5: $i1ver ($53.50 in chips)
$i1ver: posts small blind $1
Zubasa07: posts big blind $3
*** HOLE CARDS ***
$i1ver: calls $2
Zubasa07: checks
*** FLOP *** [9d Qd 2c]
Zubasa07: checks
$i1ver: bets $3
Zubasa07: folds
Uncalled bet ($3) returned to $i1ver
$i1ver collected $5.88 from pot
$i1ver: doesn't show hand
*** SUMMARY ***
Total pot $6 | Rake $0.12
Board [9d Qd 2c]
Seat 1: Zubasa07 (big blind) folded on the Flop
Seat 5: $i1ver (button) (small blind) collected ($5.88)


PokerStars Hand #150360364081:  Hold'em Limit ($3/$6 USD) - 2016/03/14 17:32:57 ET
Table 'Klemola' 10-max Seat #1 is the button
Seat 1: Zubasa07 ($557.42 in chips)
Seat 5: $i1ver ($30 in chips)
Zubasa07: posts small blind $1
$i1ver: posts big blind $3
*** HOLE CARDS ***
Zubasa07: raises $3 to $6
$i1ver: calls $3
*** FLOP *** [3s 6s 5d]
$i1ver: checks
Zubasa07: bets $3
$i1ver: raises $3 to $6
Zubasa07: calls $3
*** TURN *** [3s 6s 5d] [6c]
$i1ver: bets $6
Zubasa07: calls $6
*** RIVER *** [3s 6s 5d 6c] [Ah]
$i1ver: bets $6
Zubasa07: calls $6
*** SHOW DOWN ***
$i1ver: shows [7d 3h] (two pair, Sixes and Threes)
Zubasa07: mucks hand
$i1ver collected $47.50 from pot
*** SUMMARY ***
Total pot $48 | Rake $0.50
Board [3s 6s 5d 6c Ah]
Seat 1: Zubasa07 (button) (small blind) mucked
Seat 5: $i1ver (big blind) showed [7d 3h] and won ($47.50) with two pair, Sixes and Threes


PokerStars Hand #150360449233:  Hold'em Limit ($3/$6 USD) - 2016/03/14 17:34:19 ET
Table 'Klemola' 10-max Seat #5 is the button
Seat 1: Zubasa07 ($515.42 in chips)
Seat 5: $i1ver ($70.88 in chips)
$i1ver: posts small blind $1
Zubasa07: posts big blind $3
*** HOLE CARDS ***
$i1ver: calls $2
Zubasa07: checks
*** FLOP *** [Th Qc Td]
Zubasa07: checks
$i1ver: checks
*** TURN *** [Th Qc Td] [Ad]
Zubasa07: checks
$i1ver: checks
*** RIVER *** [Th Qc Td Ad] [Qd]
Zubasa07: bets $6
$i1ver: calls $6
*** SHOW DOWN ***
Zubasa07: shows [7s Qh] (a full house, Queens full of Tens)
$i1ver: mucks hand
Zubasa07 collected $17.64 from pot
*** SUMMARY ***
Total pot $18 | Rake $0.36
Board [Th Qc Td Ad Qd]
Seat 1: Zubasa07 (big blind) showed [7s Qh] and won ($17.64) with a full house, Queens full of Tens
Seat 5: $i1ver (button) (small blind) mucked


PokerStars Hand #150360468282:  Hold'em Limit ($3/$6 USD) - 2016/03/14 17:34:37 ET
Table 'Klemola' 10-max Seat #1 is the button
Seat 1: Zubasa07 ($524.06 in chips)
Seat 5: $i1ver ($61.88 in chips)
Zubasa07: posts small blind $1
$i1ver: posts big blind $3
*** HOLE CARDS ***
Zubasa07: raises $3 to $6
$i1ver: calls $3
*** FLOP *** [Tc 8c Qh]
$i1ver: checks
Zubasa07: bets $3
$i1ver: calls $3
*** TURN *** [Tc 8c Qh] [7d]
$i1ver: checks
Zubasa07: checks
*** RIVER *** [Tc 8c Qh 7d] [8d]
$i1ver: bets $6
Zubasa07: calls $6
*** SHOW DOWN ***
$i1ver: shows [Ks 9h] (a pair of Eights)
Zubasa07: shows [7h 9c] (two pair, Eights and Sevens)
Zubasa07 collected $29.50 from pot
*** SUMMARY ***
Total pot $30 | Rake $0.50
Board [Tc 8c Qh 7d 8d]
Seat 1: Zubasa07 (button) (small blind) showed [7h 9c] and won ($29.50) with two pair, Eights and Sevens
Seat 5: $i1ver (big blind) showed [Ks 9h] and lost with a pair of Eights


PokerStars Hand #150360490998:  Hold'em Limit ($3/$6 USD) - 2016/03/14 17:35:00 ET
Table 'Klemola' 10-max Seat #5 is the button
Seat 1: Zubasa07 ($538.56 in chips)
Seat 5: $i1ver ($46.88 in chips)
$i1ver: posts small blind $1
Zubasa07: posts big blind $3
*** HOLE CARDS ***
$i1ver: calls $2
Zubasa07: checks
*** FLOP *** [2c 5c Td]
Zubasa07: bets $3
$i1ver: calls $3
*** TURN *** [2c 5c Td] [8h]
Zubasa07: checks
$i1ver: bets $6
vestimokrec joins the table at seat #6
Zubasa07: calls $6
*** RIVER *** [2c 5c Td 8h] [5s]
Zubasa07: checks
$i1ver: bets $6
Zubasa07: calls $6
*** SHOW DOWN ***
$i1ver: shows [2d 8s] (two pair, Eights and Fives)
Zubasa07: mucks hand
$i1ver collected $35.50 from pot
*** SUMMARY ***
Total pot $36 | Rake $0.50
Board [2c 5c Td 8h 5s]
Seat 1: Zubasa07 (big blind) mucked
Seat 5: $i1ver (button) (small blind) showed [2d 8s] and won ($35.50) with two pair, Eights and Fives


PokerStars Hand #150360539223:  Hold'em Limit ($3/$6 USD) - 2016/03/14 17:35:47 ET
Table 'Klemola' 10-max Seat #1 is the button
Seat 1: Zubasa07 ($520.56 in chips)
Seat 5: $i1ver ($64.38 in chips)
Zubasa07: posts small blind $1
$i1ver: posts big blind $3
*** HOLE CARDS ***
Zubasa07: raises $3 to $6
$i1ver: calls $3
*** FLOP *** [8c 9s 9d]
$i1ver: checks
Zubasa07: bets $3
$i1ver: calls $3
*** TURN *** [8c 9s 9d] [Th]
$i1ver: checks
Zubasa07: checks
*** RIVER *** [8c 9s 9d Th] [Qd]
$i1ver: bets $6
Zubasa07: calls $6
*** SHOW DOWN ***
$i1ver: shows [6s 6c] (two pair, Nines and Sixes)
Zubasa07: shows [Qh 7h] (two pair, Queens and Nines)
Zubasa07 collected $29.50 from pot
*** SUMMARY ***
Total pot $30 | Rake $0.50
Board [8c 9s 9d Th Qd]
Seat 1: Zubasa07 (button) (small blind) showed [Qh 7h] and won ($29.50) with two pair, Queens and Nines
Seat 5: $i1ver (big blind) showed [6s 6c] and lost with two pair, Nines and Sixes


PokerStars Hand #150367410931:  Hold'em Limit ($3/$6 USD) - 2016/03/14 19:50:56 ET
Table 'Klemola' 10-max Seat #4 is the button
Seat 4: BábaPapa ($121.62 in chips)
Seat 9: vovojc ($90.20 in chips)
BábaPapa: posts small blind $1
vestimokrec: is sitting out
vovojc: posts big blind $3
*** HOLE CARDS ***
BábaPapa: raises $3 to $6
vovojc: calls $3
*** FLOP *** [3c 9s Kd]
vestimokrec leaves the table
vovojc: checks
BábaPapa: bets $3
vovojc: calls $3
*** TURN *** [3c 9s Kd] [6h]
vovojc: checks
BábaPapa: bets $6
vovojc: folds
Uncalled bet ($6) returned to BábaPapa
BábaPapa collected $17.64 from pot
BábaPapa: doesn't show hand
*** SUMMARY ***
Total pot $18 | Rake $0.36
Board [3c 9s Kd 6h]
Seat 4: BábaPapa (button) (small blind) collected ($17.64)
Seat 9: vovojc (big blind) folded on the Turn


