PokerStars Hand #150369871044:  Hold'em Limit ($3/$6 USD) - 2016/03/14 21:00:36 ET
Table 'Klemola' 10-max Seat #5 is the button
Seat 5: Zubasa07 ($508.50 in chips)
Seat 6: $i1ver ($44.76 in chips)
Zubasa07: posts small blind $1
$i1ver: posts big blind $3
*** HOLE CARDS ***
Zubasa07: folds
Uncalled bet ($2) returned to $i1ver
$i1ver collected $2 from pot
$i1ver: doesn't show hand
*** SUMMARY ***
Total pot $2 | Rake $0
Seat 5: Zubasa07 (button) (small blind) folded before Flop
Seat 6: $i1ver (big blind) collected ($2)


PokerStars Hand #150369862745:  Hold'em Limit ($3/$6 USD) - 2016/03/14 21:00:19 ET
Table 'Klemola' 10-max Seat #6 is the button
Seat 5: Zubasa07 ($514.50 in chips)
Seat 6: $i1ver ($39 in chips)
$i1ver: posts small blind $1
Zubasa07: posts big blind $3
*** HOLE CARDS ***
$i1ver: raises $3 to $6
Zubasa07: calls $3
*** FLOP *** [9h Kd 7c]
Zubasa07: checks
$i1ver: checks
*** TURN *** [9h Kd 7c] [Qh]
Zubasa07: checks
$i1ver: bets $6
Zubasa07: folds
Uncalled bet ($6) returned to $i1ver
zepsweden joins the table at seat #7
$i1ver collected $11.76 from pot
$i1ver: doesn't show hand
*** SUMMARY ***
Total pot $12 | Rake $0.24
Board [9h Kd 7c Qh]
Seat 5: Zubasa07 (big blind) folded on the Turn
Seat 6: $i1ver (button) (small blind) collected ($11.76)


PokerStars Hand #150369836669:  Hold'em Limit ($3/$6 USD) - 2016/03/14 20:59:23 ET
Table 'Klemola' 10-max Seat #5 is the button
Seat 5: Zubasa07 ($500 in chips)
Seat 6: $i1ver ($54 in chips)
Zubasa07: posts small blind $1
$i1ver: posts big blind $3
*** HOLE CARDS ***
Zubasa07: raises $3 to $6
$i1ver: calls $3
*** FLOP *** [3h Ks Kc]
$i1ver: checks
Zubasa07: bets $3
$i1ver: calls $3
*** TURN *** [3h Ks Kc] [Kh]
$i1ver: checks
Zubasa07: checks
*** RIVER *** [3h Ks Kc Kh] [Th]
$i1ver: bets $6
Zubasa07: calls $6
*** SHOW DOWN ***
$i1ver: shows [6c 7c] (three of a kind, Kings)
Zubasa07: shows [Qh 4s] (three of a kind, Kings - Queen kicker)
Zubasa07 collected $29.50 from pot
*** SUMMARY ***
Total pot $30 | Rake $0.50
Board [3h Ks Kc Kh Th]
Seat 5: Zubasa07 (button) (small blind) showed [Qh 4s] and won ($29.50) with three of a kind, Kings
Seat 6: $i1ver (big blind) showed [6c 7c] and lost with three of a kind, Kings


PokerStars Hand #150369936803:  Hold'em Limit ($3/$6 USD) - 2016/03/14 21:02:44 ET
Table 'Klemola' 10-max Seat #5 is the button
Seat 5: Zubasa07 ($483.50 in chips)
Seat 7: zepsweden ($140.71 in chips)
Zubasa07: posts small blind $1
$i1ver: is sitting out
zepsweden: posts big blind $3
*** HOLE CARDS ***
$i1ver leaves the table
Zubasa07: folds
Uncalled bet ($2) returned to zepsweden
zepsweden collected $2 from pot
zepsweden: doesn't show hand
*** SUMMARY ***
Total pot $2 | Rake $0
Seat 5: Zubasa07 (button) (small blind) folded before Flop
Seat 7: zepsweden (big blind) collected ($2)


PokerStars Hand #150369948160:  Hold'em Limit ($3/$6 USD) - 2016/03/14 21:03:05 ET
Table 'Klemola' 10-max Seat #5 is the button
Seat 5: Zubasa07 ($485.38 in chips)
Seat 7: zepsweden ($138.71 in chips)
Zubasa07: posts small blind $1
zepsweden: posts big blind $3
*** HOLE CARDS ***
Zubasa07: raises $3 to $6
zepsweden: folds
Uncalled bet ($3) returned to Zubasa07
Zubasa07 collected $6 from pot
Zubasa07: doesn't show hand
*** SUMMARY ***
Total pot $6 | Rake $0
Seat 5: Zubasa07 (button) (small blind) collected ($6)
Seat 7: zepsweden (big blind) folded before Flop


PokerStars Hand #150369939997:  Hold'em Limit ($3/$6 USD) - 2016/03/14 21:02:50 ET
Table 'Klemola' 10-max Seat #7 is the button
Seat 5: Zubasa07 ($482.50 in chips)
Seat 7: zepsweden ($141.71 in chips)
zepsweden: posts small blind $1
Zubasa07: posts big blind $3
*** HOLE CARDS ***
zepsweden: calls $2
Zubasa07: checks
*** FLOP *** [3s 7d 2d]
Zubasa07: bets $3
zepsweden: folds
Uncalled bet ($3) returned to Zubasa07
Zubasa07 collected $5.88 from pot
Zubasa07: doesn't show hand
*** SUMMARY ***
Total pot $6 | Rake $0.12
Board [3s 7d 2d]
Seat 5: Zubasa07 (big blind) collected ($5.88)
Seat 7: zepsweden (button) (small blind) folded on the Flop


PokerStars Hand #150369955544:  Hold'em Limit ($3/$6 USD) - 2016/03/14 21:03:19 ET
Table 'Klemola' 10-max Seat #7 is the button
Seat 5: Zubasa07 ($488.38 in chips)
Seat 7: zepsweden ($135.71 in chips)
zepsweden: posts small blind $1
Zubasa07: posts big blind $3
*** HOLE CARDS ***
zepsweden: raises $3 to $6
Zubasa07: raises $3 to $9
zepsweden: calls $3
*** FLOP *** [Kh 2s 3c]
Zubasa07: bets $3
zepsweden: raises $3 to $6
$i1ver joins the table at seat #6
Zubasa07: calls $3
*** TURN *** [Kh 2s 3c] [2c]
Zubasa07: checks
zepsweden: bets $6
Zubasa07: calls $6
*** RIVER *** [Kh 2s 3c 2c] [7h]
Zubasa07: checks
zepsweden: bets $6
Zubasa07: calls $6
*** SHOW DOWN ***
zepsweden: shows [9d Jh] (a pair of Deuces)
Zubasa07: shows [8s Ah] (a pair of Deuces - Ace kicker)
Zubasa07 collected $53.50 from pot
*** SUMMARY ***
Total pot $54 | Rake $0.50
Board [Kh 2s 3c 2c 7h]
Seat 5: Zubasa07 (big blind) showed [8s Ah] and won ($53.50) with a pair of Deuces
Seat 7: zepsweden (button) (small blind) showed [9d Jh] and lost with a pair of Deuces


PokerStars Hand #150370099755:  Hold'em Limit ($3/$6 USD) - 2016/03/14 21:07:50 ET
Table 'Klemola' 10-max Seat #5 is the button
Seat 5: Zubasa07 ($483.79 in chips)
Seat 7: zepsweden ($88.35 in chips)
Zubasa07: posts small blind $1
zepsweden: posts big blind $3
*** HOLE CARDS ***
Zubasa07: folds
Uncalled bet ($2) returned to zepsweden
zepsweden collected $2 from pot
zepsweden: doesn't show hand
*** SUMMARY ***
Total pot $2 | Rake $0
Seat 5: Zubasa07 (button) (small blind) folded before Flop
Seat 7: zepsweden (big blind) collected ($2)


PokerStars Hand #150370082361:  Hold'em Limit ($3/$6 USD) - 2016/03/14 21:07:17 ET
Table 'Klemola' 10-max Seat #7 is the button
Seat 5: Zubasa07 ($475.15 in chips)
Seat 7: zepsweden ($97.35 in chips)
zepsweden: posts small blind $1
zepsweden said, ":D"
Zubasa07: posts big blind $3
*** HOLE CARDS ***
zepsweden: raises $3 to $6
Zubasa07: calls $3
*** FLOP *** [Ac 4s 4h]
Zubasa07: checks
zepsweden said, "mr Silver :D"
zepsweden: bets $3
Zubasa07: calls $3
*** TURN *** [Ac 4s 4h] [2h]
Zubasa07: checks
zepsweden: checks
*** RIVER *** [Ac 4s 4h 2h] [6h]
$i1ver leaves the table
Zubasa07: bets $6
zepsweden: folds
Uncalled bet ($6) returned to Zubasa07
Zubasa07 collected $17.64 from pot
Zubasa07: doesn't show hand
*** SUMMARY ***
Total pot $18 | Rake $0.36
Board [Ac 4s 4h 2h 6h]
Seat 5: Zubasa07 (big blind) collected ($17.64)
Seat 7: zepsweden (button) (small blind) folded on the River


PokerStars Hand #150370075155:  Hold'em Limit ($3/$6 USD) - 2016/03/14 21:07:04 ET
Table 'Klemola' 10-max Seat #5 is the button
Seat 5: Zubasa07 ($476.15 in chips)
Seat 7: zepsweden ($96.35 in chips)
Zubasa07: posts small blind $1
$i1ver: is sitting out
zepsweden: posts big blind $3
*** HOLE CARDS ***
Zubasa07: folds
Uncalled bet ($2) returned to zepsweden
zepsweden collected $2 from pot
zepsweden: doesn't show hand
zepsweden said, "lol hit n run guy"
*** SUMMARY ***
Total pot $2 | Rake $0
Seat 5: Zubasa07 (button) (small blind) folded before Flop
Seat 7: zepsweden (big blind) collected ($2)


PokerStars Hand #150370109811:  Hold'em Limit ($3/$6 USD) - 2016/03/14 21:08:09 ET
Table 'Klemola' 10-max Seat #5 is the button
Seat 5: Zubasa07 ($491.43 in chips)
Seat 7: zepsweden ($80.35 in chips)
Zubasa07: posts small blind $1
zepsweden: posts big blind $3
*** HOLE CARDS ***
Zubasa07: raises $3 to $6
zepsweden: raises $3 to $9
Zubasa07: calls $3
*** FLOP *** [8h 6h Qs]
zepsweden: bets $3
Zubasa07: calls $3
*** TURN *** [8h 6h Qs] [Kh]
zepsweden: bets $6
Zubasa07: raises $6 to $12
zepsweden said, "why did he go ?"
zepsweden: calls $6
*** RIVER *** [8h 6h Qs Kh] [Ac]
zepsweden: bets $6
Zubasa07: folds
Uncalled bet ($6) returned to zepsweden
zepsweden collected $47.50 from pot
zepsweden: doesn't show hand
*** SUMMARY ***
Total pot $48 | Rake $0.50
Board [8h 6h Qs Kh Ac]
Seat 5: Zubasa07 (button) (small blind) folded on the River
Seat 7: zepsweden (big blind) collected ($47.50)


PokerStars Hand #150370102177:  Hold'em Limit ($3/$6 USD) - 2016/03/14 21:07:55 ET
Table 'Klemola' 10-max Seat #7 is the button
Seat 5: Zubasa07 ($482.79 in chips)
Seat 7: zepsweden ($89.35 in chips)
zepsweden: posts small blind $1
Zubasa07: posts big blind $3
*** HOLE CARDS ***
zepsweden: raises $3 to $6
Zubasa07: raises $3 to $9
zepsweden: calls $3
*** FLOP *** [8s Qc Qd]
Zubasa07: bets $3
zepsweden: folds
Uncalled bet ($3) returned to Zubasa07
Zubasa07 collected $17.64 from pot
Zubasa07: doesn't show hand
*** SUMMARY ***
Total pot $18 | Rake $0.36
Board [8s Qc Qd]
Seat 5: Zubasa07 (big blind) collected ($17.64)
Seat 7: zepsweden (button) (small blind) folded on the Flop


PokerStars Hand #150370157545:  Hold'em Limit ($3/$6 USD) - 2016/03/14 21:09:40 ET
Table 'Klemola' 10-max Seat #5 is the button
Seat 5: Zubasa07 ($508.93 in chips)
Seat 7: zepsweden ($61.85 in chips)
Zubasa07: posts small blind $1
zepsweden: posts big blind $3
*** HOLE CARDS ***
Zubasa07: folds
Uncalled bet ($2) returned to zepsweden
zepsweden collected $2 from pot
zepsweden: doesn't show hand
*** SUMMARY ***
Total pot $2 | Rake $0
Seat 5: Zubasa07 (button) (small blind) folded before Flop
Seat 7: zepsweden (big blind) collected ($2)


PokerStars Hand #150370127754:  Hold'em Limit ($3/$6 USD) - 2016/03/14 21:08:44 ET
Table 'Klemola' 10-max Seat #7 is the button
Seat 5: Zubasa07 ($467.43 in chips)
Seat 7: zepsweden ($103.85 in chips)
zepsweden: posts small blind $1
Zubasa07: posts big blind $3
*** HOLE CARDS ***
zepsweden said, "he was a hit n runner right ?"
zepsweden: calls $2
Zubasa07: raises $3 to $6
zepsweden: calls $3
*** FLOP *** [Tc Kh Jd]
Zubasa07: bets $3
zepsweden: raises $3 to $6
Zubasa07: raises $3 to $9
zepsweden: raises $3 to $12
Betting is capped
Zubasa07: calls $3
*** TURN *** [Tc Kh Jd] [7d]
Zubasa07: bets $6
zepsweden: raises $6 to $12
Zubasa07: raises $6 to $18
zepsweden: calls $6
*** RIVER *** [Tc Kh Jd 7d] [3h]
Zubasa07: bets $6
zepsweden said, "expensive"
zepsweden: calls $6
*** SHOW DOWN ***
Zubasa07: shows [Qh As] (a straight, Ten to Ace)
zepsweden: mucks hand
Zubasa07 collected $83.50 from pot
*** SUMMARY ***
Total pot $84 | Rake $0.50
Board [Tc Kh Jd 7d 3h]
Seat 5: Zubasa07 (big blind) showed [Qh As] and won ($83.50) with a straight, Ten to Ace
Seat 7: zepsweden (button) (small blind) mucked


PokerStars Hand #150370191698:  Hold'em Limit ($3/$6 USD) - 2016/03/14 21:10:45 ET
Table 'Klemola' 10-max Seat #5 is the button
Seat 5: Zubasa07 ($474.93 in chips)
Seat 7: zepsweden ($95.11 in chips)
Zubasa07: posts small blind $1
zepsweden: posts big blind $3
*** HOLE CARDS ***
Zubasa07: raises $3 to $6
zepsweden: calls $3
*** FLOP *** [7d 2s Tc]
zepsweden: bets $3
Zubasa07: folds
Uncalled bet ($3) returned to zepsweden
zepsweden collected $11.76 from pot
zepsweden: doesn't show hand
*** SUMMARY ***
Total pot $12 | Rake $0.24
Board [7d 2s Tc]
Seat 5: Zubasa07 (button) (small blind) folded on the Flop
Seat 7: zepsweden (big blind) collected ($11.76)


PokerStars Hand #150370186564:  Hold'em Limit ($3/$6 USD) - 2016/03/14 21:10:36 ET
Table 'Klemola' 10-max Seat #7 is the button
Seat 5: Zubasa07 ($477.93 in chips)
Seat 7: zepsweden ($92.11 in chips)
zepsweden: posts small blind $1
Zubasa07: posts big blind $3
*** HOLE CARDS ***
zepsweden: raises $3 to $6
Zubasa07: folds
Uncalled bet ($3) returned to zepsweden
zepsweden collected $6 from pot
zepsweden: doesn't show hand
*** SUMMARY ***
Total pot $6 | Rake $0
Seat 5: Zubasa07 (big blind) folded before Flop
Seat 7: zepsweden (button) (small blind) collected ($6)


PokerStars Hand #150370173599:  Hold'em Limit ($3/$6 USD) - 2016/03/14 21:10:11 ET
Table 'Klemola' 10-max Seat #5 is the button
Seat 5: Zubasa07 ($501.93 in chips)
Seat 7: zepsweden ($68.61 in chips)
Zubasa07: posts small blind $1
zepsweden: posts big blind $3
*** HOLE CARDS ***
Zubasa07: raises $3 to $6
zepsweden: calls $3
*** FLOP *** [8d 4d 5h]
zepsweden: checks
Zubasa07: bets $3
zepsweden: raises $3 to $6
Zubasa07: calls $3
*** TURN *** [8d 4d 5h] [7h]
zepsweden: bets $6
Zubasa07: calls $6
*** RIVER *** [8d 4d 5h 7h] [7s]
zepsweden: bets $6
Zubasa07: calls $6
*** SHOW DOWN ***
zepsweden: shows [8h Kd] (two pair, Eights and Sevens)
Zubasa07: mucks hand
zepsweden collected $47.50 from pot
*** SUMMARY ***
Total pot $48 | Rake $0.50
Board [8d 4d 5h 7h 7s]
Seat 5: Zubasa07 (button) (small blind) mucked
Seat 7: zepsweden (big blind) showed [8h Kd] and won ($47.50) with two pair, Eights and Sevens


PokerStars Hand #150370160261:  Hold'em Limit ($3/$6 USD) - 2016/03/14 21:09:45 ET
Table 'Klemola' 10-max Seat #7 is the button
Seat 5: Zubasa07 ($507.93 in chips)
Seat 7: zepsweden ($62.85 in chips)
zepsweden: posts small blind $1
Zubasa07: posts big blind $3
*** HOLE CARDS ***
zepsweden: raises $3 to $6
Zubasa07: calls $3
*** FLOP *** [2s Kh Js]
Zubasa07: checks
zepsweden: bets $3
Zubasa07: folds
Uncalled bet ($3) returned to zepsweden
zepsweden collected $11.76 from pot
zepsweden: doesn't show hand
*** SUMMARY ***
Total pot $12 | Rake $0.24
Board [2s Kh Js]
Seat 5: Zubasa07 (big blind) folded on the Flop
Seat 7: zepsweden (button) (small blind) collected ($11.76)


