PokerStars Hand #151567034350:  Hold'em Limit ($3/$6 USD) - 2016/04/07 11:40:50 ET
Table 'Klemola' 6-max Seat #6 is the button
Seat 1: drillertag10 ($86.98 in chips)
Seat 6: Paulllchen ($105.43 in chips)
Paulllchen: posts small blind $1
drillertag10: posts big blind $3
*** HOLE CARDS ***
Paulllchen: folds
Uncalled bet ($2) returned to drillertag10
drillertag10 collected $2 from pot
*** SUMMARY ***
Total pot $2 | Rake $0
Seat 1: drillertag10 (big blind) collected ($2)
Seat 6: Paulllchen (button) (small blind) folded before Flop


PokerStars Hand #151567039586:  Hold'em Limit ($3/$6 USD) - 2016/04/07 11:40:57 ET
Table 'Klemola' 6-max Seat #1 is the button
Seat 1: drillertag10 ($87.98 in chips)
Seat 6: Paulllchen ($104.43 in chips)
drillertag10: posts small blind $1
Paulllchen: posts big blind $3
*** HOLE CARDS ***
liolilove joins the table at seat #2
drillertag10: calls $2
Paulllchen: raises $3 to $6
drillertag10: calls $3
*** FLOP *** [6c Tc 9c]
Paulllchen: checks
drillertag10: bets $3
Paulllchen: folds
Uncalled bet ($3) returned to drillertag10
drillertag10 collected $11.76 from pot
*** SUMMARY ***
Total pot $12 | Rake $0.24
Board [6c Tc 9c]
Seat 1: drillertag10 (button) (small blind) collected ($11.76)
Seat 6: Paulllchen (big blind) folded on the Flop


PokerStars Hand #151567028064:  Hold'em Limit ($3/$6 USD) - 2016/04/07 11:40:41 ET
Table 'Klemola' 6-max Seat #1 is the button
Seat 1: drillertag10 ($87.98 in chips)
Seat 6: Paulllchen ($104.43 in chips)
drillertag10: posts small blind $1
Ale4o: is sitting out
Pelurile: is sitting out
Paulllchen: posts big blind $3
*** HOLE CARDS ***
Ale4o leaves the table
drillertag10: folds
Uncalled bet ($2) returned to Paulllchen
Paulllchen collected $2 from pot
Paulllchen: doesn't show hand
*** SUMMARY ***
Total pot $2 | Rake $0
Seat 1: drillertag10 (button) (small blind) folded before Flop
Seat 6: Paulllchen (big blind) collected ($2)


PokerStars Hand #151567051206:  Hold'em Limit ($3/$6 USD) - 2016/04/07 11:41:13 ET
Table 'Klemola' 6-max Seat #6 is the button
Seat 1: drillertag10 ($93.74 in chips)
Seat 6: Paulllchen ($98.43 in chips)
Paulllchen: posts small blind $1
drillertag10: posts big blind $3
*** HOLE CARDS ***
Paulllchen: calls $2
drillertag10: checks
*** FLOP *** [3s 8c Kc]
drillertag10: checks
Paulllchen: bets $3
drillertag10: calls $3
*** TURN *** [3s 8c Kc] [9s]
drillertag10: checks
Paulllchen: bets $6
drillertag10: raises $6 to $12
Paulllchen: calls $6
*** RIVER *** [3s 8c Kc 9s] [9h]
drillertag10: bets $6
Paulllchen: folds
Uncalled bet ($6) returned to drillertag10
drillertag10 collected $35.50 from pot
*** SUMMARY ***
Total pot $36 | Rake $0.50
Board [3s 8c Kc 9s 9h]
Seat 1: drillertag10 (big blind) collected ($35.50)
Seat 6: Paulllchen (button) (small blind) folded on the River


PokerStars Hand #151572519124:  Hold'em Limit ($3/$6 USD) - 2016/04/07 13:37:26 ET
Table 'Klemola' 6-max Seat #3 is the button
Seat 3: conanboy ($329.35 in chips)
Seat 4: Chessnok ($120 in chips)
conanboy: posts small blind $1
Chessnok: posts big blind $3
*** HOLE CARDS ***
conanboy: raises $3 to $6
bugsbubble joins the table at seat #6
Chessnok: calls $3
*** FLOP *** [3s 8c 3h]
Chessnok: checks
conanboy: bets $3
Chessnok: calls $3
*** TURN *** [3s 8c 3h] [7c]
Chessnok: checks
conanboy: bets $6
Chessnok: calls $6
*** RIVER *** [3s 8c 3h 7c] [5h]
Chessnok: checks
conanboy: checks
*** SHOW DOWN ***
Chessnok: shows [Ad 4d] (a pair of Threes)
conanboy: mucks hand
Ale4o leaves the table
Chessnok collected $29.50 from pot
Capone_TS joins the table at seat #1
*** SUMMARY ***
Total pot $30 | Rake $0.50
Board [3s 8c 3h 7c 5h]
Seat 3: conanboy (button) (small blind) mucked
Seat 4: Chessnok (big blind) showed [Ad 4d] and won ($29.50) with a pair of Threes


PokerStars Hand #151576952696:  Hold'em Limit ($3/$6 USD) - 2016/04/07 15:01:44 ET
Table 'Klemola' 6-max Seat #1 is the button
Seat 1: Royale690 ($182.88 in chips)
Seat 4: Chessnok ($281.88 in chips)
Royale690: posts small blind $1
Chessnok: posts big blind $3
*** HOLE CARDS ***
Royale690: raises $3 to $6
depsey3 leaves the table
Chessnok: calls $3
*** FLOP *** [Kc 7s 6c]
Chessnok: checks
Royale690: bets $3
positura joins the table at seat #6
Chessnok: calls $3
*** TURN *** [Kc 7s 6c] [8h]
Chessnok: checks
Royale690: bets $6
Chessnok: raises $6 to $12
Royale690: calls $6
*** RIVER *** [Kc 7s 6c 8h] [2s]
Chessnok: bets $6
Royale690: calls $6
*** SHOW DOWN ***
Chessnok: shows [Jc 9s] (high card King)
Royale690: shows [2d Kh] (two pair, Kings and Deuces)
Royale690 collected $53.50 from pot
*** SUMMARY ***
Total pot $54 | Rake $0.50
Board [Kc 7s 6c 8h 2s]
Seat 1: Royale690 (button) (small blind) showed [2d Kh] and won ($53.50) with two pair, Kings and Deuces
Seat 4: Chessnok (big blind) showed [Jc 9s] and lost with high card King


PokerStars Hand #151576981785:  Hold'em Limit ($3/$6 USD) - 2016/04/07 15:02:16 ET
Table 'Klemola' 6-max Seat #6 is the button
Seat 4: Chessnok ($253.88 in chips)
Seat 6: positura ($159.31 in chips)
positura: posts small blind $1
Royale690: is sitting out
Chessnok: posts big blind $3
*** HOLE CARDS ***
positura: folds
Uncalled bet ($2) returned to Chessnok
Chessnok collected $2 from pot
Chessnok: doesn't show hand
*** SUMMARY ***
Total pot $2 | Rake $0
Seat 4: Chessnok (big blind) collected ($2)
Seat 6: positura (button) (small blind) folded before Flop


PokerStars Hand #151577008013:  Hold'em Limit ($3/$6 USD) - 2016/04/07 15:02:45 ET
Table 'Klemola' 6-max Seat #6 is the button
Seat 4: Chessnok ($239.88 in chips)
Seat 6: positura ($172.81 in chips)
positura: posts small blind $1
Chessnok: posts big blind $3
*** HOLE CARDS ***
positura: folds
Uncalled bet ($2) returned to Chessnok
Chessnok collected $2 from pot
Chessnok: doesn't show hand
*** SUMMARY ***
Total pot $2 | Rake $0
Seat 4: Chessnok (big blind) collected ($2)
Seat 6: positura (button) (small blind) folded before Flop


PokerStars Hand #151576986908:  Hold'em Limit ($3/$6 USD) - 2016/04/07 15:02:22 ET
Table 'Klemola' 6-max Seat #4 is the button
Seat 4: Chessnok ($254.88 in chips)
Seat 6: positura ($158.31 in chips)
Chessnok: posts small blind $1
positura: posts big blind $3
*** HOLE CARDS ***
Chessnok: raises $3 to $6
positura: calls $3
*** FLOP *** [2c 5s 9d]
positura: bets $3
Chessnok: calls $3
*** TURN *** [2c 5s 9d] [5d]
positura: checks
Chessnok: checks
*** RIVER *** [2c 5s 9d 5d] [Jd]
positura: checks
Chessnok: bets $6
positura: calls $6
*** SHOW DOWN ***
Chessnok: shows [8s 7d] (a pair of Fives)
positura: shows [4c 4d] (two pair, Fives and Fours)
positura collected $29.50 from pot
*** SUMMARY ***
Total pot $30 | Rake $0.50
Board [2c 5s 9d 5d Jd]
Seat 4: Chessnok (button) (small blind) showed [8s 7d] and lost with a pair of Fives
Seat 6: positura (big blind) showed [4c 4d] and won ($29.50) with two pair, Fives and Fours


PokerStars Hand #151577022167:  Hold'em Limit ($3/$6 USD) - 2016/04/07 15:02:59 ET
Table 'Klemola' 6-max Seat #6 is the button
Seat 4: Chessnok ($243.88 in chips)
Seat 6: positura ($168.81 in chips)
positura: posts small blind $1
Chessnok: posts big blind $3
*** HOLE CARDS ***
positura: calls $2
Chessnok: raises $3 to $6
positura: calls $3
*** FLOP *** [9c 5h Ks]
Chessnok: bets $3
positura: raises $3 to $6
Chessnok: raises $3 to $9
positura: calls $3
*** TURN *** [9c 5h Ks] [Jh]
Chessnok: bets $6
positura: calls $6
*** RIVER *** [9c 5h Ks Jh] [3c]
Chessnok: bets $6
positura: folds
Uncalled bet ($6) returned to Chessnok
Chessnok collected $41.50 from pot
Chessnok: doesn't show hand
*** SUMMARY ***
Total pot $42 | Rake $0.50
Board [9c 5h Ks Jh 3c]
Seat 4: Chessnok (big blind) collected ($41.50)
Seat 6: positura (button) (small blind) folded on the River


PokerStars Hand #151577040137:  Hold'em Limit ($3/$6 USD) - 2016/04/07 15:03:18 ET
Table 'Klemola' 6-max Seat #4 is the button
Seat 4: Chessnok ($264.38 in chips)
Seat 6: positura ($147.81 in chips)
Chessnok: posts small blind $1
positura: posts big blind $3
*** HOLE CARDS ***
Chessnok: raises $3 to $6
positura: calls $3
*** FLOP *** [Kh 8d 5c]
positura: checks
Chessnok: bets $3
positura: calls $3
*** TURN *** [Kh 8d 5c] [4c]
positura: checks
Chessnok: bets $6
positura: calls $6
*** RIVER *** [Kh 8d 5c 4c] [9s]
positura: checks
Chessnok: bets $6
positura: calls $6
*** SHOW DOWN ***
Chessnok: shows [8h 7s] (a pair of Eights)
positura: shows [Th 8s] (a pair of Eights - King+Ten kicker)
positura collected $41.50 from pot
*** SUMMARY ***
Total pot $42 | Rake $0.50
Board [Kh 8d 5c 4c 9s]
Seat 4: Chessnok (button) (small blind) showed [8h 7s] and lost with a pair of Eights
Seat 6: positura (big blind) showed [Th 8s] and won ($41.50) with a pair of Eights


PokerStars Hand #151577057423:  Hold'em Limit ($3/$6 USD) - 2016/04/07 15:03:36 ET
Table 'Klemola' 6-max Seat #6 is the button
Seat 4: Chessnok ($243.38 in chips)
Seat 6: positura ($168.31 in chips)
positura: posts small blind $1
Chessnok: posts big blind $3
*** HOLE CARDS ***
positura: calls $2
Chessnok: checks
*** FLOP *** [As 9c 4c]
Chessnok: checks
positura: checks
*** TURN *** [As 9c 4c] [Ks]
Chessnok: bets $6
positura: folds
Uncalled bet ($6) returned to Chessnok
Chessnok collected $5.88 from pot
Chessnok: doesn't show hand
*** SUMMARY ***
Total pot $6 | Rake $0.12
Board [As 9c 4c Ks]
Seat 4: Chessnok (big blind) collected ($5.88)
Seat 6: positura (button) (small blind) folded on the Turn


PokerStars Hand #151577013610:  Hold'em Limit ($3/$6 USD) - 2016/04/07 15:02:52 ET
Table 'Klemola' 6-max Seat #4 is the button
Seat 4: Chessnok ($240.88 in chips)
Seat 6: positura ($171.81 in chips)
Chessnok: posts small blind $1
positura: posts big blind $3
*** HOLE CARDS ***
Chessnok: raises $3 to $6
positura: folds
Uncalled bet ($3) returned to Chessnok
Chessnok collected $6 from pot
Chessnok: doesn't show hand
*** SUMMARY ***
Total pot $6 | Rake $0
Seat 4: Chessnok (button) (small blind) collected ($6)
Seat 6: positura (big blind) folded before Flop


PokerStars Hand #151577104381:  Hold'em Limit ($3/$6 USD) - 2016/04/07 15:04:23 ET
Table 'Klemola' 6-max Seat #6 is the button
Seat 4: Chessnok ($264.76 in chips)
Seat 6: positura ($146.31 in chips)
positura: posts small blind $1
Chessnok: posts big blind $3
*** HOLE CARDS ***
positura: calls $2
Chessnok: checks
*** FLOP *** [3d 7s 3s]
Chessnok: checks
positura: checks
*** TURN *** [3d 7s 3s] [Ks]
Chessnok: checks
positura: checks
*** RIVER *** [3d 7s 3s Ks] [4s]
Chessnok: bets $6
positura: calls $6
*** SHOW DOWN ***
Chessnok: shows [Jh 5h] (a pair of Threes)
positura: shows [6s Kc] (a flush, King high)
positura collected $17.64 from pot
*** SUMMARY ***
Total pot $18 | Rake $0.36
Board [3d 7s 3s Ks 4s]
Seat 4: Chessnok (big blind) showed [Jh 5h] and lost with a pair of Threes
Seat 6: positura (button) (small blind) showed [6s Kc] and won ($17.64) with a flush, King high


PokerStars Hand #151577090824:  Hold'em Limit ($3/$6 USD) - 2016/04/07 15:04:09 ET
Table 'Klemola' 6-max Seat #4 is the button
Seat 4: Chessnok ($265.76 in chips)
Seat 6: positura ($145.31 in chips)
Chessnok: posts small blind $1
positura: posts big blind $3
*** HOLE CARDS ***
Chessnok: folds
Uncalled bet ($2) returned to positura
positura collected $2 from pot
positura: doesn't show hand
*** SUMMARY ***
Total pot $2 | Rake $0
Seat 4: Chessnok (button) (small blind) folded before Flop
Seat 6: positura (big blind) collected ($2)


PokerStars Hand #151577075857:  Hold'em Limit ($3/$6 USD) - 2016/04/07 15:03:55 ET
Table 'Klemola' 6-max Seat #6 is the button
Seat 4: Chessnok ($245.26 in chips)
Seat 6: positura ($166.31 in chips)
positura: posts small blind $1
Chessnok: posts big blind $3
*** HOLE CARDS ***
positura: calls $2
Chessnok: raises $3 to $6
positura: calls $3
*** FLOP *** [Js 6h Ts]
Chessnok: bets $3
positura: calls $3
*** TURN *** [Js 6h Ts] [Jd]
Chessnok: bets $6
positura: calls $6
*** RIVER *** [Js 6h Ts Jd] [7c]
Chessnok: bets $6
positura: calls $6
*** SHOW DOWN ***
Chessnok: shows [Jh 9s] (three of a kind, Jacks)
positura: mucks hand
Chessnok collected $41.50 from pot
*** SUMMARY ***
Total pot $42 | Rake $0.50
Board [Js 6h Ts Jd 7c]
Seat 4: Chessnok (big blind) showed [Jh 9s] and won ($41.50) with three of a kind, Jacks
Seat 6: positura (button) (small blind) mucked


PokerStars Hand #151577100264:  Hold'em Limit ($3/$6 USD) - 2016/04/07 15:04:19 ET
Table 'Klemola' 6-max Seat #4 is the button
Seat 4: Chessnok ($265.76 in chips)
Seat 6: positura ($145.31 in chips)
Chessnok: posts small blind $1
positura: posts big blind $3
*** HOLE CARDS ***
Chessnok: folds
Uncalled bet ($2) returned to positura
positura collected $2 from pot
positura: doesn't show hand
*** SUMMARY ***
Total pot $2 | Rake $0
Seat 4: Chessnok (button) (small blind) folded before Flop
Seat 6: positura (big blind) collected ($2)


PokerStars Hand #151577095307:  Hold'em Limit ($3/$6 USD) - 2016/04/07 15:04:14 ET
Table 'Klemola' 6-max Seat #6 is the button
Seat 4: Chessnok ($264.76 in chips)
Seat 6: positura ($146.31 in chips)
positura: posts small blind $1
Chessnok: posts big blind $3
*** HOLE CARDS ***
positura: folds
Uncalled bet ($2) returned to Chessnok
Chessnok collected $2 from pot
Chessnok: doesn't show hand
*** SUMMARY ***
Total pot $2 | Rake $0
Seat 4: Chessnok (big blind) collected ($2)
Seat 6: positura (button) (small blind) folded before Flop


PokerStars Hand #151577119674:  Hold'em Limit ($3/$6 USD) - 2016/04/07 15:04:39 ET
Table 'Klemola' 6-max Seat #4 is the button
Seat 4: Chessnok ($255.76 in chips)
Seat 6: positura ($154.95 in chips)
Chessnok: posts small blind $1
positura: posts big blind $3
*** HOLE CARDS ***
Chessnok: raises $3 to $6
positura: calls $3
*** FLOP *** [8c 4h Jh]
positura: checks
Chessnok: bets $3
positura: raises $3 to $6
Chessnok: folds
Uncalled bet ($3) returned to positura
positura collected $17.64 from pot
positura: doesn't show hand
*** SUMMARY ***
Total pot $18 | Rake $0.36
Board [8c 4h Jh]
Seat 4: Chessnok (button) (small blind) folded on the Flop
Seat 6: positura (big blind) collected ($17.64)


PokerStars Hand #151577071964:  Hold'em Limit ($3/$6 USD) - 2016/04/07 15:03:51 ET
Table 'Klemola' 6-max Seat #4 is the button
Seat 4: Chessnok ($246.26 in chips)
Seat 6: positura ($165.31 in chips)
Chessnok: posts small blind $1
positura: posts big blind $3
*** HOLE CARDS ***
Chessnok: folds
Uncalled bet ($2) returned to positura
positura collected $2 from pot
positura: doesn't show hand
*** SUMMARY ***
Total pot $2 | Rake $0
Seat 4: Chessnok (button) (small blind) folded before Flop
Seat 6: positura (big blind) collected ($2)


PokerStars Hand #151577149111:  Hold'em Limit ($3/$6 USD) - 2016/04/07 15:05:09 ET
Table 'Klemola' 6-max Seat #4 is the button
Seat 4: Chessnok ($252.52 in chips)
Seat 6: positura ($157.59 in chips)
Chessnok: posts small blind $1
positura: posts big blind $3
*** HOLE CARDS ***
Chessnok: folds
Uncalled bet ($2) returned to positura
positura collected $2 from pot
positura: doesn't show hand
*** SUMMARY ***
Total pot $2 | Rake $0
Seat 4: Chessnok (button) (small blind) folded before Flop
Seat 6: positura (big blind) collected ($2)


PokerStars Hand #151577129868:  Hold'em Limit ($3/$6 USD) - 2016/04/07 15:04:49 ET
Table 'Klemola' 6-max Seat #6 is the button
Seat 4: Chessnok ($246.76 in chips)
Seat 6: positura ($163.59 in chips)
positura: posts small blind $1
Chessnok: posts big blind $3
*** HOLE CARDS ***
positura: calls $2
Chessnok: raises $3 to $6
positura: calls $3
*** FLOP *** [3h 4c Ac]
Chessnok: checks
positura: checks
*** TURN *** [3h 4c Ac] [7h]
Chessnok: checks
positura: checks
*** RIVER *** [3h 4c Ac 7h] [Qd]
Chessnok: checks
positura: checks
*** SHOW DOWN ***
Chessnok: shows [Jd 8c] (high card Ace)
positura: mucks hand
Chessnok collected $11.76 from pot
*** SUMMARY ***
Total pot $12 | Rake $0.24
Board [3h 4c Ac 7h Qd]
Seat 4: Chessnok (big blind) showed [Jd 8c] and won ($11.76) with high card Ace
Seat 6: positura (button) (small blind) mucked


PokerStars Hand #151577153644:  Hold'em Limit ($3/$6 USD) - 2016/04/07 15:05:13 ET
Table 'Klemola' 6-max Seat #6 is the button
Seat 4: Chessnok ($251.52 in chips)
Seat 6: positura ($158.59 in chips)
positura: posts small blind $1
Chessnok: posts big blind $3
*** HOLE CARDS ***
positura: calls $2
Chessnok: raises $3 to $6
positura: calls $3
*** FLOP *** [Kc Ah Th]
Chessnok: bets $3
positura: calls $3
*** TURN *** [Kc Ah Th] [Jc]
Chessnok: checks
positura: checks
*** RIVER *** [Kc Ah Th Jc] [8d]
Chessnok: bets $6
positura: raises $6 to $12
Chessnok: calls $6
*** SHOW DOWN ***
positura: shows [8s Qh] (a straight, Ten to Ace)
Chessnok: mucks hand
positura collected $41.50 from pot
*** SUMMARY ***
Total pot $42 | Rake $0.50
Board [Kc Ah Th Jc 8d]
Seat 4: Chessnok (big blind) mucked
Seat 6: positura (button) (small blind) showed [8s Qh] and won ($41.50) with a straight, Ten to Ace


PokerStars Hand #151577172472:  Hold'em Limit ($3/$6 USD) - 2016/04/07 15:05:32 ET
Table 'Klemola' 6-max Seat #4 is the button
Seat 4: Chessnok ($230.52 in chips)
Seat 6: positura ($179.09 in chips)
Chessnok: posts small blind $1
positura: posts big blind $3
*** HOLE CARDS ***
Chessnok: raises $3 to $6
positura: calls $3
*** FLOP *** [9s 3c 2h]
positura: checks
Chessnok: bets $3
positura: folds
Uncalled bet ($3) returned to Chessnok
Chessnok collected $11.76 from pot
Chessnok: doesn't show hand
*** SUMMARY ***
Total pot $12 | Rake $0.24
Board [9s 3c 2h]
Seat 4: Chessnok (button) (small blind) collected ($11.76)
Seat 6: positura (big blind) folded on the Flop


PokerStars Hand #151577187584:  Hold'em Limit ($3/$6 USD) - 2016/04/07 15:05:48 ET
Table 'Klemola' 6-max Seat #4 is the button
Seat 4: Chessnok ($237.28 in chips)
Seat 6: positura ($172.09 in chips)
Chessnok: posts small blind $1
positura: posts big blind $3
*** HOLE CARDS ***
Chessnok: raises $3 to $6
positura: folds
Uncalled bet ($3) returned to Chessnok
Chessnok collected $6 from pot
Chessnok: doesn't show hand
*** SUMMARY ***
Total pot $6 | Rake $0
Seat 4: Chessnok (button) (small blind) collected ($6)
Seat 6: positura (big blind) folded before Flop


PokerStars Hand #151577183493:  Hold'em Limit ($3/$6 USD) - 2016/04/07 15:05:44 ET
Table 'Klemola' 6-max Seat #6 is the button
Seat 4: Chessnok ($236.28 in chips)
Seat 6: positura ($173.09 in chips)
positura: posts small blind $1
Chessnok: posts big blind $3
*** HOLE CARDS ***
positura: folds
Uncalled bet ($2) returned to Chessnok
Chessnok collected $2 from pot
Chessnok: doesn't show hand
*** SUMMARY ***
Total pot $2 | Rake $0
Seat 4: Chessnok (big blind) collected ($2)
Seat 6: positura (button) (small blind) folded before Flop


PokerStars Hand #151577197760:  Hold'em Limit ($3/$6 USD) - 2016/04/07 15:05:59 ET
Table 'Klemola' 6-max Seat #4 is the button
Seat 4: Chessnok ($241.28 in chips)
Seat 6: positura ($168.09 in chips)
Chessnok: posts small blind $1
positura: posts big blind $3
*** HOLE CARDS ***
Chessnok: raises $3 to $6
positura: calls $3
*** FLOP *** [3c Ks 8d]
positura: checks
Chessnok: bets $3
positura: calls $3
*** TURN *** [3c Ks 8d] [2c]
positura: checks
Chessnok: checks
*** RIVER *** [3c Ks 8d 2c] [7s]
positura: bets $6
Chessnok: folds
Uncalled bet ($6) returned to positura
positura collected $17.64 from pot
positura: doesn't show hand
*** SUMMARY ***
Total pot $18 | Rake $0.36
Board [3c Ks 8d 2c 7s]
Seat 4: Chessnok (button) (small blind) folded on the River
Seat 6: positura (big blind) collected ($17.64)


PokerStars Hand #151577214070:  Hold'em Limit ($3/$6 USD) - 2016/04/07 15:06:15 ET
Table 'Klemola' 6-max Seat #6 is the button
Seat 4: Chessnok ($232.28 in chips)
Seat 6: positura ($176.73 in chips)
positura: posts small blind $1
Chessnok: posts big blind $3
*** HOLE CARDS ***
positura: calls $2
Chessnok: checks
*** FLOP *** [8h Ts Kd]
Chessnok: checks
positura: checks
*** TURN *** [8h Ts Kd] [9h]
Chessnok: bets $6
positura: calls $6
*** RIVER *** [8h Ts Kd 9h] [3c]
Chessnok: bets $6
positura: calls $6
*** SHOW DOWN ***
Chessnok: shows [5c Js] (high card King)
positura: shows [7s 8s] (a pair of Eights)
positura collected $29.50 from pot
*** SUMMARY ***
Total pot $30 | Rake $0.50
Board [8h Ts Kd 9h 3c]
Seat 4: Chessnok (big blind) showed [5c Js] and lost with high card King
Seat 6: positura (button) (small blind) showed [7s 8s] and won ($29.50) with a pair of Eights


PokerStars Hand #151577232938:  Hold'em Limit ($3/$6 USD) - 2016/04/07 15:06:35 ET
Table 'Klemola' 6-max Seat #4 is the button
Seat 4: Chessnok ($217.28 in chips)
Seat 6: positura ($191.23 in chips)
Chessnok: posts small blind $1
positura: posts big blind $3
*** HOLE CARDS ***
Chessnok: folds
Uncalled bet ($2) returned to positura
positura collected $2 from pot
positura: doesn't show hand
*** SUMMARY ***
Total pot $2 | Rake $0
Seat 4: Chessnok (button) (small blind) folded before Flop
Seat 6: positura (big blind) collected ($2)


PokerStars Hand #151577193130:  Hold'em Limit ($3/$6 USD) - 2016/04/07 15:05:54 ET
Table 'Klemola' 6-max Seat #6 is the button
Seat 4: Chessnok ($240.28 in chips)
Seat 6: positura ($169.09 in chips)
positura: posts small blind $1
Chessnok: posts big blind $3
*** HOLE CARDS ***
positura: folds
Uncalled bet ($2) returned to Chessnok
Chessnok collected $2 from pot
Chessnok: doesn't show hand
*** SUMMARY ***
Total pot $2 | Rake $0
Seat 4: Chessnok (big blind) collected ($2)
Seat 6: positura (button) (small blind) folded before Flop


PokerStars Hand #151577237920:  Hold'em Limit ($3/$6 USD) - 2016/04/07 15:06:40 ET
Table 'Klemola' 6-max Seat #6 is the button
Seat 4: Chessnok ($216.28 in chips)
Seat 6: positura ($192.23 in chips)
positura: posts small blind $1
Chessnok: posts big blind $3
*** HOLE CARDS ***
positura: calls $2
Chessnok: checks
*** FLOP *** [Js 9s 7h]
Chessnok: checks
positura: bets $3
Chessnok: raises $3 to $6
positura: calls $3
*** TURN *** [Js 9s 7h] [7s]
Chessnok: bets $6
positura: calls $6
*** RIVER *** [Js 9s 7h 7s] [4s]
Chessnok: checks
positura: bets $6
Chessnok: calls $6
*** SHOW DOWN ***
positura: shows [6d Ks] (a flush, King high)
Chessnok: mucks hand
positura collected $41.50 from pot
*** SUMMARY ***
Total pot $42 | Rake $0.50
Board [Js 9s 7h 7s 4s]
Seat 4: Chessnok (big blind) mucked
Seat 6: positura (button) (small blind) showed [6d Ks] and won ($41.50) with a flush, King high


PokerStars Hand #151577257395:  Hold'em Limit ($3/$6 USD) - 2016/04/07 15:07:00 ET
Table 'Klemola' 6-max Seat #4 is the button
Seat 4: Chessnok ($195.28 in chips)
Seat 6: positura ($212.73 in chips)
Chessnok: posts small blind $1
positura: posts big blind $3
*** HOLE CARDS ***
Chessnok: raises $3 to $6
positura: calls $3
*** FLOP *** [Tc 9c 4d]
positura: checks
Chessnok: bets $3
positura: raises $3 to $6
Chessnok: calls $3
*** TURN *** [Tc 9c 4d] [3s]
positura: checks
Chessnok: bets $6
positura: calls $6
*** RIVER *** [Tc 9c 4d 3s] [6h]
positura: bets $6
Chessnok: calls $6
*** SHOW DOWN ***
positura: shows [7h 8c] (a straight, Six to Ten)
Chessnok: mucks hand
positura collected $47.50 from pot
*** SUMMARY ***
Total pot $48 | Rake $0.50
Board [Tc 9c 4d 3s 6h]
Seat 4: Chessnok (button) (small blind) mucked
Seat 6: positura (big blind) showed [7h 8c] and won ($47.50) with a straight, Six to Ten


PokerStars Hand #151577277682:  Hold'em Limit ($3/$6 USD) - 2016/04/07 15:07:21 ET
Table 'Klemola' 6-max Seat #6 is the button
Seat 4: Chessnok ($171.28 in chips)
Seat 6: positura ($236.23 in chips)
positura: posts small blind $1
Chessnok: posts big blind $3
*** HOLE CARDS ***
positura: calls $2
Chessnok: raises $3 to $6
positura: calls $3
*** FLOP *** [7d 4s 3c]
Chessnok: bets $3
positura: raises $3 to $6
Chessnok: raises $3 to $9
positura: calls $3
*** TURN *** [7d 4s 3c] [Js]
Chessnok: bets $6
positura: calls $6
*** RIVER *** [7d 4s 3c Js] [Ad]
Chessnok: checks
positura: checks
*** SHOW DOWN ***
Chessnok: shows [6c 7h] (a pair of Sevens)
positura: mucks hand
Chessnok collected $41.50 from pot
*** SUMMARY ***
Total pot $42 | Rake $0.50
Board [7d 4s 3c Js Ad]
Seat 4: Chessnok (big blind) showed [6c 7h] and won ($41.50) with a pair of Sevens
Seat 6: positura (button) (small blind) mucked


PokerStars Hand #151577319221:  Hold'em Limit ($3/$6 USD) - 2016/04/07 15:08:04 ET
Table 'Klemola' 6-max Seat #6 is the button
Seat 4: Chessnok ($200.42 in chips)
Seat 6: positura ($206.23 in chips)
positura: posts small blind $1
Chessnok: posts big blind $3
*** HOLE CARDS ***
positura: folds
Uncalled bet ($2) returned to Chessnok
Chessnok collected $2 from pot
Chessnok: doesn't show hand
*** SUMMARY ***
Total pot $2 | Rake $0
Seat 4: Chessnok (big blind) collected ($2)
Seat 6: positura (button) (small blind) folded before Flop


PokerStars Hand #151577299770:  Hold'em Limit ($3/$6 USD) - 2016/04/07 15:07:43 ET
Table 'Klemola' 6-max Seat #4 is the button
Seat 4: Chessnok ($191.78 in chips)
Seat 6: positura ($215.23 in chips)
Chessnok: posts small blind $1
positura: posts big blind $3
*** HOLE CARDS ***
Chessnok: raises $3 to $6
positura: calls $3
*** FLOP *** [2s 7s 4c]
positura: checks
Chessnok: bets $3
positura: calls $3
*** TURN *** [2s 7s 4c] [As]
positura: checks
Chessnok: checks
*** RIVER *** [2s 7s 4c As] [4h]
positura: checks
Chessnok: checks
*** SHOW DOWN ***
positura: shows [Qc 9c] (a pair of Fours)
Chessnok: shows [Td Qs] (a pair of Fours - Ace+Queen+Ten kicker)
Chessnok collected $17.64 from pot
*** SUMMARY ***
Total pot $18 | Rake $0.36
Board [2s 7s 4c As 4h]
Seat 4: Chessnok (button) (small blind) showed [Td Qs] and won ($17.64) with a pair of Fours
Seat 6: positura (big blind) showed [Qc 9c] and lost with a pair of Fours


