PokerStars Hand #147183574964:  Hold'em Limit ($3/$6 USD) - 2016/01/17 6:00:39 ET
Table 'Kleopatra' 6-max Seat #4 is the button
Seat 3: Luarvik888 ($167.50 in chips)
Seat 4: Agrotait ($72 in chips)
Agrotait: posts small blind $1
Luarvik888: posts big blind $3
*** HOLE CARDS ***
Agrotait: raises $3 to $6
Luarvik888: folds
Uncalled bet ($3) returned to Agrotait
Agrotait collected $6 from pot
Agrotait: doesn't show hand
*** SUMMARY ***
Total pot $6 | Rake $0
Seat 3: Luarvik888 (big blind) folded before Flop
Seat 4: Agrotait (button) (small blind) collected ($6)


PokerStars Hand #147183554574:  Hold'em Limit ($3/$6 USD) - 2016/01/17 5:59:59 ET
Table 'Kleopatra' 6-max Seat #3 is the button
Seat 3: Luarvik888 ($120 in chips)
Seat 4: Agrotait ($72 in chips)
Luarvik888: posts small blind $1
Agrotait: posts big blind $3
*** HOLE CARDS ***
Luarvik888: raises $3 to $6
Agrotait: raises $3 to $9
Luarvik888: calls $3
*** FLOP *** [7s 8h Jh]
Agrotait: bets $3
Luarvik888: raises $3 to $6
Agrotait: raises $3 to $9
Luarvik888: calls $3
*** TURN *** [7s 8h Jh] [Kd]
Agrotait: bets $6
Luarvik888: raises $6 to $12
Agrotait: calls $6
*** RIVER *** [7s 8h Jh Kd] [Jc]
Agrotait: checks
Luarvik888: bets $6
Agrotait: raises $6 to $12
Luarvik888: raises $6 to $18
Agrotait: calls $6
*** SHOW DOWN ***
Luarvik888: shows [Kc Js] (a full house, Jacks full of Kings)
Agrotait: mucks hand
Luarvik888 collected $95.50 from pot
*** SUMMARY ***
Total pot $96 | Rake $0.50
Board [7s 8h Jh Kd Jc]
Seat 3: Luarvik888 (button) (small blind) showed [Kc Js] and won ($95.50) with a full house, Jacks full of Kings
Seat 4: Agrotait (big blind) mucked


PokerStars Hand #147183579304:  Hold'em Limit ($3/$6 USD) - 2016/01/17 6:00:48 ET
Table 'Kleopatra' 6-max Seat #3 is the button
Seat 3: Luarvik888 ($164.50 in chips)
Seat 4: Agrotait ($75 in chips)
Luarvik888: posts small blind $1
Agrotait: posts big blind $3
*** HOLE CARDS ***
Luarvik888: raises $3 to $6
Agrotait: calls $3
*** FLOP *** [Js 5s Jc]
vladal 888 joins the table at seat #6
Agrotait: checks
Luarvik888: bets $3
Agrotait: raises $3 to $6
Luarvik888: calls $3
*** TURN *** [Js 5s Jc] [3d]
Agrotait: bets $6
Luarvik888: folds
Uncalled bet ($6) returned to Agrotait
Agrotait collected $23.52 from pot
Agrotait: doesn't show hand
*** SUMMARY ***
Total pot $24 | Rake $0.48
Board [Js 5s Jc 3d]
Seat 3: Luarvik888 (button) (small blind) folded on the Turn
Seat 4: Agrotait (big blind) collected ($23.52)


PokerStars Hand #147185600852:  Hold'em Limit ($3/$6 USD) - 2016/01/17 6:56:10 ET
Table 'Kleopatra' 6-max Seat #6 is the button
Seat 5: BSantana92 ($87.81 in chips)
Seat 6: 72bestcard ($232.55 in chips)
72bestcard: posts small blind $1
olavike: is sitting out
BSantana92: posts big blind $3
*** HOLE CARDS ***
72bestcard: raises $3 to $6
BSantana92: raises $3 to $9
TbIP-TbIP 88 leaves the table
72bestcard: calls $3
*** FLOP *** [3d 6c Td]
BSantana92: bets $3
72bestcard: calls $3
*** TURN *** [3d 6c Td] [Jd]
BSantana92: checks
72bestcard: bets $6
BSantana92: calls $6
*** RIVER *** [3d 6c Td Jd] [9c]
BSantana92: checks
72bestcard: checks
*** SHOW DOWN ***
BSantana92: shows [8c 8s] (a pair of Eights)
72bestcard: mucks hand
olavike leaves the table
BSantana92 collected $35.50 from pot
*** SUMMARY ***
Total pot $36 | Rake $0.50
Board [3d 6c Td Jd 9c]
Seat 5: BSantana92 (big blind) showed [8c 8s] and won ($35.50) with a pair of Eights
Seat 6: 72bestcard (button) (small blind) mucked


PokerStars Hand #147185611585:  Hold'em Limit ($3/$6 USD) - 2016/01/17 6:56:30 ET
Table 'Kleopatra' 6-max Seat #5 is the button
Seat 5: BSantana92 ($105.31 in chips)
Seat 6: 72bestcard ($214.55 in chips)
BSantana92: posts small blind $1
72bestcard: posts big blind $3
*** HOLE CARDS ***
BSantana92: raises $3 to $6
belik555 joins the table at seat #1
72bestcard: calls $3
*** FLOP *** [4h 9h Js]
72bestcard: checks
BSantana92: bets $3
72bestcard: raises $3 to $6
BSantana92: calls $3
*** TURN *** [4h 9h Js] [3h]
72bestcard: bets $6
BSantana92: calls $6
*** RIVER *** [4h 9h Js 3h] [Tc]
72bestcard: bets $6
BSantana92: raises $6 to $12
72bestcard: calls $6
*** SHOW DOWN ***
BSantana92: shows [Ts Th] (three of a kind, Tens)
72bestcard: mucks hand
BSantana92 collected $59.50 from pot
*** SUMMARY ***
Total pot $60 | Rake $0.50
Board [4h 9h Js 3h Tc]
Seat 5: BSantana92 (button) (small blind) showed [Ts Th] and won ($59.50) with three of a kind, Tens
Seat 6: 72bestcard (big blind) mucked


PokerStars Hand #147187261006:  Hold'em Limit ($3/$6 USD) - 2016/01/17 7:38:10 ET
Table 'Kleopatra' 6-max Seat #1 is the button
Seat 1: belik555 ($171.07 in chips)
Seat 6: beng_51 ($91.90 in chips)
belik555: posts small blind $1
degal76: is sitting out
beng_51: posts big blind $3
*** HOLE CARDS ***
degal76 leaves the table
belik555: raises $3 to $6
beng_51: calls $3
*** FLOP *** [Jh 3c Qd]
beng_51: checks
belik555: bets $3
beng_51: raises $3 to $6
belik555: calls $3
*** TURN *** [Jh 3c Qd] [2d]
beng_51: checks
belik555: checks
*** RIVER *** [Jh 3c Qd 2d] [Ad]
beng_51: checks
belik555: checks
*** SHOW DOWN ***
beng_51: shows [Kh 9s] (high card Ace)
belik555: shows [Td 3h] (a pair of Threes)
belik555 collected $23.52 from pot
*** SUMMARY ***
Total pot $24 | Rake $0.48
Board [Jh 3c Qd 2d Ad]
Seat 1: belik555 (button) (small blind) showed [Td 3h] and won ($23.52) with a pair of Threes
Seat 6: beng_51 (big blind) showed [Kh 9s] and lost with high card Ace


