PokerStars Hand #149437652944:  Hold'em Limit ($3/$6 USD) - 2016/02/26 7:56:51 ET
Table 'Kleopatra' 6-max Seat #5 is the button
Seat 1: VolkovDmitri ($123 in chips)
Seat 5: mixedgamer ($159.36 in chips)
mixedgamer: posts small blind $1
VolkovDmitri: posts big blind $3
*** HOLE CARDS ***
mixedgamer: raises $3 to $6
VolkovDmitri: calls $3
*** FLOP *** [2c Qs 8h]
VolkovDmitri: checks
mixedgamer: bets $3
VolkovDmitri: raises $3 to $6
mixedgamer: folds
Uncalled bet ($3) returned to VolkovDmitri
VolkovDmitri collected $17.64 from pot
VolkovDmitri: doesn't show hand
*** SUMMARY ***
Total pot $18 | Rake $0.36
Board [2c Qs 8h]
Seat 1: VolkovDmitri (big blind) collected ($17.64)
Seat 5: mixedgamer (button) (small blind) folded on the Flop


PokerStars Hand #149437660142:  Hold'em Limit ($3/$6 USD) - 2016/02/26 7:57:05 ET
Table 'Kleopatra' 6-max Seat #1 is the button
Seat 1: VolkovDmitri ($131.64 in chips)
Seat 5: mixedgamer ($150.36 in chips)
VolkovDmitri: posts small blind $1
mixedgamer: posts big blind $3
*** HOLE CARDS ***
VolkovDmitri: raises $3 to $6
mixedgamer: calls $3
*** FLOP *** [Tc 3c 2s]
mixedgamer: checks
VolkovDmitri: bets $3
mixedgamer: folds
Uncalled bet ($3) returned to VolkovDmitri
VolkovDmitri collected $11.76 from pot
VolkovDmitri: doesn't show hand
*** SUMMARY ***
Total pot $12 | Rake $0.24
Board [Tc 3c 2s]
Seat 1: VolkovDmitri (button) (small blind) collected ($11.76)
Seat 5: mixedgamer (big blind) folded on the Flop


