PokerStars Hand #147235937172:  Hold'em Limit ($3/$6 USD) - 2016/01/17 23:46:32 ET
Table 'Kleopatra' 2-max Seat #2 is the button
Seat 1: jl45259071 ($93.72 in chips)
Seat 2: 7moneymaster ($300 in chips)
7moneymaster: posts small blind $1
jl45259071: posts big blind $3
*** HOLE CARDS ***
7moneymaster: raises $3 to $6
jl45259071: calls $3
*** FLOP *** [Th Kc 8s]
jl45259071: checks
7moneymaster: bets $3
jl45259071: calls $3
*** TURN *** [Th Kc 8s] [2s]
jl45259071: checks
7moneymaster: checks
*** RIVER *** [Th Kc 8s 2s] [Td]
jl45259071: bets $6
7moneymaster: folds
Uncalled bet ($6) returned to jl45259071
jl45259071 collected $17.64 from pot
jl45259071: doesn't show hand
*** SUMMARY ***
Total pot $18 | Rake $0.36
Board [Th Kc 8s 2s Td]
Seat 1: jl45259071 (big blind) collected ($17.64)
Seat 2: 7moneymaster (button) (small blind) folded on the River


PokerStars Hand #147235956834:  Hold'em Limit ($3/$6 USD) - 2016/01/17 23:47:42 ET
Table 'Kleopatra' 2-max Seat #1 is the button
Seat 1: jl45259071 ($111 in chips)
Seat 2: 7moneymaster ($282 in chips)
jl45259071: posts small blind $1
7moneymaster: posts big blind $3
*** HOLE CARDS ***
jl45259071: calls $2
7moneymaster: checks
*** FLOP *** [4c Ks 5h]
7moneymaster: checks
jl45259071: checks
*** TURN *** [4c Ks 5h] [Jc]
7moneymaster: checks
jl45259071: checks
*** RIVER *** [4c Ks 5h Jc] [Kh]
7moneymaster: checks
jl45259071: checks
*** SHOW DOWN ***
7moneymaster: shows [3d 8h] (a pair of Kings)
jl45259071: shows [Tc 9c] (a pair of Kings - Jack+Ten kicker)
jl45259071 collected $5.88 from pot
*** SUMMARY ***
Total pot $6 | Rake $0.12
Board [4c Ks 5h Jc Kh]
Seat 1: jl45259071 (button) (small blind) showed [Tc 9c] and won ($5.88) with a pair of Kings
Seat 2: 7moneymaster (big blind) showed [3d 8h] and lost with a pair of Kings


PokerStars Hand #147235953274:  Hold'em Limit ($3/$6 USD) - 2016/01/17 23:47:29 ET
Table 'Kleopatra' 2-max Seat #2 is the button
Seat 1: jl45259071 ($105.24 in chips)
Seat 2: 7moneymaster ($288 in chips)
7moneymaster: posts small blind $1
jl45259071: posts big blind $3
*** HOLE CARDS ***
7moneymaster: raises $3 to $6
jl45259071: calls $3
*** FLOP *** [3h 5s 4d]
jl45259071: checks
7moneymaster: checks
*** TURN *** [3h 5s 4d] [6d]
jl45259071: bets $6
7moneymaster: folds
Uncalled bet ($6) returned to jl45259071
jl45259071 collected $11.76 from pot
jl45259071: doesn't show hand
*** SUMMARY ***
Total pot $12 | Rake $0.24
Board [3h 5s 4d 6d]
Seat 1: jl45259071 (big blind) collected ($11.76)
Seat 2: 7moneymaster (button) (small blind) folded on the Turn


PokerStars Hand #147235942757:  Hold'em Limit ($3/$6 USD) - 2016/01/17 23:46:52 ET
Table 'Kleopatra' 2-max Seat #1 is the button
Seat 1: jl45259071 ($102.36 in chips)
Seat 2: 7moneymaster ($291 in chips)
jl45259071: posts small blind $1
7moneymaster: posts big blind $3
*** HOLE CARDS ***
jl45259071: calls $2
7moneymaster: checks
*** FLOP *** [Qs 6c 8c]
7moneymaster: checks
jl45259071: checks
*** TURN *** [Qs 6c 8c] [7c]
7moneymaster: checks
jl45259071: checks
*** RIVER *** [Qs 6c 8c 7c] [5d]
7moneymaster: checks
jl45259071: checks
*** SHOW DOWN ***
7moneymaster: shows [Ac 2d] (high card Ace)
jl45259071: shows [Ad Jd] (high card Ace - Queen+Jack kicker)
jl45259071 collected $5.88 from pot
*** SUMMARY ***
Total pot $6 | Rake $0.12
Board [Qs 6c 8c 7c 5d]
Seat 1: jl45259071 (button) (small blind) showed [Ad Jd] and won ($5.88) with high card Ace
Seat 2: 7moneymaster (big blind) showed [Ac 2d] and lost with high card Ace


PokerStars Hand #147235974523:  Hold'em Limit ($3/$6 USD) - 2016/01/17 23:48:46 ET
Table 'Kleopatra' 2-max Seat #1 is the button
Seat 1: jl45259071 ($95.64 in chips)
Seat 2: 7moneymaster ($296.14 in chips)
jl45259071: posts small blind $1
7moneymaster: posts big blind $3
*** HOLE CARDS ***
jl45259071: calls $2
7moneymaster: checks
*** FLOP *** [Jd 4s Ks]
7moneymaster: bets $3
jl45259071: folds
Uncalled bet ($3) returned to 7moneymaster
7moneymaster collected $5.88 from pot
7moneymaster: doesn't show hand
*** SUMMARY ***
Total pot $6 | Rake $0.12
Board [Jd 4s Ks]
Seat 1: jl45259071 (button) (small blind) folded on the Flop
Seat 2: 7moneymaster (big blind) collected ($5.88)


PokerStars Hand #147235970106:  Hold'em Limit ($3/$6 USD) - 2016/01/17 23:48:30 ET
Table 'Kleopatra' 2-max Seat #2 is the button
Seat 1: jl45259071 ($110.64 in chips)
Seat 2: 7moneymaster ($281.64 in chips)
7moneymaster: posts small blind $1
jl45259071: posts big blind $3
*** HOLE CARDS ***
7moneymaster: raises $3 to $6
jl45259071: calls $3
*** FLOP *** [2h 6c Qc]
jl45259071: checks
7moneymaster: bets $3
jl45259071: calls $3
*** TURN *** [2h 6c Qc] [8h]
jl45259071: checks
7moneymaster: bets $6
jl45259071: calls $6
*** RIVER *** [2h 6c Qc 8h] [3s]
jl45259071: checks
7moneymaster: bets $6
jl45259071: folds
Uncalled bet ($6) returned to 7moneymaster
7moneymaster collected $29.50 from pot
7moneymaster: doesn't show hand
*** SUMMARY ***
Total pot $30 | Rake $0.50
Board [2h 6c Qc 8h 3s]
Seat 1: jl45259071 (big blind) folded on the River
Seat 2: 7moneymaster (button) (small blind) collected ($29.50)


PokerStars Hand #147235966636:  Hold'em Limit ($3/$6 USD) - 2016/01/17 23:48:17 ET
Table 'Kleopatra' 2-max Seat #1 is the button
Seat 1: jl45259071 ($104.88 in chips)
Seat 2: 7moneymaster ($287.64 in chips)
jl45259071: posts small blind $1
7moneymaster: posts big blind $3
*** HOLE CARDS ***
jl45259071: raises $3 to $6
7moneymaster: calls $3
*** FLOP *** [As 8s 2h]
7moneymaster: checks
jl45259071: bets $3
7moneymaster: folds
Uncalled bet ($3) returned to jl45259071
jl45259071 collected $11.76 from pot
jl45259071: doesn't show hand
*** SUMMARY ***
Total pot $12 | Rake $0.24
Board [As 8s 2h]
Seat 1: jl45259071 (button) (small blind) collected ($11.76)
Seat 2: 7moneymaster (big blind) folded on the Flop


PokerStars Hand #147235962630:  Hold'em Limit ($3/$6 USD) - 2016/01/17 23:48:03 ET
Table 'Kleopatra' 2-max Seat #2 is the button
Seat 1: jl45259071 ($113.88 in chips)
Seat 2: 7moneymaster ($279 in chips)
7moneymaster: posts small blind $1
jl45259071: posts big blind $3
*** HOLE CARDS ***
7moneymaster: raises $3 to $6
jl45259071: calls $3
*** FLOP *** [4c 5s 9s]
jl45259071: checks
7moneymaster: bets $3
jl45259071: calls $3
*** TURN *** [4c 5s 9s] [5h]
jl45259071: checks
7moneymaster: bets $6
jl45259071: folds
Uncalled bet ($6) returned to 7moneymaster
7moneymaster collected $17.64 from pot
7moneymaster: doesn't show hand
*** SUMMARY ***
Total pot $18 | Rake $0.36
Board [4c 5s 9s 5h]
Seat 1: jl45259071 (big blind) folded on the Turn
Seat 2: 7moneymaster (button) (small blind) collected ($17.64)


PokerStars Hand #147235987295:  Hold'em Limit ($3/$6 USD) - 2016/01/17 23:49:31 ET
Table 'Kleopatra' 2-max Seat #1 is the button
Seat 1: jl45259071 ($88.64 in chips)
Seat 2: 7moneymaster ($302.78 in chips)
jl45259071: posts small blind $1
7moneymaster: posts big blind $3
*** HOLE CARDS ***
jl45259071: calls $2
7moneymaster: checks
*** FLOP *** [9c 4h Ks]
7moneymaster: checks
jl45259071: checks
*** TURN *** [9c 4h Ks] [7h]
7moneymaster: checks
jl45259071: checks
*** RIVER *** [9c 4h Ks 7h] [8c]
7moneymaster: checks
jl45259071: bets $6
7moneymaster: folds
Uncalled bet ($6) returned to jl45259071
jl45259071 collected $5.88 from pot
jl45259071: doesn't show hand
*** SUMMARY ***
Total pot $6 | Rake $0.12
Board [9c 4h Ks 7h 8c]
Seat 1: jl45259071 (button) (small blind) collected ($5.88)
Seat 2: 7moneymaster (big blind) folded on the River


PokerStars Hand #147235985916:  Hold'em Limit ($3/$6 USD) - 2016/01/17 23:49:26 ET
Table 'Kleopatra' 2-max Seat #2 is the button
Seat 1: jl45259071 ($87.64 in chips)
Seat 2: 7moneymaster ($303.78 in chips)
7moneymaster: posts small blind $1
jl45259071: posts big blind $3
*** HOLE CARDS ***
7moneymaster: folds
Uncalled bet ($2) returned to jl45259071
jl45259071 collected $2 from pot
jl45259071: doesn't show hand
*** SUMMARY ***
Total pot $2 | Rake $0
Seat 1: jl45259071 (big blind) collected ($2)
Seat 2: 7moneymaster (button) (small blind) folded before Flop


PokerStars Hand #147235981605:  Hold'em Limit ($3/$6 USD) - 2016/01/17 23:49:11 ET
Table 'Kleopatra' 2-max Seat #1 is the button
Seat 1: jl45259071 ($93.64 in chips)
Seat 2: 7moneymaster ($298.02 in chips)
jl45259071: posts small blind $1
7moneymaster: posts big blind $3
*** HOLE CARDS ***
jl45259071: calls $2
7moneymaster: checks
*** FLOP *** [3c Kc Kh]
7moneymaster: bets $3
jl45259071: calls $3
*** TURN *** [3c Kc Kh] [2s]
7moneymaster: bets $6
jl45259071: folds
Uncalled bet ($6) returned to 7moneymaster
7moneymaster collected $11.76 from pot
7moneymaster: doesn't show hand
*** SUMMARY ***
Total pot $12 | Rake $0.24
Board [3c Kc Kh 2s]
Seat 1: jl45259071 (button) (small blind) folded on the Turn
Seat 2: 7moneymaster (big blind) collected ($11.76)


PokerStars Hand #147235980019:  Hold'em Limit ($3/$6 USD) - 2016/01/17 23:49:05 ET
Table 'Kleopatra' 2-max Seat #2 is the button
Seat 1: jl45259071 ($92.64 in chips)
Seat 2: 7moneymaster ($299.02 in chips)
7moneymaster: posts small blind $1
jl45259071: posts big blind $3
*** HOLE CARDS ***
7moneymaster: folds
Uncalled bet ($2) returned to jl45259071
jl45259071 collected $2 from pot
jl45259071: doesn't show hand
*** SUMMARY ***
Total pot $2 | Rake $0
Seat 1: jl45259071 (big blind) collected ($2)
Seat 2: 7moneymaster (button) (small blind) folded before Flop


PokerStars Hand #147236001510:  Hold'em Limit ($3/$6 USD) - 2016/01/17 23:50:22 ET
Table 'Kleopatra' 2-max Seat #1 is the button
Seat 1: jl45259071 ($94.40 in chips)
Seat 2: 7moneymaster ($296.78 in chips)
jl45259071: posts small blind $1
7moneymaster: posts big blind $3
*** HOLE CARDS ***
jl45259071: calls $2
7moneymaster: raises $3 to $6
jl45259071: calls $3
*** FLOP *** [9h 7c Qc]
7moneymaster: bets $3
jl45259071: calls $3
*** TURN *** [9h 7c Qc] [3s]
7moneymaster: bets $6
jl45259071: calls $6
*** RIVER *** [9h 7c Qc 3s] [5c]
7moneymaster: bets $6
jl45259071: raises $6 to $12
7moneymaster: folds
Uncalled bet ($6) returned to jl45259071
jl45259071 collected $41.50 from pot
jl45259071: doesn't show hand
*** SUMMARY ***
Total pot $42 | Rake $0.50
Board [9h 7c Qc 3s 5c]
Seat 1: jl45259071 (button) (small blind) collected ($41.50)
Seat 2: 7moneymaster (big blind) folded on the River


PokerStars Hand #147235997153:  Hold'em Limit ($3/$6 USD) - 2016/01/17 23:50:06 ET
Table 'Kleopatra' 2-max Seat #2 is the button
Seat 1: jl45259071 ($91.52 in chips)
Seat 2: 7moneymaster ($299.78 in chips)
7moneymaster: posts small blind $1
jl45259071: posts big blind $3
*** HOLE CARDS ***
7moneymaster: calls $2
jl45259071: checks
*** FLOP *** [Qh 3d Jd]
jl45259071: checks
7moneymaster: checks
*** TURN *** [Qh 3d Jd] [6s]
jl45259071: bets $6
7moneymaster: folds
Uncalled bet ($6) returned to jl45259071
jl45259071 collected $5.88 from pot
jl45259071: doesn't show hand
*** SUMMARY ***
Total pot $6 | Rake $0.12
Board [Qh 3d Jd 6s]
Seat 1: jl45259071 (big blind) collected ($5.88)
Seat 2: 7moneymaster (button) (small blind) folded on the Turn


PokerStars Hand #147236021872:  Hold'em Limit ($3/$6 USD) - 2016/01/17 23:51:36 ET
Table 'Kleopatra' 2-max Seat #1 is the button
Seat 1: jl45259071 ($104.78 in chips)
Seat 2: 7moneymaster ($285.30 in chips)
jl45259071: posts small blind $1
7moneymaster: posts big blind $3
*** HOLE CARDS ***
jl45259071: calls $2
7moneymaster: raises $3 to $6
jl45259071: calls $3
*** FLOP *** [3s Ah Kc]
7moneymaster: bets $3
jl45259071: calls $3
*** TURN *** [3s Ah Kc] [7d]
7moneymaster: checks
jl45259071: checks
*** RIVER *** [3s Ah Kc 7d] [Js]
7moneymaster: checks
jl45259071: checks
*** SHOW DOWN ***
7moneymaster: shows [Qd 9c] (high card Ace)
jl45259071: shows [7s 8s] (a pair of Sevens)
jl45259071 collected $17.64 from pot
*** SUMMARY ***
Total pot $18 | Rake $0.36
Board [3s Ah Kc 7d Js]
Seat 1: jl45259071 (button) (small blind) showed [7s 8s] and won ($17.64) with a pair of Sevens
Seat 2: 7moneymaster (big blind) showed [Qd 9c] and lost with high card Ace


PokerStars Hand #147236016677:  Hold'em Limit ($3/$6 USD) - 2016/01/17 23:51:17 ET
Table 'Kleopatra' 2-max Seat #2 is the button
Seat 1: jl45259071 ($104.90 in chips)
Seat 2: 7moneymaster ($285.42 in chips)
7moneymaster: posts small blind $1
jl45259071: posts big blind $3
*** HOLE CARDS ***
7moneymaster: calls $2
jl45259071: checks
*** FLOP *** [As 3s Qc]
jl45259071: checks
7moneymaster: bets $3
jl45259071: calls $3
*** TURN *** [As 3s Qc] [Qs]
jl45259071: checks
7moneymaster: checks
*** RIVER *** [As 3s Qc Qs] [3h]
jl45259071: checks
7moneymaster: checks
*** SHOW DOWN ***
jl45259071: shows [8d Tc] (two pair, Queens and Threes)
7moneymaster: shows [5s 8h] (two pair, Queens and Threes)
jl45259071 collected $5.88 from pot
7moneymaster collected $5.88 from pot
*** SUMMARY ***
Total pot $12 | Rake $0.24
Board [As 3s Qc Qs 3h]
Seat 1: jl45259071 (big blind) showed [8d Tc] and won ($5.88) with two pair, Queens and Threes
Seat 2: 7moneymaster (button) (small blind) showed [5s 8h] and won ($5.88) with two pair, Queens and Threes


PokerStars Hand #147236015202:  Hold'em Limit ($3/$6 USD) - 2016/01/17 23:51:12 ET
Table 'Kleopatra' 2-max Seat #1 is the button
Seat 1: jl45259071 ($105.90 in chips)
Seat 2: 7moneymaster ($284.42 in chips)
jl45259071: posts small blind $1
7moneymaster: posts big blind $3
*** HOLE CARDS ***
jl45259071: folds
Uncalled bet ($2) returned to 7moneymaster
7moneymaster collected $2 from pot
7moneymaster: doesn't show hand
*** SUMMARY ***
Total pot $2 | Rake $0
Seat 1: jl45259071 (button) (small blind) folded before Flop
Seat 2: 7moneymaster (big blind) collected ($2)


PokerStars Hand #147236007445:  Hold'em Limit ($3/$6 USD) - 2016/01/17 23:50:44 ET
Table 'Kleopatra' 2-max Seat #2 is the button
Seat 1: jl45259071 ($114.90 in chips)
Seat 2: 7moneymaster ($275.78 in chips)
7moneymaster: posts small blind $1
jl45259071: posts big blind $3
*** HOLE CARDS ***
7moneymaster: calls $2
jl45259071: checks
*** FLOP *** [9d 3h 7h]
jl45259071: bets $3
7moneymaster: raises $3 to $6
jl45259071: calls $3
*** TURN *** [9d 3h 7h] [2d]
jl45259071: checks
7moneymaster: bets $6
jl45259071: folds
Uncalled bet ($6) returned to 7moneymaster
7moneymaster collected $17.64 from pot
7moneymaster: doesn't show hand
*** SUMMARY ***
Total pot $18 | Rake $0.36
Board [9d 3h 7h 2d]
Seat 1: jl45259071 (big blind) folded on the Turn
Seat 2: 7moneymaster (button) (small blind) collected ($17.64)


PokerStars Hand #147236038460:  Hold'em Limit ($3/$6 USD) - 2016/01/17 23:52:36 ET
Table 'Kleopatra' 2-max Seat #2 is the button
Seat 1: jl45259071 ($116.18 in chips)
Seat 2: 7moneymaster ($273.18 in chips)
7moneymaster: posts small blind $1
jl45259071: posts big blind $3
*** HOLE CARDS ***
7moneymaster: raises $3 to $6
jl45259071: calls $3
*** FLOP *** [3h Jc 6d]
jl45259071: checks
7moneymaster: bets $3
jl45259071: raises $3 to $6
7moneymaster: calls $3
*** TURN *** [3h Jc 6d] [Qs]
jl45259071: checks
7moneymaster: bets $6
jl45259071: calls $6
*** RIVER *** [3h Jc 6d Qs] [8s]
jl45259071: checks
7moneymaster: bets $6
jl45259071: calls $6
*** SHOW DOWN ***
7moneymaster: shows [9d Js] (a pair of Jacks)
jl45259071: mucks hand
7moneymaster collected $47.50 from pot
*** SUMMARY ***
Total pot $48 | Rake $0.50
Board [3h Jc 6d Qs 8s]
Seat 1: jl45259071 (big blind) mucked
Seat 2: 7moneymaster (button) (small blind) showed [9d Js] and won ($47.50) with a pair of Jacks


PokerStars Hand #147236032463:  Hold'em Limit ($3/$6 USD) - 2016/01/17 23:52:14 ET
Table 'Kleopatra' 2-max Seat #1 is the button
Seat 1: jl45259071 ($119.18 in chips)
Seat 2: 7moneymaster ($270.30 in chips)
jl45259071: posts small blind $1
7moneymaster: posts big blind $3
*** HOLE CARDS ***
jl45259071: calls $2
7moneymaster: checks
*** FLOP *** [5h Jh 9s]
7moneymaster: checks
jl45259071: checks
*** TURN *** [5h Jh 9s] [Qc]
7moneymaster: checks
jl45259071: checks
*** RIVER *** [5h Jh 9s Qc] [6c]
7moneymaster: checks
jl45259071: checks
*** SHOW DOWN ***
7moneymaster: shows [Kc 6h] (a pair of Sixes)
jl45259071: mucks hand
7moneymaster collected $5.88 from pot
*** SUMMARY ***
Total pot $6 | Rake $0.12
Board [5h Jh 9s Qc 6c]
Seat 1: jl45259071 (button) (small blind) mucked
Seat 2: 7moneymaster (big blind) showed [Kc 6h] and won ($5.88) with a pair of Sixes


PokerStars Hand #147236025883:  Hold'em Limit ($3/$6 USD) - 2016/01/17 23:51:50 ET
Table 'Kleopatra' 2-max Seat #2 is the button
Seat 1: jl45259071 ($113.42 in chips)
Seat 2: 7moneymaster ($276.30 in chips)
7moneymaster: posts small blind $1
jl45259071: posts big blind $3
*** HOLE CARDS ***
7moneymaster: calls $2
jl45259071: checks
*** FLOP *** [4s 8c 7c]
jl45259071: checks
7moneymaster: bets $3
jl45259071: calls $3
*** TURN *** [4s 8c 7c] [Qd]
jl45259071: checks
7moneymaster: checks
*** RIVER *** [4s 8c 7c Qd] [7d]
jl45259071: bets $6
7moneymaster: folds
Uncalled bet ($6) returned to jl45259071
jl45259071 collected $11.76 from pot
jl45259071: doesn't show hand
*** SUMMARY ***
Total pot $12 | Rake $0.24
Board [4s 8c 7c Qd 7d]
Seat 1: jl45259071 (big blind) collected ($11.76)
Seat 2: 7moneymaster (button) (small blind) folded on the River


PokerStars Hand #147236055918:  Hold'em Limit ($3/$6 USD) - 2016/01/17 23:53:39 ET
Table 'Kleopatra' 2-max Seat #2 is the button
Seat 1: jl45259071 ($100.82 in chips)
Seat 2: 7moneymaster ($287.68 in chips)
7moneymaster: posts small blind $1
jl45259071: posts big blind $3
*** HOLE CARDS ***
7moneymaster: raises $3 to $6
jl45259071: calls $3
*** FLOP *** [Ts Kc Kh]
jl45259071: checks
7moneymaster: bets $3
jl45259071: folds
Uncalled bet ($3) returned to 7moneymaster
7moneymaster collected $11.76 from pot
7moneymaster: doesn't show hand
jl45259071 leaves the table
*** SUMMARY ***
Total pot $12 | Rake $0.24
Board [Ts Kc Kh]
Seat 1: jl45259071 (big blind) folded on the Flop
Seat 2: 7moneymaster (button) (small blind) collected ($11.76)


PokerStars Hand #147236046823:  Hold'em Limit ($3/$6 USD) - 2016/01/17 23:53:07 ET
Table 'Kleopatra' 2-max Seat #1 is the button
Seat 1: jl45259071 ($92.18 in chips)
Seat 2: 7moneymaster ($296.68 in chips)
jl45259071: posts small blind $1
7moneymaster: posts big blind $3
*** HOLE CARDS ***
jl45259071: raises $3 to $6
7moneymaster: calls $3
*** FLOP *** [Qh 8h Ah]
7moneymaster: checks
jl45259071: bets $3
7moneymaster: calls $3
*** TURN *** [Qh 8h Ah] [Ks]
7moneymaster: checks
jl45259071: checks
*** RIVER *** [Qh 8h Ah Ks] [7d]
7moneymaster: checks
jl45259071: bets $6
7moneymaster: folds
Uncalled bet ($6) returned to jl45259071
jl45259071 collected $17.64 from pot
jl45259071: doesn't show hand
*** SUMMARY ***
Total pot $18 | Rake $0.36
Board [Qh 8h Ah Ks 7d]
Seat 1: jl45259071 (button) (small blind) collected ($17.64)
Seat 2: 7moneymaster (big blind) folded on the River


