PokerStars Hand #171175836991:  Hold'em Limit ($3/$6 USD) - 2017/05/31 17:44:47 ET
Table 'Klet' 6-max Seat #5 is the button
Seat 4: TbIP-TbIP 88 ($72 in chips)
Seat 5: MForce007 ($31 in chips)
MForce007: posts small blind $1
TbIP-TbIP 88: posts big blind $3
*** HOLE CARDS ***
MForce007: calls $2
TbIP-TbIP 88: checks
*** FLOP *** [Qd Qh Qs]
TbIP-TbIP 88: bets $3
MForce007: calls $3
*** TURN *** [Qd Qh Qs] [Ks]
TbIP-TbIP 88: checks
MForce007: bets $6
TbIP-TbIP 88: folds
Uncalled bet ($6) returned to MForce007
MForce007 collected $11.76 from pot
MForce007: doesn't show hand
*** SUMMARY ***
Total pot $12 | Rake $0.24
Board [Qd Qh Qs Ks]
Seat 4: TbIP-TbIP 88 (big blind) folded on the Turn
Seat 5: MForce007 (button) (small blind) collected ($11.76)


PokerStars Hand #171175853096:  Hold'em Limit ($3/$6 USD) - 2017/05/31 17:45:08 ET
Table 'Klet' 6-max Seat #4 is the button
Seat 4: TbIP-TbIP 88 ($72 in chips)
Seat 5: MForce007 ($36.76 in chips)
TbIP-TbIP 88: posts small blind $1
MForce007: posts big blind $3
*** HOLE CARDS ***
TbIP-TbIP 88: folds
Uncalled bet ($2) returned to MForce007
MForce007 collected $2 from pot
MForce007: doesn't show hand
*** SUMMARY ***
Total pot $2 | Rake $0
Seat 4: TbIP-TbIP 88 (button) (small blind) folded before Flop
Seat 5: MForce007 (big blind) collected ($2)


PokerStars Hand #171175856962:  Hold'em Limit ($3/$6 USD) - 2017/05/31 17:45:13 ET
Table 'Klet' 6-max Seat #5 is the button
Seat 4: TbIP-TbIP 88 ($72 in chips)
Seat 5: MForce007 ($37.76 in chips)
MForce007: posts small blind $1
TbIP-TbIP 88: posts big blind $3
*** HOLE CARDS ***
MForce007: folds
Uncalled bet ($2) returned to TbIP-TbIP 88
TbIP-TbIP 88 collected $2 from pot
TbIP-TbIP 88: doesn't show hand
*** SUMMARY ***
Total pot $2 | Rake $0
Seat 4: TbIP-TbIP 88 (big blind) collected ($2)
Seat 5: MForce007 (button) (small blind) folded before Flop


