PokerStars Hand #154469306393:  Hold'em Limit ($3/$6 USD) - 2016/06/08 14:11:24 ET
Table 'Klet' 10-max Seat #6 is the button
Seat 6: vladal 888 ($91.54 in chips)
Seat 7: asino222 ($60 in chips)
vladal 888: posts small blind $1
asino222: posts big blind $3
*** HOLE CARDS ***
vladal 888: calls $2
asino222: checks
*** FLOP *** [4d 9d 4h]
asino222: checks
Chessnok joins the table at seat #8
vladal 888: checks
*** TURN *** [4d 9d 4h] [Qh]
asino222: checks
vladal 888: bets $6
asino222: folds
Uncalled bet ($6) returned to vladal 888
vladal 888 collected $5.88 from pot
*** SUMMARY ***
Total pot $6 | Rake $0.12
Board [4d 9d 4h Qh]
Seat 6: vladal 888 (button) (small blind) collected ($5.88)
Seat 7: asino222 (big blind) folded on the Turn


PokerStars Hand #154470732121:  Hold'em Limit ($3/$6 USD) - 2016/06/08 14:40:20 ET
Table 'Klet' 10-max Seat #8 is the button
Seat 6: vladal 888 ($86.75 in chips)
Seat 8: Chessnok ($101.71 in chips)
Chessnok: posts small blind $1
grabaz: is sitting out
vladal 888: posts big blind $3
*** HOLE CARDS ***
Chessnok: raises $3 to $6
vladal 888: calls $3
*** FLOP *** [6c 2c 5h]
vladal 888: checks
Chessnok: bets $3
vladal 888: calls $3
*** TURN *** [6c 2c 5h] [Js]
vladal 888: checks
grabaz leaves the table
Chessnok: bets $6
vladal 888: calls $6
*** RIVER *** [6c 2c 5h Js] [Qs]
vladal 888: checks
Chessnok: bets $6
vladal 888: calls $6
*** SHOW DOWN ***
Chessnok: shows [7h Jd] (a pair of Jacks)
vladal 888: mucks hand
Chessnok collected $41.50 from pot
*** SUMMARY ***
Total pot $42 | Rake $0.50
Board [6c 2c 5h Js Qs]
Seat 6: vladal 888 (big blind) mucked
Seat 8: Chessnok (button) (small blind) showed [7h Jd] and won ($41.50) with a pair of Jacks


PokerStars Hand #154470773490:  Hold'em Limit ($3/$6 USD) - 2016/06/08 14:41:10 ET
Table 'Klet' 10-max Seat #8 is the button
Seat 6: vladal 888 ($72.75 in chips)
Seat 8: Chessnok ($115.21 in chips)
Chessnok: posts small blind $1
vladal 888: posts big blind $3
*** HOLE CARDS ***
Chessnok: raises $3 to $6
vladal 888: calls $3
*** FLOP *** [2c 5c 9s]
vladal 888: checks
Chessnok: bets $3
vladal 888: calls $3
*** TURN *** [2c 5c 9s] [4s]
vladal 888: checks
Chessnok: bets $6
vladal 888: calls $6
*** RIVER *** [2c 5c 9s 4s] [2h]
vladal 888: checks
Chessnok: bets $6
vladal 888: calls $6
*** SHOW DOWN ***
Chessnok: shows [4c Kh] (two pair, Fours and Deuces)
vladal 888: mucks hand
Chessnok collected $41.50 from pot
*** SUMMARY ***
Total pot $42 | Rake $0.50
Board [2c 5c 9s 4s 2h]
Seat 6: vladal 888 (big blind) mucked
Seat 8: Chessnok (button) (small blind) showed [4c Kh] and won ($41.50) with two pair, Fours and Deuces


PokerStars Hand #154470767097:  Hold'em Limit ($3/$6 USD) - 2016/06/08 14:41:02 ET
Table 'Klet' 10-max Seat #6 is the button
Seat 6: vladal 888 ($69.75 in chips)
Seat 8: Chessnok ($118.21 in chips)
vladal 888: posts small blind $1
Chessnok: posts big blind $3
*** HOLE CARDS ***
vladal 888: raises $3 to $6
Chessnok: folds
Uncalled bet ($3) returned to vladal 888
vladal 888 collected $6 from pot
*** SUMMARY ***
Total pot $6 | Rake $0
Seat 6: vladal 888 (button) (small blind) collected ($6)
Seat 8: Chessnok (big blind) folded before Flop


PokerStars Hand #154470762554:  Hold'em Limit ($3/$6 USD) - 2016/06/08 14:40:57 ET
Table 'Klet' 10-max Seat #8 is the button
Seat 6: vladal 888 ($68.75 in chips)
Seat 8: Chessnok ($119.21 in chips)
Chessnok: posts small blind $1
vladal 888: posts big blind $3
*** HOLE CARDS ***
Chessnok: folds
Uncalled bet ($2) returned to vladal 888
vladal 888 collected $2 from pot
*** SUMMARY ***
Total pot $2 | Rake $0
Seat 6: vladal 888 (big blind) collected ($2)
Seat 8: Chessnok (button) (small blind) folded before Flop


PokerStars Hand #154470756114:  Hold'em Limit ($3/$6 USD) - 2016/06/08 14:40:49 ET
Table 'Klet' 10-max Seat #6 is the button
Seat 6: vladal 888 ($65.75 in chips)
Seat 8: Chessnok ($122.21 in chips)
vladal 888: posts small blind $1
Chessnok: posts big blind $3
*** HOLE CARDS ***
vladal 888: raises $3 to $6
Chessnok: folds
Uncalled bet ($3) returned to vladal 888
vladal 888 collected $6 from pot
*** SUMMARY ***
Total pot $6 | Rake $0
Seat 6: vladal 888 (button) (small blind) collected ($6)
Seat 8: Chessnok (big blind) folded before Flop


PokerStars Hand #154470845815:  Hold'em Limit ($3/$6 USD) - 2016/06/08 14:42:34 ET
Table 'Klet' 10-max Seat #8 is the button
Seat 6: vladal 888 ($48.15 in chips)
Seat 8: Chessnok ($138.21 in chips)
Chessnok: posts small blind $1
vladal 888: posts big blind $3
*** HOLE CARDS ***
Chessnok: raises $3 to $6
vladal 888: folds
Uncalled bet ($3) returned to Chessnok
Chessnok collected $6 from pot
Chessnok: doesn't show hand
*** SUMMARY ***
Total pot $6 | Rake $0
Seat 6: vladal 888 (big blind) folded before Flop
Seat 8: Chessnok (button) (small blind) collected ($6)


PokerStars Hand #154470832782:  Hold'em Limit ($3/$6 USD) - 2016/06/08 14:42:19 ET
Table 'Klet' 10-max Seat #6 is the button
Seat 6: vladal 888 ($42.39 in chips)
Seat 8: Chessnok ($144.21 in chips)
vladal 888: posts small blind $1
Chessnok: posts big blind $3
*** HOLE CARDS ***
vladal 888: raises $3 to $6
Chessnok: calls $3
*** FLOP *** [4d Qd As]
Chessnok: checks
vladal 888: bets $3
Chessnok: folds
Uncalled bet ($3) returned to vladal 888
vladal 888 collected $11.76 from pot
*** SUMMARY ***
Total pot $12 | Rake $0.24
Board [4d Qd As]
Seat 6: vladal 888 (button) (small blind) collected ($11.76)
Seat 8: Chessnok (big blind) folded on the Flop


PokerStars Hand #154470815894:  Hold'em Limit ($3/$6 USD) - 2016/06/08 14:42:01 ET
Table 'Klet' 10-max Seat #8 is the button
Seat 6: vladal 888 ($33.75 in chips)
Seat 8: Chessnok ($153.21 in chips)
Chessnok: posts small blind $1
vladal 888: posts big blind $3
*** HOLE CARDS ***
Chessnok: raises $3 to $6
vladal 888: raises $3 to $9
Chessnok: calls $3
*** FLOP *** [Ad 7d Kd]
vladal 888: bets $3
Chessnok: folds
Uncalled bet ($3) returned to vladal 888
vladal 888 collected $17.64 from pot
*** SUMMARY ***
Total pot $18 | Rake $0.36
Board [Ad 7d Kd]
Seat 6: vladal 888 (big blind) collected ($17.64)
Seat 8: Chessnok (button) (small blind) folded on the Flop


PokerStars Hand #154470793926:  Hold'em Limit ($3/$6 USD) - 2016/06/08 14:41:35 ET
Table 'Klet' 10-max Seat #6 is the button
Seat 6: vladal 888 ($51.75 in chips)
Seat 8: Chessnok ($135.71 in chips)
vladal 888: posts small blind $1
Chessnok: posts big blind $3
*** HOLE CARDS ***
vladal 888: raises $3 to $6
Chessnok: raises $3 to $9
vladal 888: calls $3
*** FLOP *** [Jc 6h 7d]
Chessnok: bets $3
vladal 888: calls $3
*** TURN *** [Jc 6h 7d] [9h]
Chessnok: checks
vladal 888: checks
*** RIVER *** [Jc 6h 7d 9h] [Jd]
Chessnok: bets $6
vladal 888: calls $6
*** SHOW DOWN ***
Chessnok: shows [Qs Qc] (two pair, Queens and Jacks)
vladal 888: mucks hand
Chessnok collected $35.50 from pot
*** SUMMARY ***
Total pot $36 | Rake $0.50
Board [Jc 6h 7d 9h Jd]
Seat 6: vladal 888 (button) (small blind) mucked
Seat 8: Chessnok (big blind) showed [Qs Qc] and won ($35.50) with two pair, Queens and Jacks


PokerStars Hand #154470874608:  Hold'em Limit ($3/$6 USD) - 2016/06/08 14:43:09 ET
Table 'Klet' 10-max Seat #8 is the button
Seat 6: vladal 888 ($21.15 in chips)
Seat 8: Chessnok ($164.71 in chips)
Chessnok: posts small blind $1
vladal 888: posts big blind $3
*** HOLE CARDS ***
grabaz joins the table at seat #7
Chessnok: raises $3 to $6
vladal 888: folds
Uncalled bet ($3) returned to Chessnok
Chessnok collected $6 from pot
Chessnok: doesn't show hand
*** SUMMARY ***
Total pot $6 | Rake $0
Seat 6: vladal 888 (big blind) folded before Flop
Seat 8: Chessnok (button) (small blind) collected ($6)


PokerStars Hand #154470854503:  Hold'em Limit ($3/$6 USD) - 2016/06/08 14:42:45 ET
Table 'Klet' 10-max Seat #6 is the button
Seat 6: vladal 888 ($45.15 in chips)
Seat 8: Chessnok ($141.21 in chips)
vladal 888: posts small blind $1
Chessnok: posts big blind $3
*** HOLE CARDS ***
vladal 888: raises $3 to $6
Chessnok: calls $3
*** FLOP *** [8c 9s Ts]
Chessnok: checks
vladal 888: bets $3
Chessnok: raises $3 to $6
vladal 888: calls $3
*** TURN *** [8c 9s Ts] [5c]
Chessnok: bets $6
vladal 888: calls $6
*** RIVER *** [8c 9s Ts 5c] [4h]
Chessnok: bets $6
vladal 888: calls $6
*** SHOW DOWN ***
Chessnok: shows [2s 8s] (a pair of Eights)
vladal 888: mucks hand
Chessnok collected $47.50 from pot
*** SUMMARY ***
Total pot $48 | Rake $0.50
Board [8c 9s Ts 5c 4h]
Seat 6: vladal 888 (button) (small blind) mucked
Seat 8: Chessnok (big blind) showed [2s 8s] and won ($47.50) with a pair of Eights


PokerStars Hand #154470930029:  Hold'em Limit ($3/$6 USD) - 2016/06/08 14:44:16 ET
Table 'Klet' 10-max Seat #8 is the button
Seat 7: grabaz ($238.77 in chips)
Seat 8: Chessnok ($184.56 in chips)
Chessnok: posts small blind $1
grabaz: posts big blind $3
*** HOLE CARDS ***
Chessnok: raises $3 to $6
grabaz: calls $3
*** FLOP *** [5s 3s Qs]
grabaz: checks
Chessnok: bets $3
grabaz: calls $3
*** TURN *** [5s 3s Qs] [6d]
grabaz: checks
Chessnok: bets $6
grabaz: raises $6 to $12
Chessnok: calls $6
*** RIVER *** [5s 3s Qs 6d] [3d]
grabaz: bets $6
Chessnok: calls $6
vladal 888 leaves the table
*** SHOW DOWN ***
grabaz: shows [6h 3h] (a full house, Threes full of Sixes)
Chessnok: mucks hand
grabaz collected $53.50 from pot
xcgxcg2005 joins the table at seat #4
*** SUMMARY ***
Total pot $54 | Rake $0.50
Board [5s 3s Qs 6d 3d]
Seat 7: grabaz (big blind) showed [6h 3h] and won ($53.50) with a full house, Threes full of Sixes
Seat 8: Chessnok (button) (small blind) mucked


PokerStars Hand #154485217739:  Hold'em Limit ($3/$6 USD) - 2016/06/08 19:45:18 ET
Table 'Klet' 10-max Seat #7 is the button
Seat 7: Pandakey ($120 in chips)
Seat 8: wastemytim3 ($60 in chips)
Pandakey: posts small blind $1
wastemytim3: posts big blind $3
*** HOLE CARDS ***
Pandakey: raises $3 to $6
wastemytim3: raises $3 to $9
ToDaFelt joins the table at seat #9
Pandakey: calls $3
*** FLOP *** [Th Jd Qd]
wastemytim3: bets $3
Pandakey: calls $3
*** TURN *** [Th Jd Qd] [6c]
wastemytim3: bets $6
Pandakey: calls $6
*** RIVER *** [Th Jd Qd 6c] [Jh]
wastemytim3: bets $6
Pandakey: folds
Uncalled bet ($6) returned to wastemytim3
wastemytim3 collected $35.50 from pot
wastemytim3: doesn't show hand
*** SUMMARY ***
Total pot $36 | Rake $0.50
Board [Th Jd Qd 6c Jh]
Seat 7: Pandakey (button) (small blind) folded on the River
Seat 8: wastemytim3 (big blind) collected ($35.50)


PokerStars Hand #154485284264:  Hold'em Limit ($3/$6 USD) - 2016/06/08 19:47:11 ET
Table 'Klet' 10-max Seat #9 is the button
Seat 8: wastemytim3 ($119.77 in chips)
Seat 9: ToDaFelt ($180 in chips)
ToDaFelt: posts small blind $1
Pandakey: is sitting out
wastemytim3: posts big blind $3
*** HOLE CARDS ***
ToDaFelt: raises $3 to $6
wastemytim3: folds
Uncalled bet ($3) returned to ToDaFelt
ToDaFelt collected $6 from pot
ToDaFelt: doesn't show hand
*** SUMMARY ***
Total pot $6 | Rake $0
Seat 8: wastemytim3 (big blind) folded before Flop
Seat 9: ToDaFelt (button) (small blind) collected ($6)


