PokerStars Hand #163409739716:  Hold'em Limit ($3/$6 USD) - 2016/12/23 15:34:24 ET
Table 'Klet II' 6-max Seat #1 is the button
Seat 1: Chrisgalo33 ($29.75 in chips)
Seat 2: kolaz03 ($72 in chips)
Chrisgalo33: posts small blind $1
kolaz03: posts big blind $3
*** HOLE CARDS ***
ToDaFelt joins the table at seat #3
Chrisgalo33: calls $2
kolaz03: raises $3 to $6
Chrisgalo33: calls $3
*** FLOP *** [Ah 6h 7c]
kolaz03: bets $3
Chrisgalo33: folds
Uncalled bet ($3) returned to kolaz03
kolaz03 collected $11.76 from pot
kolaz03: doesn't show hand
*** SUMMARY ***
Total pot $12 | Rake $0.24
Board [Ah 6h 7c]
Seat 1: Chrisgalo33 (button) (small blind) folded on the Flop
Seat 2: kolaz03 (big blind) collected ($11.76)


PokerStars Hand #163409694591:  Hold'em Limit ($3/$6 USD) - 2016/12/23 15:33:39 ET
Table 'Klet II' 6-max Seat #2 is the button
Seat 1: Chrisgalo33 ($30 in chips)
Seat 2: kolaz03 ($72 in chips)
kolaz03: posts small blind $1
GoliafUa: is sitting out
Chrisgalo33: posts big blind $3
*** HOLE CARDS ***
kolaz03: raises $3 to $6
Chrisgalo33: calls $3
*** FLOP *** [Jc 9d 7s]
Chrisgalo33: checks
kolaz03: bets $3
Chrisgalo33: calls $3
*** TURN *** [Jc 9d 7s] [Qs]
Chrisgalo33: checks
kolaz03: bets $6
Chrisgalo33: calls $6
*** RIVER *** [Jc 9d 7s Qs] [3c]
Chrisgalo33: checks
kolaz03: checks
*** SHOW DOWN ***
Chrisgalo33: shows [9h 6s] (a pair of Nines)
kolaz03: shows [9s 2s] (a pair of Nines)
Chrisgalo33 collected $14.75 from pot
kolaz03 collected $14.75 from pot
*** SUMMARY ***
Total pot $30 | Rake $0.50
Board [Jc 9d 7s Qs 3c]
Seat 1: Chrisgalo33 (big blind) showed [9h 6s] and won ($14.75) with a pair of Nines
Seat 2: kolaz03 (button) (small blind) showed [9s 2s] and won ($14.75) with a pair of Nines


PokerStars Hand #163409810255:  Hold'em Limit ($3/$6 USD) - 2016/12/23 15:35:36 ET
Table 'Klet II' 6-max Seat #2 is the button
Seat 2: kolaz03 ($100.05 in chips)
Seat 3: ToDaFelt ($120 in chips)
Kanetsuki will be allowed to play after the button
feilinho will be allowed to play after the button
kolaz03: posts small blind $1
ToDaFelt: posts big blind $3
*** HOLE CARDS ***
kolaz03: raises $3 to $6
ToDaFelt: calls $3
*** FLOP *** [Ah Jc Tc]
ToDaFelt: checks
feilinho leaves the table
kolaz03: bets $3
ToDaFelt: raises $3 to $6
kolaz03: calls $3
*** TURN *** [Ah Jc Tc] [Jd]
Chrisgalo33 leaves the table
ToDaFelt: bets $6
kolaz03: raises $6 to $12
ToDaFelt: calls $6
*** RIVER *** [Ah Jc Tc Jd] [Qc]
feilinho joins the table at seat #5
ToDaFelt: checks
kolaz03: bets $6
tchal1974 joins the table at seat #6
ToDaFelt: calls $6
*** SHOW DOWN ***
kolaz03: shows [Js Td] (a full house, Jacks full of Tens)
ToDaFelt: mucks hand
kolaz03 collected $59.50 from pot
*** SUMMARY ***
Total pot $60 | Rake $0.50
Board [Ah Jc Tc Jd Qc]
Seat 2: kolaz03 (button) (small blind) showed [Js Td] and won ($59.50) with a full house, Jacks full of Tens
Seat 3: ToDaFelt (big blind) mucked


PokerStars Hand #163413449007:  Hold'em Limit ($3/$6 USD) - 2016/12/23 16:39:18 ET
Table 'Klet II' 6-max Seat #3 is the button
Seat 2: feilinho ($70.26 in chips)
Seat 3: DECAlpha ($77.80 in chips)
DECAlpha: posts small blind $1
feilinho: posts big blind $3
*** HOLE CARDS ***
DECAlpha: raises $3 to $6
feilinho: calls $3
*** FLOP *** [Td 8h Tc]
feilinho: checks
DECAlpha: bets $3
feilinho: raises $3 to $6
DECAlpha: calls $3
*** TURN *** [Td 8h Tc] [Ah]
feilinho: checks
DECAlpha: checks
*** RIVER *** [Td 8h Tc Ah] [3c]
feilinho: checks
DECAlpha: checks
*** SHOW DOWN ***
feilinho: shows [8c 5h] (two pair, Tens and Eights)
DECAlpha: mucks hand
feilinho collected $23.52 from pot
*** SUMMARY ***
Total pot $24 | Rake $0.48
Board [Td 8h Tc Ah 3c]
Seat 2: feilinho (big blind) showed [8c 5h] and won ($23.52) with two pair, Tens and Eights
Seat 3: DECAlpha (button) (small blind) mucked


PokerStars Hand #163413472631:  Hold'em Limit ($3/$6 USD) - 2016/12/23 16:39:43 ET
Table 'Klet II' 6-max Seat #2 is the button
Seat 2: feilinho ($81.78 in chips)
Seat 3: DECAlpha ($65.80 in chips)
feilinho: posts small blind $1
DECAlpha: posts big blind $3
*** HOLE CARDS ***
feilinho: raises $3 to $6
DECAlpha: calls $3
*** FLOP *** [5s 3c Td]
DECAlpha: checks
feilinho: bets $3
DECAlpha: calls $3
*** TURN *** [5s 3c Td] [2d]
DECAlpha: bets $6
feilinho: raises $6 to $12
DECAlpha: calls $6
*** RIVER *** [5s 3c Td 2d] [8s]
DECAlpha: checks
feilinho: bets $6
DECAlpha: calls $6
*** SHOW DOWN ***
feilinho: shows [3s 2s] (two pair, Threes and Deuces)
DECAlpha: mucks hand
feilinho collected $53.50 from pot
*** SUMMARY ***
Total pot $54 | Rake $0.50
Board [5s 3c Td 2d 8s]
Seat 2: feilinho (button) (small blind) showed [3s 2s] and won ($53.50) with two pair, Threes and Deuces
Seat 3: DECAlpha (big blind) mucked


PokerStars Hand #163413430261:  Hold'em Limit ($3/$6 USD) - 2016/12/23 16:38:59 ET
Table 'Klet II' 6-max Seat #4 is the button
Seat 2: feilinho ($66.26 in chips)
Seat 4: jacob1776980 ($283.23 in chips)
DECAlpha will be allowed to play after the button
jacob1776980: posts small blind $1
Krazy90: is sitting out
feilinho: posts big blind $3
*** HOLE CARDS ***
Krazy90 leaves the table
jacob1776980: folds
Uncalled bet ($2) returned to feilinho
feilinho collected $2 from pot
*** SUMMARY ***
Total pot $2 | Rake $0
Seat 2: feilinho (big blind) collected ($2)
Seat 4: jacob1776980 (button) (small blind) folded before Flop


PokerStars Hand #163413506329:  Hold'em Limit ($3/$6 USD) - 2016/12/23 16:40:18 ET
Table 'Klet II' 6-max Seat #3 is the button
Seat 2: feilinho ($115.04 in chips)
Seat 3: DECAlpha ($31.80 in chips)
DECAlpha: posts small blind $1
feilinho: posts big blind $3
*** HOLE CARDS ***
DECAlpha: folds
Uncalled bet ($2) returned to feilinho
feilinho collected $2 from pot
*** SUMMARY ***
Total pot $2 | Rake $0
Seat 2: feilinho (big blind) collected ($2)
Seat 3: DECAlpha (button) (small blind) folded before Flop


PokerStars Hand #163413494795:  Hold'em Limit ($3/$6 USD) - 2016/12/23 16:40:06 ET
Table 'Klet II' 6-max Seat #2 is the button
Seat 2: feilinho ($109.28 in chips)
Seat 3: DECAlpha ($37.80 in chips)
feilinho: posts small blind $1
DECAlpha: posts big blind $3
*** HOLE CARDS ***
feilinho: raises $3 to $6
DECAlpha: calls $3
*** FLOP *** [2d Qd Jc]
DECAlpha: checks
feilinho: bets $3
DECAlpha: folds
Uncalled bet ($3) returned to feilinho
feilinho collected $11.76 from pot
*** SUMMARY ***
Total pot $12 | Rake $0.24
Board [2d Qd Jc]
Seat 2: feilinho (button) (small blind) collected ($11.76)
Seat 3: DECAlpha (big blind) folded on the Flop


PokerStars Hand #163413510435:  Hold'em Limit ($3/$6 USD) - 2016/12/23 16:40:23 ET
Table 'Klet II' 6-max Seat #2 is the button
Seat 2: feilinho ($116.04 in chips)
Seat 3: DECAlpha ($30.80 in chips)
feilinho: posts small blind $1
DECAlpha: posts big blind $3
*** HOLE CARDS ***
feilinho: raises $3 to $6
DECAlpha: calls $3
*** FLOP *** [3s 8s 4c]
DECAlpha: checks
feilinho: bets $3
DECAlpha: raises $3 to $6
feilinho: calls $3
*** TURN *** [3s 8s 4c] [4h]
DECAlpha: bets $6
feilinho: calls $6
*** RIVER *** [3s 8s 4c 4h] [2s]
DECAlpha: bets $6
feilinho: folds
Uncalled bet ($6) returned to DECAlpha
DECAlpha collected $35.50 from pot
DECAlpha: doesn't show hand
*** SUMMARY ***
Total pot $36 | Rake $0.50
Board [3s 8s 4c 4h 2s]
Seat 2: feilinho (button) (small blind) folded on the River
Seat 3: DECAlpha (big blind) collected ($35.50)


PokerStars Hand #163413543700:  Hold'em Limit ($3/$6 USD) - 2016/12/23 16:40:57 ET
Table 'Klet II' 6-max Seat #2 is the button
Seat 2: feilinho ($89.04 in chips)
Seat 3: DECAlpha ($56.94 in chips)
feilinho: posts small blind $1
DECAlpha: posts big blind $3
*** HOLE CARDS ***
feilinho: folds
Uncalled bet ($2) returned to DECAlpha
DECAlpha collected $2 from pot
DECAlpha: doesn't show hand
*** SUMMARY ***
Total pot $2 | Rake $0
Seat 2: feilinho (button) (small blind) folded before Flop
Seat 3: DECAlpha (big blind) collected ($2)


PokerStars Hand #163413525963:  Hold'em Limit ($3/$6 USD) - 2016/12/23 16:40:39 ET
Table 'Klet II' 6-max Seat #3 is the button
Seat 2: feilinho ($98.04 in chips)
Seat 3: DECAlpha ($48.30 in chips)
DECAlpha: posts small blind $1
feilinho: posts big blind $3
*** HOLE CARDS ***
DECAlpha: raises $3 to $6
feilinho: calls $3
*** FLOP *** [6c As 8s]
feilinho: checks
DECAlpha: bets $3
feilinho: calls $3
*** TURN *** [6c As 8s] [5s]
feilinho: checks
DECAlpha: checks
*** RIVER *** [6c As 8s 5s] [3c]
feilinho: checks
DECAlpha: bets $6
feilinho: folds
Uncalled bet ($6) returned to DECAlpha
DECAlpha collected $17.64 from pot
DECAlpha: doesn't show hand
*** SUMMARY ***
Total pot $18 | Rake $0.36
Board [6c As 8s 5s 3c]
Seat 2: feilinho (big blind) folded on the River
Seat 3: DECAlpha (button) (small blind) collected ($17.64)


PokerStars Hand #163413490937:  Hold'em Limit ($3/$6 USD) - 2016/12/23 16:40:02 ET
Table 'Klet II' 6-max Seat #3 is the button
Seat 2: feilinho ($108.28 in chips)
Seat 3: DECAlpha ($38.80 in chips)
DECAlpha: posts small blind $1
feilinho: posts big blind $3
*** HOLE CARDS ***
DECAlpha: folds
Uncalled bet ($2) returned to feilinho
feilinho collected $2 from pot
*** SUMMARY ***
Total pot $2 | Rake $0
Seat 2: feilinho (big blind) collected ($2)
Seat 3: DECAlpha (button) (small blind) folded before Flop


PokerStars Hand #163413564263:  Hold'em Limit ($3/$6 USD) - 2016/12/23 16:41:19 ET
Table 'Klet II' 6-max Seat #2 is the button
Seat 2: feilinho ($89.04 in chips)
Seat 3: DECAlpha ($56.94 in chips)
feilinho: posts small blind $1
DECAlpha: posts big blind $3
*** HOLE CARDS ***
feilinho: raises $3 to $6
DECAlpha: folds
Uncalled bet ($3) returned to feilinho
feilinho collected $6 from pot
*** SUMMARY ***
Total pot $6 | Rake $0
Seat 2: feilinho (button) (small blind) collected ($6)
Seat 3: DECAlpha (big blind) folded before Flop


PokerStars Hand #163413578281:  Hold'em Limit ($3/$6 USD) - 2016/12/23 16:41:34 ET
Table 'Klet II' 6-max Seat #3 is the button
Seat 2: feilinho ($92.04 in chips)
Seat 3: DECAlpha ($53.94 in chips)
DECAlpha: posts small blind $1
feilinho: posts big blind $3
*** HOLE CARDS ***
DECAlpha: raises $3 to $6
feilinho: calls $3
*** FLOP *** [Js 5h 8c]
feilinho: checks
DECAlpha: checks
*** TURN *** [Js 5h 8c] [3c]
feilinho: bets $6
DECAlpha: folds
Uncalled bet ($6) returned to feilinho
feilinho collected $11.76 from pot
*** SUMMARY ***
Total pot $12 | Rake $0.24
Board [Js 5h 8c 3c]
Seat 2: feilinho (big blind) collected ($11.76)
Seat 3: DECAlpha (button) (small blind) folded on the Turn


PokerStars Hand #163413573659:  Hold'em Limit ($3/$6 USD) - 2016/12/23 16:41:29 ET
Table 'Klet II' 6-max Seat #2 is the button
Seat 2: feilinho ($93.04 in chips)
Seat 3: DECAlpha ($52.94 in chips)
feilinho: posts small blind $1
DECAlpha: posts big blind $3
*** HOLE CARDS ***
feilinho: folds
Uncalled bet ($2) returned to DECAlpha
DECAlpha collected $2 from pot
DECAlpha: doesn't show hand
*** SUMMARY ***
Total pot $2 | Rake $0
Seat 2: feilinho (button) (small blind) folded before Flop
Seat 3: DECAlpha (big blind) collected ($2)


PokerStars Hand #163413552778:  Hold'em Limit ($3/$6 USD) - 2016/12/23 16:41:07 ET
Table 'Klet II' 6-max Seat #2 is the button
Seat 2: feilinho ($89.04 in chips)
Seat 3: DECAlpha ($56.94 in chips)
feilinho: posts small blind $1
DECAlpha: posts big blind $3
*** HOLE CARDS ***
feilinho: folds
Uncalled bet ($2) returned to DECAlpha
DECAlpha collected $2 from pot
DECAlpha: doesn't show hand
*** SUMMARY ***
Total pot $2 | Rake $0
Seat 2: feilinho (button) (small blind) folded before Flop
Seat 3: DECAlpha (big blind) collected ($2)


PokerStars Hand #163413548868:  Hold'em Limit ($3/$6 USD) - 2016/12/23 16:41:03 ET
Table 'Klet II' 6-max Seat #3 is the button
Seat 2: feilinho ($88.04 in chips)
Seat 3: DECAlpha ($57.94 in chips)
DECAlpha: posts small blind $1
feilinho: posts big blind $3
*** HOLE CARDS ***
DECAlpha: folds
Uncalled bet ($2) returned to feilinho
feilinho collected $2 from pot
*** SUMMARY ***
Total pot $2 | Rake $0
Seat 2: feilinho (big blind) collected ($2)
Seat 3: DECAlpha (button) (small blind) folded before Flop


PokerStars Hand #163413629390:  Hold'em Limit ($3/$6 USD) - 2016/12/23 16:42:23 ET
Table 'Klet II' 6-max Seat #3 is the button
Seat 2: feilinho ($129.94 in chips)
Seat 3: DECAlpha ($14.94 in chips)
DECAlpha: posts small blind $1
feilinho: posts big blind $3
*** HOLE CARDS ***
DECAlpha: raises $3 to $6
feilinho: raises $3 to $9
DECAlpha: calls $3
*** FLOP *** [3d 6h Qh]
feilinho: bets $3
DECAlpha: folds
Uncalled bet ($3) returned to feilinho
feilinho collected $17.64 from pot
*** SUMMARY ***
Total pot $18 | Rake $0.36
Board [3d 6h Qh]
Seat 2: feilinho (big blind) collected ($17.64)
Seat 3: DECAlpha (button) (small blind) folded on the Flop


PokerStars Hand #163413639111:  Hold'em Limit ($3/$6 USD) - 2016/12/23 16:42:33 ET
Table 'Klet II' 6-max Seat #2 is the button
Seat 2: feilinho ($138.58 in chips)
Seat 3: DECAlpha ($66.18 in chips)
feilinho: posts small blind $1
DECAlpha: posts big blind $3
*** HOLE CARDS ***
feilinho: folds
Uncalled bet ($2) returned to DECAlpha
DECAlpha collected $2 from pot
DECAlpha: doesn't show hand
*** SUMMARY ***
Total pot $2 | Rake $0
Seat 2: feilinho (button) (small blind) folded before Flop
Seat 3: DECAlpha (big blind) collected ($2)


PokerStars Hand #163413643963:  Hold'em Limit ($3/$6 USD) - 2016/12/23 16:42:38 ET
Table 'Klet II' 6-max Seat #3 is the button
Seat 2: feilinho ($137.58 in chips)
Seat 3: DECAlpha ($67.18 in chips)
DECAlpha: posts small blind $1
feilinho: posts big blind $3
*** HOLE CARDS ***
DECAlpha: raises $3 to $6
feilinho: calls $3
*** FLOP *** [9c 2h Ac]
feilinho: checks
DECAlpha: bets $3
feilinho: folds
Uncalled bet ($3) returned to DECAlpha
DECAlpha collected $11.76 from pot
DECAlpha: doesn't show hand
*** SUMMARY ***
Total pot $12 | Rake $0.24
Board [9c 2h Ac]
Seat 2: feilinho (big blind) folded on the Flop
Seat 3: DECAlpha (button) (small blind) collected ($11.76)


PokerStars Hand #163413623802:  Hold'em Limit ($3/$6 USD) - 2016/12/23 16:42:17 ET
Table 'Klet II' 6-max Seat #2 is the button
Seat 2: feilinho ($126.94 in chips)
Seat 3: DECAlpha ($17.94 in chips)
feilinho: posts small blind $1
DECAlpha: posts big blind $3
*** HOLE CARDS ***
feilinho: raises $3 to $6
DECAlpha: folds
Uncalled bet ($3) returned to feilinho
feilinho collected $6 from pot
*** SUMMARY ***
Total pot $6 | Rake $0
Seat 2: feilinho (button) (small blind) collected ($6)
Seat 3: DECAlpha (big blind) folded before Flop


PokerStars Hand #163413611922:  Hold'em Limit ($3/$6 USD) - 2016/12/23 16:42:05 ET
Table 'Klet II' 6-max Seat #3 is the button
Seat 2: feilinho ($118.30 in chips)
Seat 3: DECAlpha ($26.94 in chips)
DECAlpha: posts small blind $1
feilinho: posts big blind $3
*** HOLE CARDS ***
DECAlpha: raises $3 to $6
feilinho: raises $3 to $9
DECAlpha: calls $3
*** FLOP *** [4d Qh Js]
feilinho: bets $3
DECAlpha: folds
Uncalled bet ($3) returned to feilinho
feilinho collected $17.64 from pot
*** SUMMARY ***
Total pot $18 | Rake $0.36
Board [4d Qh Js]
Seat 2: feilinho (big blind) collected ($17.64)
Seat 3: DECAlpha (button) (small blind) folded on the Flop


PokerStars Hand #163413587681:  Hold'em Limit ($3/$6 USD) - 2016/12/23 16:41:44 ET
Table 'Klet II' 6-max Seat #2 is the button
Seat 2: feilinho ($97.80 in chips)
Seat 3: DECAlpha ($47.94 in chips)
feilinho: posts small blind $1
DECAlpha: posts big blind $3
*** HOLE CARDS ***
feilinho: raises $3 to $6
DECAlpha: calls $3
*** FLOP *** [7s 6h 5d]
DECAlpha: checks
feilinho: bets $3
DECAlpha: calls $3
*** TURN *** [7s 6h 5d] [7h]
DECAlpha: checks
feilinho: bets $6
DECAlpha: calls $6
*** RIVER *** [7s 6h 5d 7h] [4h]
DECAlpha: checks
feilinho: bets $6
DECAlpha: calls $6
*** SHOW DOWN ***
feilinho: shows [As 8d] (a straight, Four to Eight)
DECAlpha: mucks hand
feilinho collected $41.50 from pot
*** SUMMARY ***
Total pot $42 | Rake $0.50
Board [7s 6h 5d 7h 4h]
Seat 2: feilinho (button) (small blind) showed [As 8d] and won ($41.50) with a straight, Four to Eight
Seat 3: DECAlpha (big blind) mucked


PokerStars Hand #163413662613:  Hold'em Limit ($3/$6 USD) - 2016/12/23 16:42:58 ET
Table 'Klet II' 6-max Seat #3 is the button
Seat 2: feilinho ($130.58 in chips)
Seat 3: DECAlpha ($73.94 in chips)
DECAlpha: posts small blind $1
feilinho: posts big blind $3
*** HOLE CARDS ***
DECAlpha: folds
Uncalled bet ($2) returned to feilinho
feilinho collected $2 from pot
*** SUMMARY ***
Total pot $2 | Rake $0
Seat 2: feilinho (big blind) collected ($2)
Seat 3: DECAlpha (button) (small blind) folded before Flop


PokerStars Hand #163413652599:  Hold'em Limit ($3/$6 USD) - 2016/12/23 16:42:47 ET
Table 'Klet II' 6-max Seat #2 is the button
Seat 2: feilinho ($131.58 in chips)
Seat 3: DECAlpha ($72.94 in chips)
feilinho: posts small blind $1
DECAlpha: posts big blind $3
*** HOLE CARDS ***
feilinho: folds
Uncalled bet ($2) returned to DECAlpha
DECAlpha collected $2 from pot
DECAlpha: doesn't show hand
*** SUMMARY ***
Total pot $2 | Rake $0
Seat 2: feilinho (button) (small blind) folded before Flop
Seat 3: DECAlpha (big blind) collected ($2)


PokerStars Hand #163413666354:  Hold'em Limit ($3/$6 USD) - 2016/12/23 16:43:02 ET
Table 'Klet II' 6-max Seat #2 is the button
Seat 2: feilinho ($131.58 in chips)
Seat 3: DECAlpha ($72.94 in chips)
feilinho: posts small blind $1
DECAlpha: posts big blind $3
*** HOLE CARDS ***
feilinho: folds
Uncalled bet ($2) returned to DECAlpha
DECAlpha collected $2 from pot
DECAlpha: doesn't show hand
*** SUMMARY ***
Total pot $2 | Rake $0
Seat 2: feilinho (button) (small blind) folded before Flop
Seat 3: DECAlpha (big blind) collected ($2)


