PokerStars Hand #147794568603:  Hold'em Limit ($3/$6 USD) - 2016/01/27 18:59:04 ET
Table 'Klet II' 2-max Seat #2 is the button
Seat 1: elifnur2008 ($131 in chips)
Seat 2: sikici0 ($27.99 in chips)
sikici0: posts small blind $1
elifnur2008: posts big blind $3
*** HOLE CARDS ***
sikici0: raises $3 to $6
elifnur2008: calls $3
*** FLOP *** [Jc As Qh]
elifnur2008: checks
sikici0: bets $3
elifnur2008: calls $3
*** TURN *** [Jc As Qh] [8h]
elifnur2008: checks
sikici0: bets $6
elifnur2008: raises $6 to $12
sikici0: folds
Uncalled bet ($6) returned to elifnur2008
elifnur2008 collected $29.50 from pot
elifnur2008: doesn't show hand
*** SUMMARY ***
Total pot $30 | Rake $0.50
Board [Jc As Qh 8h]
Seat 1: elifnur2008 (big blind) collected ($29.50)
Seat 2: sikici0 (button) (small blind) folded on the Turn


PokerStars Hand #147794580558:  Hold'em Limit ($3/$6 USD) - 2016/01/27 18:59:23 ET
Table 'Klet II' 2-max Seat #1 is the button
Seat 1: elifnur2008 ($145.50 in chips)
Seat 2: sikici0 ($12.99 in chips)
elifnur2008: posts small blind $1
sikici0: posts big blind $3
*** HOLE CARDS ***
elifnur2008: raises $3 to $6
sikici0: raises $3 to $9
elifnur2008: raises $3 to $12
Betting is capped
sikici0: calls $3
*** FLOP *** [5c 5d 4s]
sikici0: bets $0.99 and is all-in
elifnur2008: calls $0.99
*** TURN *** [5c 5d 4s] [Qc]
*** RIVER *** [5c 5d 4s Qc] [6c]
*** SHOW DOWN ***
sikici0: shows [Td Jh] (a pair of Fives)
elifnur2008: shows [Ts Th] (two pair, Tens and Fives)
elifnur2008 collected $25.48 from pot
*** SUMMARY ***
Total pot $25.98 | Rake $0.50
Board [5c 5d 4s Qc 6c]
Seat 1: elifnur2008 (button) (small blind) showed [Ts Th] and won ($25.48) with two pair, Tens and Fives
Seat 2: sikici0 (big blind) showed [Td Jh] and lost with a pair of Fives


PokerStars Hand #147794545791:  Hold'em Limit ($3/$6 USD) - 2016/01/27 18:58:28 ET
Table 'Klet II' 2-max Seat #1 is the button
Seat 1: elifnur2008 ($113.50 in chips)
Seat 2: sikici0 ($45.99 in chips)
elifnur2008: posts small blind $1
sikici0: posts big blind $3
*** HOLE CARDS ***
elifnur2008: raises $3 to $6
sikici0: raises $3 to $9
elifnur2008: calls $3
*** FLOP *** [4h 6d 5s]
sikici0: bets $3
elifnur2008: calls $3
*** TURN *** [4h 6d 5s] [9h]
sikici0: bets $6
elifnur2008: raises $6 to $12
sikici0: folds
Uncalled bet ($6) returned to elifnur2008
elifnur2008 collected $35.50 from pot
elifnur2008: doesn't show hand
*** SUMMARY ***
Total pot $36 | Rake $0.50
Board [4h 6d 5s 9h]
Seat 1: elifnur2008 (button) (small blind) collected ($35.50)
Seat 2: sikici0 (big blind) folded on the Turn


