PokerStars Hand #175450325164:  Hold'em Limit ($3/$6 USD) - 2017/09/10 6:38:57 ET
Table 'Klio' 6-max Seat #3 is the button
Seat 1: jerkkuli ($80.80 in chips)
Seat 3: Theoderich28 ($150 in chips)
Theoderich28: posts small blind $1
ionellu joins the table at seat #5
VolkovDmitri has timed out
VolkovDmitri: is sitting out
jerkkuli: posts big blind $3
*** HOLE CARDS ***
Theoderich28: raises $3 to $6
Apanage joins the table at seat #2
jerkkuli: folds
Uncalled bet ($3) returned to Theoderich28
Theoderich28 collected $6 from pot
*** SUMMARY ***
Total pot $6 | Rake $0
Seat 1: jerkkuli (big blind) folded before Flop
Seat 3: Theoderich28 (button) (small blind) collected ($6)


PokerStars Hand #175454580966:  Hold'em Limit ($3/$6 USD) - 2017/09/10 9:02:34 ET
Table 'Klio' 6-max Seat #2 is the button
Seat 1: Rmk1500 ($44.35 in chips)
Seat 2: vestimokrec ($136.92 in chips)
vestimokrec: posts small blind $1
Rmk1500: posts big blind $3
*** HOLE CARDS ***
vestimokrec: raises $3 to $6
Rmk1500: calls $3
*** FLOP *** [Tc Td Ks]
Rmk1500: checks
vestimokrec: bets $3
Rmk1500: calls $3
*** TURN *** [Tc Td Ks] [3d]
Rmk1500: checks
vestimokrec: bets $6
Rmk1500: folds
Uncalled bet ($6) returned to vestimokrec
vestimokrec collected $17.64 from pot
vestimokrec: doesn't show hand
*** SUMMARY ***
Total pot $18 | Rake $0.36
Board [Tc Td Ks 3d]
Seat 1: Rmk1500 (big blind) folded on the Turn
Seat 2: vestimokrec (button) (small blind) collected ($17.64)


