PokerStars Hand #156466298931:  Hold'em Limit ($3/$6 USD) - 2016/07/26 10:21:49 ET
Table 'Klio III' 6-max Seat #6 is the button
Seat 4: Agrotait ($101.50 in chips)
Seat 6: HAOYUN88888 ($24.72 in chips)
HAOYUN88888: posts small blind $1
Agrotait: posts big blind $3
*** HOLE CARDS ***
HAOYUN88888: folds
Uncalled bet ($2) returned to Agrotait
Agrotait collected $2 from pot
Agrotait: doesn't show hand
*** SUMMARY ***
Total pot $2 | Rake $0
Seat 4: Agrotait (big blind) collected ($2)
Seat 6: HAOYUN88888 (button) (small blind) folded before Flop


PokerStars Hand #156466287596:  Hold'em Limit ($3/$6 USD) - 2016/07/26 10:21:28 ET
Table 'Klio III' 6-max Seat #4 is the button
Seat 4: Agrotait ($98.50 in chips)
Seat 6: HAOYUN88888 ($27.72 in chips)
Agrotait: posts small blind $1
HAOYUN88888: posts big blind $3
*** HOLE CARDS ***
Agrotait: raises $3 to $6
HAOYUN88888: folds
Uncalled bet ($3) returned to Agrotait
Agrotait collected $6 from pot
Agrotait: doesn't show hand
*** SUMMARY ***
Total pot $6 | Rake $0
Seat 4: Agrotait (button) (small blind) collected ($6)
Seat 6: HAOYUN88888 (big blind) folded before Flop


PokerStars Hand #156466264940:  Hold'em Limit ($3/$6 USD) - 2016/07/26 10:20:48 ET
Table 'Klio III' 6-max Seat #6 is the button
Seat 4: Agrotait ($72 in chips)
Seat 6: HAOYUN88888 ($54.72 in chips)
HAOYUN88888: posts small blind $1
Agrotait: posts big blind $3
*** HOLE CARDS ***
HAOYUN88888: raises $3 to $6
Agrotait: raises $3 to $9
HAOYUN88888: raises $3 to $12
Betting is capped
Agrotait: calls $3
*** FLOP *** [Ts 8d Qs]
Agrotait: checks
HAOYUN88888: bets $3
Agrotait: calls $3
*** TURN *** [Ts 8d Qs] [9c]
Agrotait: checks
HAOYUN88888: bets $6
Agrotait: calls $6
*** RIVER *** [Ts 8d Qs 9c] [Jh]
Agrotait: bets $6
HAOYUN88888: calls $6
*** SHOW DOWN ***
Agrotait: shows [Kh Kd] (a straight, Nine to King)
HAOYUN88888: mucks hand
Agrotait collected $53.50 from pot
*** SUMMARY ***
Total pot $54 | Rake $0.50
Board [Ts 8d Qs 9c Jh]
Seat 4: Agrotait (big blind) showed [Kh Kd] and won ($53.50) with a straight, Nine to King
Seat 6: HAOYUN88888 (button) (small blind) mucked


PokerStars Hand #156466321427:  Hold'em Limit ($3/$6 USD) - 2016/07/26 10:22:29 ET
Table 'Klio III' 6-max Seat #4 is the button
Seat 4: Agrotait ($79.78 in chips)
Seat 6: HAOYUN88888 ($45.94 in chips)
Agrotait: posts small blind $1
HAOYUN88888: posts big blind $3
*** HOLE CARDS ***
Agrotait: raises $3 to $6
HAOYUN88888: calls $3
*** FLOP *** [8d 2c 9c]
HAOYUN88888: checks
abster2366 joins the table at seat #3
Agrotait: checks
*** TURN *** [8d 2c 9c] [7s]
HAOYUN88888: bets $6
Agrotait: raises $6 to $12
HAOYUN88888: calls $6
*** RIVER *** [8d 2c 9c 7s] [5h]
HAOYUN88888: checks
Agrotait: bets $6
HAOYUN88888: calls $6
*** SHOW DOWN ***
Agrotait: shows [5s 6s] (a straight, Five to Nine)
HAOYUN88888: mucks hand
Agrotait collected $47.50 from pot
*** SUMMARY ***
Total pot $48 | Rake $0.50
Board [8d 2c 9c 7s 5h]
Seat 4: Agrotait (button) (small blind) showed [5s 6s] and won ($47.50) with a straight, Five to Nine
Seat 6: HAOYUN88888 (big blind) mucked


PokerStars Hand #156466318706:  Hold'em Limit ($3/$6 USD) - 2016/07/26 10:22:24 ET
Table 'Klio III' 6-max Seat #6 is the button
Seat 4: Agrotait ($78.78 in chips)
Seat 6: HAOYUN88888 ($46.94 in chips)
HAOYUN88888: posts small blind $1
Agrotait: posts big blind $3
*** HOLE CARDS ***
HAOYUN88888: folds
Uncalled bet ($2) returned to Agrotait
Agrotait collected $2 from pot
Agrotait: doesn't show hand
*** SUMMARY ***
Total pot $2 | Rake $0
Seat 4: Agrotait (big blind) collected ($2)
Seat 6: HAOYUN88888 (button) (small blind) folded before Flop


PokerStars Hand #156466301974:  Hold'em Limit ($3/$6 USD) - 2016/07/26 10:21:54 ET
Table 'Klio III' 6-max Seat #4 is the button
Seat 4: Agrotait ($102.50 in chips)
Seat 6: HAOYUN88888 ($23.72 in chips)
Agrotait: posts small blind $1
HAOYUN88888: posts big blind $3
*** HOLE CARDS ***
Agrotait: raises $3 to $6
HAOYUN88888: calls $3
*** FLOP *** [Ad 6h 6d]
HAOYUN88888: checks
Agrotait: bets $3
HAOYUN88888: raises $3 to $6
Agrotait: calls $3
*** TURN *** [Ad 6h 6d] [5s]
HAOYUN88888: bets $6
Agrotait: raises $6 to $12
HAOYUN88888: calls $5.72 and is all-in
Uncalled bet ($0.28) returned to Agrotait
*** RIVER *** [Ad 6h 6d 5s] [7c]
*** SHOW DOWN ***
HAOYUN88888: shows [8d Ac] (two pair, Aces and Sixes)
Agrotait: shows [Ts Ks] (a pair of Sixes)
HAOYUN88888 collected $46.94 from pot
*** SUMMARY ***
Total pot $47.44 | Rake $0.50
Board [Ad 6h 6d 5s 7c]
Seat 4: Agrotait (button) (small blind) showed [Ts Ks] and lost with a pair of Sixes
Seat 6: HAOYUN88888 (big blind) showed [8d Ac] and won ($46.94) with two pair, Aces and Sixes


PokerStars Hand #156466346293:  Hold'em Limit ($3/$6 USD) - 2016/07/26 10:23:14 ET
Table 'Klio III' 6-max Seat #3 is the button
Seat 3: abster2366 ($194 in chips)
Seat 4: Agrotait ($109.89 in chips)
abster2366: posts small blind $1
Agrotait: posts big blind $3
*** HOLE CARDS ***
abster2366: calls $2
Agrotait: raises $3 to $6
abster2366: calls $3
*** FLOP *** [9s 9h 5d]
Agrotait: bets $3
abster2366: calls $3
*** TURN *** [9s 9h 5d] [8h]
Agrotait: bets $6
abster2366: calls $6
*** RIVER *** [9s 9h 5d 8h] [2h]
Agrotait: bets $6
abster2366: folds
Uncalled bet ($6) returned to Agrotait
Agrotait collected $29.50 from pot
Agrotait: doesn't show hand
*** SUMMARY ***
Total pot $30 | Rake $0.50
Board [9s 9h 5d 8h 2h]
Seat 3: abster2366 (button) (small blind) folded on the River
Seat 4: Agrotait (big blind) collected ($29.50)


