PokerStars Hand #147651584328:  Hold'em Limit ($3/$6 USD) - 2016/01/25 9:59:23 ET
Table 'Klio III' 2-max Seat #2 is the button
Seat 1: HEADEKBAT ($72 in chips)
Seat 2: jl45259071 ($120 in chips)
jl45259071: posts small blind $1
HEADEKBAT: posts big blind $3
*** HOLE CARDS ***
jl45259071: calls $2
HEADEKBAT: raises $3 to $6
jl45259071: calls $3
*** FLOP *** [4c 8s 5s]
HEADEKBAT: checks
jl45259071: checks
*** TURN *** [4c 8s 5s] [9h]
HEADEKBAT: checks
jl45259071: checks
*** RIVER *** [4c 8s 5s 9h] [2c]
HEADEKBAT: checks
jl45259071: checks
*** SHOW DOWN ***
HEADEKBAT: shows [Kh 6c] (high card King)
jl45259071: shows [2s Qd] (a pair of Deuces)
jl45259071 collected $11.76 from pot
*** SUMMARY ***
Total pot $12 | Rake $0.24
Board [4c 8s 5s 9h 2c]
Seat 1: HEADEKBAT (big blind) showed [Kh 6c] and lost with high card King
Seat 2: jl45259071 (button) (small blind) showed [2s Qd] and won ($11.76) with a pair of Deuces


PokerStars Hand #147651633260:  Hold'em Limit ($3/$6 USD) - 2016/01/25 10:00:42 ET
Table 'Klio III' 2-max Seat #1 is the button
Seat 1: HEADEKBAT ($72 in chips)
Seat 2: jl45259071 ($148.90 in chips)
HEADEKBAT: posts small blind $1
jl45259071: posts big blind $3
*** HOLE CARDS ***
HEADEKBAT: raises $3 to $6
jl45259071: calls $3
*** FLOP *** [5c Js Qd]
jl45259071: checks
HEADEKBAT: bets $3
jl45259071: folds
Uncalled bet ($3) returned to HEADEKBAT
HEADEKBAT collected $11.76 from pot
HEADEKBAT: doesn't show hand
*** SUMMARY ***
Total pot $12 | Rake $0.24
Board [5c Js Qd]
Seat 1: HEADEKBAT (button) (small blind) collected ($11.76)
Seat 2: jl45259071 (big blind) folded on the Flop


PokerStars Hand #147651610448:  Hold'em Limit ($3/$6 USD) - 2016/01/25 10:00:04 ET
Table 'Klio III' 2-max Seat #2 is the button
Seat 1: HEADEKBAT ($72 in chips)
Seat 2: jl45259071 ($134.40 in chips)
jl45259071: posts small blind $1
HEADEKBAT: posts big blind $3
*** HOLE CARDS ***
jl45259071: calls $2
HEADEKBAT: raises $3 to $6
jl45259071: calls $3
*** FLOP *** [9s Qs 6c]
HEADEKBAT: bets $3
jl45259071: calls $3
*** TURN *** [9s Qs 6c] [8h]
HEADEKBAT: checks
jl45259071: bets $6
HEADEKBAT: calls $6
*** RIVER *** [9s Qs 6c 8h] [Qh]
HEADEKBAT: checks
jl45259071: bets $6
HEADEKBAT: folds
Uncalled bet ($6) returned to jl45259071
jl45259071 collected $29.50 from pot
jl45259071: doesn't show hand
*** SUMMARY ***
Total pot $30 | Rake $0.50
Board [9s Qs 6c 8h Qh]
Seat 1: HEADEKBAT (big blind) folded on the River
Seat 2: jl45259071 (button) (small blind) collected ($29.50)


PokerStars Hand #147651596871:  Hold'em Limit ($3/$6 USD) - 2016/01/25 9:59:43 ET
Table 'Klio III' 2-max Seat #1 is the button
Seat 1: HEADEKBAT ($72 in chips)
Seat 2: jl45259071 ($125.76 in chips)
HEADEKBAT: posts small blind $1
jl45259071: posts big blind $3
*** HOLE CARDS ***
HEADEKBAT: raises $3 to $6
jl45259071: calls $3
*** FLOP *** [Kc Jc 6d]
jl45259071: checks
HEADEKBAT: bets $3
jl45259071: calls $3
*** TURN *** [Kc Jc 6d] [Ad]
jl45259071: checks
HEADEKBAT: checks
*** RIVER *** [Kc Jc 6d Ad] [Ah]
jl45259071: bets $6
HEADEKBAT: folds
Uncalled bet ($6) returned to jl45259071
jl45259071 collected $17.64 from pot
jl45259071: doesn't show hand
*** SUMMARY ***
Total pot $18 | Rake $0.36
Board [Kc Jc 6d Ad Ah]
Seat 1: HEADEKBAT (button) (small blind) folded on the River
Seat 2: jl45259071 (big blind) collected ($17.64)


PokerStars Hand #147651665613:  Hold'em Limit ($3/$6 USD) - 2016/01/25 10:01:26 ET
Table 'Klio III' 2-max Seat #2 is the button
Seat 1: HEADEKBAT ($72 in chips)
Seat 2: jl45259071 ($151.54 in chips)
jl45259071: posts small blind $1
HEADEKBAT: posts big blind $3
*** HOLE CARDS ***
jl45259071: calls $2
HEADEKBAT: checks
*** FLOP *** [Kd 3c Ac]
HEADEKBAT: bets $3
jl45259071: calls $3
*** TURN *** [Kd 3c Ac] [7c]
HEADEKBAT: bets $6
jl45259071: calls $6
*** RIVER *** [Kd 3c Ac 7c] [Td]
HEADEKBAT: bets $6
jl45259071: calls $6
*** SHOW DOWN ***
HEADEKBAT: shows [9h 2s] (high card Ace)
jl45259071: shows [Th 3d] (two pair, Tens and Threes)
jl45259071 collected $35.50 from pot
*** SUMMARY ***
Total pot $36 | Rake $0.50
Board [Kd 3c Ac 7c Td]
Seat 1: HEADEKBAT (big blind) showed [9h 2s] and lost with high card Ace
Seat 2: jl45259071 (button) (small blind) showed [Th 3d] and won ($35.50) with two pair, Tens and Threes


PokerStars Hand #147651653381:  Hold'em Limit ($3/$6 USD) - 2016/01/25 10:01:09 ET
Table 'Klio III' 2-max Seat #1 is the button
Seat 1: HEADEKBAT ($74.76 in chips)
Seat 2: jl45259071 ($145.78 in chips)
HEADEKBAT: posts small blind $1
jl45259071: posts big blind $3
*** HOLE CARDS ***
HEADEKBAT: raises $3 to $6
jl45259071: calls $3
*** FLOP *** [5d 8s Qd]
jl45259071: checks
HEADEKBAT: checks
*** TURN *** [5d 8s Qd] [6h]
jl45259071: bets $6
HEADEKBAT: folds
Uncalled bet ($6) returned to jl45259071
jl45259071 collected $11.76 from pot
jl45259071: doesn't show hand
*** SUMMARY ***
Total pot $12 | Rake $0.24
Board [5d 8s Qd 6h]
Seat 1: HEADEKBAT (button) (small blind) folded on the Turn
Seat 2: jl45259071 (big blind) collected ($11.76)


PokerStars Hand #147651643283:  Hold'em Limit ($3/$6 USD) - 2016/01/25 10:00:56 ET
Table 'Klio III' 2-max Seat #2 is the button
Seat 1: HEADEKBAT ($77.76 in chips)
Seat 2: jl45259071 ($142.90 in chips)
jl45259071: posts small blind $1
HEADEKBAT: posts big blind $3
*** HOLE CARDS ***
jl45259071: calls $2
HEADEKBAT: checks
*** FLOP *** [6h 9h Ts]
HEADEKBAT: checks
jl45259071: bets $3
HEADEKBAT: folds
Uncalled bet ($3) returned to jl45259071
jl45259071 collected $5.88 from pot
jl45259071: doesn't show hand
*** SUMMARY ***
Total pot $6 | Rake $0.12
Board [6h 9h Ts]
Seat 1: HEADEKBAT (big blind) folded on the Flop
Seat 2: jl45259071 (button) (small blind) collected ($5.88)


PokerStars Hand #147651716904:  Hold'em Limit ($3/$6 USD) - 2016/01/25 10:02:31 ET
Table 'Klio III' 2-max Seat #1 is the button
Seat 1: HEADEKBAT ($86.50 in chips)
Seat 2: jl45259071 ($168.54 in chips)
HEADEKBAT: posts small blind $1
jl45259071: posts big blind $3
*** HOLE CARDS ***
HEADEKBAT: raises $3 to $6
jl45259071: calls $3
*** FLOP *** [7s 7h 2c]
jl45259071: checks
HEADEKBAT: bets $3
jl45259071: calls $3
*** TURN *** [7s 7h 2c] [Qh]
jl45259071: checks
HEADEKBAT: checks
*** RIVER *** [7s 7h 2c Qh] [4c]
jl45259071: bets $6
HEADEKBAT: folds
Uncalled bet ($6) returned to jl45259071
jl45259071 collected $17.64 from pot
jl45259071: doesn't show hand
*** SUMMARY ***
Total pot $18 | Rake $0.36
Board [7s 7h 2c Qh 4c]
Seat 1: HEADEKBAT (button) (small blind) folded on the River
Seat 2: jl45259071 (big blind) collected ($17.64)


PokerStars Hand #147651700179:  Hold'em Limit ($3/$6 USD) - 2016/01/25 10:02:10 ET
Table 'Klio III' 2-max Seat #2 is the button
Seat 1: HEADEKBAT ($72 in chips)
Seat 2: jl45259071 ($183.54 in chips)
jl45259071: posts small blind $1
HEADEKBAT: posts big blind $3
*** HOLE CARDS ***
jl45259071: calls $2
HEADEKBAT: checks
*** FLOP *** [Qh Ad 9d]
HEADEKBAT: checks
jl45259071: checks
*** TURN *** [Qh Ad 9d] [2d]
HEADEKBAT: bets $6
jl45259071: calls $6
*** RIVER *** [Qh Ad 9d 2d] [4h]
HEADEKBAT: checks
jl45259071: bets $6
HEADEKBAT: calls $6
*** SHOW DOWN ***
jl45259071: shows [8c Jd] (high card Ace)
HEADEKBAT: shows [4c 5h] (a pair of Fours)
HEADEKBAT collected $29.50 from pot
*** SUMMARY ***
Total pot $30 | Rake $0.50
Board [Qh Ad 9d 2d 4h]
Seat 1: HEADEKBAT (big blind) showed [4c 5h] and won ($29.50) with a pair of Fours
Seat 2: jl45259071 (button) (small blind) showed [8c Jd] and lost with high card Ace


PokerStars Hand #147651681727:  Hold'em Limit ($3/$6 USD) - 2016/01/25 10:01:47 ET
Table 'Klio III' 2-max Seat #1 is the button
Seat 1: HEADEKBAT ($72 in chips)
Seat 2: jl45259071 ($169.04 in chips)
HEADEKBAT: posts small blind $1
jl45259071: posts big blind $3
*** HOLE CARDS ***
HEADEKBAT: raises $3 to $6
jl45259071: calls $3
*** FLOP *** [Jc Qc As]
jl45259071: checks
HEADEKBAT: bets $3
jl45259071: calls $3
*** TURN *** [Jc Qc As] [7c]
jl45259071: checks
HEADEKBAT: checks
*** RIVER *** [Jc Qc As 7c] [Js]
jl45259071: checks
HEADEKBAT: bets $6
jl45259071: calls $6
*** SHOW DOWN ***
HEADEKBAT: shows [Qs 4s] (two pair, Queens and Jacks)
jl45259071: shows [3d Ah] (two pair, Aces and Jacks)
jl45259071 collected $29.50 from pot
*** SUMMARY ***
Total pot $30 | Rake $0.50
Board [Jc Qc As 7c Js]
Seat 1: HEADEKBAT (button) (small blind) showed [Qs 4s] and lost with two pair, Queens and Jacks
Seat 2: jl45259071 (big blind) showed [3d Ah] and won ($29.50) with two pair, Aces and Jacks


PokerStars Hand #147651757441:  Hold'em Limit ($3/$6 USD) - 2016/01/25 10:03:21 ET
Table 'Klio III' 2-max Seat #1 is the button
Seat 1: HEADEKBAT ($86.14 in chips)
Seat 2: jl45259071 ($168.18 in chips)
HEADEKBAT: posts small blind $1
jl45259071: posts big blind $3
*** HOLE CARDS ***
HEADEKBAT: raises $3 to $6
jl45259071: calls $3
*** FLOP *** [Tc 4s Jd]
jl45259071: checks
HEADEKBAT: bets $3
jl45259071: calls $3
*** TURN *** [Tc 4s Jd] [7s]
jl45259071: checks
HEADEKBAT: bets $6
jl45259071: calls $6
*** RIVER *** [Tc 4s Jd 7s] [Qc]
jl45259071: checks
HEADEKBAT: checks
*** SHOW DOWN ***
jl45259071: shows [9h Td] (a pair of Tens)
HEADEKBAT: mucks hand
jl45259071 collected $29.50 from pot
*** SUMMARY ***
Total pot $30 | Rake $0.50
Board [Tc 4s Jd 7s Qc]
Seat 1: HEADEKBAT (button) (small blind) mucked
Seat 2: jl45259071 (big blind) showed [9h Td] and won ($29.50) with a pair of Tens


PokerStars Hand #147651734083:  Hold'em Limit ($3/$6 USD) - 2016/01/25 10:02:52 ET
Table 'Klio III' 2-max Seat #2 is the button
Seat 1: HEADEKBAT ($77.50 in chips)
Seat 2: jl45259071 ($177.18 in chips)
jl45259071: posts small blind $1
HEADEKBAT: posts big blind $3
*** HOLE CARDS ***
jl45259071: calls $2
HEADEKBAT: raises $3 to $6
jl45259071: calls $3
*** FLOP *** [4s Qs 9c]
HEADEKBAT: bets $3
jl45259071: calls $3
*** TURN *** [4s Qs 9c] [Jh]
HEADEKBAT: checks
jl45259071: checks
*** RIVER *** [4s Qs 9c Jh] [Ac]
HEADEKBAT: checks
jl45259071: checks
*** SHOW DOWN ***
HEADEKBAT: shows [7d Kh] (high card Ace)
jl45259071: mucks hand
HEADEKBAT collected $17.64 from pot
*** SUMMARY ***
Total pot $18 | Rake $0.36
Board [4s Qs 9c Jh Ac]
Seat 1: HEADEKBAT (big blind) showed [7d Kh] and won ($17.64) with high card Ace
Seat 2: jl45259071 (button) (small blind) mucked


PokerStars Hand #147651779872:  Hold'em Limit ($3/$6 USD) - 2016/01/25 10:03:48 ET
Table 'Klio III' 2-max Seat #2 is the button
Seat 1: HEADEKBAT ($72 in chips)
Seat 2: jl45259071 ($182.68 in chips)
jl45259071: posts small blind $1
HEADEKBAT: posts big blind $3
*** HOLE CARDS ***
jl45259071: calls $2
HEADEKBAT: checks
*** FLOP *** [6d Ts 2c]
HEADEKBAT: bets $3
jl45259071: calls $3
*** TURN *** [6d Ts 2c] [4h]
HEADEKBAT: checks
jl45259071: checks
*** RIVER *** [6d Ts 2c 4h] [Ks]
HEADEKBAT: checks
jl45259071: checks
*** SHOW DOWN ***
HEADEKBAT: shows [Qd 7c] (high card King)
jl45259071: mucks hand
HEADEKBAT collected $11.76 from pot
*** SUMMARY ***
Total pot $12 | Rake $0.24
Board [6d Ts 2c 4h Ks]
Seat 1: HEADEKBAT (big blind) showed [Qd 7c] and won ($11.76) with high card King
Seat 2: jl45259071 (button) (small blind) mucked


PokerStars Hand #147651797918:  Hold'em Limit ($3/$6 USD) - 2016/01/25 10:04:10 ET
Table 'Klio III' 2-max Seat #1 is the button
Seat 1: HEADEKBAT ($77.76 in chips)
Seat 2: jl45259071 ($176.68 in chips)
HEADEKBAT: posts small blind $1
jl45259071: posts big blind $3
*** HOLE CARDS ***
HEADEKBAT: raises $3 to $6
jl45259071: raises $3 to $9
HEADEKBAT: calls $3
*** FLOP *** [2s Jh 4h]
jl45259071: bets $3
HEADEKBAT: calls $3
*** TURN *** [2s Jh 4h] [Kh]
jl45259071: bets $6
HEADEKBAT: calls $6
*** RIVER *** [2s Jh 4h Kh] [Qd]
jl45259071: bets $6
HEADEKBAT: raises $6 to $12
jl45259071: calls $6
*** SHOW DOWN ***
HEADEKBAT: shows [Tc Ac] (a straight, Ten to Ace)
jl45259071: mucks hand
HEADEKBAT collected $59.50 from pot
*** SUMMARY ***
Total pot $60 | Rake $0.50
Board [2s Jh 4h Kh Qd]
Seat 1: HEADEKBAT (button) (small blind) showed [Tc Ac] and won ($59.50) with a straight, Ten to Ace
Seat 2: jl45259071 (big blind) mucked


PokerStars Hand #147651822253:  Hold'em Limit ($3/$6 USD) - 2016/01/25 10:04:39 ET
Table 'Klio III' 2-max Seat #2 is the button
Seat 1: HEADEKBAT ($107.26 in chips)
Seat 2: jl45259071 ($146.68 in chips)
jl45259071: posts small blind $1
HEADEKBAT: posts big blind $3
*** HOLE CARDS ***
jl45259071: calls $2
HEADEKBAT: raises $3 to $6
jl45259071: calls $3
*** FLOP *** [3s 3d 3c]
HEADEKBAT: bets $3
jl45259071: calls $3
*** TURN *** [3s 3d 3c] [Ts]
HEADEKBAT: bets $6
jl45259071: calls $6
*** RIVER *** [3s 3d 3c Ts] [Kc]
HEADEKBAT: bets $6
jl45259071: folds
Uncalled bet ($6) returned to HEADEKBAT
HEADEKBAT collected $29.50 from pot
HEADEKBAT: doesn't show hand
*** SUMMARY ***
Total pot $30 | Rake $0.50
Board [3s 3d 3c Ts Kc]
Seat 1: HEADEKBAT (big blind) collected ($29.50)
Seat 2: jl45259071 (button) (small blind) folded on the River


PokerStars Hand #147651848936:  Hold'em Limit ($3/$6 USD) - 2016/01/25 10:05:11 ET
Table 'Klio III' 2-max Seat #1 is the button
Seat 1: HEADEKBAT ($121.76 in chips)
Seat 2: jl45259071 ($131.68 in chips)
HEADEKBAT: posts small blind $1
jl45259071: posts big blind $3
*** HOLE CARDS ***
HEADEKBAT: raises $3 to $6
jl45259071: calls $3
*** FLOP *** [Tc 3d Qh]
jl45259071: bets $3
HEADEKBAT: calls $3
*** TURN *** [Tc 3d Qh] [Kh]
jl45259071: checks
HEADEKBAT: bets $6
jl45259071: folds
Uncalled bet ($6) returned to HEADEKBAT
HEADEKBAT collected $17.64 from pot
HEADEKBAT: doesn't show hand
*** SUMMARY ***
Total pot $18 | Rake $0.36
Board [Tc 3d Qh Kh]
Seat 1: HEADEKBAT (button) (small blind) collected ($17.64)
Seat 2: jl45259071 (big blind) folded on the Turn


PokerStars Hand #147651900904:  Hold'em Limit ($3/$6 USD) - 2016/01/25 10:06:13 ET
Table 'Klio III' 2-max Seat #1 is the button
Seat 1: HEADEKBAT ($141.92 in chips)
Seat 2: jl45259071 ($110.68 in chips)
HEADEKBAT: posts small blind $1
jl45259071: posts big blind $3
*** HOLE CARDS ***
HEADEKBAT: raises $3 to $6
jl45259071: calls $3
*** FLOP *** [2d 5s 5h]
jl45259071: checks
HEADEKBAT: bets $3
jl45259071: calls $3
*** TURN *** [2d 5s 5h] [6d]
jl45259071: checks
HEADEKBAT: bets $6
jl45259071: folds
Uncalled bet ($6) returned to HEADEKBAT
HEADEKBAT collected $17.64 from pot
HEADEKBAT: doesn't show hand
*** SUMMARY ***
Total pot $18 | Rake $0.36
Board [2d 5s 5h 6d]
Seat 1: HEADEKBAT (button) (small blind) collected ($17.64)
Seat 2: jl45259071 (big blind) folded on the Turn


PokerStars Hand #147651880958:  Hold'em Limit ($3/$6 USD) - 2016/01/25 10:05:49 ET
Table 'Klio III' 2-max Seat #2 is the button
Seat 1: HEADEKBAT ($130.40 in chips)
Seat 2: jl45259071 ($122.68 in chips)
jl45259071: posts small blind $1
HEADEKBAT: posts big blind $3
*** HOLE CARDS ***
jl45259071: calls $2
HEADEKBAT: checks
*** FLOP *** [Td Qh Qd]
HEADEKBAT: bets $3
jl45259071: calls $3
*** TURN *** [Td Qh Qd] [Tc]
HEADEKBAT: checks
jl45259071: checks
*** RIVER *** [Td Qh Qd Tc] [9s]
HEADEKBAT: bets $6
jl45259071: calls $6
*** SHOW DOWN ***
HEADEKBAT: shows [4d Ts] (a full house, Tens full of Queens)
jl45259071: mucks hand
HEADEKBAT collected $23.52 from pot
*** SUMMARY ***
Total pot $24 | Rake $0.48
Board [Td Qh Qd Tc 9s]
Seat 1: HEADEKBAT (big blind) showed [4d Ts] and won ($23.52) with a full house, Tens full of Queens
Seat 2: jl45259071 (button) (small blind) mucked


PokerStars Hand #147651971104:  Hold'em Limit ($3/$6 USD) - 2016/01/25 10:07:38 ET
Table 'Klio III' 2-max Seat #2 is the button
Seat 1: HEADEKBAT ($143.32 in chips)
Seat 2: jl45259071 ($108.20 in chips)
jl45259071: posts small blind $1
HEADEKBAT: posts big blind $3
*** HOLE CARDS ***
jl45259071: raises $3 to $6
HEADEKBAT: calls $3
*** FLOP *** [Jh Js 9d]
HEADEKBAT: checks
jl45259071: bets $3
HEADEKBAT: folds
Uncalled bet ($3) returned to jl45259071
jl45259071 collected $11.76 from pot
jl45259071: doesn't show hand
*** SUMMARY ***
Total pot $12 | Rake $0.24
Board [Jh Js 9d]
Seat 1: HEADEKBAT (big blind) folded on the Flop
Seat 2: jl45259071 (button) (small blind) collected ($11.76)


PokerStars Hand #147651924583:  Hold'em Limit ($3/$6 USD) - 2016/01/25 10:06:42 ET
Table 'Klio III' 2-max Seat #2 is the button
Seat 1: HEADEKBAT ($150.56 in chips)
Seat 2: jl45259071 ($101.68 in chips)
jl45259071: posts small blind $1
HEADEKBAT: posts big blind $3
*** HOLE CARDS ***
jl45259071: calls $2
HEADEKBAT: checks
*** FLOP *** [2d Kd Ah]
HEADEKBAT: checks
jl45259071: checks
*** TURN *** [2d Kd Ah] [5c]
HEADEKBAT: checks
jl45259071: checks
*** RIVER *** [2d Kd Ah 5c] [Qc]
HEADEKBAT: checks
jl45259071: checks
*** SHOW DOWN ***
HEADEKBAT: shows [3h 2s] (a pair of Deuces)
jl45259071: mucks hand
HEADEKBAT collected $5.88 from pot
*** SUMMARY ***
Total pot $6 | Rake $0.12
Board [2d Kd Ah 5c Qc]
Seat 1: HEADEKBAT (big blind) showed [3h 2s] and won ($5.88) with a pair of Deuces
Seat 2: jl45259071 (button) (small blind) mucked


PokerStars Hand #147651945433:  Hold'em Limit ($3/$6 USD) - 2016/01/25 10:07:07 ET
Table 'Klio III' 2-max Seat #1 is the button
Seat 1: HEADEKBAT ($153.44 in chips)
Seat 2: jl45259071 ($98.68 in chips)
HEADEKBAT: posts small blind $1
jl45259071: posts big blind $3
*** HOLE CARDS ***
HEADEKBAT: folds
Uncalled bet ($2) returned to jl45259071
jl45259071 collected $2 from pot
jl45259071: doesn't show hand
*** SUMMARY ***
Total pot $2 | Rake $0
Seat 1: HEADEKBAT (button) (small blind) folded before Flop
Seat 2: jl45259071 (big blind) collected ($2)


PokerStars Hand #147651949923:  Hold'em Limit ($3/$6 USD) - 2016/01/25 10:07:12 ET
Table 'Klio III' 2-max Seat #2 is the button
Seat 1: HEADEKBAT ($152.44 in chips)
Seat 2: jl45259071 ($99.68 in chips)
jl45259071: posts small blind $1
HEADEKBAT: posts big blind $3
*** HOLE CARDS ***
jl45259071: calls $2
HEADEKBAT: checks
*** FLOP *** [Jh 3d Js]
HEADEKBAT: bets $3
jl45259071: folds
Uncalled bet ($3) returned to HEADEKBAT
HEADEKBAT collected $5.88 from pot
HEADEKBAT: doesn't show hand
*** SUMMARY ***
Total pot $6 | Rake $0.12
Board [Jh 3d Js]
Seat 1: HEADEKBAT (big blind) collected ($5.88)
Seat 2: jl45259071 (button) (small blind) folded on the Flop


PokerStars Hand #147651957531:  Hold'em Limit ($3/$6 USD) - 2016/01/25 10:07:22 ET
Table 'Klio III' 2-max Seat #1 is the button
Seat 1: HEADEKBAT ($155.32 in chips)
Seat 2: jl45259071 ($96.68 in chips)
HEADEKBAT: posts small blind $1
jl45259071: posts big blind $3
*** HOLE CARDS ***
HEADEKBAT: raises $3 to $6
jl45259071: raises $3 to $9
HEADEKBAT: calls $3
*** FLOP *** [Ah 8h 4c]
jl45259071: bets $3
HEADEKBAT: calls $3
*** TURN *** [Ah 8h 4c] [Qs]
jl45259071: bets $6
HEADEKBAT: folds
Uncalled bet ($6) returned to jl45259071
jl45259071 collected $23.52 from pot
jl45259071: doesn't show hand
*** SUMMARY ***
Total pot $24 | Rake $0.48
Board [Ah 8h 4c Qs]
Seat 1: HEADEKBAT (button) (small blind) folded on the Turn
Seat 2: jl45259071 (big blind) collected ($23.52)


PokerStars Hand #147651981532:  Hold'em Limit ($3/$6 USD) - 2016/01/25 10:07:51 ET
Table 'Klio III' 2-max Seat #1 is the button
Seat 1: HEADEKBAT ($137.32 in chips)
Seat 2: jl45259071 ($113.96 in chips)
HEADEKBAT: posts small blind $1
jl45259071: posts big blind $3
*** HOLE CARDS ***
HEADEKBAT: raises $3 to $6
jl45259071: raises $3 to $9
HEADEKBAT: calls $3
*** FLOP *** [5h 5d Qd]
jl45259071: bets $3
HEADEKBAT: folds
Uncalled bet ($3) returned to jl45259071
jl45259071 collected $17.64 from pot
jl45259071: doesn't show hand
*** SUMMARY ***
Total pot $18 | Rake $0.36
Board [5h 5d Qd]
Seat 1: HEADEKBAT (button) (small blind) folded on the Flop
Seat 2: jl45259071 (big blind) collected ($17.64)


PokerStars Hand #147651995945:  Hold'em Limit ($3/$6 USD) - 2016/01/25 10:08:08 ET
Table 'Klio III' 2-max Seat #2 is the button
Seat 1: HEADEKBAT ($128.32 in chips)
Seat 2: jl45259071 ($122.60 in chips)
jl45259071: posts small blind $1
HEADEKBAT: posts big blind $3
*** HOLE CARDS ***
jl45259071: raises $3 to $6
HEADEKBAT: raises $3 to $9
jl45259071: raises $3 to $12
Betting is capped
HEADEKBAT: calls $3
*** FLOP *** [Td 3d Ks]
HEADEKBAT: checks
jl45259071: bets $3
HEADEKBAT: folds
Uncalled bet ($3) returned to jl45259071
jl45259071 collected $23.52 from pot
jl45259071: doesn't show hand
*** SUMMARY ***
Total pot $24 | Rake $0.48
Board [Td 3d Ks]
Seat 1: HEADEKBAT (big blind) folded on the Flop
Seat 2: jl45259071 (button) (small blind) collected ($23.52)


PokerStars Hand #147652044282:  Hold'em Limit ($3/$6 USD) - 2016/01/25 10:09:07 ET
Table 'Klio III' 2-max Seat #1 is the button
Seat 1: HEADEKBAT ($95.32 in chips)
Seat 2: jl45259071 ($154.28 in chips)
HEADEKBAT: posts small blind $1
jl45259071: posts big blind $3
*** HOLE CARDS ***
HEADEKBAT: raises $3 to $6
jl45259071: calls $3
*** FLOP *** [5h 4s Kc]
jl45259071: checks
HEADEKBAT: checks
*** TURN *** [5h 4s Kc] [2s]
jl45259071: bets $6
HEADEKBAT: folds
Uncalled bet ($6) returned to jl45259071
jl45259071 collected $11.76 from pot
*** SUMMARY ***
Total pot $12 | Rake $0.24
Board [5h 4s Kc 2s]
Seat 1: HEADEKBAT (button) (small blind) folded on the Turn
Seat 2: jl45259071 (big blind) collected ($11.76)


PokerStars Hand #147652055793:  Hold'em Limit ($3/$6 USD) - 2016/01/25 10:09:21 ET
Table 'Klio III' 2-max Seat #2 is the button
Seat 1: HEADEKBAT ($89.32 in chips)
Seat 2: jl45259071 ($160.04 in chips)
jl45259071: posts small blind $1
HEADEKBAT: posts big blind $3
*** HOLE CARDS ***
jl45259071: calls $2
HEADEKBAT: checks
*** FLOP *** [Js Qd 4h]
HEADEKBAT: checks
jl45259071: bets $3
HEADEKBAT: folds
Uncalled bet ($3) returned to jl45259071
jl45259071 collected $5.88 from pot
jl45259071: doesn't show hand
*** SUMMARY ***
Total pot $6 | Rake $0.12
Board [Js Qd 4h]
Seat 1: HEADEKBAT (big blind) folded on the Flop
Seat 2: jl45259071 (button) (small blind) collected ($5.88)


PokerStars Hand #147652023358:  Hold'em Limit ($3/$6 USD) - 2016/01/25 10:08:42 ET
Table 'Klio III' 2-max Seat #2 is the button
Seat 1: HEADEKBAT ($104.32 in chips)
Seat 2: jl45259071 ($145.64 in chips)
jl45259071: posts small blind $1
HEADEKBAT: posts big blind $3
*** HOLE CARDS ***
jl45259071: calls $2
HEADEKBAT: raises $3 to $6
jl45259071: calls $3
*** FLOP *** [2d 9c 8s]
HEADEKBAT: bets $3
jl45259071: calls $3
*** TURN *** [2d 9c 8s] [Qh]
HEADEKBAT: checks
jl45259071: checks
*** RIVER *** [2d 9c 8s Qh] [Ts]
HEADEKBAT: checks
jl45259071: bets $6
HEADEKBAT: folds
Uncalled bet ($6) returned to jl45259071
jl45259071 collected $17.64 from pot
jl45259071: doesn't show hand
*** SUMMARY ***
Total pot $18 | Rake $0.36
Board [2d 9c 8s Qh Ts]
Seat 1: HEADEKBAT (big blind) folded on the River
Seat 2: jl45259071 (button) (small blind) collected ($17.64)


PokerStars Hand #147652095746:  Hold'em Limit ($3/$6 USD) - 2016/01/25 10:10:10 ET
Table 'Klio III' 2-max Seat #2 is the button
Seat 1: HEADEKBAT ($106.82 in chips)
Seat 2: jl45259071 ($141.92 in chips)
jl45259071: posts small blind $1
HEADEKBAT: posts big blind $3
*** HOLE CARDS ***
jl45259071: calls $2
HEADEKBAT: raises $3 to $6
jl45259071: calls $3
*** FLOP *** [3c Qs Td]
HEADEKBAT: bets $3
jl45259071: folds
Uncalled bet ($3) returned to HEADEKBAT
HEADEKBAT collected $11.76 from pot
HEADEKBAT: doesn't show hand
*** SUMMARY ***
Total pot $12 | Rake $0.24
Board [3c Qs Td]
Seat 1: HEADEKBAT (big blind) collected ($11.76)
Seat 2: jl45259071 (button) (small blind) folded on the Flop


PokerStars Hand #147652106701:  Hold'em Limit ($3/$6 USD) - 2016/01/25 10:10:23 ET
Table 'Klio III' 2-max Seat #1 is the button
Seat 1: HEADEKBAT ($112.58 in chips)
Seat 2: jl45259071 ($135.92 in chips)
HEADEKBAT: posts small blind $1
jl45259071: posts big blind $3
*** HOLE CARDS ***
HEADEKBAT: raises $3 to $6
jl45259071: calls $3
*** FLOP *** [5c Kc 4h]
jl45259071: checks
HEADEKBAT: bets $3
jl45259071: calls $3
*** TURN *** [5c Kc 4h] [Qc]
jl45259071: checks
HEADEKBAT: checks
*** RIVER *** [5c Kc 4h Qc] [Tc]
jl45259071: bets $6
HEADEKBAT: folds
Uncalled bet ($6) returned to jl45259071
jl45259071 collected $17.64 from pot
jl45259071: doesn't show hand
*** SUMMARY ***
Total pot $18 | Rake $0.36
Board [5c Kc 4h Qc Tc]
Seat 1: HEADEKBAT (button) (small blind) folded on the River
Seat 2: jl45259071 (big blind) collected ($17.64)


PokerStars Hand #147652068483:  Hold'em Limit ($3/$6 USD) - 2016/01/25 10:09:37 ET
Table 'Klio III' 2-max Seat #1 is the button
Seat 1: HEADEKBAT ($86.32 in chips)
Seat 2: jl45259071 ($162.92 in chips)
HEADEKBAT: posts small blind $1
jl45259071: posts big blind $3
*** HOLE CARDS ***
HEADEKBAT: raises $3 to $6
jl45259071: raises $3 to $9
HEADEKBAT: calls $3
*** FLOP *** [6h 7d 9s]
jl45259071: bets $3
HEADEKBAT: raises $3 to $6
jl45259071: calls $3
*** TURN *** [6h 7d 9s] [Ts]
jl45259071: checks
HEADEKBAT: bets $6
jl45259071: calls $6
*** RIVER *** [6h 7d 9s Ts] [3h]
jl45259071: checks
HEADEKBAT: bets $6
jl45259071: folds
Uncalled bet ($6) returned to HEADEKBAT
HEADEKBAT collected $41.50 from pot
HEADEKBAT: doesn't show hand
*** SUMMARY ***
Total pot $42 | Rake $0.50
Board [6h 7d 9s Ts 3h]
Seat 1: HEADEKBAT (button) (small blind) collected ($41.50)
Seat 2: jl45259071 (big blind) folded on the River


PokerStars Hand #147652123672:  Hold'em Limit ($3/$6 USD) - 2016/01/25 10:10:44 ET
Table 'Klio III' 2-max Seat #2 is the button
Seat 1: HEADEKBAT ($103.58 in chips)
Seat 2: jl45259071 ($144.56 in chips)
jl45259071: posts small blind $1
HEADEKBAT: posts big blind $3
*** HOLE CARDS ***
jl45259071: raises $3 to $6
HEADEKBAT: calls $3
*** FLOP *** [6h 6s Qs]
HEADEKBAT: checks
jl45259071: bets $3
HEADEKBAT: raises $3 to $6
jl45259071: calls $3
*** TURN *** [6h 6s Qs] [3c]
HEADEKBAT: bets $6
jl45259071: folds
Uncalled bet ($6) returned to HEADEKBAT
HEADEKBAT collected $23.52 from pot
HEADEKBAT: doesn't show hand
*** SUMMARY ***
Total pot $24 | Rake $0.48
Board [6h 6s Qs 3c]
Seat 1: HEADEKBAT (big blind) collected ($23.52)
Seat 2: jl45259071 (button) (small blind) folded on the Turn


PokerStars Hand #147652159630:  Hold'em Limit ($3/$6 USD) - 2016/01/25 10:11:27 ET
Table 'Klio III' 2-max Seat #1 is the button
Seat 1: HEADEKBAT ($115.10 in chips)
Seat 2: jl45259071 ($132.56 in chips)
HEADEKBAT: posts small blind $1
jl45259071: posts big blind $3
*** HOLE CARDS ***
HEADEKBAT: raises $3 to $6
jl45259071: raises $3 to $9
HEADEKBAT: calls $3
*** FLOP *** [8c Qc 3h]
jl45259071: checks
HEADEKBAT: bets $3
jl45259071: calls $3
*** TURN *** [8c Qc 3h] [3d]
jl45259071: checks
HEADEKBAT: bets $6
jl45259071: calls $6
*** RIVER *** [8c Qc 3h 3d] [Tc]
jl45259071: checks
HEADEKBAT: checks
*** SHOW DOWN ***
jl45259071: shows [9s As] (a pair of Threes)
HEADEKBAT: shows [2d 2s] (two pair, Threes and Deuces)
HEADEKBAT collected $35.50 from pot
*** SUMMARY ***
Total pot $36 | Rake $0.50
Board [8c Qc 3h 3d Tc]
Seat 1: HEADEKBAT (button) (small blind) showed [2d 2s] and won ($35.50) with two pair, Threes and Deuces
Seat 2: jl45259071 (big blind) showed [9s As] and lost with a pair of Threes


PokerStars Hand #147652184248:  Hold'em Limit ($3/$6 USD) - 2016/01/25 10:11:57 ET
Table 'Klio III' 2-max Seat #2 is the button
Seat 1: HEADEKBAT ($132.60 in chips)
Seat 2: jl45259071 ($114.56 in chips)
jl45259071: posts small blind $1
HEADEKBAT: posts big blind $3
*** HOLE CARDS ***
jl45259071: calls $2
HEADEKBAT: checks
*** FLOP *** [Ks 6c Ah]
HEADEKBAT: checks
jl45259071: checks
*** TURN *** [Ks 6c Ah] [4d]
HEADEKBAT: bets $6
jl45259071: raises $6 to $12
HEADEKBAT: folds
Uncalled bet ($6) returned to jl45259071
jl45259071 collected $17.64 from pot
jl45259071: doesn't show hand
*** SUMMARY ***
Total pot $18 | Rake $0.36
Board [Ks 6c Ah 4d]
Seat 1: HEADEKBAT (big blind) folded on the Turn
Seat 2: jl45259071 (button) (small blind) collected ($17.64)


PokerStars Hand #147652197182:  Hold'em Limit ($3/$6 USD) - 2016/01/25 10:12:12 ET
Table 'Klio III' 2-max Seat #1 is the button
Seat 1: HEADEKBAT ($123.60 in chips)
Seat 2: jl45259071 ($123.20 in chips)
HEADEKBAT: posts small blind $1
jl45259071: posts big blind $3
*** HOLE CARDS ***
HEADEKBAT: raises $3 to $6
jl45259071: calls $3
*** FLOP *** [6d 8c 7s]
HEADEKBAT said, "g2g"
jl45259071: bets $3
HEADEKBAT: calls $3
*** TURN *** [6d 8c 7s] [9d]
jl45259071: checks
HEADEKBAT: bets $6
jl45259071: calls $6
*** RIVER *** [6d 8c 7s 9d] [9s]
jl45259071: checks
HEADEKBAT: checks
*** SHOW DOWN ***
jl45259071: shows [7h Qs] (two pair, Nines and Sevens)
HEADEKBAT: shows [Jh 8d] (two pair, Nines and Eights)
HEADEKBAT collected $29.50 from pot
*** SUMMARY ***
Total pot $30 | Rake $0.50
Board [6d 8c 7s 9d 9s]
Seat 1: HEADEKBAT (button) (small blind) showed [Jh 8d] and won ($29.50) with two pair, Nines and Eights
Seat 2: jl45259071 (big blind) showed [7h Qs] and lost with two pair, Nines and Sevens


PokerStars Hand #147652264317:  Hold'em Limit ($3/$6 USD) - 2016/01/25 10:13:33 ET
Table 'Klio III' 2-max Seat #2 is the button
Seat 1: HEADEKBAT ($138.10 in chips)
Seat 2: jl45259071 ($108.20 in chips)
jl45259071: posts small blind $1
HEADEKBAT: posts big blind $3
*** HOLE CARDS ***
jl45259071: calls $2
HEADEKBAT: checks
*** FLOP *** [Js Td 8c]
HEADEKBAT: checks
jl45259071: bets $3
HEADEKBAT: folds
Uncalled bet ($3) returned to jl45259071
jl45259071 collected $5.88 from pot
HEADEKBAT leaves the table
jl45259071: doesn't show hand
*** SUMMARY ***
Total pot $6 | Rake $0.12
Board [Js Td 8c]
Seat 1: HEADEKBAT (big blind) folded on the Flop
Seat 2: jl45259071 (button) (small blind) collected ($5.88)


