PokerStars Hand #176102264556:  Hold'em Limit ($3/$6 USD) - 2017/09/25 10:04:50 ET
Table 'Klonios II' 6-max Seat #5 is the button
Seat 5: HAOYUN88888 ($56.61 in chips)
Seat 6: L94531 ($110.17 in chips)
HAOYUN88888: posts small blind $1
L94531: posts big blind $3
*** HOLE CARDS ***
HAOYUN88888: folds
Uncalled bet ($2) returned to L94531
L94531 collected $2 from pot
L94531: doesn't show hand
*** SUMMARY ***
Total pot $2 | Rake $0
Seat 5: HAOYUN88888 (button) (small blind) folded before Flop
Seat 6: L94531 (big blind) collected ($2)


PokerStars Hand #176102261050:  Hold'em Limit ($3/$6 USD) - 2017/09/25 10:04:44 ET
Table 'Klonios II' 6-max Seat #6 is the button
Seat 5: HAOYUN88888 ($55.61 in chips)
Seat 6: L94531 ($111.17 in chips)
L94531: posts small blind $1
TbIP-TbIP 88: is sitting out
HAOYUN88888: posts big blind $3
*** HOLE CARDS ***
L94531: folds
Uncalled bet ($2) returned to HAOYUN88888
HAOYUN88888 collected $2 from pot
HAOYUN88888: doesn't show hand
*** SUMMARY ***
Total pot $2 | Rake $0
Seat 5: HAOYUN88888 (big blind) collected ($2)
Seat 6: L94531 (button) (small blind) folded before Flop


PokerStars Hand #176102266875:  Hold'em Limit ($3/$6 USD) - 2017/09/25 10:04:55 ET
Table 'Klonios II' 6-max Seat #6 is the button
Seat 5: HAOYUN88888 ($55.61 in chips)
Seat 6: L94531 ($111.17 in chips)
L94531: posts small blind $1
HAOYUN88888: posts big blind $3
*** HOLE CARDS ***
L94531: raises $3 to $6
HAOYUN88888: calls $3
*** FLOP *** [8s 3c 8c]
HAOYUN88888: checks
L94531: bets $3
HAOYUN88888: raises $3 to $6
L94531: calls $3
*** TURN *** [8s 3c 8c] [2h]
HAOYUN88888: bets $6
L94531: calls $6
*** RIVER *** [8s 3c 8c 2h] [2c]
HAOYUN88888: bets $6
L94531: calls $6
*** SHOW DOWN ***
HAOYUN88888: shows [4c 5c] (a flush, Eight high)
L94531: mucks hand
HAOYUN88888 collected $47.50 from pot
*** SUMMARY ***
Total pot $48 | Rake $0.50
Board [8s 3c 8c 2h 2c]
Seat 5: HAOYUN88888 (big blind) showed [4c 5c] and won ($47.50) with a flush, Eight high
Seat 6: L94531 (button) (small blind) mucked


PokerStars Hand #176102278787:  Hold'em Limit ($3/$6 USD) - 2017/09/25 10:05:18 ET
Table 'Klonios II' 6-max Seat #5 is the button
Seat 5: HAOYUN88888 ($79.11 in chips)
Seat 6: L94531 ($87.17 in chips)
HAOYUN88888: posts small blind $1
L94531: posts big blind $3
*** HOLE CARDS ***
HAOYUN88888: raises $3 to $6
L94531: calls $3
*** FLOP *** [As 7c 2s]
L94531: checks
HAOYUN88888: bets $3
L94531: folds
Uncalled bet ($3) returned to HAOYUN88888
HAOYUN88888 collected $11.76 from pot
HAOYUN88888: doesn't show hand
TbIP-TbIP 88 leaves the table
*** SUMMARY ***
Total pot $12 | Rake $0.24
Board [As 7c 2s]
Seat 5: HAOYUN88888 (button) (small blind) collected ($11.76)
Seat 6: L94531 (big blind) folded on the Flop


PokerStars Hand #176102287285:  Hold'em Limit ($3/$6 USD) - 2017/09/25 10:05:34 ET
Table 'Klonios II' 6-max Seat #6 is the button
Seat 5: HAOYUN88888 ($84.87 in chips)
Seat 6: L94531 ($81.17 in chips)
L94531: posts small blind $1
HAOYUN88888: posts big blind $3
*** HOLE CARDS ***
L94531: folds
Uncalled bet ($2) returned to HAOYUN88888
HAOYUN88888 collected $2 from pot
HAOYUN88888: doesn't show hand
*** SUMMARY ***
Total pot $2 | Rake $0
Seat 5: HAOYUN88888 (big blind) collected ($2)
Seat 6: L94531 (button) (small blind) folded before Flop


PokerStars Hand #176102289990:  Hold'em Limit ($3/$6 USD) - 2017/09/25 10:05:39 ET
Table 'Klonios II' 6-max Seat #5 is the button
Seat 5: HAOYUN88888 ($85.87 in chips)
Seat 6: L94531 ($80.17 in chips)
HAOYUN88888: posts small blind $1
L94531: posts big blind $3
*** HOLE CARDS ***
HAOYUN88888: raises $3 to $6
L94531: raises $3 to $9
HAOYUN88888: calls $3
*** FLOP *** [2c 4h Qs]
L94531: bets $3
HAOYUN88888: folds
Uncalled bet ($3) returned to L94531
L94531 collected $17.64 from pot
L94531: doesn't show hand
*** SUMMARY ***
Total pot $18 | Rake $0.36
Board [2c 4h Qs]
Seat 5: HAOYUN88888 (button) (small blind) folded on the Flop
Seat 6: L94531 (big blind) collected ($17.64)


PokerStars Hand #176102319792:  Hold'em Limit ($3/$6 USD) - 2017/09/25 10:06:36 ET
Table 'Klonios II' 6-max Seat #6 is the button
Seat 5: HAOYUN88888 ($76.87 in chips)
Seat 6: L94531 ($88.81 in chips)
L94531: posts small blind $1
HAOYUN88888: posts big blind $3
*** HOLE CARDS ***
L94531: raises $3 to $6
HAOYUN88888: calls $3
*** FLOP *** [5s 3s Jh]
HAOYUN88888: checks
L94531: bets $3
HAOYUN88888: calls $3
*** TURN *** [5s 3s Jh] [Qs]
HAOYUN88888: checks
L94531: checks
*** RIVER *** [5s 3s Jh Qs] [2h]
HAOYUN88888: bets $6
L94531: calls $6
*** SHOW DOWN ***
HAOYUN88888: shows [Kh Ts] (high card King)
L94531: shows [Ac 2c] (a pair of Deuces)
L94531 collected $29.50 from pot
*** SUMMARY ***
Total pot $30 | Rake $0.50
Board [5s 3s Jh Qs 2h]
Seat 5: HAOYUN88888 (big blind) showed [Kh Ts] and lost with high card King
Seat 6: L94531 (button) (small blind) showed [Ac 2c] and won ($29.50) with a pair of Deuces


PokerStars Hand #176102334199:  Hold'em Limit ($3/$6 USD) - 2017/09/25 10:07:04 ET
Table 'Klonios II' 6-max Seat #5 is the button
Seat 5: HAOYUN88888 ($61.87 in chips)
Seat 6: L94531 ($103.31 in chips)
HAOYUN88888: posts small blind $1
L94531: posts big blind $3
*** HOLE CARDS ***
HAOYUN88888: raises $3 to $6
L94531: folds
Uncalled bet ($3) returned to HAOYUN88888
HAOYUN88888 collected $6 from pot
HAOYUN88888: doesn't show hand
*** SUMMARY ***
Total pot $6 | Rake $0
Seat 5: HAOYUN88888 (button) (small blind) collected ($6)
Seat 6: L94531 (big blind) folded before Flop


PokerStars Hand #176102343445:  Hold'em Limit ($3/$6 USD) - 2017/09/25 10:07:22 ET
Table 'Klonios II' 6-max Seat #6 is the button
Seat 5: HAOYUN88888 ($64.87 in chips)
Seat 6: L94531 ($100.31 in chips)
L94531: posts small blind $1
HAOYUN88888: posts big blind $3
*** HOLE CARDS ***
L94531: raises $3 to $6
HAOYUN88888: calls $3
*** FLOP *** [Kc Ac 8c]
HAOYUN88888: checks
L94531: bets $3
HAOYUN88888: folds
Uncalled bet ($3) returned to L94531
L94531 collected $11.76 from pot
L94531: doesn't show hand
*** SUMMARY ***
Total pot $12 | Rake $0.24
Board [Kc Ac 8c]
Seat 5: HAOYUN88888 (big blind) folded on the Flop
Seat 6: L94531 (button) (small blind) collected ($11.76)


PokerStars Hand #176102356108:  Hold'em Limit ($3/$6 USD) - 2017/09/25 10:07:46 ET
Table 'Klonios II' 6-max Seat #6 is the button
Seat 5: HAOYUN88888 ($57.87 in chips)
Seat 6: L94531 ($107.07 in chips)
L94531: posts small blind $1
HAOYUN88888: posts big blind $3
*** HOLE CARDS ***
Agrotait joins the table at seat #1
L94531: raises $3 to $6
HAOYUN88888: folds
Uncalled bet ($3) returned to L94531
L94531 collected $6 from pot
L94531: doesn't show hand
*** SUMMARY ***
Total pot $6 | Rake $0
Seat 5: HAOYUN88888 (big blind) folded before Flop
Seat 6: L94531 (button) (small blind) collected ($6)


PokerStars Hand #176102350145:  Hold'em Limit ($3/$6 USD) - 2017/09/25 10:07:35 ET
Table 'Klonios II' 6-max Seat #5 is the button
Seat 5: HAOYUN88888 ($58.87 in chips)
Seat 6: L94531 ($106.07 in chips)
HAOYUN88888: posts small blind $1
L94531: posts big blind $3
*** HOLE CARDS ***
HAOYUN88888: folds
Uncalled bet ($2) returned to L94531
L94531 collected $2 from pot
L94531: doesn't show hand
*** SUMMARY ***
Total pot $2 | Rake $0
Seat 5: HAOYUN88888 (button) (small blind) folded before Flop
Seat 6: L94531 (big blind) collected ($2)


PokerStars Hand #176102359159:  Hold'em Limit ($3/$6 USD) - 2017/09/25 10:07:52 ET
Table 'Klonios II' 6-max Seat #5 is the button
Seat 5: HAOYUN88888 ($54.87 in chips)
Seat 6: L94531 ($110.07 in chips)
HAOYUN88888: posts small blind $1
L94531: posts big blind $3
*** HOLE CARDS ***
HAOYUN88888: raises $3 to $6
L94531: calls $3
*** FLOP *** [Qd 4h 6h]
L94531: checks
HAOYUN88888: bets $3
L94531: folds
Uncalled bet ($3) returned to HAOYUN88888
HAOYUN88888 collected $11.76 from pot
HAOYUN88888: doesn't show hand
*** SUMMARY ***
Total pot $12 | Rake $0.24
Board [Qd 4h 6h]
Seat 5: HAOYUN88888 (button) (small blind) collected ($11.76)
Seat 6: L94531 (big blind) folded on the Flop


PokerStars Hand #176102378231:  Hold'em Limit ($3/$6 USD) - 2017/09/25 10:08:28 ET
Table 'Klonios II' 6-max Seat #1 is the button
Seat 1: Agrotait ($67 in chips)
Seat 6: L94531 ($103.07 in chips)
Agrotait: posts small blind $1
HAOYUN88888: is sitting out
L94531: posts big blind $3
*** HOLE CARDS ***
Agrotait: raises $3 to $6
L94531: calls $3
*** FLOP *** [Js Ah 7d]
L94531: checks
Agrotait: bets $3
L94531: calls $3
*** TURN *** [Js Ah 7d] [2d]
L94531: checks
Agrotait: bets $6
L94531: folds
Uncalled bet ($6) returned to Agrotait
Agrotait collected $17.64 from pot
Agrotait: doesn't show hand
*** SUMMARY ***
Total pot $18 | Rake $0.36
Board [Js Ah 7d 2d]
Seat 1: Agrotait (button) (small blind) collected ($17.64)
Seat 6: L94531 (big blind) folded on the Turn


PokerStars Hand #176102388981:  Hold'em Limit ($3/$6 USD) - 2017/09/25 10:08:49 ET
Table 'Klonios II' 6-max Seat #6 is the button
Seat 1: Agrotait ($75.64 in chips)
Seat 6: L94531 ($94.07 in chips)
L94531: posts small blind $1
Agrotait: posts big blind $3
*** HOLE CARDS ***
L94531: raises $3 to $6
Agrotait: folds
Uncalled bet ($3) returned to L94531
L94531 collected $6 from pot
L94531: doesn't show hand
*** SUMMARY ***
Total pot $6 | Rake $0
Seat 1: Agrotait (big blind) folded before Flop
Seat 6: L94531 (button) (small blind) collected ($6)


PokerStars Hand #176102399162:  Hold'em Limit ($3/$6 USD) - 2017/09/25 10:09:09 ET
Table 'Klonios II' 6-max Seat #1 is the button
Seat 1: Agrotait ($72.64 in chips)
Seat 6: L94531 ($97.07 in chips)
Agrotait: posts small blind $1
L94531: posts big blind $3
*** HOLE CARDS ***
Agrotait: raises $3 to $6
L94531: calls $3
*** FLOP *** [8d Kd 7s]
L94531: checks
Agrotait: bets $3
L94531: calls $3
*** TURN *** [8d Kd 7s] [5d]
L94531: checks
Agrotait: checks
*** RIVER *** [8d Kd 7s 5d] [2d]
L94531: checks
Agrotait: bets $6
L94531: calls $6
*** SHOW DOWN ***
Agrotait: shows [Qs 3d] (a flush, King high)
L94531: mucks hand
Agrotait collected $29.50 from pot
*** SUMMARY ***
Total pot $30 | Rake $0.50
Board [8d Kd 7s 5d 2d]
Seat 1: Agrotait (button) (small blind) showed [Qs 3d] and won ($29.50) with a flush, King high
Seat 6: L94531 (big blind) mucked


