PokerStars Hand #163642057935:  Hold'em Limit ($3/$6 USD) - 2016/12/27 22:52:22 ET
Table 'Klonios' 6-max Seat #1 is the button
Seat 1: 35Front9 ($72 in chips)
Seat 4: AzureCaper ($72 in chips)
35Front9: posts small blind $1
AzureCaper: posts big blind $3
*** HOLE CARDS ***
35Front9: raises $3 to $6
AzureCaper: calls $3
*** FLOP *** [5c Th 8h]
AzureCaper: checks
35Front9: checks
*** TURN *** [5c Th 8h] [4d]
AzureCaper: checks
35Front9: checks
*** RIVER *** [5c Th 8h 4d] [Jd]
AzureCaper: checks
35Front9: checks
*** SHOW DOWN ***
AzureCaper: shows [Ac 6h] (high card Ace)
35Front9: mucks hand
AzureCaper collected $11.76 from pot
*** SUMMARY ***
Total pot $12 | Rake $0.24
Board [5c Th 8h 4d Jd]
Seat 1: 35Front9 (button) (small blind) mucked
Seat 4: AzureCaper (big blind) showed [Ac 6h] and won ($11.76) with high card Ace


PokerStars Hand #163642065499:  Hold'em Limit ($3/$6 USD) - 2016/12/27 22:52:42 ET
Table 'Klonios' 6-max Seat #4 is the button
Seat 1: 35Front9 ($66 in chips)
Seat 4: AzureCaper ($77.76 in chips)
AzureCaper: posts small blind $1
35Front9: posts big blind $3
*** HOLE CARDS ***
AzureCaper: folds
Uncalled bet ($2) returned to 35Front9
35Front9 collected $2 from pot
35Front9: doesn't show hand
*** SUMMARY ***
Total pot $2 | Rake $0
Seat 1: 35Front9 (big blind) collected ($2)
Seat 4: AzureCaper (button) (small blind) folded before Flop


PokerStars Hand #163642081764:  Hold'em Limit ($3/$6 USD) - 2016/12/27 22:53:27 ET
Table 'Klonios' 6-max Seat #4 is the button
Seat 1: 35Front9 ($72.76 in chips)
Seat 4: AzureCaper ($73 in chips)
AzureCaper: posts small blind $1
35Front9: posts big blind $3
*** HOLE CARDS ***
AzureCaper: raises $3 to $6
35Front9: calls $3
*** FLOP *** [2s 4c 7h]
35Front9: checks
AzureCaper: bets $3
35Front9: calls $3
*** TURN *** [2s 4c 7h] [9h]
35Front9: checks
AzureCaper: bets $6
35Front9: calls $6
*** RIVER *** [2s 4c 7h 9h] [7s]
ToDaFelt joins the table at seat #2
35Front9: checks
AzureCaper: bets $6
35Front9: folds
Uncalled bet ($6) returned to AzureCaper
AzureCaper collected $29.50 from pot
AzureCaper: doesn't show hand
*** SUMMARY ***
Total pot $30 | Rake $0.50
Board [2s 4c 7h 9h 7s]
Seat 1: 35Front9 (big blind) folded on the River
Seat 4: AzureCaper (button) (small blind) collected ($29.50)


PokerStars Hand #163642079803:  Hold'em Limit ($3/$6 USD) - 2016/12/27 22:53:21 ET
Table 'Klonios' 6-max Seat #1 is the button
Seat 1: 35Front9 ($73.76 in chips)
Seat 4: AzureCaper ($72 in chips)
35Front9: posts small blind $1
AzureCaper: posts big blind $3
*** HOLE CARDS ***
35Front9: folds
Uncalled bet ($2) returned to AzureCaper
AzureCaper collected $2 from pot
AzureCaper: doesn't show hand
*** SUMMARY ***
Total pot $2 | Rake $0
Seat 1: 35Front9 (button) (small blind) folded before Flop
Seat 4: AzureCaper (big blind) collected ($2)


PokerStars Hand #163642077753:  Hold'em Limit ($3/$6 USD) - 2016/12/27 22:53:16 ET
Table 'Klonios' 6-max Seat #4 is the button
Seat 1: 35Front9 ($72.76 in chips)
Seat 4: AzureCaper ($72 in chips)
AzureCaper: posts small blind $1
35Front9: posts big blind $3
*** HOLE CARDS ***
AzureCaper: folds
Uncalled bet ($2) returned to 35Front9
35Front9 collected $2 from pot
35Front9: doesn't show hand
*** SUMMARY ***
Total pot $2 | Rake $0
Seat 1: 35Front9 (big blind) collected ($2)
Seat 4: AzureCaper (button) (small blind) folded before Flop


PokerStars Hand #163642070911:  Hold'em Limit ($3/$6 USD) - 2016/12/27 22:52:57 ET
Table 'Klonios' 6-max Seat #1 is the button
Seat 1: 35Front9 ($67 in chips)
Seat 4: AzureCaper ($76.76 in chips)
35Front9: posts small blind $1
AzureCaper: posts big blind $3
*** HOLE CARDS ***
35Front9: raises $3 to $6
AzureCaper: calls $3
*** FLOP *** [Kc Kd 2s]
AzureCaper: checks
35Front9: bets $3
AzureCaper: folds
Uncalled bet ($3) returned to 35Front9
35Front9 collected $11.76 from pot
35Front9: doesn't show hand
*** SUMMARY ***
Total pot $12 | Rake $0.24
Board [Kc Kd 2s]
Seat 1: 35Front9 (button) (small blind) collected ($11.76)
Seat 4: AzureCaper (big blind) folded on the Flop


PokerStars Hand #163642232195:  Hold'em Limit ($3/$6 USD) - 2016/12/27 23:00:56 ET
Table 'Klonios' 6-max Seat #2 is the button
Seat 2: ToDaFelt ($162.50 in chips)
Seat 4: AzureCaper ($106.90 in chips)
ToDaFelt: posts small blind $1
AzureCaper: posts big blind $3
*** HOLE CARDS ***
ToDaFelt: folds
Uncalled bet ($2) returned to AzureCaper
AzureCaper collected $2 from pot
AzureCaper: doesn't show hand
*** SUMMARY ***
Total pot $2 | Rake $0
Seat 2: ToDaFelt (button) (small blind) folded before Flop
Seat 4: AzureCaper (big blind) collected ($2)


PokerStars Hand #163642238714:  Hold'em Limit ($3/$6 USD) - 2016/12/27 23:01:15 ET
Table 'Klonios' 6-max Seat #1 is the button
Seat 1: 35Front9 ($109.69 in chips)
Seat 4: AzureCaper ($110.90 in chips)
35Front9: posts small blind $1
ToDaFelt: is sitting out
AzureCaper: posts big blind $3
*** HOLE CARDS ***
35Front9: folds
Uncalled bet ($2) returned to AzureCaper
AzureCaper collected $2 from pot
AzureCaper: doesn't show hand
*** SUMMARY ***
Total pot $2 | Rake $0
Seat 1: 35Front9 (button) (small blind) folded before Flop
Seat 4: AzureCaper (big blind) collected ($2)


PokerStars Hand #163642240747:  Hold'em Limit ($3/$6 USD) - 2016/12/27 23:01:21 ET
Table 'Klonios' 6-max Seat #4 is the button
Seat 1: 35Front9 ($108.69 in chips)
Seat 4: AzureCaper ($111.90 in chips)
AzureCaper: posts small blind $1
35Front9: posts big blind $3
*** HOLE CARDS ***
AzureCaper: raises $3 to $6
35Front9: calls $3
*** FLOP *** [8d 3c 2d]
35Front9: checks
AzureCaper: bets $3
35Front9: calls $3
*** TURN *** [8d 3c 2d] [7c]
35Front9: checks
AzureCaper: bets $6
35Front9: folds
Uncalled bet ($6) returned to AzureCaper
AzureCaper collected $17.64 from pot
AzureCaper: doesn't show hand
*** SUMMARY ***
Total pot $18 | Rake $0.36
Board [8d 3c 2d 7c]
Seat 1: 35Front9 (big blind) folded on the Turn
Seat 4: AzureCaper (button) (small blind) collected ($17.64)


PokerStars Hand #163643762148:  Hold'em Limit ($3/$6 USD) - 2016/12/28 0:18:32 ET
Table 'Klonios' 6-max Seat #4 is the button
Seat 2: ToDaFelt ($233.33 in chips)
Seat 4: pecs680 ($211.29 in chips)
pecs680: posts small blind $1
kpark0418: is sitting out
ToDaFelt: posts big blind $3
*** HOLE CARDS ***
pecs680: folds
Uncalled bet ($2) returned to ToDaFelt
ToDaFelt collected $2 from pot
ToDaFelt: doesn't show hand
*** SUMMARY ***
Total pot $2 | Rake $0
Seat 2: ToDaFelt (big blind) collected ($2)
Seat 4: pecs680 (button) (small blind) folded before Flop


