PokerStars Hand #171639651200:  Hold'em Limit ($3/$6 USD) - 2017/06/11 12:23:23 ET
Table 'Klonios II' 6-max Seat #1 is the button
Seat 1: Auge72 ($120 in chips)
Seat 3: simper11 ($120 in chips)
Auge72: posts small blind $1
simper11: posts big blind $3
*** HOLE CARDS ***
Auge72: raises $3 to $6
simper11: raises $3 to $9
Auge72: raises $3 to $12
Betting is capped
simper11: calls $3
*** FLOP *** [9h 6d 8h]
simper11: bets $3
Auge72: calls $3
*** TURN *** [9h 6d 8h] [8s]
simper11: bets $6
Auge72: calls $6
*** RIVER *** [9h 6d 8h 8s] [As]
simper11: bets $6
Auge72: raises $6 to $12
simper11: calls $6
*** SHOW DOWN ***
Auge72: shows [Ac Td] (two pair, Aces and Eights)
simper11: mucks hand
Auge72 collected $65.50 from pot
*** SUMMARY ***
Total pot $66 | Rake $0.50
Board [9h 6d 8h 8s As]
Seat 1: Auge72 (button) (small blind) showed [Ac Td] and won ($65.50) with two pair, Aces and Eights
Seat 3: simper11 (big blind) mucked


PokerStars Hand #171639668669:  Hold'em Limit ($3/$6 USD) - 2017/06/11 12:23:46 ET
Table 'Klonios II' 6-max Seat #3 is the button
Seat 1: Auge72 ($152.50 in chips)
Seat 3: simper11 ($120 in chips)
simper11: posts small blind $1
Auge72: posts big blind $3
*** HOLE CARDS ***
simper11: raises $3 to $6
Auge72: calls $3
*** FLOP *** [4s 2c Kd]
Auge72: checks
simper11: bets $3
Auge72: folds
Uncalled bet ($3) returned to simper11
simper11 collected $11.76 from pot
simper11: doesn't show hand
*** SUMMARY ***
Total pot $12 | Rake $0.24
Board [4s 2c Kd]
Seat 1: Auge72 (big blind) folded on the Flop
Seat 3: simper11 (button) (small blind) collected ($11.76)


PokerStars Hand #171639674380:  Hold'em Limit ($3/$6 USD) - 2017/06/11 12:23:54 ET
Table 'Klonios II' 6-max Seat #1 is the button
Seat 1: Auge72 ($146.50 in chips)
Seat 3: simper11 ($125.76 in chips)
Auge72: posts small blind $1
simper11: posts big blind $3
*** HOLE CARDS ***
Auge72: raises $3 to $6
simper11: raises $3 to $9
Auge72: calls $3
*** FLOP *** [2s Js 2c]
simper11: bets $3
Auge72: calls $3
*** TURN *** [2s Js 2c] [9h]
simper11: bets $6
Auge72: folds
Uncalled bet ($6) returned to simper11
simper11 collected $23.52 from pot
simper11: doesn't show hand
*** SUMMARY ***
Total pot $24 | Rake $0.48
Board [2s Js 2c 9h]
Seat 1: Auge72 (button) (small blind) folded on the Turn
Seat 3: simper11 (big blind) collected ($23.52)


PokerStars Hand #171639727483:  Hold'em Limit ($3/$6 USD) - 2017/06/11 12:25:06 ET
Table 'Klonios II' 6-max Seat #1 is the button
Seat 1: Auge72 ($168.26 in chips)
Seat 3: simper11 ($120 in chips)
Auge72: posts small blind $1
simper11: posts big blind $3
*** HOLE CARDS ***
Auge72: raises $3 to $6
simper11: calls $3
*** FLOP *** [3d 4h 6h]
simper11: bets $3
Auge72: raises $3 to $6
simper11: raises $3 to $9
Auge72: calls $3
*** TURN *** [3d 4h 6h] [4s]
simper11: bets $6
Snuffymo joins the table at seat #4
Auge72: calls $6
*** RIVER *** [3d 4h 6h 4s] [5c]
simper11: bets $6
Auge72: calls $6
*** SHOW DOWN ***
simper11: shows [9s 6c] (two pair, Sixes and Fours)
Auge72: shows [6d Kd] (two pair, Sixes and Fours - King kicker)
Auge72 collected $53.50 from pot
*** SUMMARY ***
Total pot $54 | Rake $0.50
Board [3d 4h 6h 4s 5c]
Seat 1: Auge72 (button) (small blind) showed [6d Kd] and won ($53.50) with two pair, Sixes and Fours
Seat 3: simper11 (big blind) showed [9s 6c] and lost with two pair, Sixes and Fours


PokerStars Hand #171639723919:  Hold'em Limit ($3/$6 USD) - 2017/06/11 12:25:02 ET
Table 'Klonios II' 6-max Seat #3 is the button
Seat 1: Auge72 ($167.26 in chips)
Seat 3: simper11 ($121 in chips)
simper11: posts small blind $1
Auge72: posts big blind $3
*** HOLE CARDS ***
simper11: folds
Uncalled bet ($2) returned to Auge72
Auge72 collected $2 from pot
Auge72: doesn't show hand
*** SUMMARY ***
Total pot $2 | Rake $0
Seat 1: Auge72 (big blind) collected ($2)
Seat 3: simper11 (button) (small blind) folded before Flop


PokerStars Hand #171639720769:  Hold'em Limit ($3/$6 USD) - 2017/06/11 12:24:57 ET
Table 'Klonios II' 6-max Seat #1 is the button
Seat 1: Auge72 ($168.26 in chips)
Seat 3: simper11 ($120 in chips)
Auge72: posts small blind $1
simper11: posts big blind $3
*** HOLE CARDS ***
Auge72: folds
Uncalled bet ($2) returned to simper11
simper11 collected $2 from pot
simper11: doesn't show hand
*** SUMMARY ***
Total pot $2 | Rake $0
Seat 1: Auge72 (button) (small blind) folded before Flop
Seat 3: simper11 (big blind) collected ($2)


PokerStars Hand #171639704886:  Hold'em Limit ($3/$6 USD) - 2017/06/11 12:24:36 ET
Table 'Klonios II' 6-max Seat #1 is the button
Seat 1: Auge72 ($148 in chips)
Seat 3: simper11 ($124 in chips)
Auge72: posts small blind $1
simper11: posts big blind $3
*** HOLE CARDS ***
Auge72: raises $3 to $6
simper11: calls $3
*** FLOP *** [8d 9h Qh]
simper11: checks
Auge72: bets $3
simper11: folds
Uncalled bet ($3) returned to Auge72
Auge72 collected $11.76 from pot
Auge72: doesn't show hand
*** SUMMARY ***
Total pot $12 | Rake $0.24
Board [8d 9h Qh]
Seat 1: Auge72 (button) (small blind) collected ($11.76)
Seat 3: simper11 (big blind) folded on the Flop


PokerStars Hand #171639701240:  Hold'em Limit ($3/$6 USD) - 2017/06/11 12:24:31 ET
Table 'Klonios II' 6-max Seat #3 is the button
Seat 1: Auge72 ($151 in chips)
Seat 3: simper11 ($121 in chips)
simper11: posts small blind $1
Auge72: posts big blind $3
*** HOLE CARDS ***
simper11: raises $3 to $6
Auge72: folds
Uncalled bet ($3) returned to simper11
simper11 collected $6 from pot
simper11: doesn't show hand
*** SUMMARY ***
Total pot $6 | Rake $0
Seat 1: Auge72 (big blind) folded before Flop
Seat 3: simper11 (button) (small blind) collected ($6)


PokerStars Hand #171639697442:  Hold'em Limit ($3/$6 USD) - 2017/06/11 12:24:25 ET
Table 'Klonios II' 6-max Seat #1 is the button
Seat 1: Auge72 ($152 in chips)
Seat 3: simper11 ($120 in chips)
Auge72: posts small blind $1
simper11: posts big blind $3
*** HOLE CARDS ***
Auge72: folds
Uncalled bet ($2) returned to simper11
simper11 collected $2 from pot
simper11: doesn't show hand
*** SUMMARY ***
Total pot $2 | Rake $0
Seat 1: Auge72 (button) (small blind) folded before Flop
Seat 3: simper11 (big blind) collected ($2)


PokerStars Hand #171639688336:  Hold'em Limit ($3/$6 USD) - 2017/06/11 12:24:13 ET
Table 'Klonios II' 6-max Seat #3 is the button
Seat 1: Auge72 ($134.50 in chips)
Seat 3: simper11 ($137.28 in chips)
simper11: posts small blind $1
Auge72: posts big blind $3
*** HOLE CARDS ***
simper11: raises $3 to $6
Auge72: raises $3 to $9
simper11: calls $3
*** FLOP *** [3h 6d 5c]
Auge72: bets $3
simper11: calls $3
*** TURN *** [3h 6d 5c] [6s]
Auge72: bets $6
simper11: calls $6
*** RIVER *** [3h 6d 5c 6s] [3c]
Auge72: bets $6
simper11: folds
Uncalled bet ($6) returned to Auge72
Auge72 collected $35.50 from pot
Auge72: doesn't show hand
*** SUMMARY ***
Total pot $36 | Rake $0.50
Board [3h 6d 5c 6s 3c]
Seat 1: Auge72 (big blind) collected ($35.50)
Seat 3: simper11 (button) (small blind) folded on the River


PokerStars Hand #171639710894:  Hold'em Limit ($3/$6 USD) - 2017/06/11 12:24:44 ET
Table 'Klonios II' 6-max Seat #3 is the button
Seat 1: Auge72 ($153.76 in chips)
Seat 3: simper11 ($120 in chips)
simper11: posts small blind $1
Auge72: posts big blind $3
*** HOLE CARDS ***
simper11: raises $3 to $6
Auge72: calls $3
*** FLOP *** [Ah 4c Ad]
Auge72: checks
simper11: bets $3
Auge72: calls $3
*** TURN *** [Ah 4c Ad] [Ts]
Auge72: checks
simper11: bets $6
Auge72: raises $6 to $12
simper11: folds
Uncalled bet ($6) returned to Auge72
Auge72 collected $29.50 from pot
Auge72: doesn't show hand
*** SUMMARY ***
Total pot $30 | Rake $0.50
Board [Ah 4c Ad Ts]
Seat 1: Auge72 (big blind) collected ($29.50)
Seat 3: simper11 (button) (small blind) folded on the Turn


PokerStars Hand #171639986686:  Hold'em Limit ($3/$6 USD) - 2017/06/11 12:30:58 ET
Table 'Klonios II' 6-max Seat #5 is the button
Seat 3: simper11 ($157.20 in chips)
Seat 5: dobber888 ($27.11 in chips)
dobber888: posts small blind $1
simper11: posts big blind $3
*** HOLE CARDS ***
dobber888: raises $3 to $6
simper11: folds
Uncalled bet ($3) returned to dobber888
dobber888 collected $6 from pot
dobber888: doesn't show hand
*** SUMMARY ***
Total pot $6 | Rake $0
Seat 3: simper11 (big blind) folded before Flop
Seat 5: dobber888 (button) (small blind) collected ($6)


PokerStars Hand #171639972639:  Hold'em Limit ($3/$6 USD) - 2017/06/11 12:30:39 ET
Table 'Klonios II' 6-max Seat #3 is the button
Seat 3: simper11 ($121.70 in chips)
Seat 5: dobber888 ($63.11 in chips)
simper11: posts small blind $1
Snuffymo: is sitting out
dobber888: posts big blind $3
*** HOLE CARDS ***
simper11: raises $3 to $6
Snuffymo leaves the table
dobber888: raises $3 to $9
simper11: calls $3
*** FLOP *** [6c 5d 3d]
dobber888: bets $3
simper11: calls $3
*** TURN *** [6c 5d 3d] [8s]
dobber888: bets $6
simper11: raises $6 to $12
dobber888: raises $6 to $18
simper11: calls $6
*** RIVER *** [6c 5d 3d 8s] [2d]
dobber888: bets $6
simper11: calls $6
*** SHOW DOWN ***
dobber888: shows [9c 9h] (a pair of Nines)
simper11: shows [Qs Qh] (a pair of Queens)
simper11 collected $71.50 from pot
*** SUMMARY ***
Total pot $72 | Rake $0.50
Board [6c 5d 3d 8s 2d]
Seat 3: simper11 (button) (small blind) showed [Qs Qh] and won ($71.50) with a pair of Queens
Seat 5: dobber888 (big blind) showed [9c 9h] and lost with a pair of Nines


PokerStars Hand #171640014880:  Hold'em Limit ($3/$6 USD) - 2017/06/11 12:31:36 ET
Table 'Klonios II' 6-max Seat #3 is the button
Seat 3: simper11 ($163.84 in chips)
Seat 5: dobber888 ($20.11 in chips)
simper11: posts small blind $1
dobber888: posts big blind $3
*** HOLE CARDS ***
simper11: raises $3 to $6
dobber888: raises $3 to $9
simper11: calls $3
*** FLOP *** [8h Ah 7c]
dobber888: bets $3
simper11: calls $3
*** TURN *** [8h Ah 7c] [6s]
dobber888: bets $6
simper11: raises $6 to $12
dobber888: calls $2.11 and is all-in
Uncalled bet ($3.89) returned to simper11
*** RIVER *** [8h Ah 7c 6s] [8c]
*** SHOW DOWN ***
dobber888: shows [Jc Jh] (two pair, Jacks and Eights)
simper11: shows [5h 9d] (a straight, Five to Nine)
simper11 collected $39.72 from pot
*** SUMMARY ***
Total pot $40.22 | Rake $0.50
Board [8h Ah 7c 6s 8c]
Seat 3: simper11 (button) (small blind) showed [5h 9d] and won ($39.72) with a straight, Five to Nine
Seat 5: dobber888 (big blind) showed [Jc Jh] and lost with two pair, Jacks and Eights


PokerStars Hand #171639991363:  Hold'em Limit ($3/$6 USD) - 2017/06/11 12:31:05 ET
Table 'Klonios II' 6-max Seat #3 is the button
Seat 3: simper11 ($154.20 in chips)
Seat 5: dobber888 ($30.11 in chips)
simper11: posts small blind $1
dobber888: posts big blind $3
*** HOLE CARDS ***
simper11: raises $3 to $6
dobber888: calls $3
*** FLOP *** [4d 2c Qs]
dobber888: checks
simper11: bets $3
dobber888: calls $3
*** TURN *** [4d 2c Qs] [Ks]
dobber888: checks
simper11: bets $6
dobber888: folds
Uncalled bet ($6) returned to simper11
simper11 collected $17.64 from pot
simper11: doesn't show hand
*** SUMMARY ***
Total pot $18 | Rake $0.36
Board [4d 2c Qs Ks]
Seat 3: simper11 (button) (small blind) collected ($17.64)
Seat 5: dobber888 (big blind) folded on the Turn


PokerStars Hand #171640009524:  Hold'em Limit ($3/$6 USD) - 2017/06/11 12:31:29 ET
Table 'Klonios II' 6-max Seat #5 is the button
Seat 3: simper11 ($162.84 in chips)
Seat 5: dobber888 ($21.11 in chips)
dobber888: posts small blind $1
simper11: posts big blind $3
*** HOLE CARDS ***
dobber888: folds
Uncalled bet ($2) returned to simper11
simper11 collected $2 from pot
simper11: doesn't show hand
*** SUMMARY ***
Total pot $2 | Rake $0
Seat 3: simper11 (big blind) collected ($2)
Seat 5: dobber888 (button) (small blind) folded before Flop


PokerStars Hand #171640062913:  Hold'em Limit ($3/$6 USD) - 2017/06/11 12:32:41 ET
Table 'Klonios II' 6-max Seat #3 is the button
Seat 3: simper11 ($184.45 in chips)
Seat 5: dobber888 ($59 in chips)
simper11: posts small blind $1
dobber888: posts big blind $3
*** HOLE CARDS ***
simper11: raises $3 to $6
dobber888: raises $3 to $9
simper11: calls $3
*** FLOP *** [Jd 5s 5c]
dobber888: bets $3
simper11: folds
Uncalled bet ($3) returned to dobber888
dobber888 collected $17.64 from pot
dobber888: doesn't show hand
*** SUMMARY ***
Total pot $18 | Rake $0.36
Board [Jd 5s 5c]
Seat 3: simper11 (button) (small blind) folded on the Flop
Seat 5: dobber888 (big blind) collected ($17.64)


PokerStars Hand #171640058117:  Hold'em Limit ($3/$6 USD) - 2017/06/11 12:32:35 ET
Table 'Klonios II' 6-max Seat #5 is the button
Seat 3: simper11 ($183.45 in chips)
Seat 5: dobber888 ($60 in chips)
dobber888: posts small blind $1
simper11: posts big blind $3
*** HOLE CARDS ***
dobber888: folds
Uncalled bet ($2) returned to simper11
simper11 collected $2 from pot
simper11: doesn't show hand
*** SUMMARY ***
Total pot $2 | Rake $0
Seat 3: simper11 (big blind) collected ($2)
Seat 5: dobber888 (button) (small blind) folded before Flop


PokerStars Hand #171640095466:  Hold'em Limit ($3/$6 USD) - 2017/06/11 12:33:24 ET
Table 'Klonios II' 6-max Seat #3 is the button
Seat 3: simper11 ($154.45 in chips)
Seat 5: dobber888 ($88.14 in chips)
simper11: posts small blind $1
dobber888: posts big blind $3
*** HOLE CARDS ***
simper11: raises $3 to $6
dobber888: calls $3
*** FLOP *** [Ah 7s 2d]
Auge72 joins the table at seat #1
dobber888: checks
simper11: bets $3
dobber888: folds
Uncalled bet ($3) returned to simper11
simper11 collected $11.76 from pot
simper11: doesn't show hand
*** SUMMARY ***
Total pot $12 | Rake $0.24
Board [Ah 7s 2d]
Seat 3: simper11 (button) (small blind) collected ($11.76)
Seat 5: dobber888 (big blind) folded on the Flop


PokerStars Hand #171640071979:  Hold'em Limit ($3/$6 USD) - 2017/06/11 12:32:53 ET
Table 'Klonios II' 6-max Seat #5 is the button
Seat 3: simper11 ($175.45 in chips)
Seat 5: dobber888 ($67.64 in chips)
dobber888: posts small blind $1
simper11: posts big blind $3
*** HOLE CARDS ***
dobber888: raises $3 to $6
simper11: calls $3
*** FLOP *** [2d Ah 9c]
simper11: checks
dobber888: bets $3
simper11: calls $3
*** TURN *** [2d Ah 9c] [Ac]
simper11: checks
dobber888: bets $6
simper11: calls $6
*** RIVER *** [2d Ah 9c Ac] [Qh]
simper11: checks
dobber888: bets $6
simper11: calls $6
*** SHOW DOWN ***
dobber888: shows [As 7h] (three of a kind, Aces)
simper11: mucks hand
dobber888 collected $41.50 from pot
*** SUMMARY ***
Total pot $42 | Rake $0.50
Board [2d Ah 9c Ac Qh]
Seat 3: simper11 (big blind) mucked
Seat 5: dobber888 (button) (small blind) showed [As 7h] and won ($41.50) with three of a kind, Aces


PokerStars Hand #171640245171:  Hold'em Limit ($3/$6 USD) - 2017/06/11 12:36:44 ET
Table 'Klonios II' 6-max Seat #5 is the button
Seat 3: simper11 ($214.71 in chips)
Seat 5: dobber888 ($88.80 in chips)
dobber888: posts small blind $1
simper11: posts big blind $3
*** HOLE CARDS ***
dobber888: raises $3 to $6
simper11: calls $3
*** FLOP *** [Kc 6c Js]
simper11: checks
dobber888: bets $3
simper11: calls $3
*** TURN *** [Kc 6c Js] [6d]
simper11: checks
dobber888: bets $6
simper11: folds
Uncalled bet ($6) returned to dobber888
dobber888 collected $17.64 from pot
dobber888: doesn't show hand
*** SUMMARY ***
Total pot $18 | Rake $0.36
Board [Kc 6c Js 6d]
Seat 3: simper11 (big blind) folded on the Turn
Seat 5: dobber888 (button) (small blind) collected ($17.64)


PokerStars Hand #171640233740:  Hold'em Limit ($3/$6 USD) - 2017/06/11 12:36:29 ET
Table 'Klonios II' 6-max Seat #3 is the button
Seat 3: simper11 ($208.95 in chips)
Seat 5: dobber888 ($94.80 in chips)
simper11: posts small blind $1
dobber888: posts big blind $3
*** HOLE CARDS ***
simper11: raises $3 to $6
dobber888: calls $3
*** FLOP *** [9c Jc 6d]
dobber888: checks
simper11: bets $3
dobber888: folds
Uncalled bet ($3) returned to simper11
simper11 collected $11.76 from pot
simper11: doesn't show hand
*** SUMMARY ***
Total pot $12 | Rake $0.24
Board [9c Jc 6d]
Seat 3: simper11 (button) (small blind) collected ($11.76)
Seat 5: dobber888 (big blind) folded on the Flop


PokerStars Hand #171640223309:  Hold'em Limit ($3/$6 USD) - 2017/06/11 12:36:15 ET
Table 'Klonios II' 6-max Seat #5 is the button
Seat 3: simper11 ($214.95 in chips)
Seat 5: dobber888 ($89.04 in chips)
dobber888: posts small blind $1
simper11: posts big blind $3
*** HOLE CARDS ***
dobber888: raises $3 to $6
simper11: calls $3
*** FLOP *** [9h Jc As]
simper11: checks
dobber888: bets $3
simper11: folds
Uncalled bet ($3) returned to dobber888
dobber888 collected $11.76 from pot
dobber888: doesn't show hand
*** SUMMARY ***
Total pot $12 | Rake $0.24
Board [9h Jc As]
Seat 3: simper11 (big blind) folded on the Flop
Seat 5: dobber888 (button) (small blind) collected ($11.76)


PokerStars Hand #171640258615:  Hold'em Limit ($3/$6 USD) - 2017/06/11 12:37:02 ET
Table 'Klonios II' 6-max Seat #3 is the button
Seat 3: simper11 ($205.71 in chips)
Seat 5: dobber888 ($97.44 in chips)
simper11: posts small blind $1
dobber888: posts big blind $3
*** HOLE CARDS ***
simper11: raises $3 to $6
dobber888: raises $3 to $9
simper11: calls $3
*** FLOP *** [3c 9s 7s]
dobber888: bets $3
simper11: calls $3
*** TURN *** [3c 9s 7s] [9c]
dobber888: bets $6
simper11: calls $6
*** RIVER *** [3c 9s 7s 9c] [Js]
dobber888: bets $6
simper11: folds
Uncalled bet ($6) returned to dobber888
dobber888 collected $35.50 from pot
dobber888: doesn't show hand
*** SUMMARY ***
Total pot $36 | Rake $0.50
Board [3c 9s 7s 9c Js]
Seat 3: simper11 (button) (small blind) folded on the River
Seat 5: dobber888 (big blind) collected ($35.50)


PokerStars Hand #171640298556:  Hold'em Limit ($3/$6 USD) - 2017/06/11 12:37:55 ET
Table 'Klonios II' 6-max Seat #5 is the button
Seat 3: simper11 ($181.71 in chips)
Seat 5: dobber888 ($120.58 in chips)
dobber888: posts small blind $1
simper11: posts big blind $3
*** HOLE CARDS ***
dobber888: raises $3 to $6
simper11: calls $3
*** FLOP *** [5s 7s Js]
simper11: checks
dobber888: checks
*** TURN *** [5s 7s Js] [2h]
simper11: bets $6
dobber888: folds
Uncalled bet ($6) returned to simper11
simper11 collected $11.76 from pot
simper11: doesn't show hand
*** SUMMARY ***
Total pot $12 | Rake $0.24
Board [5s 7s Js 2h]
Seat 3: simper11 (big blind) collected ($11.76)
Seat 5: dobber888 (button) (small blind) folded on the Turn


PokerStars Hand #171640291618:  Hold'em Limit ($3/$6 USD) - 2017/06/11 12:37:46 ET
Table 'Klonios II' 6-max Seat #3 is the button
Seat 3: simper11 ($178.71 in chips)
Seat 5: dobber888 ($123.58 in chips)
simper11: posts small blind $1
dobber888: posts big blind $3
*** HOLE CARDS ***
simper11: raises $3 to $6
dobber888: folds
Uncalled bet ($3) returned to simper11
simper11 collected $6 from pot
simper11: doesn't show hand
*** SUMMARY ***
Total pot $6 | Rake $0
Seat 3: simper11 (button) (small blind) collected ($6)
Seat 5: dobber888 (big blind) folded before Flop


PokerStars Hand #171640272777:  Hold'em Limit ($3/$6 USD) - 2017/06/11 12:37:21 ET
Table 'Klonios II' 6-max Seat #5 is the button
Seat 3: simper11 ($187.71 in chips)
Seat 5: dobber888 ($114.94 in chips)
dobber888: posts small blind $1
simper11: posts big blind $3
*** HOLE CARDS ***
dobber888: raises $3 to $6
simper11: calls $3
*** FLOP *** [3h 5s Ts]
simper11: checks
dobber888: bets $3
simper11: calls $3
*** TURN *** [3h 5s Ts] [3s]
simper11: checks
dobber888: bets $6
simper11: folds
Uncalled bet ($6) returned to dobber888
dobber888 collected $17.64 from pot
dobber888: doesn't show hand
*** SUMMARY ***
Total pot $18 | Rake $0.36
Board [3h 5s Ts 3s]
Seat 3: simper11 (big blind) folded on the Turn
Seat 5: dobber888 (button) (small blind) collected ($17.64)


PokerStars Hand #171640306968:  Hold'em Limit ($3/$6 USD) - 2017/06/11 12:38:07 ET
Table 'Klonios II' 6-max Seat #3 is the button
Seat 3: simper11 ($187.47 in chips)
Seat 5: dobber888 ($114.58 in chips)
simper11: posts small blind $1
dobber888: posts big blind $3
*** HOLE CARDS ***
simper11: raises $3 to $6
dobber888: folds
Uncalled bet ($3) returned to simper11
dobber888 leaves the table
simper11 collected $6 from pot
simper11: doesn't show hand
*** SUMMARY ***
Total pot $6 | Rake $0
Seat 3: simper11 (button) (small blind) collected ($6)
Seat 5: dobber888 (big blind) folded before Flop


