PokerStars Hand #167369779891:  Hold'em Limit ($3/$6 USD) - 2017/03/10 0:58:05 ET
Table 'Klonios' 10-max Seat #5 is the button
Seat 5: bg vally ($75 in chips)
Seat 7: Agrotait ($72 in chips)
bg vally: posts small blind $1
Agrotait: posts big blind $3
*** HOLE CARDS ***
bg vally: raises $3 to $6
Agrotait: raises $3 to $9
bg vally: raises $3 to $12
Betting is capped
Agrotait: calls $3
*** FLOP *** [4c 7h 9c]
Agrotait: checks
bg vally: bets $3
Agrotait: calls $3
*** TURN *** [4c 7h 9c] [Qd]
kincar1975 joins the table at seat #2
LifeisagameX leaves the table
Agrotait: checks
bg vally: bets $6
Agrotait: calls $6
*** RIVER *** [4c 7h 9c Qd] [6c]
Agrotait: checks
bg vally: bets $6
Agrotait: folds
Uncalled bet ($6) returned to bg vally
bg vally collected $41.50 from pot
*** SUMMARY ***
Total pot $42 | Rake $0.50
Board [4c 7h 9c Qd 6c]
Seat 5: bg vally (button) (small blind) collected ($41.50)
Seat 7: Agrotait (big blind) folded on the River


PokerStars Hand #167369807658:  Hold'em Limit ($3/$6 USD) - 2017/03/10 1:00:02 ET
Table 'Klonios' 10-max Seat #2 is the button
Seat 2: kincar1975 ($145.38 in chips)
Seat 7: Agrotait ($72 in chips)
kincar1975: posts small blind $1
Agrotait: posts big blind $3
*** HOLE CARDS ***
kincar1975: raises $3 to $6
Agrotait: calls $3
*** FLOP *** [Ks 6c 5d]
Agrotait: checks
kincar1975: bets $3
Agrotait: folds
Uncalled bet ($3) returned to kincar1975
kincar1975 collected $11.76 from pot
kincar1975: doesn't show hand
*** SUMMARY ***
Total pot $12 | Rake $0.24
Board [Ks 6c 5d]
Seat 2: kincar1975 (button) (small blind) collected ($11.76)
Seat 7: Agrotait (big blind) folded on the Flop


PokerStars Hand #167369815942:  Hold'em Limit ($3/$6 USD) - 2017/03/10 1:00:36 ET
Table 'Klonios' 10-max Seat #7 is the button
Seat 2: kincar1975 ($151.14 in chips)
Seat 7: Agrotait ($66 in chips)
Agrotait: posts small blind $1
kincar1975: posts big blind $3
*** HOLE CARDS ***
Agrotait: raises $3 to $6
kincar1975: calls $3
*** FLOP *** [Jc 6d Td]
kincar1975: checks
Agrotait: bets $3
kincar1975: folds
Uncalled bet ($3) returned to Agrotait
Agrotait collected $11.76 from pot
Agrotait: doesn't show hand
*** SUMMARY ***
Total pot $12 | Rake $0.24
Board [Jc 6d Td]
Seat 2: kincar1975 (big blind) folded on the Flop
Seat 7: Agrotait (button) (small blind) collected ($11.76)


PokerStars Hand #167369819460:  Hold'em Limit ($3/$6 USD) - 2017/03/10 1:00:50 ET
Table 'Klonios' 10-max Seat #2 is the button
Seat 2: kincar1975 ($145.14 in chips)
Seat 7: Agrotait ($71.76 in chips)
kincar1975: posts small blind $1
Agrotait: posts big blind $3
*** HOLE CARDS ***
kincar1975: raises $3 to $6
Agrotait: calls $3
*** FLOP *** [8c 2h 8d]
Agrotait: checks
kincar1975: bets $3
Agrotait: calls $3
*** TURN *** [8c 2h 8d] [9d]
Agrotait: checks
kincar1975: bets $6
Agrotait: calls $6
*** RIVER *** [8c 2h 8d 9d] [9h]
Agrotait: checks
kincar1975: bets $6
Agrotait: calls $6
*** SHOW DOWN ***
kincar1975: shows [Ad Kh] (two pair, Nines and Eights)
Agrotait: mucks hand
kincar1975 collected $41.50 from pot
*** SUMMARY ***
Total pot $42 | Rake $0.50
Board [8c 2h 8d 9d 9h]
Seat 2: kincar1975 (button) (small blind) showed [Ad Kh] and won ($41.50) with two pair, Nines and Eights
Seat 7: Agrotait (big blind) mucked


PokerStars Hand #167369831148:  Hold'em Limit ($3/$6 USD) - 2017/03/10 1:01:35 ET
Table 'Klonios' 10-max Seat #7 is the button
Seat 2: kincar1975 ($165.64 in chips)
Seat 7: Agrotait ($72 in chips)
Agrotait: posts small blind $1
kincar1975: posts big blind $3
*** HOLE CARDS ***
Agrotait: folds
Uncalled bet ($2) returned to kincar1975
kincar1975 collected $2 from pot
kincar1975: doesn't show hand
*** SUMMARY ***
Total pot $2 | Rake $0
Seat 2: kincar1975 (big blind) collected ($2)
Seat 7: Agrotait (button) (small blind) folded before Flop


PokerStars Hand #167369841477:  Hold'em Limit ($3/$6 USD) - 2017/03/10 1:02:15 ET
Table 'Klonios' 10-max Seat #7 is the button
Seat 2: kincar1975 ($154.64 in chips)
Seat 7: Agrotait ($82.52 in chips)
Agrotait: posts small blind $1
kincar1975: posts big blind $3
*** HOLE CARDS ***
Agrotait: raises $3 to $6
kincar1975: raises $3 to $9
Agrotait: calls $3
*** FLOP *** [3h Qd Ts]
kincar1975: bets $3
Agrotait: calls $3
*** TURN *** [3h Qd Ts] [Jd]
kincar1975: bets $6
Agrotait: calls $6
*** RIVER *** [3h Qd Ts Jd] [2d]
kincar1975: bets $6
Agrotait: calls $6
*** SHOW DOWN ***
kincar1975: shows [5d Qc] (a pair of Queens)
Agrotait: mucks hand
kincar1975 collected $47.50 from pot
*** SUMMARY ***
Total pot $48 | Rake $0.50
Board [3h Qd Ts Jd 2d]
Seat 2: kincar1975 (big blind) showed [5d Qc] and won ($47.50) with a pair of Queens
Seat 7: Agrotait (button) (small blind) mucked


PokerStars Hand #167369835000:  Hold'em Limit ($3/$6 USD) - 2017/03/10 1:01:50 ET
Table 'Klonios' 10-max Seat #2 is the button
Seat 2: kincar1975 ($166.64 in chips)
Seat 7: Agrotait ($71 in chips)
kincar1975: posts small blind $1
Agrotait: posts big blind $3
*** HOLE CARDS ***
kincar1975: raises $3 to $6
Agrotait: raises $3 to $9
kincar1975: calls $3
*** FLOP *** [2s 3d 6h]
Agrotait: bets $3
kincar1975: calls $3
*** TURN *** [2s 3d 6h] [3h]
Agrotait: bets $6
kincar1975: folds
Uncalled bet ($6) returned to Agrotait
Agrotait collected $23.52 from pot
Agrotait: doesn't show hand
*** SUMMARY ***
Total pot $24 | Rake $0.48
Board [2s 3d 6h 3h]
Seat 2: kincar1975 (button) (small blind) folded on the Turn
Seat 7: Agrotait (big blind) collected ($23.52)


PokerStars Hand #167369848436:  Hold'em Limit ($3/$6 USD) - 2017/03/10 1:02:41 ET
Table 'Klonios' 10-max Seat #2 is the button
Seat 2: kincar1975 ($178.14 in chips)
Seat 7: Agrotait ($72 in chips)
kincar1975: posts small blind $1
Agrotait: posts big blind $3
*** HOLE CARDS ***
kincar1975: raises $3 to $6
Agrotait: calls $3
*** FLOP *** [9h 7d 5h]
Agrotait: checks
kincar1975: bets $3
Agrotait: calls $3
*** TURN *** [9h 7d 5h] [3c]
Agrotait: checks
kincar1975: bets $6
Agrotait: calls $6
*** RIVER *** [9h 7d 5h 3c] [3s]
Agrotait: checks
kincar1975: checks
*** SHOW DOWN ***
Agrotait: shows [Ah 8c] (a pair of Threes)
kincar1975: shows [Ac Js] (a pair of Threes - Ace+Jack kicker)
kincar1975 collected $29.50 from pot
*** SUMMARY ***
Total pot $30 | Rake $0.50
Board [9h 7d 5h 3c 3s]
Seat 2: kincar1975 (button) (small blind) showed [Ac Js] and won ($29.50) with a pair of Threes
Seat 7: Agrotait (big blind) showed [Ah 8c] and lost with a pair of Threes


PokerStars Hand #167369853338:  Hold'em Limit ($3/$6 USD) - 2017/03/10 1:02:59 ET
Table 'Klonios' 10-max Seat #7 is the button
Seat 2: kincar1975 ($192.64 in chips)
Seat 7: Agrotait ($72 in chips)
Agrotait: posts small blind $1
kincar1975: posts big blind $3
*** HOLE CARDS ***
Agrotait: raises $3 to $6
kincar1975: calls $3
*** FLOP *** [Tc Ah As]
kincar1975: checks
Agrotait: bets $3
kincar1975: calls $3
*** TURN *** [Tc Ah As] [Kh]
kincar1975: checks
Agrotait: checks
*** RIVER *** [Tc Ah As Kh] [3c]
kincar1975: bets $6
Agrotait: folds
Uncalled bet ($6) returned to kincar1975
kincar1975 collected $17.64 from pot
kincar1975: doesn't show hand
*** SUMMARY ***
Total pot $18 | Rake $0.36
Board [Tc Ah As Kh 3c]
Seat 2: kincar1975 (big blind) collected ($17.64)
Seat 7: Agrotait (button) (small blind) folded on the River


PokerStars Hand #167369857945:  Hold'em Limit ($3/$6 USD) - 2017/03/10 1:03:17 ET
Table 'Klonios' 10-max Seat #2 is the button
Seat 2: kincar1975 ($201.28 in chips)
Seat 7: Agrotait ($63 in chips)
kincar1975: posts small blind $1
Agrotait: posts big blind $3
*** HOLE CARDS ***
kincar1975: raises $3 to $6
Agrotait: calls $3
*** FLOP *** [3c 3s 8d]
Agrotait: checks
kincar1975: bets $3
Agrotait: calls $3
*** TURN *** [3c 3s 8d] [3h]
Agrotait: checks
kincar1975: bets $6
Agrotait: calls $6
*** RIVER *** [3c 3s 8d 3h] [Kd]
Agrotait: checks
kincar1975: checks
*** SHOW DOWN ***
Agrotait: shows [Qc Jh] (three of a kind, Threes)
kincar1975: shows [Ac Th] (three of a kind, Threes - Ace kicker)
kincar1975 collected $29.50 from pot
*** SUMMARY ***
Total pot $30 | Rake $0.50
Board [3c 3s 8d 3h Kd]
Seat 2: kincar1975 (button) (small blind) showed [Ac Th] and won ($29.50) with three of a kind, Threes
Seat 7: Agrotait (big blind) showed [Qc Jh] and lost with three of a kind, Threes


PokerStars Hand #167369871625:  Hold'em Limit ($3/$6 USD) - 2017/03/10 1:04:09 ET
Table 'Klonios' 10-max Seat #7 is the button
Seat 2: kincar1975 ($215.78 in chips)
Seat 7: Agrotait ($72 in chips)
Agrotait: posts small blind $1
kincar1975: posts big blind $3
*** HOLE CARDS ***
Agrotait: raises $3 to $6
kincar1975: calls $3
*** FLOP *** [Ac 5d Jc]
kincar1975: checks
Agrotait: bets $3
kincar1975: calls $3
*** TURN *** [Ac 5d Jc] [Kc]
kincar1975: checks
Agrotait: checks
*** RIVER *** [Ac 5d Jc Kc] [As]
kincar1975: checks
Agrotait: bets $6
kincar1975: calls $6
*** SHOW DOWN ***
Agrotait: shows [9h Jh] (two pair, Aces and Jacks)
kincar1975: shows [Jd 2s] (two pair, Aces and Jacks)
kincar1975 collected $14.75 from pot
Agrotait collected $14.75 from pot
*** SUMMARY ***
Total pot $30 | Rake $0.50
Board [Ac 5d Jc Kc As]
Seat 2: kincar1975 (big blind) showed [Jd 2s] and won ($14.75) with two pair, Aces and Jacks
Seat 7: Agrotait (button) (small blind) showed [9h Jh] and won ($14.75) with two pair, Aces and Jacks


PokerStars Hand #167369868406:  Hold'em Limit ($3/$6 USD) - 2017/03/10 1:03:57 ET
Table 'Klonios' 10-max Seat #7 is the button
Seat 2: kincar1975 ($215.78 in chips)
Seat 7: Agrotait ($72 in chips)
Agrotait: posts small blind $1
kincar1975: posts big blind $3
*** HOLE CARDS ***
Agrotait: raises $3 to $6
kincar1975: folds
Uncalled bet ($3) returned to Agrotait
Agrotait collected $6 from pot
Agrotait: doesn't show hand
*** SUMMARY ***
Total pot $6 | Rake $0
Seat 2: kincar1975 (big blind) folded before Flop
Seat 7: Agrotait (button) (small blind) collected ($6)


PokerStars Hand #167369876188:  Hold'em Limit ($3/$6 USD) - 2017/03/10 1:04:27 ET
Table 'Klonios' 10-max Seat #2 is the button
Seat 2: kincar1975 ($215.53 in chips)
Seat 7: Agrotait ($71.75 in chips)
kincar1975: posts small blind $1
Agrotait: posts big blind $3
*** HOLE CARDS ***
kincar1975: raises $3 to $6
Agrotait: calls $3
*** FLOP *** [Ac As 4c]
Agrotait: checks
kincar1975: bets $3
Agrotait: raises $3 to $6
kincar1975: calls $3
*** TURN *** [Ac As 4c] [Th]
Agrotait: bets $6
kincar1975: calls $6
*** RIVER *** [Ac As 4c Th] [3c]
Agrotait: checks
kincar1975: checks
*** SHOW DOWN ***
Agrotait: shows [3h 2c] (two pair, Aces and Threes)
kincar1975: mucks hand
Agrotait collected $35.50 from pot
*** SUMMARY ***
Total pot $36 | Rake $0.50
Board [Ac As 4c Th 3c]
Seat 2: kincar1975 (button) (small blind) mucked
Seat 7: Agrotait (big blind) showed [3h 2c] and won ($35.50) with two pair, Aces and Threes


PokerStars Hand #167369882918:  Hold'em Limit ($3/$6 USD) - 2017/03/10 1:04:52 ET
Table 'Klonios' 10-max Seat #7 is the button
Seat 2: kincar1975 ($197.53 in chips)
Seat 7: Agrotait ($89.25 in chips)
Agrotait: posts small blind $1
kincar1975: posts big blind $3
*** HOLE CARDS ***
Agrotait: raises $3 to $6
kincar1975: raises $3 to $9
Agrotait: calls $3
*** FLOP *** [Js As Ts]
kincar1975: bets $3
Agrotait: folds
Uncalled bet ($3) returned to kincar1975
kincar1975 collected $17.64 from pot
kincar1975: doesn't show hand
*** SUMMARY ***
Total pot $18 | Rake $0.36
Board [Js As Ts]
Seat 2: kincar1975 (big blind) collected ($17.64)
Seat 7: Agrotait (button) (small blind) folded on the Flop


PokerStars Hand #167369896049:  Hold'em Limit ($3/$6 USD) - 2017/03/10 1:05:39 ET
Table 'Klonios' 10-max Seat #7 is the button
Seat 2: kincar1975 ($229.67 in chips)
Seat 7: Agrotait ($72 in chips)
Agrotait: posts small blind $1
kincar1975: posts big blind $3
*** HOLE CARDS ***
Agrotait: folds
Uncalled bet ($2) returned to kincar1975
kincar1975 collected $2 from pot
kincar1975: doesn't show hand
*** SUMMARY ***
Total pot $2 | Rake $0
Seat 2: kincar1975 (big blind) collected ($2)
Seat 7: Agrotait (button) (small blind) folded before Flop


PokerStars Hand #167369889966:  Hold'em Limit ($3/$6 USD) - 2017/03/10 1:05:16 ET
Table 'Klonios' 10-max Seat #2 is the button
Seat 2: kincar1975 ($206.17 in chips)
Seat 7: Agrotait ($80.25 in chips)
kincar1975: posts small blind $1
Agrotait: posts big blind $3
*** HOLE CARDS ***
kincar1975: raises $3 to $6
Agrotait: raises $3 to $9
kincar1975: calls $3
*** FLOP *** [8h 8s Ah]
Agrotait: bets $3
kincar1975: calls $3
*** TURN *** [8h 8s Ah] [Qh]
Agrotait: checks
kincar1975: bets $6
Agrotait: calls $6
*** RIVER *** [8h 8s Ah Qh] [5s]
Agrotait: checks
kincar1975: bets $6
Agrotait: calls $6
*** SHOW DOWN ***
kincar1975: shows [9s Ac] (two pair, Aces and Eights)
Agrotait: mucks hand
kincar1975 collected $47.50 from pot
*** SUMMARY ***
Total pot $48 | Rake $0.50
Board [8h 8s Ah Qh 5s]
Seat 2: kincar1975 (button) (small blind) showed [9s Ac] and won ($47.50) with two pair, Aces and Eights
Seat 7: Agrotait (big blind) mucked


PokerStars Hand #167369908297:  Hold'em Limit ($3/$6 USD) - 2017/03/10 1:06:24 ET
Table 'Klonios' 10-max Seat #2 is the button
Seat 2: kincar1975 ($236.17 in chips)
Seat 7: Agrotait ($86.50 in chips)
kincar1975: posts small blind $1
Agrotait: posts big blind $3
*** HOLE CARDS ***
kincar1975: raises $3 to $6
Agrotait: calls $3
*** FLOP *** [6s Th 6c]
Agrotait: checks
kincar1975: bets $3
Agrotait: calls $3
*** TURN *** [6s Th 6c] [3h]
Agrotait: checks
kincar1975: bets $6
Agrotait: calls $6
*** RIVER *** [6s Th 6c 3h] [Qs]
Agrotait: checks
kincar1975: bets $6
Agrotait: calls $6
*** SHOW DOWN ***
kincar1975: shows [7d 9c] (a pair of Sixes)
Agrotait: shows [4d Kc] (a pair of Sixes - King kicker)
Agrotait collected $41.50 from pot
*** SUMMARY ***
Total pot $42 | Rake $0.50
Board [6s Th 6c 3h Qs]
Seat 2: kincar1975 (button) (small blind) showed [7d 9c] and lost with a pair of Sixes
Seat 7: Agrotait (big blind) showed [4d Kc] and won ($41.50) with a pair of Sixes


PokerStars Hand #167369903167:  Hold'em Limit ($3/$6 USD) - 2017/03/10 1:06:06 ET
Table 'Klonios' 10-max Seat #7 is the button
Seat 2: kincar1975 ($251.17 in chips)
Seat 7: Agrotait ($72 in chips)
Agrotait: posts small blind $1
kincar1975: posts big blind $3
*** HOLE CARDS ***
Agrotait: raises $3 to $6
kincar1975: calls $3
*** FLOP *** [8d 6h 8c]
kincar1975: checks
Agrotait: bets $3
kincar1975: calls $3
*** TURN *** [8d 6h 8c] [3d]
kincar1975: checks
Agrotait: checks
*** RIVER *** [8d 6h 8c 3d] [8s]
kincar1975: bets $6
Agrotait: calls $6
*** SHOW DOWN ***
kincar1975: shows [4s 5h] (three of a kind, Eights)
Agrotait: shows [As 7d] (three of a kind, Eights - Ace kicker)
Agrotait collected $29.50 from pot
*** SUMMARY ***
Total pot $30 | Rake $0.50
Board [8d 6h 8c 3d 8s]
Seat 2: kincar1975 (big blind) showed [4s 5h] and lost with three of a kind, Eights
Seat 7: Agrotait (button) (small blind) showed [As 7d] and won ($29.50) with three of a kind, Eights


PokerStars Hand #167369897367:  Hold'em Limit ($3/$6 USD) - 2017/03/10 1:05:44 ET
Table 'Klonios' 10-max Seat #2 is the button
Seat 2: kincar1975 ($230.67 in chips)
Seat 7: Agrotait ($71 in chips)
kincar1975: posts small blind $1
Agrotait: posts big blind $3
*** HOLE CARDS ***
kincar1975: raises $3 to $6
Agrotait: calls $3
*** FLOP *** [As 9s Jh]
Agrotait: checks
kincar1975: bets $3
Agrotait: calls $3
*** TURN *** [As 9s Jh] [7s]
Agrotait: checks
kincar1975: bets $6
Agrotait: calls $6
*** RIVER *** [As 9s Jh 7s] [4c]
Agrotait: checks
kincar1975: bets $6
Agrotait: calls $6
*** SHOW DOWN ***
kincar1975: shows [3c Ad] (a pair of Aces)
Agrotait: mucks hand
kincar1975 collected $41.50 from pot
*** SUMMARY ***
Total pot $42 | Rake $0.50
Board [As 9s Jh 7s 4c]
Seat 2: kincar1975 (button) (small blind) showed [3c Ad] and won ($41.50) with a pair of Aces
Seat 7: Agrotait (big blind) mucked


PokerStars Hand #167369914874:  Hold'em Limit ($3/$6 USD) - 2017/03/10 1:06:48 ET
Table 'Klonios' 10-max Seat #7 is the button
Seat 2: kincar1975 ($215.17 in chips)
Seat 7: Agrotait ($107 in chips)
Agrotait: posts small blind $1
kincar1975: posts big blind $3
*** HOLE CARDS ***
Agrotait: raises $3 to $6
kincar1975: folds
Uncalled bet ($3) returned to Agrotait
Agrotait collected $6 from pot
Agrotait: doesn't show hand
*** SUMMARY ***
Total pot $6 | Rake $0
Seat 2: kincar1975 (big blind) folded before Flop
Seat 7: Agrotait (button) (small blind) collected ($6)


PokerStars Hand #167369916378:  Hold'em Limit ($3/$6 USD) - 2017/03/10 1:06:54 ET
Table 'Klonios' 10-max Seat #2 is the button
Seat 2: kincar1975 ($212.17 in chips)
Seat 7: Agrotait ($110 in chips)
kincar1975: posts small blind $1
Agrotait: posts big blind $3
*** HOLE CARDS ***
kincar1975: raises $3 to $6
Agrotait: calls $3
*** FLOP *** [8c Kd 9d]
Agrotait: checks
kincar1975: bets $3
Agrotait: folds
Uncalled bet ($3) returned to kincar1975
kincar1975 collected $11.76 from pot
kincar1975: doesn't show hand
*** SUMMARY ***
Total pot $12 | Rake $0.24
Board [8c Kd 9d]
Seat 2: kincar1975 (button) (small blind) collected ($11.76)
Seat 7: Agrotait (big blind) folded on the Flop


PokerStars Hand #167369926248:  Hold'em Limit ($3/$6 USD) - 2017/03/10 1:07:30 ET
Table 'Klonios' 10-max Seat #2 is the button
Seat 2: kincar1975 ($214.93 in chips)
Seat 7: Agrotait ($106.88 in chips)
kincar1975: posts small blind $1
Agrotait: posts big blind $3
*** HOLE CARDS ***
kincar1975: folds
Uncalled bet ($2) returned to Agrotait
Agrotait collected $2 from pot
Agrotait: doesn't show hand
*** SUMMARY ***
Total pot $2 | Rake $0
Seat 2: kincar1975 (button) (small blind) folded before Flop
Seat 7: Agrotait (big blind) collected ($2)


PokerStars Hand #167369921015:  Hold'em Limit ($3/$6 USD) - 2017/03/10 1:07:11 ET
Table 'Klonios' 10-max Seat #7 is the button
Seat 2: kincar1975 ($217.93 in chips)
Seat 7: Agrotait ($104 in chips)
Agrotait: posts small blind $1
kincar1975: posts big blind $3
*** HOLE CARDS ***
Agrotait: calls $2
kincar1975: checks
*** FLOP *** [Qh Kc 6h]
kincar1975: checks
Agrotait: bets $3
kincar1975: folds
Uncalled bet ($3) returned to Agrotait
Agrotait collected $5.88 from pot
Agrotait: doesn't show hand
*** SUMMARY ***
Total pot $6 | Rake $0.12
Board [Qh Kc 6h]
Seat 2: kincar1975 (big blind) folded on the Flop
Seat 7: Agrotait (button) (small blind) collected ($5.88)


PokerStars Hand #167369927563:  Hold'em Limit ($3/$6 USD) - 2017/03/10 1:07:34 ET
Table 'Klonios' 10-max Seat #7 is the button
Seat 2: kincar1975 ($213.93 in chips)
Seat 7: Agrotait ($107.88 in chips)
Agrotait: posts small blind $1
kincar1975: posts big blind $3
*** HOLE CARDS ***
Agrotait: raises $3 to $6
kincar1975: raises $3 to $9
Agrotait: calls $3
*** FLOP *** [2h Ad 6c]
kincar1975: bets $3
Agrotait: raises $3 to $6
kincar1975: folds
Uncalled bet ($3) returned to Agrotait
Agrotait collected $23.52 from pot
Agrotait: doesn't show hand
*** SUMMARY ***
Total pot $24 | Rake $0.48
Board [2h Ad 6c]
Seat 2: kincar1975 (big blind) folded on the Flop
Seat 7: Agrotait (button) (small blind) collected ($23.52)


PokerStars Hand #167369943101:  Hold'em Limit ($3/$6 USD) - 2017/03/10 1:08:30 ET
Table 'Klonios' 10-max Seat #7 is the button
Seat 2: kincar1975 ($183.93 in chips)
Seat 7: Agrotait ($136.90 in chips)
Agrotait: posts small blind $1
kincar1975: posts big blind $3
*** HOLE CARDS ***
Agrotait: raises $3 to $6
kincar1975: calls $3
*** FLOP *** [3h Ts 7d]
kincar1975: checks
Agrotait: bets $3
kincar1975: raises $3 to $6
Agrotait: calls $3
*** TURN *** [3h Ts 7d] [Js]
kincar1975: bets $6
Agrotait: calls $6
*** RIVER *** [3h Ts 7d Js] [8d]
kincar1975: bets $6
Agrotait: calls $6
*** SHOW DOWN ***
kincar1975: shows [7s 9d] (a straight, Seven to Jack)
Agrotait: mucks hand
kincar1975 collected $47.50 from pot
*** SUMMARY ***
Total pot $48 | Rake $0.50
Board [3h Ts 7d Js 8d]
Seat 2: kincar1975 (big blind) showed [7s 9d] and won ($47.50) with a straight, Seven to Jack
Seat 7: Agrotait (button) (small blind) mucked


PokerStars Hand #167369935486:  Hold'em Limit ($3/$6 USD) - 2017/03/10 1:08:03 ET
Table 'Klonios' 10-max Seat #2 is the button
Seat 2: kincar1975 ($201.93 in chips)
Seat 7: Agrotait ($119.40 in chips)
kincar1975: posts small blind $1
Agrotait: posts big blind $3
*** HOLE CARDS ***
kincar1975: raises $3 to $6
Agrotait: raises $3 to $9
kincar1975: calls $3
*** FLOP *** [4s Th 4c]
Agrotait: bets $3
kincar1975: calls $3
*** TURN *** [4s Th 4c] [3s]
Agrotait: checks
kincar1975: checks
*** RIVER *** [4s Th 4c 3s] [Kc]
Agrotait: bets $6
kincar1975: calls $6
*** SHOW DOWN ***
Agrotait: shows [4h 4d] (four of a kind, Fours)
kincar1975: mucks hand
Agrotait collected $35.50 from pot
*** SUMMARY ***
Total pot $36 | Rake $0.50
Board [4s Th 4c 3s Kc]
Seat 2: kincar1975 (button) (small blind) mucked
Seat 7: Agrotait (big blind) showed [4h 4d] and won ($35.50) with four of a kind, Fours


PokerStars Hand #167369948331:  Hold'em Limit ($3/$6 USD) - 2017/03/10 1:08:49 ET
Table 'Klonios' 10-max Seat #2 is the button
Seat 2: kincar1975 ($207.43 in chips)
Seat 7: Agrotait ($112.90 in chips)
kincar1975: posts small blind $1
Agrotait: posts big blind $3
*** HOLE CARDS ***
kincar1975: raises $3 to $6
Agrotait: calls $3
*** FLOP *** [Qd Jd As]
Agrotait: checks
kincar1975: bets $3
Agrotait: calls $3
*** TURN *** [Qd Jd As] [4h]
Agrotait: checks
kincar1975: checks
*** RIVER *** [Qd Jd As 4h] [3c]
Agrotait: bets $6
kincar1975: calls $6
*** SHOW DOWN ***
Agrotait: shows [Jc 7h] (a pair of Jacks)
kincar1975: mucks hand
Agrotait collected $29.50 from pot
*** SUMMARY ***
Total pot $30 | Rake $0.50
Board [Qd Jd As 4h 3c]
Seat 2: kincar1975 (button) (small blind) mucked
Seat 7: Agrotait (big blind) showed [Jc 7h] and won ($29.50) with a pair of Jacks


PokerStars Hand #167369962848:  Hold'em Limit ($3/$6 USD) - 2017/03/10 1:09:41 ET
Table 'Klonios' 10-max Seat #7 is the button
Seat 2: kincar1975 ($202.95 in chips)
Seat 7: Agrotait ($116.40 in chips)
Agrotait: posts small blind $1
kincar1975: posts big blind $3
*** HOLE CARDS ***
Agrotait: folds
Uncalled bet ($2) returned to kincar1975
kincar1975 collected $2 from pot
kincar1975: doesn't show hand
*** SUMMARY ***
Total pot $2 | Rake $0
Seat 2: kincar1975 (big blind) collected ($2)
Seat 7: Agrotait (button) (small blind) folded before Flop


PokerStars Hand #167369961383:  Hold'em Limit ($3/$6 USD) - 2017/03/10 1:09:36 ET
Table 'Klonios' 10-max Seat #2 is the button
Seat 2: kincar1975 ($203.95 in chips)
Seat 7: Agrotait ($115.40 in chips)
kincar1975: posts small blind $1
Agrotait: posts big blind $3
*** HOLE CARDS ***
kincar1975: folds
Uncalled bet ($2) returned to Agrotait
Agrotait collected $2 from pot
Agrotait: doesn't show hand
*** SUMMARY ***
Total pot $2 | Rake $0
Seat 2: kincar1975 (button) (small blind) folded before Flop
Seat 7: Agrotait (big blind) collected ($2)


PokerStars Hand #167369954529:  Hold'em Limit ($3/$6 USD) - 2017/03/10 1:09:11 ET
Table 'Klonios' 10-max Seat #7 is the button
Seat 2: kincar1975 ($192.43 in chips)
Seat 7: Agrotait ($127.40 in chips)
Agrotait: posts small blind $1
kincar1975: posts big blind $3
*** HOLE CARDS ***
Agrotait: raises $3 to $6
kincar1975: raises $3 to $9
Agrotait: calls $3
*** FLOP *** [6d 5c 6s]
kincar1975: bets $3
Agrotait: calls $3
*** TURN *** [6d 5c 6s] [9c]
kincar1975: bets $6
Agrotait: folds
Uncalled bet ($6) returned to kincar1975
kincar1975 collected $23.52 from pot
kincar1975: doesn't show hand
*** SUMMARY ***
Total pot $24 | Rake $0.48
Board [6d 5c 6s 9c]
Seat 2: kincar1975 (big blind) collected ($23.52)
Seat 7: Agrotait (button) (small blind) folded on the Turn


PokerStars Hand #167369972996:  Hold'em Limit ($3/$6 USD) - 2017/03/10 1:10:17 ET
Table 'Klonios' 10-max Seat #7 is the button
Seat 2: kincar1975 ($221.45 in chips)
Seat 7: Agrotait ($97.40 in chips)
Agrotait: posts small blind $1
kincar1975: posts big blind $3
*** HOLE CARDS ***
Agrotait: raises $3 to $6
kincar1975: folds
Uncalled bet ($3) returned to Agrotait
Agrotait collected $6 from pot
Agrotait: doesn't show hand
*** SUMMARY ***
Total pot $6 | Rake $0
Seat 2: kincar1975 (big blind) folded before Flop
Seat 7: Agrotait (button) (small blind) collected ($6)


PokerStars Hand #167369964514:  Hold'em Limit ($3/$6 USD) - 2017/03/10 1:09:47 ET
Table 'Klonios' 10-max Seat #2 is the button
Seat 2: kincar1975 ($203.95 in chips)
Seat 7: Agrotait ($115.40 in chips)
kincar1975: posts small blind $1
Agrotait: posts big blind $3
*** HOLE CARDS ***
kincar1975: raises $3 to $6
Agrotait: calls $3
*** FLOP *** [6d Jc Jd]
Agrotait: checks
kincar1975: checks
*** TURN *** [6d Jc Jd] [Qh]
Agrotait: bets $6
kincar1975: raises $6 to $12
Agrotait: calls $6
*** RIVER *** [6d Jc Jd Qh] [6h]
Agrotait: checks
kincar1975: bets $6
Agrotait: folds
Uncalled bet ($6) returned to kincar1975
kincar1975 collected $35.50 from pot
kincar1975: doesn't show hand
*** SUMMARY ***
Total pot $36 | Rake $0.50
Board [6d Jc Jd Qh 6h]
Seat 2: kincar1975 (button) (small blind) collected ($35.50)
Seat 7: Agrotait (big blind) folded on the River


PokerStars Hand #167369974397:  Hold'em Limit ($3/$6 USD) - 2017/03/10 1:10:22 ET
Table 'Klonios' 10-max Seat #2 is the button
Seat 2: kincar1975 ($218.45 in chips)
Seat 7: Agrotait ($100.40 in chips)
kincar1975: posts small blind $1
Agrotait: posts big blind $3
*** HOLE CARDS ***
kincar1975: raises $3 to $6
Agrotait: calls $3
*** FLOP *** [6c Th Ad]
Agrotait: checks
kincar1975: bets $3
Agrotait: calls $3
*** TURN *** [6c Th Ad] [Ac]
Agrotait: checks
kincar1975: bets $6
Agrotait: calls $6
*** RIVER *** [6c Th Ad Ac] [3s]
Agrotait: checks
kincar1975: bets $6
Agrotait: calls $6
*** SHOW DOWN ***
kincar1975: shows [9h 9c] (two pair, Aces and Nines)
Agrotait: shows [3c Td] (two pair, Aces and Tens)
Agrotait collected $41.50 from pot
*** SUMMARY ***
Total pot $42 | Rake $0.50
Board [6c Th Ad Ac 3s]
Seat 2: kincar1975 (button) (small blind) showed [9h 9c] and lost with two pair, Aces and Nines
Seat 7: Agrotait (big blind) showed [3c Td] and won ($41.50) with two pair, Aces and Tens


PokerStars Hand #167369988077:  Hold'em Limit ($3/$6 USD) - 2017/03/10 1:11:12 ET
Table 'Klonios' 10-max Seat #2 is the button
Seat 2: kincar1975 ($176.45 in chips)
Seat 7: Agrotait ($141.40 in chips)
kincar1975: posts small blind $1
Agrotait: posts big blind $3
*** HOLE CARDS ***
kincar1975: folds
Uncalled bet ($2) returned to Agrotait
Agrotait collected $2 from pot
Agrotait: doesn't show hand
*** SUMMARY ***
Total pot $2 | Rake $0
Seat 2: kincar1975 (button) (small blind) folded before Flop
Seat 7: Agrotait (big blind) collected ($2)


PokerStars Hand #167369989510:  Hold'em Limit ($3/$6 USD) - 2017/03/10 1:11:17 ET
Table 'Klonios' 10-max Seat #7 is the button
Seat 2: kincar1975 ($175.45 in chips)
Seat 7: Agrotait ($142.40 in chips)
Agrotait: posts small blind $1
kincar1975: posts big blind $3
*** HOLE CARDS ***
Agrotait: raises $3 to $6
kincar1975: raises $3 to $9
Agrotait: calls $3
*** FLOP *** [9s 7h As]
kincar1975: bets $3
Agrotait: raises $3 to $6
kincar1975: calls $3
*** TURN *** [9s 7h As] [Jh]
kincar1975: checks
Agrotait: checks
*** RIVER *** [9s 7h As Jh] [3c]
kincar1975: bets $6
Agrotait: calls $6
*** SHOW DOWN ***
kincar1975: shows [Qc 8c] (high card Ace)
Agrotait: shows [Kd 7d] (a pair of Sevens)
Agrotait collected $41.50 from pot
*** SUMMARY ***
Total pot $42 | Rake $0.50
Board [9s 7h As Jh 3c]
Seat 2: kincar1975 (big blind) showed [Qc 8c] and lost with high card Ace
Seat 7: Agrotait (button) (small blind) showed [Kd 7d] and won ($41.50) with a pair of Sevens


PokerStars Hand #167369979902:  Hold'em Limit ($3/$6 USD) - 2017/03/10 1:10:42 ET
Table 'Klonios' 10-max Seat #7 is the button
Seat 2: kincar1975 ($197.45 in chips)
Seat 7: Agrotait ($120.90 in chips)
Agrotait: posts small blind $1
kincar1975: posts big blind $3
*** HOLE CARDS ***
Agrotait: raises $3 to $6
kincar1975: calls $3
*** FLOP *** [Qs 4d 7d]
kincar1975: checks
Agrotait: bets $3
kincar1975: calls $3
*** TURN *** [Qs 4d 7d] [Qh]
kincar1975: checks
Agrotait: bets $6
kincar1975: calls $6
*** RIVER *** [Qs 4d 7d Qh] [Ks]
kincar1975: checks
Agrotait: bets $6
kincar1975: calls $6
*** SHOW DOWN ***
Agrotait: shows [9d Qc] (three of a kind, Queens)
kincar1975: mucks hand
Agrotait collected $41.50 from pot
*** SUMMARY ***
Total pot $42 | Rake $0.50
Board [Qs 4d 7d Qh Ks]
Seat 2: kincar1975 (big blind) mucked
Seat 7: Agrotait (button) (small blind) showed [9d Qc] and won ($41.50) with three of a kind, Queens


PokerStars Hand #167369995714:  Hold'em Limit ($3/$6 USD) - 2017/03/10 1:11:40 ET
Table 'Klonios' 10-max Seat #2 is the button
Seat 2: kincar1975 ($154.45 in chips)
Seat 7: Agrotait ($162.90 in chips)
kincar1975: posts small blind $1
Agrotait: posts big blind $3
*** HOLE CARDS ***
kincar1975: raises $3 to $6
Agrotait: calls $3
*** FLOP *** [Ts 8c Kh]
Agrotait: checks
kincar1975: bets $3
Agrotait: raises $3 to $6
kincar1975: calls $3
*** TURN *** [Ts 8c Kh] [6c]
Agrotait: bets $6
kincar1975: calls $6
*** RIVER *** [Ts 8c Kh 6c] [Ks]
Agrotait: bets $6
kincar1975: folds
Uncalled bet ($6) returned to Agrotait
Agrotait collected $35.50 from pot
Agrotait: doesn't show hand
*** SUMMARY ***
Total pot $36 | Rake $0.50
Board [Ts 8c Kh 6c Ks]
Seat 2: kincar1975 (button) (small blind) folded on the River
Seat 7: Agrotait (big blind) collected ($35.50)


PokerStars Hand #167370004172:  Hold'em Limit ($3/$6 USD) - 2017/03/10 1:12:11 ET
Table 'Klonios' 10-max Seat #7 is the button
Seat 2: kincar1975 ($136.45 in chips)
Seat 7: Agrotait ($180.40 in chips)
Agrotait: posts small blind $1
kincar1975: posts big blind $3
*** HOLE CARDS ***
Agrotait: raises $3 to $6
kincar1975: calls $3
*** FLOP *** [8s Qd Ac]
kincar1975: checks
Agrotait: bets $3
kincar1975: folds
Uncalled bet ($3) returned to Agrotait
Agrotait collected $11.76 from pot
Agrotait: doesn't show hand
*** SUMMARY ***
Total pot $12 | Rake $0.24
Board [8s Qd Ac]
Seat 2: kincar1975 (big blind) folded on the Flop
Seat 7: Agrotait (button) (small blind) collected ($11.76)


PokerStars Hand #167370007857:  Hold'em Limit ($3/$6 USD) - 2017/03/10 1:12:24 ET
Table 'Klonios' 10-max Seat #2 is the button
Seat 2: kincar1975 ($130.45 in chips)
Seat 7: Agrotait ($186.16 in chips)
kincar1975: posts small blind $1
Agrotait: posts big blind $3
*** HOLE CARDS ***
kincar1975: raises $3 to $6
Agrotait: calls $3
*** FLOP *** [5c Jh 2s]
Agrotait: checks
kincar1975: bets $3
Agrotait: calls $3
*** TURN *** [5c Jh 2s] [Kd]
Agrotait: checks
kincar1975: bets $6
Agrotait: calls $6
*** RIVER *** [5c Jh 2s Kd] [4c]
Agrotait: checks
kincar1975: bets $6
Agrotait: calls $6
*** SHOW DOWN ***
kincar1975: shows [5d 5h] (three of a kind, Fives)
Agrotait: mucks hand
kincar1975 collected $41.50 from pot
*** SUMMARY ***
Total pot $42 | Rake $0.50
Board [5c Jh 2s Kd 4c]
Seat 2: kincar1975 (button) (small blind) showed [5d 5h] and won ($41.50) with three of a kind, Fives
Seat 7: Agrotait (big blind) mucked


PokerStars Hand #167370021111:  Hold'em Limit ($3/$6 USD) - 2017/03/10 1:13:14 ET
Table 'Klonios' 10-max Seat #7 is the button
Seat 2: kincar1975 ($150.95 in chips)
Seat 7: Agrotait ($165.16 in chips)
Agrotait: posts small blind $1
kincar1975: posts big blind $3
*** HOLE CARDS ***
Agrotait: raises $3 to $6
kincar1975: calls $3
*** FLOP *** [9h Ad Ks]
kincar1975: checks
Agrotait: bets $3
kincar1975: folds
Uncalled bet ($3) returned to Agrotait
Agrotait collected $11.76 from pot
Agrotait: doesn't show hand
*** SUMMARY ***
Total pot $12 | Rake $0.24
Board [9h Ad Ks]
Seat 2: kincar1975 (big blind) folded on the Flop
Seat 7: Agrotait (button) (small blind) collected ($11.76)


PokerStars Hand #167370023912:  Hold'em Limit ($3/$6 USD) - 2017/03/10 1:13:25 ET
Table 'Klonios' 10-max Seat #2 is the button
Seat 2: kincar1975 ($144.95 in chips)
Seat 7: Agrotait ($170.92 in chips)
kincar1975: posts small blind $1
Agrotait: posts big blind $3
*** HOLE CARDS ***
kincar1975: raises $3 to $6
Agrotait: raises $3 to $9
kincar1975: calls $3
*** FLOP *** [Qs 7d 2h]
Agrotait: bets $3
kincar1975: calls $3
*** TURN *** [Qs 7d 2h] [5d]
Agrotait: checks
kincar1975: checks
*** RIVER *** [Qs 7d 2h 5d] [9c]
Agrotait: checks
kincar1975: checks
*** SHOW DOWN ***
Agrotait: shows [Js Ts] (high card Queen)
kincar1975: shows [5h 6h] (a pair of Fives)
kincar1975 collected $23.52 from pot
*** SUMMARY ***
Total pot $24 | Rake $0.48
Board [Qs 7d 2h 5d 9c]
Seat 2: kincar1975 (button) (small blind) showed [5h 6h] and won ($23.52) with a pair of Fives
Seat 7: Agrotait (big blind) showed [Js Ts] and lost with high card Queen


PokerStars Hand #167370034723:  Hold'em Limit ($3/$6 USD) - 2017/03/10 1:14:04 ET
Table 'Klonios' 10-max Seat #2 is the button
Seat 2: kincar1975 ($179.97 in chips)
Seat 7: Agrotait ($134.92 in chips)
kincar1975: posts small blind $1
Agrotait: posts big blind $3
*** HOLE CARDS ***
kincar1975: raises $3 to $6
Agrotait: raises $3 to $9
kincar1975: calls $3
*** FLOP *** [3h 8c Kc]
Agrotait: bets $3
kincar1975: calls $3
*** TURN *** [3h 8c Kc] [Qh]
Agrotait: bets $6
kincar1975: raises $6 to $12
Agrotait: raises $6 to $18
kincar1975: folds
Uncalled bet ($6) returned to Agrotait
Agrotait collected $47.50 from pot
Agrotait: doesn't show hand
*** SUMMARY ***
Total pot $48 | Rake $0.50
Board [3h 8c Kc Qh]
Seat 2: kincar1975 (button) (small blind) folded on the Turn
Seat 7: Agrotait (big blind) collected ($47.50)


PokerStars Hand #167370030100:  Hold'em Limit ($3/$6 USD) - 2017/03/10 1:13:47 ET
Table 'Klonios' 10-max Seat #7 is the button
Seat 2: kincar1975 ($156.47 in chips)
Seat 7: Agrotait ($158.92 in chips)
Agrotait: posts small blind $1
kincar1975: posts big blind $3
*** HOLE CARDS ***
Agrotait: raises $3 to $6
kincar1975: raises $3 to $9
Agrotait: calls $3
*** FLOP *** [6s 3h Ac]
kincar1975: bets $3
Agrotait: calls $3
*** TURN *** [6s 3h Ac] [2s]
kincar1975: bets $6
Agrotait: calls $6
*** RIVER *** [6s 3h Ac 2s] [5c]
kincar1975: bets $6
Agrotait: calls $6
*** SHOW DOWN ***
kincar1975: shows [Kd As] (a pair of Aces)
Agrotait: mucks hand
kincar1975 collected $47.50 from pot
*** SUMMARY ***
Total pot $48 | Rake $0.50
Board [6s 3h Ac 2s 5c]
Seat 2: kincar1975 (big blind) showed [Kd As] and won ($47.50) with a pair of Aces
Seat 7: Agrotait (button) (small blind) mucked


PokerStars Hand #167370039019:  Hold'em Limit ($3/$6 USD) - 2017/03/10 1:14:20 ET
Table 'Klonios' 10-max Seat #7 is the button
Seat 2: kincar1975 ($155.97 in chips)
Seat 7: Agrotait ($158.42 in chips)
Agrotait: posts small blind $1
kincar1975: posts big blind $3
*** HOLE CARDS ***
Agrotait: raises $3 to $6
kincar1975: calls $3
*** FLOP *** [Ks 3c Jh]
kincar1975: checks
Agrotait: bets $3
kincar1975: calls $3
*** TURN *** [Ks 3c Jh] [9d]
kincar1975: checks
Agrotait: checks
*** RIVER *** [Ks 3c Jh 9d] [8d]
kincar1975: bets $6
Agrotait: calls $6
*** SHOW DOWN ***
kincar1975: shows [6s Qd] (high card King)
Agrotait: shows [8s Ac] (a pair of Eights)
Agrotait collected $29.50 from pot
*** SUMMARY ***
Total pot $30 | Rake $0.50
Board [Ks 3c Jh 9d 8d]
Seat 2: kincar1975 (big blind) showed [6s Qd] and lost with high card King
Seat 7: Agrotait (button) (small blind) showed [8s Ac] and won ($29.50) with a pair of Eights


PokerStars Hand #167370045497:  Hold'em Limit ($3/$6 USD) - 2017/03/10 1:14:44 ET
Table 'Klonios' 10-max Seat #2 is the button
Seat 2: kincar1975 ($140.97 in chips)
Seat 7: Agrotait ($172.92 in chips)
kincar1975: posts small blind $1
Agrotait: posts big blind $3
*** HOLE CARDS ***
kincar1975: folds
Uncalled bet ($2) returned to Agrotait
Agrotait collected $2 from pot
Agrotait: doesn't show hand
*** SUMMARY ***
Total pot $2 | Rake $0
Seat 2: kincar1975 (button) (small blind) folded before Flop
Seat 7: Agrotait (big blind) collected ($2)


PokerStars Hand #167370065580:  Hold'em Limit ($3/$6 USD) - 2017/03/10 1:15:57 ET
Table 'Klonios' 10-max Seat #2 is the button
Seat 2: kincar1975 ($106.61 in chips)
Seat 7: Agrotait ($205.92 in chips)
kincar1975: posts small blind $1
Agrotait: posts big blind $3
*** HOLE CARDS ***
kincar1975: folds
Uncalled bet ($2) returned to Agrotait
Agrotait collected $2 from pot
Agrotait: doesn't show hand
*** SUMMARY ***
Total pot $2 | Rake $0
Seat 2: kincar1975 (button) (small blind) folded before Flop
Seat 7: Agrotait (big blind) collected ($2)


PokerStars Hand #167370055717:  Hold'em Limit ($3/$6 USD) - 2017/03/10 1:15:21 ET
Table 'Klonios' 10-max Seat #7 is the button
Seat 2: kincar1975 ($124.61 in chips)
Seat 7: Agrotait ($188.42 in chips)
Agrotait: posts small blind $1
kincar1975: posts big blind $3
*** HOLE CARDS ***
Agrotait: calls $2
kincar1975: raises $3 to $6
Agrotait: raises $3 to $9
kincar1975: calls $3
*** FLOP *** [4h 3s Ah]
kincar1975: checks
Agrotait: bets $3
kincar1975: calls $3
*** TURN *** [4h 3s Ah] [Qc]
kincar1975: checks
Agrotait: checks
*** RIVER *** [4h 3s Ah Qc] [8d]
kincar1975: bets $6
Agrotait: calls $6
*** SHOW DOWN ***
kincar1975: shows [6c 6h] (a pair of Sixes)
Agrotait: shows [Jc Qh] (a pair of Queens)
Agrotait collected $35.50 from pot
*** SUMMARY ***
Total pot $36 | Rake $0.50
Board [4h 3s Ah Qc 8d]
Seat 2: kincar1975 (big blind) showed [6c 6h] and lost with a pair of Sixes
Seat 7: Agrotait (button) (small blind) showed [Jc Qh] and won ($35.50) with a pair of Queens


PokerStars Hand #167370051659:  Hold'em Limit ($3/$6 USD) - 2017/03/10 1:15:06 ET
Table 'Klonios' 10-max Seat #2 is the button
Seat 2: kincar1975 ($148.61 in chips)
Seat 7: Agrotait ($164.92 in chips)
kincar1975: posts small blind $1
Agrotait: posts big blind $3
*** HOLE CARDS ***
kincar1975: raises $3 to $6
Agrotait: raises $3 to $9
kincar1975: calls $3
*** FLOP *** [4c 3d Ad]
Agrotait: bets $3
kincar1975: calls $3
*** TURN *** [4c 3d Ad] [8h]
Agrotait: bets $6
kincar1975: calls $6
*** RIVER *** [4c 3d Ad 8h] [Td]
Agrotait: bets $6
kincar1975: calls $6
*** SHOW DOWN ***
Agrotait: shows [4d 4h] (three of a kind, Fours)
kincar1975: mucks hand
Agrotait collected $47.50 from pot
*** SUMMARY ***
Total pot $48 | Rake $0.50
Board [4c 3d Ad 8h Td]
Seat 2: kincar1975 (button) (small blind) mucked
Seat 7: Agrotait (big blind) showed [4d 4h] and won ($47.50) with three of a kind, Fours


PokerStars Hand #167370047377:  Hold'em Limit ($3/$6 USD) - 2017/03/10 1:14:51 ET
Table 'Klonios' 10-max Seat #7 is the button
Seat 2: kincar1975 ($139.97 in chips)
Seat 7: Agrotait ($173.92 in chips)
Agrotait: posts small blind $1
kincar1975: posts big blind $3
*** HOLE CARDS ***
Agrotait: raises $3 to $6
kincar1975: calls $3
*** FLOP *** [6c Qd 4s]
kincar1975: checks
Agrotait: bets $3
kincar1975: calls $3
*** TURN *** [6c Qd 4s] [Kc]
kincar1975: checks
Agrotait: checks
*** RIVER *** [6c Qd 4s Kc] [2h]
kincar1975: bets $6
Agrotait: folds
Uncalled bet ($6) returned to kincar1975
kincar1975 collected $17.64 from pot
kincar1975: doesn't show hand
*** SUMMARY ***
Total pot $18 | Rake $0.36
Board [6c Qd 4s Kc 2h]
Seat 2: kincar1975 (big blind) collected ($17.64)
Seat 7: Agrotait (button) (small blind) folded on the River


PokerStars Hand #167370067160:  Hold'em Limit ($3/$6 USD) - 2017/03/10 1:16:03 ET
Table 'Klonios' 10-max Seat #7 is the button
Seat 2: kincar1975 ($105.61 in chips)
Seat 7: Agrotait ($206.92 in chips)
Agrotait: posts small blind $1
kincar1975: posts big blind $3
*** HOLE CARDS ***
Agrotait: raises $3 to $6
kincar1975: raises $3 to $9
Agrotait: calls $3
*** FLOP *** [Kh 8h 9c]
kincar1975: bets $3
Agrotait: calls $3
*** TURN *** [Kh 8h 9c] [2s]
kincar1975: bets $6
Agrotait: calls $6
*** RIVER *** [Kh 8h 9c 2s] [Qs]
kincar1975: bets $6
Agrotait: raises $6 to $12
kincar1975: calls $6
*** SHOW DOWN ***
Agrotait: shows [7s 6d] (high card King)
kincar1975: shows [6h 6s] (a pair of Sixes)
kincar1975 collected $59.50 from pot
*** SUMMARY ***
Total pot $60 | Rake $0.50
Board [Kh 8h 9c 2s Qs]
Seat 2: kincar1975 (big blind) showed [6h 6s] and won ($59.50) with a pair of Sixes
Seat 7: Agrotait (button) (small blind) showed [7s 6d] and lost with high card King


PokerStars Hand #167370076026:  Hold'em Limit ($3/$6 USD) - 2017/03/10 1:16:35 ET
Table 'Klonios' 10-max Seat #2 is the button
Seat 2: kincar1975 ($135.11 in chips)
Seat 7: Agrotait ($176.92 in chips)
kincar1975: posts small blind $1
Agrotait: posts big blind $3
*** HOLE CARDS ***
kincar1975: raises $3 to $6
Agrotait: calls $3
*** FLOP *** [2h 8d 2s]
Agrotait: checks
kincar1975: bets $3
Agrotait: calls $3
*** TURN *** [2h 8d 2s] [3s]
Agrotait: checks
kincar1975: bets $6
Agrotait: calls $6
*** RIVER *** [2h 8d 2s 3s] [9s]
Agrotait: checks
kincar1975: checks
*** SHOW DOWN ***
Agrotait: shows [As 4d] (a pair of Deuces)
kincar1975: mucks hand
Agrotait collected $29.50 from pot
*** SUMMARY ***
Total pot $30 | Rake $0.50
Board [2h 8d 2s 3s 9s]
Seat 2: kincar1975 (button) (small blind) mucked
Seat 7: Agrotait (big blind) showed [As 4d] and won ($29.50) with a pair of Deuces


PokerStars Hand #167370092832:  Hold'em Limit ($3/$6 USD) - 2017/03/10 1:17:35 ET
Table 'Klonios' 10-max Seat #7 is the button
Seat 2: kincar1975 ($113.61 in chips)
Seat 7: Agrotait ($196.92 in chips)
Agrotait: posts small blind $1
kincar1975: posts big blind $3
*** HOLE CARDS ***
Agrotait: raises $3 to $6
kincar1975: calls $3
*** FLOP *** [9s 8s 8d]
kincar1975: checks
Agrotait: checks
*** TURN *** [9s 8s 8d] [Jh]
kincar1975: checks
Agrotait: checks
*** RIVER *** [9s 8s 8d Jh] [Qs]
kincar1975: bets $6
Agrotait: calls $6
*** SHOW DOWN ***
kincar1975: shows [5c 7s] (a pair of Eights)
Agrotait: shows [4c Qh] (two pair, Queens and Eights)
Agrotait collected $23.52 from pot
*** SUMMARY ***
Total pot $24 | Rake $0.48
Board [9s 8s 8d Jh Qs]
Seat 2: kincar1975 (big blind) showed [5c 7s] and lost with a pair of Eights
Seat 7: Agrotait (button) (small blind) showed [4c Qh] and won ($23.52) with two pair, Queens and Eights


PokerStars Hand #167370080777:  Hold'em Limit ($3/$6 USD) - 2017/03/10 1:16:52 ET
Table 'Klonios' 10-max Seat #7 is the button
Seat 2: kincar1975 ($120.11 in chips)
Seat 7: Agrotait ($191.42 in chips)
Agrotait: posts small blind $1
kincar1975: posts big blind $3
*** HOLE CARDS ***
Agrotait: raises $3 to $6
kincar1975: raises $3 to $9
Agrotait: raises $3 to $12
Betting is capped
kincar1975: calls $3
*** FLOP *** [5c 9s Jd]
kincar1975: checks
Agrotait: bets $3
kincar1975: calls $3
*** TURN *** [5c 9s Jd] [2d]
kincar1975: checks
Agrotait: bets $6
kincar1975: calls $6
*** RIVER *** [5c 9s Jd 2d] [As]
kincar1975: checks
Agrotait: bets $6
kincar1975: calls $6
*** SHOW DOWN ***
Agrotait: shows [Ks Kd] (a pair of Kings)
kincar1975: mucks hand
Agrotait collected $53.50 from pot
*** SUMMARY ***
Total pot $54 | Rake $0.50
Board [5c 9s Jd 2d As]
Seat 2: kincar1975 (big blind) mucked
Seat 7: Agrotait (button) (small blind) showed [Ks Kd] and won ($53.50) with a pair of Kings


PokerStars Hand #167370087370:  Hold'em Limit ($3/$6 USD) - 2017/03/10 1:17:16 ET
Table 'Klonios' 10-max Seat #2 is the button
Seat 2: kincar1975 ($93.11 in chips)
Seat 7: Agrotait ($217.92 in chips)
kincar1975: posts small blind $1
Agrotait: posts big blind $3
*** HOLE CARDS ***
kincar1975: raises $3 to $6
Agrotait: raises $3 to $9
kincar1975: calls $3
*** FLOP *** [Ts 3d Tc]
Agrotait: checks
kincar1975: checks
*** TURN *** [Ts 3d Tc] [8h]
Agrotait: checks
kincar1975: bets $6
Agrotait: calls $6
*** RIVER *** [Ts 3d Tc 8h] [2d]
Agrotait: checks
kincar1975: bets $6
Agrotait: calls $6
*** SHOW DOWN ***
kincar1975: shows [Kd 8d] (two pair, Tens and Eights)
Agrotait: mucks hand
kincar1975 collected $41.50 from pot
*** SUMMARY ***
Total pot $42 | Rake $0.50
Board [Ts 3d Tc 8h 2d]
Seat 2: kincar1975 (button) (small blind) showed [Kd 8d] and won ($41.50) with two pair, Tens and Eights
Seat 7: Agrotait (big blind) mucked


PokerStars Hand #167370102428:  Hold'em Limit ($3/$6 USD) - 2017/03/10 1:18:10 ET
Table 'Klonios' 10-max Seat #7 is the button
Seat 2: kincar1975 ($71.61 in chips)
Seat 7: Agrotait ($237.94 in chips)
Agrotait: posts small blind $1
kincar1975: posts big blind $3
*** HOLE CARDS ***
Agrotait: raises $3 to $6
kincar1975: calls $3
*** FLOP *** [Qd Qh 7s]
kincar1975: checks
Agrotait: bets $3
kincar1975: calls $3
*** TURN *** [Qd Qh 7s] [2s]
kincar1975: checks
Agrotait: bets $6
kincar1975: raises $6 to $12
Agrotait: calls $6
*** RIVER *** [Qd Qh 7s 2s] [3d]
kincar1975: bets $6
Agrotait: calls $6
*** SHOW DOWN ***
kincar1975: shows [5s Ts] (a pair of Queens)
Agrotait: shows [4c 4h] (two pair, Queens and Fours)
Agrotait collected $53.50 from pot
*** SUMMARY ***
Total pot $54 | Rake $0.50
Board [Qd Qh 7s 2s 3d]
Seat 2: kincar1975 (big blind) showed [5s Ts] and lost with a pair of Queens
Seat 7: Agrotait (button) (small blind) showed [4c 4h] and won ($53.50) with two pair, Queens and Fours


PokerStars Hand #167370096409:  Hold'em Limit ($3/$6 USD) - 2017/03/10 1:17:48 ET
Table 'Klonios' 10-max Seat #2 is the button
Seat 2: kincar1975 ($101.61 in chips)
Seat 7: Agrotait ($208.44 in chips)
kincar1975: posts small blind $1
Agrotait: posts big blind $3
*** HOLE CARDS ***
kincar1975: raises $3 to $6
Agrotait: raises $3 to $9
kincar1975: calls $3
*** FLOP *** [6s 7c 2c]
Agrotait: bets $3
kincar1975: calls $3
*** TURN *** [6s 7c 2c] [3s]
Agrotait: bets $6
kincar1975: raises $6 to $12
Agrotait: calls $6
*** RIVER *** [6s 7c 2c 3s] [Jc]
Agrotait: checks
kincar1975: bets $6
Agrotait: calls $6
*** SHOW DOWN ***
kincar1975: shows [Js Td] (a pair of Jacks)
Agrotait: shows [Ad As] (a pair of Aces)
Agrotait collected $59.50 from pot
*** SUMMARY ***
Total pot $60 | Rake $0.50
Board [6s 7c 2c 3s Jc]
Seat 2: kincar1975 (button) (small blind) showed [Js Td] and lost with a pair of Jacks
Seat 7: Agrotait (big blind) showed [Ad As] and won ($59.50) with a pair of Aces


PokerStars Hand #167370121985:  Hold'em Limit ($3/$6 USD) - 2017/03/10 1:19:22 ET
Table 'Klonios' 10-max Seat #2 is the button
Seat 2: kincar1975 ($30.61 in chips)
Seat 7: Agrotait ($277.94 in chips)
kincar1975: posts small blind $1
Agrotait: posts big blind $3
*** HOLE CARDS ***
kincar1975: raises $3 to $6
Agrotait: calls $3
*** FLOP *** [Jh Kd 9d]
Agrotait: checks
kincar1975: bets $3
Agrotait: calls $3
*** TURN *** [Jh Kd 9d] [5h]
Agrotait: checks
kincar1975: bets $6
Agrotait: raises $6 to $12
kincar1975: raises $6 to $18
Agrotait: calls $6
*** RIVER *** [Jh Kd 9d 5h] [8h]
Agrotait: checks
kincar1975: bets $3.61 and is all-in
Agrotait: calls $3.61
*** SHOW DOWN ***
kincar1975: shows [Kh Ks] (three of a kind, Kings)
Agrotait: shows [Kc 6d] (a pair of Kings)
kincar1975 collected $60.72 from pot
*** SUMMARY ***
Total pot $61.22 | Rake $0.50
Board [Jh Kd 9d 5h 8h]
Seat 2: kincar1975 (button) (small blind) showed [Kh Ks] and won ($60.72) with three of a kind, Kings
Seat 7: Agrotait (big blind) showed [Kc 6d] and lost with a pair of Kings


PokerStars Hand #167370120328:  Hold'em Limit ($3/$6 USD) - 2017/03/10 1:19:16 ET
Table 'Klonios' 10-max Seat #7 is the button
Seat 2: kincar1975 ($29.61 in chips)
Seat 7: Agrotait ($278.94 in chips)
Agrotait: posts small blind $1
kincar1975: posts big blind $3
*** HOLE CARDS ***
Agrotait: folds
Uncalled bet ($2) returned to kincar1975
kincar1975 collected $2 from pot
kincar1975: doesn't show hand
*** SUMMARY ***
Total pot $2 | Rake $0
Seat 2: kincar1975 (big blind) collected ($2)
Seat 7: Agrotait (button) (small blind) folded before Flop


PokerStars Hand #167370145094:  Hold'em Limit ($3/$6 USD) - 2017/03/10 1:20:46 ET
Table 'Klonios' 10-max Seat #7 is the button
Seat 2: kincar1975 ($303.94 in chips)
Seat 7: Agrotait ($243.83 in chips)
Agrotait: posts small blind $1
kincar1975: posts big blind $3
*** HOLE CARDS ***
Agrotait: folds
Uncalled bet ($2) returned to kincar1975
kincar1975 collected $2 from pot
kincar1975: doesn't show hand
*** SUMMARY ***
Total pot $2 | Rake $0
Seat 2: kincar1975 (big blind) collected ($2)
Seat 7: Agrotait (button) (small blind) folded before Flop


PokerStars Hand #167370133976:  Hold'em Limit ($3/$6 USD) - 2017/03/10 1:20:06 ET
Table 'Klonios' 10-max Seat #2 is the button
Seat 2: kincar1975 ($36.72 in chips)
Seat 7: Agrotait ($270.83 in chips)
kincar1975: posts small blind $1
Agrotait: posts big blind $3
*** HOLE CARDS ***
kincar1975: raises $3 to $6
Agrotait: calls $3
*** FLOP *** [5d 5h 7c]
Agrotait: checks
kincar1975: bets $3
Agrotait: raises $3 to $6
kincar1975: raises $3 to $9
Agrotait: calls $3
*** TURN *** [5d 5h 7c] [5c]
Agrotait: checks
kincar1975: bets $6
Agrotait: calls $6
*** RIVER *** [5d 5h 7c 5c] [9h]
Agrotait: checks
kincar1975: bets $6
Agrotait: calls $6
*** SHOW DOWN ***
kincar1975: shows [Ts Td] (a full house, Fives full of Tens)
Agrotait: mucks hand
kincar1975 collected $53.50 from pot
*** SUMMARY ***
Total pot $54 | Rake $0.50
Board [5d 5h 7c 5c 9h]
Seat 2: kincar1975 (button) (small blind) showed [Ts Td] and won ($53.50) with a full house, Fives full of Tens
Seat 7: Agrotait (big blind) mucked


PokerStars Hand #167370147277:  Hold'em Limit ($3/$6 USD) - 2017/03/10 1:20:54 ET
Table 'Klonios' 10-max Seat #2 is the button
Seat 2: kincar1975 ($304.94 in chips)
Seat 7: Agrotait ($242.83 in chips)
kincar1975: posts small blind $1
Agrotait: posts big blind $3
*** HOLE CARDS ***
kincar1975: folds
Uncalled bet ($2) returned to Agrotait
Agrotait collected $2 from pot
Agrotait: doesn't show hand
*** SUMMARY ***
Total pot $2 | Rake $0
Seat 2: kincar1975 (button) (small blind) folded before Flop
Seat 7: Agrotait (big blind) collected ($2)


PokerStars Hand #167370127357:  Hold'em Limit ($3/$6 USD) - 2017/03/10 1:19:42 ET
Table 'Klonios' 10-max Seat #7 is the button
Seat 2: kincar1975 ($60.72 in chips)
Seat 7: Agrotait ($247.33 in chips)
Agrotait: posts small blind $1
kincar1975: posts big blind $3
*** HOLE CARDS ***
Agrotait: raises $3 to $6
kincar1975: raises $3 to $9
Agrotait: calls $3
*** FLOP *** [Js 2s 9h]
kincar1975: bets $3
Agrotait: calls $3
*** TURN *** [Js 2s 9h] [Kd]
kincar1975: bets $6
Agrotait: calls $6
*** RIVER *** [Js 2s 9h Kd] [3d]
kincar1975: bets $6
Agrotait: calls $6
*** SHOW DOWN ***
kincar1975: shows [8d As] (high card Ace)
Agrotait: shows [Ah 9d] (a pair of Nines)
Agrotait collected $47.50 from pot
*** SUMMARY ***
Total pot $48 | Rake $0.50
Board [Js 2s 9h Kd 3d]
Seat 2: kincar1975 (big blind) showed [8d As] and lost with high card Ace
Seat 7: Agrotait (button) (small blind) showed [Ah 9d] and won ($47.50) with a pair of Nines


PokerStars Hand #167370148663:  Hold'em Limit ($3/$6 USD) - 2017/03/10 1:20:59 ET
Table 'Klonios' 10-max Seat #7 is the button
Seat 2: kincar1975 ($303.94 in chips)
Seat 7: Agrotait ($243.83 in chips)
Agrotait: posts small blind $1
kincar1975: posts big blind $3
*** HOLE CARDS ***
Agrotait: raises $3 to $6
kincar1975: calls $3
*** FLOP *** [Td 7c 4h]
kincar1975: checks
Agrotait: bets $3
kincar1975: calls $3
*** TURN *** [Td 7c 4h] [5d]
kincar1975: checks
Agrotait: checks
*** RIVER *** [Td 7c 4h 5d] [9d]
kincar1975: checks
Agrotait: checks
*** SHOW DOWN ***
kincar1975: shows [3h 5c] (a pair of Fives)
Agrotait: mucks hand
kincar1975 collected $17.64 from pot
*** SUMMARY ***
Total pot $18 | Rake $0.36
Board [Td 7c 4h 5d 9d]
Seat 2: kincar1975 (big blind) showed [3h 5c] and won ($17.64) with a pair of Fives
Seat 7: Agrotait (button) (small blind) mucked


PokerStars Hand #167370157120:  Hold'em Limit ($3/$6 USD) - 2017/03/10 1:21:30 ET
Table 'Klonios' 10-max Seat #2 is the button
Seat 2: kincar1975 ($312.58 in chips)
Seat 7: Agrotait ($234.83 in chips)
kincar1975: posts small blind $1
Agrotait: posts big blind $3
*** HOLE CARDS ***
kincar1975: raises $3 to $6
Agrotait: raises $3 to $9
kincar1975: calls $3
*** FLOP *** [Ah 2h 9s]
Agrotait: bets $3
kincar1975: calls $3
*** TURN *** [Ah 2h 9s] [9d]
Agrotait: bets $6
kincar1975: calls $6
*** RIVER *** [Ah 2h 9s 9d] [6c]
Agrotait: bets $6
kincar1975: calls $6
*** SHOW DOWN ***
Agrotait: shows [As Th] (two pair, Aces and Nines)
kincar1975: mucks hand
Agrotait collected $47.50 from pot
*** SUMMARY ***
Total pot $48 | Rake $0.50
Board [Ah 2h 9s 9d 6c]
Seat 2: kincar1975 (button) (small blind) mucked
Seat 7: Agrotait (big blind) showed [As Th] and won ($47.50) with two pair, Aces and Nines


PokerStars Hand #167370161628:  Hold'em Limit ($3/$6 USD) - 2017/03/10 1:21:47 ET
Table 'Klonios' 10-max Seat #7 is the button
Seat 2: kincar1975 ($288.58 in chips)
Seat 7: Agrotait ($258.33 in chips)
Agrotait: posts small blind $1
kincar1975: posts big blind $3
*** HOLE CARDS ***
Agrotait: raises $3 to $6
kincar1975: raises $3 to $9
Agrotait: calls $3
*** FLOP *** [Kd 5c Kh]
kincar1975: bets $3
Agrotait: calls $3
*** TURN *** [Kd 5c Kh] [4c]
kincar1975: bets $6
Agrotait: folds
Uncalled bet ($6) returned to kincar1975
kincar1975 collected $23.52 from pot
kincar1975: doesn't show hand
*** SUMMARY ***
Total pot $24 | Rake $0.48
Board [Kd 5c Kh 4c]
Seat 2: kincar1975 (big blind) collected ($23.52)
Seat 7: Agrotait (button) (small blind) folded on the Turn


PokerStars Hand #167370166128:  Hold'em Limit ($3/$6 USD) - 2017/03/10 1:22:03 ET
Table 'Klonios' 10-max Seat #2 is the button
Seat 2: kincar1975 ($300.10 in chips)
Seat 7: Agrotait ($246.33 in chips)
kincar1975: posts small blind $1
Agrotait: posts big blind $3
*** HOLE CARDS ***
kincar1975: raises $3 to $6
Agrotait: calls $3
*** FLOP *** [Th Jd 8h]
Agrotait: checks
kincar1975: bets $3
Agrotait: calls $3
*** TURN *** [Th Jd 8h] [Ah]
Agrotait: checks
kincar1975: bets $6
Agrotait: calls $6
*** RIVER *** [Th Jd 8h Ah] [8c]
Agrotait: checks
kincar1975: bets $6
Agrotait: calls $6
*** SHOW DOWN ***
kincar1975: shows [6s 4d] (a pair of Eights)
Agrotait: shows [Ts 9d] (two pair, Tens and Eights)
Agrotait collected $41.50 from pot
*** SUMMARY ***
Total pot $42 | Rake $0.50
Board [Th Jd 8h Ah 8c]
Seat 2: kincar1975 (button) (small blind) showed [6s 4d] and lost with a pair of Eights
Seat 7: Agrotait (big blind) showed [Ts 9d] and won ($41.50) with two pair, Tens and Eights


PokerStars Hand #167370174537:  Hold'em Limit ($3/$6 USD) - 2017/03/10 1:22:33 ET
Table 'Klonios' 10-max Seat #7 is the button
Seat 2: kincar1975 ($279.10 in chips)
Seat 7: Agrotait ($266.83 in chips)
Agrotait: posts small blind $1
kincar1975: posts big blind $3
*** HOLE CARDS ***
Agrotait: raises $3 to $6
kincar1975: calls $3
*** FLOP *** [Th 8c 7h]
kincar1975: checks
Agrotait: bets $3
kincar1975: calls $3
*** TURN *** [Th 8c 7h] [4d]
kincar1975: checks
Agrotait: bets $6
kincar1975: calls $6
*** RIVER *** [Th 8c 7h 4d] [Ac]
kincar1975: checks
Agrotait: bets $6
kincar1975: calls $6
*** SHOW DOWN ***
Agrotait: shows [Jh Ts] (a pair of Tens)
kincar1975: mucks hand
Agrotait collected $41.50 from pot
*** SUMMARY ***
Total pot $42 | Rake $0.50
Board [Th 8c 7h 4d Ac]
Seat 2: kincar1975 (big blind) mucked
Seat 7: Agrotait (button) (small blind) showed [Jh Ts] and won ($41.50) with a pair of Tens


PokerStars Hand #167370181459:  Hold'em Limit ($3/$6 USD) - 2017/03/10 1:22:58 ET
Table 'Klonios' 10-max Seat #2 is the button
Seat 2: kincar1975 ($258.10 in chips)
Seat 7: Agrotait ($287.33 in chips)
kincar1975: posts small blind $1
Agrotait: posts big blind $3
*** HOLE CARDS ***
kincar1975: raises $3 to $6
Agrotait: calls $3
*** FLOP *** [Kc 3h 3s]
Agrotait: checks
kincar1975: checks
*** TURN *** [Kc 3h 3s] [9h]
Agrotait: checks
kincar1975: bets $6
Agrotait: calls $6
*** RIVER *** [Kc 3h 3s 9h] [2d]
Agrotait: checks
kincar1975: bets $6
Agrotait: calls $6
*** SHOW DOWN ***
kincar1975: shows [Tc 4c] (a pair of Threes)
Agrotait: shows [Ah 7c] (a pair of Threes - Ace kicker)
Agrotait collected $35.50 from pot
*** SUMMARY ***
Total pot $36 | Rake $0.50
Board [Kc 3h 3s 9h 2d]
Seat 2: kincar1975 (button) (small blind) showed [Tc 4c] and lost with a pair of Threes
Seat 7: Agrotait (big blind) showed [Ah 7c] and won ($35.50) with a pair of Threes


PokerStars Hand #167370200169:  Hold'em Limit ($3/$6 USD) - 2017/03/10 1:24:07 ET
Table 'Klonios' 10-max Seat #2 is the button
Seat 2: kincar1975 ($219.10 in chips)
Seat 7: Agrotait ($325.33 in chips)
kincar1975: posts small blind $1
Agrotait: posts big blind $3
*** HOLE CARDS ***
kincar1975: folds
Uncalled bet ($2) returned to Agrotait
Agrotait collected $2 from pot
Agrotait: doesn't show hand
*** SUMMARY ***
Total pot $2 | Rake $0
Seat 2: kincar1975 (button) (small blind) folded before Flop
Seat 7: Agrotait (big blind) collected ($2)


PokerStars Hand #167370194133:  Hold'em Limit ($3/$6 USD) - 2017/03/10 1:23:45 ET
Table 'Klonios' 10-max Seat #7 is the button
Seat 2: kincar1975 ($240.10 in chips)
Seat 7: Agrotait ($304.83 in chips)
Agrotait: posts small blind $1
kincar1975: posts big blind $3
*** HOLE CARDS ***
Agrotait: raises $3 to $6
kincar1975: calls $3
*** FLOP *** [Js Jd Kd]
kincar1975: checks
Agrotait: bets $3
kincar1975: calls $3
*** TURN *** [Js Jd Kd] [3s]
kincar1975: checks
Agrotait: bets $6
kincar1975: calls $6
*** RIVER *** [Js Jd Kd 3s] [Td]
kincar1975: checks
Agrotait: bets $6
kincar1975: calls $6
*** SHOW DOWN ***
Agrotait: shows [Ad Jc] (three of a kind, Jacks)
kincar1975: mucks hand
Agrotait collected $41.50 from pot
*** SUMMARY ***
Total pot $42 | Rake $0.50
Board [Js Jd Kd 3s Td]
Seat 2: kincar1975 (big blind) mucked
Seat 7: Agrotait (button) (small blind) showed [Ad Jc] and won ($41.50) with three of a kind, Jacks


PokerStars Hand #167370203005:  Hold'em Limit ($3/$6 USD) - 2017/03/10 1:24:17 ET
Table 'Klonios' 10-max Seat #2 is the button
Seat 2: kincar1975 ($215.10 in chips)
Seat 7: Agrotait ($329.33 in chips)
kincar1975: posts small blind $1
Agrotait: posts big blind $3
*** HOLE CARDS ***
kincar1975: folds
Uncalled bet ($2) returned to Agrotait
Agrotait collected $2 from pot
Agrotait: doesn't show hand
*** SUMMARY ***
Total pot $2 | Rake $0
Seat 2: kincar1975 (button) (small blind) folded before Flop
Seat 7: Agrotait (big blind) collected ($2)


PokerStars Hand #167370201555:  Hold'em Limit ($3/$6 USD) - 2017/03/10 1:24:12 ET
Table 'Klonios' 10-max Seat #7 is the button
Seat 2: kincar1975 ($218.10 in chips)
Seat 7: Agrotait ($326.33 in chips)
Agrotait: posts small blind $1
kincar1975: posts big blind $3
*** HOLE CARDS ***
Agrotait: raises $3 to $6
kincar1975: folds
Uncalled bet ($3) returned to Agrotait
Agrotait collected $6 from pot
Agrotait: doesn't show hand
*** SUMMARY ***
Total pot $6 | Rake $0
Seat 2: kincar1975 (big blind) folded before Flop
Seat 7: Agrotait (button) (small blind) collected ($6)


PokerStars Hand #167370208704:  Hold'em Limit ($3/$6 USD) - 2017/03/10 1:24:38 ET
Table 'Klonios' 10-max Seat #2 is the button
Seat 2: kincar1975 ($222.74 in chips)
Seat 7: Agrotait ($321.33 in chips)
kincar1975: posts small blind $1
Agrotait: posts big blind $3
*** HOLE CARDS ***
kincar1975: folds
Uncalled bet ($2) returned to Agrotait
Agrotait collected $2 from pot
Agrotait: doesn't show hand
*** SUMMARY ***
Total pot $2 | Rake $0
Seat 2: kincar1975 (button) (small blind) folded before Flop
Seat 7: Agrotait (big blind) collected ($2)


PokerStars Hand #167370204412:  Hold'em Limit ($3/$6 USD) - 2017/03/10 1:24:22 ET
Table 'Klonios' 10-max Seat #7 is the button
Seat 2: kincar1975 ($214.10 in chips)
Seat 7: Agrotait ($330.33 in chips)
Agrotait: posts small blind $1
kincar1975: posts big blind $3
*** HOLE CARDS ***
Agrotait: raises $3 to $6
kincar1975: raises $3 to $9
Agrotait: calls $3
*** FLOP *** [8h Qc Ks]
kincar1975: bets $3
Agrotait: folds
Uncalled bet ($3) returned to kincar1975
kincar1975 collected $17.64 from pot
kincar1975: doesn't show hand
*** SUMMARY ***
Total pot $18 | Rake $0.36
Board [8h Qc Ks]
Seat 2: kincar1975 (big blind) collected ($17.64)
Seat 7: Agrotait (button) (small blind) folded on the Flop


PokerStars Hand #167370228067:  Hold'em Limit ($3/$6 USD) - 2017/03/10 1:25:49 ET
Table 'Klonios' 10-max Seat #7 is the button
Seat 2: kincar1975 ($215.74 in chips)
Seat 7: Agrotait ($327.97 in chips)
Agrotait: posts small blind $1
kincar1975: posts big blind $3
*** HOLE CARDS ***
Agrotait: raises $3 to $6
kincar1975: calls $3
*** FLOP *** [3h Tc 4s]
kincar1975: checks
Agrotait: bets $3
kincar1975: calls $3
*** TURN *** [3h Tc 4s] [Ah]
kincar1975: checks
Agrotait: bets $6
kincar1975: calls $6
*** RIVER *** [3h Tc 4s Ah] [3s]
kincar1975: checks
Agrotait: checks
*** SHOW DOWN ***
kincar1975: shows [4d 7h] (two pair, Fours and Threes)
Agrotait: mucks hand
kincar1975 collected $29.50 from pot
*** SUMMARY ***
Total pot $30 | Rake $0.50
Board [3h Tc 4s Ah 3s]
Seat 2: kincar1975 (big blind) showed [4d 7h] and won ($29.50) with two pair, Fours and Threes
Seat 7: Agrotait (button) (small blind) mucked


PokerStars Hand #167370223980:  Hold'em Limit ($3/$6 USD) - 2017/03/10 1:25:34 ET
Table 'Klonios' 10-max Seat #2 is the button
Seat 2: kincar1975 ($212.74 in chips)
Seat 7: Agrotait ($330.97 in chips)
kincar1975: posts small blind $1
Agrotait: posts big blind $3
*** HOLE CARDS ***
kincar1975: raises $3 to $6
Agrotait: folds
Uncalled bet ($3) returned to kincar1975
kincar1975 collected $6 from pot
kincar1975: doesn't show hand
*** SUMMARY ***
Total pot $6 | Rake $0
Seat 2: kincar1975 (button) (small blind) collected ($6)
Seat 7: Agrotait (big blind) folded before Flop


PokerStars Hand #167370216852:  Hold'em Limit ($3/$6 USD) - 2017/03/10 1:25:08 ET
Table 'Klonios' 10-max Seat #2 is the button
Seat 2: kincar1975 ($212.74 in chips)
Seat 7: Agrotait ($330.97 in chips)
kincar1975: posts small blind $1
Agrotait: posts big blind $3
*** HOLE CARDS ***
kincar1975: folds
Uncalled bet ($2) returned to Agrotait
Agrotait collected $2 from pot
Agrotait: doesn't show hand
*** SUMMARY ***
Total pot $2 | Rake $0
Seat 2: kincar1975 (button) (small blind) folded before Flop
Seat 7: Agrotait (big blind) collected ($2)


PokerStars Hand #167370210083:  Hold'em Limit ($3/$6 USD) - 2017/03/10 1:24:43 ET
Table 'Klonios' 10-max Seat #7 is the button
Seat 2: kincar1975 ($221.74 in chips)
Seat 7: Agrotait ($322.33 in chips)
Agrotait: posts small blind $1
kincar1975: posts big blind $3
*** HOLE CARDS ***
Agrotait: raises $3 to $6
kincar1975: calls $3
*** FLOP *** [5h Jc Ks]
kincar1975: checks
Agrotait: bets $3
kincar1975: calls $3
*** TURN *** [5h Jc Ks] [7s]
kincar1975: checks
Agrotait: bets $6
kincar1975: folds
Uncalled bet ($6) returned to Agrotait
Agrotait collected $17.64 from pot
Agrotait: doesn't show hand
*** SUMMARY ***
Total pot $18 | Rake $0.36
Board [5h Jc Ks 7s]
Seat 2: kincar1975 (big blind) folded on the Turn
Seat 7: Agrotait (button) (small blind) collected ($17.64)


PokerStars Hand #167370218297:  Hold'em Limit ($3/$6 USD) - 2017/03/10 1:25:14 ET
Table 'Klonios' 10-max Seat #7 is the button
Seat 2: kincar1975 ($211.74 in chips)
Seat 7: Agrotait ($331.97 in chips)
Agrotait: posts small blind $1
kincar1975: posts big blind $3
*** HOLE CARDS ***
Agrotait: folds
Uncalled bet ($2) returned to kincar1975
kincar1975 collected $2 from pot
kincar1975: doesn't show hand
*** SUMMARY ***
Total pot $2 | Rake $0
Seat 2: kincar1975 (big blind) collected ($2)
Seat 7: Agrotait (button) (small blind) folded before Flop


PokerStars Hand #167370232473:  Hold'em Limit ($3/$6 USD) - 2017/03/10 1:26:06 ET
Table 'Klonios' 10-max Seat #2 is the button
Seat 2: kincar1975 ($230.24 in chips)
Seat 7: Agrotait ($312.97 in chips)
kincar1975: posts small blind $1
Agrotait: posts big blind $3
*** HOLE CARDS ***
kincar1975: raises $3 to $6
Agrotait: calls $3
*** FLOP *** [Td 2c 3d]
Agrotait: checks
kincar1975: bets $3
Agrotait: raises $3 to $6
kincar1975: calls $3
*** TURN *** [Td 2c 3d] [5h]
Agrotait: bets $6
kincar1975: calls $6
*** RIVER *** [Td 2c 3d 5h] [8s]
Agrotait: bets $6
kincar1975: calls $6
*** SHOW DOWN ***
Agrotait: shows [Tc 6h] (a pair of Tens)
kincar1975: mucks hand
Agrotait collected $47.50 from pot
*** SUMMARY ***
Total pot $48 | Rake $0.50
Board [Td 2c 3d 5h 8s]
Seat 2: kincar1975 (button) (small blind) mucked
Seat 7: Agrotait (big blind) showed [Tc 6h] and won ($47.50) with a pair of Tens


PokerStars Hand #167370244022:  Hold'em Limit ($3/$6 USD) - 2017/03/10 1:26:48 ET
Table 'Klonios' 10-max Seat #7 is the button
Seat 2: kincar1975 ($206.24 in chips)
Seat 7: Agrotait ($336.47 in chips)
Agrotait: posts small blind $1
kincar1975: posts big blind $3
*** HOLE CARDS ***
Agrotait: raises $3 to $6
kincar1975: calls $3
*** FLOP *** [Qh Jd Th]
kincar1975: checks
Agrotait: checks
*** TURN *** [Qh Jd Th] [3c]
kincar1975: checks
Agrotait: checks
*** RIVER *** [Qh Jd Th 3c] [Qc]
kincar1975: checks
Agrotait: checks
*** SHOW DOWN ***
kincar1975: shows [8d 6c] (a pair of Queens)
Agrotait: mucks hand
kincar1975 collected $11.76 from pot
*** SUMMARY ***
Total pot $12 | Rake $0.24
Board [Qh Jd Th 3c Qc]
Seat 2: kincar1975 (big blind) showed [8d 6c] and won ($11.76) with a pair of Queens
Seat 7: Agrotait (button) (small blind) mucked


PokerStars Hand #167370252466:  Hold'em Limit ($3/$6 USD) - 2017/03/10 1:27:19 ET
Table 'Klonios' 10-max Seat #2 is the button
Seat 2: kincar1975 ($212 in chips)
Seat 7: Agrotait ($330.47 in chips)
kincar1975: posts small blind $1
Agrotait: posts big blind $3
*** HOLE CARDS ***
kincar1975: raises $3 to $6
Agrotait: calls $3
*** FLOP *** [5h 2h 3h]
Agrotait: checks
kincar1975: bets $3
Agrotait: calls $3
*** TURN *** [5h 2h 3h] [4h]
Agrotait: checks
kincar1975: checks
*** RIVER *** [5h 2h 3h 4h] [Jh]
Agrotait: checks
kincar1975: checks
*** SHOW DOWN ***
Agrotait: shows [Ks 5d] (a flush, Jack high)
kincar1975: shows [6c 5s] (a flush, Jack high)
Agrotait collected $8.82 from pot
kincar1975 collected $8.82 from pot
*** SUMMARY ***
Total pot $18 | Rake $0.36
Board [5h 2h 3h 4h Jh]
Seat 2: kincar1975 (button) (small blind) showed [6c 5s] and won ($8.82) with a flush, Jack high
Seat 7: Agrotait (big blind) showed [Ks 5d] and won ($8.82) with a flush, Jack high


PokerStars Hand #167370257940:  Hold'em Limit ($3/$6 USD) - 2017/03/10 1:27:39 ET
Table 'Klonios' 10-max Seat #7 is the button
Seat 2: kincar1975 ($211.82 in chips)
Seat 7: Agrotait ($330.29 in chips)
Agrotait: posts small blind $1
kincar1975: posts big blind $3
*** HOLE CARDS ***
Agrotait: raises $3 to $6
kincar1975: calls $3
*** FLOP *** [5d Js 2d]
kincar1975: checks
Agrotait: bets $3
kincar1975: calls $3
*** TURN *** [5d Js 2d] [Tc]
kincar1975: checks
Agrotait: checks
*** RIVER *** [5d Js 2d Tc] [8s]
kincar1975: bets $6
Agrotait: calls $6
*** SHOW DOWN ***
kincar1975: shows [Qc 3s] (high card Queen)
Agrotait: shows [Ks 4s] (high card King)
Agrotait collected $29.50 from pot
*** SUMMARY ***
Total pot $30 | Rake $0.50
Board [5d Js 2d Tc 8s]
Seat 2: kincar1975 (big blind) showed [Qc 3s] and lost with high card Queen
Seat 7: Agrotait (button) (small blind) showed [Ks 4s] and won ($29.50) with high card King


PokerStars Hand #167370276401:  Hold'em Limit ($3/$6 USD) - 2017/03/10 1:28:45 ET
Table 'Klonios' 10-max Seat #2 is the button
Seat 2: kincar1975 ($196.46 in chips)
Seat 7: Agrotait ($344.43 in chips)
kincar1975: posts small blind $1
Agrotait: posts big blind $3
*** HOLE CARDS ***
kincar1975: raises $3 to $6
Agrotait: folds
Uncalled bet ($3) returned to kincar1975
kincar1975 collected $6 from pot
kincar1975: doesn't show hand
*** SUMMARY ***
Total pot $6 | Rake $0
Seat 2: kincar1975 (button) (small blind) collected ($6)
Seat 7: Agrotait (big blind) folded before Flop


PokerStars Hand #167370265406:  Hold'em Limit ($3/$6 USD) - 2017/03/10 1:28:05 ET
Table 'Klonios' 10-max Seat #2 is the button
Seat 2: kincar1975 ($196.82 in chips)
Seat 7: Agrotait ($344.79 in chips)
kincar1975: posts small blind $1
Agrotait: posts big blind $3
*** HOLE CARDS ***
kincar1975: raises $3 to $6
Agrotait: raises $3 to $9
kincar1975: calls $3
*** FLOP *** [Tc Qc Kd]
Agrotait: bets $3
kincar1975: folds
Uncalled bet ($3) returned to Agrotait
Agrotait collected $17.64 from pot
Agrotait: doesn't show hand
*** SUMMARY ***
Total pot $18 | Rake $0.36
Board [Tc Qc Kd]
Seat 2: kincar1975 (button) (small blind) folded on the Flop
Seat 7: Agrotait (big blind) collected ($17.64)


PokerStars Hand #167370268273:  Hold'em Limit ($3/$6 USD) - 2017/03/10 1:28:16 ET
Table 'Klonios' 10-max Seat #7 is the button
Seat 2: kincar1975 ($187.82 in chips)
Seat 7: Agrotait ($353.43 in chips)
Agrotait: posts small blind $1
kincar1975: posts big blind $3
*** HOLE CARDS ***
Agrotait: raises $3 to $6
kincar1975: raises $3 to $9
Agrotait: calls $3
*** FLOP *** [3h 6h Kc]
kincar1975: bets $3
Agrotait: folds
Uncalled bet ($3) returned to kincar1975
kincar1975 collected $17.64 from pot
kincar1975: doesn't show hand
*** SUMMARY ***
Total pot $18 | Rake $0.36
Board [3h 6h Kc]
Seat 2: kincar1975 (big blind) collected ($17.64)
Seat 7: Agrotait (button) (small blind) folded on the Flop


PokerStars Hand #167370278982:  Hold'em Limit ($3/$6 USD) - 2017/03/10 1:28:54 ET
Table 'Klonios' 10-max Seat #7 is the button
Seat 2: kincar1975 ($199.46 in chips)
Seat 7: Agrotait ($341.43 in chips)
Agrotait: posts small blind $1
kincar1975: posts big blind $3
*** HOLE CARDS ***
Agrotait: folds
Uncalled bet ($2) returned to kincar1975
kincar1975 collected $2 from pot
kincar1975: doesn't show hand
*** SUMMARY ***
Total pot $2 | Rake $0
Seat 2: kincar1975 (big blind) collected ($2)
Seat 7: Agrotait (button) (small blind) folded before Flop


PokerStars Hand #167370295860:  Hold'em Limit ($3/$6 USD) - 2017/03/10 1:29:57 ET
Table 'Klonios' 10-max Seat #7 is the button
Seat 2: kincar1975 ($198.96 in chips)
Seat 7: Agrotait ($340.93 in chips)
Agrotait: posts small blind $1
kincar1975: posts big blind $3
*** HOLE CARDS ***
Agrotait: raises $3 to $6
kincar1975: folds
Uncalled bet ($3) returned to Agrotait
Agrotait collected $6 from pot
Agrotait: doesn't show hand
*** SUMMARY ***
Total pot $6 | Rake $0
Seat 2: kincar1975 (big blind) folded before Flop
Seat 7: Agrotait (button) (small blind) collected ($6)


PokerStars Hand #167370294363:  Hold'em Limit ($3/$6 USD) - 2017/03/10 1:29:51 ET
Table 'Klonios' 10-max Seat #2 is the button
Seat 2: kincar1975 ($199.96 in chips)
Seat 7: Agrotait ($339.93 in chips)
kincar1975: posts small blind $1
Agrotait: posts big blind $3
*** HOLE CARDS ***
kincar1975: folds
Uncalled bet ($2) returned to Agrotait
Agrotait collected $2 from pot
Agrotait: doesn't show hand
*** SUMMARY ***
Total pot $2 | Rake $0
Seat 2: kincar1975 (button) (small blind) folded before Flop
Seat 7: Agrotait (big blind) collected ($2)


PokerStars Hand #167370287155:  Hold'em Limit ($3/$6 USD) - 2017/03/10 1:29:25 ET
Table 'Klonios' 10-max Seat #7 is the button
Seat 2: kincar1975 ($220.96 in chips)
Seat 7: Agrotait ($319.43 in chips)
Agrotait: posts small blind $1
kincar1975: posts big blind $3
*** HOLE CARDS ***
Agrotait: raises $3 to $6
kincar1975: calls $3
*** FLOP *** [5s Kd 2s]
kincar1975: checks
Agrotait: bets $3
kincar1975: calls $3
*** TURN *** [5s Kd 2s] [7d]
kincar1975: checks
Agrotait: bets $6
kincar1975: calls $6
*** RIVER *** [5s Kd 2s 7d] [Qc]
kincar1975: checks
Agrotait: bets $6
kincar1975: calls $6
*** SHOW DOWN ***
Agrotait: shows [Ks 7s] (two pair, Kings and Sevens)
kincar1975: mucks hand
Agrotait collected $41.50 from pot
*** SUMMARY ***
Total pot $42 | Rake $0.50
Board [5s Kd 2s 7d Qc]
Seat 2: kincar1975 (big blind) mucked
Seat 7: Agrotait (button) (small blind) showed [Ks 7s] and won ($41.50) with two pair, Kings and Sevens


PokerStars Hand #167370280893:  Hold'em Limit ($3/$6 USD) - 2017/03/10 1:29:01 ET
Table 'Klonios' 10-max Seat #2 is the button
Seat 2: kincar1975 ($200.46 in chips)
Seat 7: Agrotait ($340.43 in chips)
kincar1975: posts small blind $1
Agrotait: posts big blind $3
*** HOLE CARDS ***
kincar1975: raises $3 to $6
Agrotait: calls $3
*** FLOP *** [Kh 9d 7s]
Agrotait: checks
kincar1975: bets $3
Agrotait: calls $3
*** TURN *** [Kh 9d 7s] [Qd]
Agrotait: checks
kincar1975: bets $6
Agrotait: calls $6
*** RIVER *** [Kh 9d 7s Qd] [Ac]
Agrotait: checks
kincar1975: bets $6
Agrotait: calls $6
*** SHOW DOWN ***
kincar1975: shows [Qs 9c] (two pair, Queens and Nines)
Agrotait: mucks hand
kincar1975 collected $41.50 from pot
*** SUMMARY ***
Total pot $42 | Rake $0.50
Board [Kh 9d 7s Qd Ac]
Seat 2: kincar1975 (button) (small blind) showed [Qs 9c] and won ($41.50) with two pair, Queens and Nines
Seat 7: Agrotait (big blind) mucked


PokerStars Hand #167370300126:  Hold'em Limit ($3/$6 USD) - 2017/03/10 1:30:12 ET
Table 'Klonios' 10-max Seat #7 is the button
Seat 2: kincar1975 ($198.96 in chips)
Seat 7: Agrotait ($340.93 in chips)
Agrotait: posts small blind $1
kincar1975: posts big blind $3
*** HOLE CARDS ***
Agrotait: raises $3 to $6
kincar1975: calls $3
*** FLOP *** [4h Jc As]
kincar1975: checks
Agrotait: bets $3
kincar1975: calls $3
*** TURN *** [4h Jc As] [9s]
kincar1975: checks
Agrotait: checks
*** RIVER *** [4h Jc As 9s] [8d]
kincar1975: bets $6
Agrotait: calls $6
*** SHOW DOWN ***
kincar1975: shows [Jh 8s] (two pair, Jacks and Eights)
Agrotait: mucks hand
kincar1975 collected $29.50 from pot
*** SUMMARY ***
Total pot $30 | Rake $0.50
Board [4h Jc As 9s 8d]
Seat 2: kincar1975 (big blind) showed [Jh 8s] and won ($29.50) with two pair, Jacks and Eights
Seat 7: Agrotait (button) (small blind) mucked


PokerStars Hand #167370297565:  Hold'em Limit ($3/$6 USD) - 2017/03/10 1:30:03 ET
Table 'Klonios' 10-max Seat #2 is the button
Seat 2: kincar1975 ($195.96 in chips)
Seat 7: Agrotait ($343.93 in chips)
kincar1975: posts small blind $1
Agrotait: posts big blind $3
*** HOLE CARDS ***
kincar1975: raises $3 to $6
Agrotait: folds
Uncalled bet ($3) returned to kincar1975
kincar1975 collected $6 from pot
kincar1975: doesn't show hand
*** SUMMARY ***
Total pot $6 | Rake $0
Seat 2: kincar1975 (button) (small blind) collected ($6)
Seat 7: Agrotait (big blind) folded before Flop


PokerStars Hand #167370305006:  Hold'em Limit ($3/$6 USD) - 2017/03/10 1:30:30 ET
Table 'Klonios' 10-max Seat #2 is the button
Seat 2: kincar1975 ($213.46 in chips)
Seat 7: Agrotait ($325.93 in chips)
kincar1975: posts small blind $1
Agrotait: posts big blind $3
*** HOLE CARDS ***
kincar1975: raises $3 to $6
Agrotait: calls $3
*** FLOP *** [Jc 6c 2c]
Agrotait: checks
kincar1975: bets $3
Agrotait: raises $3 to $6
kincar1975: calls $3
*** TURN *** [Jc 6c 2c] [5h]
Agrotait: bets $6
kincar1975: calls $6
*** RIVER *** [Jc 6c 2c 5h] [3s]
Agrotait: bets $6
kincar1975: calls $6
*** SHOW DOWN ***
Agrotait: shows [Jd 9c] (a pair of Jacks)
kincar1975: mucks hand
Agrotait collected $47.50 from pot
*** SUMMARY ***
Total pot $48 | Rake $0.50
Board [Jc 6c 2c 5h 3s]
Seat 2: kincar1975 (button) (small blind) mucked
Seat 7: Agrotait (big blind) showed [Jd 9c] and won ($47.50) with a pair of Jacks


PokerStars Hand #167370317995:  Hold'em Limit ($3/$6 USD) - 2017/03/10 1:31:17 ET
Table 'Klonios' 10-max Seat #7 is the button
Seat 2: kincar1975 ($189.46 in chips)
Seat 7: Agrotait ($349.43 in chips)
Agrotait: posts small blind $1
kincar1975: posts big blind $3
*** HOLE CARDS ***
Agrotait: raises $3 to $6
kincar1975: calls $3
*** FLOP *** [Jh 4s Ts]
kincar1975: checks
Agrotait: bets $3
kincar1975: calls $3
*** TURN *** [Jh 4s Ts] [Ks]
kincar1975: checks
Agrotait: bets $6
kincar1975: calls $6
*** RIVER *** [Jh 4s Ts Ks] [8h]
kincar1975: checks
Agrotait: checks
*** SHOW DOWN ***
kincar1975: shows [7h 7c] (a pair of Sevens)
Agrotait: mucks hand
kincar1975 collected $29.50 from pot
*** SUMMARY ***
Total pot $30 | Rake $0.50
Board [Jh 4s Ts Ks 8h]
Seat 2: kincar1975 (big blind) showed [7h 7c] and won ($29.50) with a pair of Sevens
Seat 7: Agrotait (button) (small blind) mucked


PokerStars Hand #167370316720:  Hold'em Limit ($3/$6 USD) - 2017/03/10 1:31:13 ET
Table 'Klonios' 10-max Seat #2 is the button
Seat 2: kincar1975 ($190.46 in chips)
Seat 7: Agrotait ($348.43 in chips)
kincar1975: posts small blind $1
Agrotait: posts big blind $3
*** HOLE CARDS ***
kincar1975: folds
Uncalled bet ($2) returned to Agrotait
Agrotait collected $2 from pot
Agrotait: doesn't show hand
*** SUMMARY ***
Total pot $2 | Rake $0
Seat 2: kincar1975 (button) (small blind) folded before Flop
Seat 7: Agrotait (big blind) collected ($2)


PokerStars Hand #167370312675:  Hold'em Limit ($3/$6 USD) - 2017/03/10 1:30:58 ET
Table 'Klonios' 10-max Seat #7 is the button
Seat 2: kincar1975 ($189.46 in chips)
Seat 7: Agrotait ($349.43 in chips)
Agrotait: posts small blind $1
kincar1975: posts big blind $3
*** HOLE CARDS ***
Agrotait: folds
Uncalled bet ($2) returned to kincar1975
kincar1975 collected $2 from pot
kincar1975: doesn't show hand
*** SUMMARY ***
Total pot $2 | Rake $0
Seat 2: kincar1975 (big blind) collected ($2)
Seat 7: Agrotait (button) (small blind) folded before Flop


PokerStars Hand #167370334612:  Hold'em Limit ($3/$6 USD) - 2017/03/10 1:32:18 ET
Table 'Klonios' 10-max Seat #7 is the button
Seat 2: kincar1975 ($194.96 in chips)
Seat 7: Agrotait ($343.07 in chips)
Agrotait: posts small blind $1
kincar1975: posts big blind $3
*** HOLE CARDS ***
Agrotait: raises $3 to $6
kincar1975: raises $3 to $9
Agrotait: calls $3
*** FLOP *** [6h Td 4s]
kincar1975: bets $3
Agrotait: calls $3
*** TURN *** [6h Td 4s] [3c]
kincar1975: bets $6
Agrotait: calls $6
*** RIVER *** [6h Td 4s 3c] [7h]
kincar1975: bets $6
Agrotait: folds
Uncalled bet ($6) returned to kincar1975
kincar1975 collected $35.50 from pot
kincar1975: doesn't show hand
*** SUMMARY ***
Total pot $36 | Rake $0.50
Board [6h Td 4s 3c 7h]
Seat 2: kincar1975 (big blind) collected ($35.50)
Seat 7: Agrotait (button) (small blind) folded on the River


PokerStars Hand #167370323056:  Hold'em Limit ($3/$6 USD) - 2017/03/10 1:31:36 ET
Table 'Klonios' 10-max Seat #2 is the button
Seat 2: kincar1975 ($203.96 in chips)
Seat 7: Agrotait ($334.43 in chips)
kincar1975: posts small blind $1
Agrotait: posts big blind $3
*** HOLE CARDS ***
kincar1975: raises $3 to $6
Agrotait: calls $3
*** FLOP *** [6h Jh Jc]
Agrotait: checks
kincar1975: bets $3
Agrotait: calls $3
*** TURN *** [6h Jh Jc] [9c]
Agrotait: checks
kincar1975: checks
*** RIVER *** [6h Jh Jc 9c] [3d]
Agrotait: checks
kincar1975: checks
*** SHOW DOWN ***
Agrotait: shows [Ah 4d] (a pair of Jacks)
kincar1975: mucks hand
Agrotait collected $17.64 from pot
*** SUMMARY ***
Total pot $18 | Rake $0.36
Board [6h Jh Jc 9c 3d]
Seat 2: kincar1975 (button) (small blind) mucked
Seat 7: Agrotait (big blind) showed [Ah 4d] and won ($17.64) with a pair of Jacks


PokerStars Hand #167370342449:  Hold'em Limit ($3/$6 USD) - 2017/03/10 1:32:47 ET
Table 'Klonios' 10-max Seat #2 is the button
Seat 2: kincar1975 ($212.46 in chips)
Seat 7: Agrotait ($325.07 in chips)
kincar1975: posts small blind $1
Agrotait: posts big blind $3
*** HOLE CARDS ***
kincar1975: folds
Uncalled bet ($2) returned to Agrotait
Agrotait collected $2 from pot
Agrotait: doesn't show hand
*** SUMMARY ***
Total pot $2 | Rake $0
Seat 2: kincar1975 (button) (small blind) folded before Flop
Seat 7: Agrotait (big blind) collected ($2)


PokerStars Hand #167370343753:  Hold'em Limit ($3/$6 USD) - 2017/03/10 1:32:52 ET
Table 'Klonios' 10-max Seat #7 is the button
Seat 2: kincar1975 ($211.46 in chips)
Seat 7: Agrotait ($326.07 in chips)
Agrotait: posts small blind $1
kincar1975: posts big blind $3
*** HOLE CARDS ***
Agrotait: raises $3 to $6
kincar1975: calls $3
*** FLOP *** [4h 7s As]
kincar1975: checks
Agrotait: bets $3
kincar1975: folds
Uncalled bet ($3) returned to Agrotait
Agrotait collected $11.76 from pot
Agrotait: doesn't show hand
*** SUMMARY ***
Total pot $12 | Rake $0.24
Board [4h 7s As]
Seat 2: kincar1975 (big blind) folded on the Flop
Seat 7: Agrotait (button) (small blind) collected ($11.76)


PokerStars Hand #167370347160:  Hold'em Limit ($3/$6 USD) - 2017/03/10 1:33:04 ET
Table 'Klonios' 10-max Seat #2 is the button
Seat 2: kincar1975 ($205.46 in chips)
Seat 7: Agrotait ($331.83 in chips)
kincar1975: posts small blind $1
Agrotait: posts big blind $3
*** HOLE CARDS ***
kincar1975: raises $3 to $6
Agrotait: raises $3 to $9
kincar1975: calls $3
*** FLOP *** [6h Th Qs]
Agrotait: bets $3
kincar1975: calls $3
*** TURN *** [6h Th Qs] [4c]
Agrotait: bets $6
kincar1975: calls $6
*** RIVER *** [6h Th Qs 4c] [5s]
Agrotait: bets $6
kincar1975: calls $6
*** SHOW DOWN ***
Agrotait: shows [Kd 6d] (a pair of Sixes)
kincar1975: mucks hand
Agrotait collected $47.50 from pot
*** SUMMARY ***
Total pot $48 | Rake $0.50
Board [6h Th Qs 4c 5s]
Seat 2: kincar1975 (button) (small blind) mucked
Seat 7: Agrotait (big blind) showed [Kd 6d] and won ($47.50) with a pair of Sixes


PokerStars Hand #167370351816:  Hold'em Limit ($3/$6 USD) - 2017/03/10 1:33:21 ET
Table 'Klonios' 10-max Seat #7 is the button
Seat 2: kincar1975 ($181.46 in chips)
Seat 7: Agrotait ($355.33 in chips)
Agrotait: posts small blind $1
kincar1975: posts big blind $3
*** HOLE CARDS ***
Agrotait: raises $3 to $6
kincar1975: calls $3
*** FLOP *** [Tc Jc 9d]
kincar1975: checks
Agrotait: bets $3
kincar1975: folds
Uncalled bet ($3) returned to Agrotait
Agrotait collected $11.76 from pot
Agrotait: doesn't show hand
*** SUMMARY ***
Total pot $12 | Rake $0.24
Board [Tc Jc 9d]
Seat 2: kincar1975 (big blind) folded on the Flop
Seat 7: Agrotait (button) (small blind) collected ($11.76)


PokerStars Hand #167370375861:  Hold'em Limit ($3/$6 USD) - 2017/03/10 1:34:50 ET
Table 'Klonios' 10-max Seat #2 is the button
Seat 2: kincar1975 ($198.60 in chips)
Seat 7: Agrotait ($337.09 in chips)
kincar1975: posts small blind $1
Agrotait: posts big blind $3
*** HOLE CARDS ***
kincar1975: raises $3 to $6
Agrotait: folds
Uncalled bet ($3) returned to kincar1975
kincar1975 collected $6 from pot
kincar1975: doesn't show hand
*** SUMMARY ***
Total pot $6 | Rake $0
Seat 2: kincar1975 (button) (small blind) collected ($6)
Seat 7: Agrotait (big blind) folded before Flop


PokerStars Hand #167370366023:  Hold'em Limit ($3/$6 USD) - 2017/03/10 1:34:14 ET
Table 'Klonios' 10-max Seat #7 is the button
Seat 2: kincar1975 ($184.10 in chips)
Seat 7: Agrotait ($352.09 in chips)
Agrotait: posts small blind $1
kincar1975: posts big blind $3
*** HOLE CARDS ***
Agrotait: raises $3 to $6
kincar1975: calls $3
*** FLOP *** [4d Kd 7h]
kincar1975: checks
Agrotait: bets $3
kincar1975: calls $3
*** TURN *** [4d Kd 7h] [Jc]
kincar1975: checks
Agrotait: bets $6
kincar1975: raises $6 to $12
Agrotait: folds
Uncalled bet ($6) returned to kincar1975
kincar1975 collected $29.50 from pot
kincar1975: doesn't show hand
*** SUMMARY ***
Total pot $30 | Rake $0.50
Board [4d Kd 7h Jc]
Seat 2: kincar1975 (big blind) collected ($29.50)
Seat 7: Agrotait (button) (small blind) folded on the Turn


PokerStars Hand #167370357532:  Hold'em Limit ($3/$6 USD) - 2017/03/10 1:33:42 ET
Table 'Klonios' 10-max Seat #2 is the button
Seat 2: kincar1975 ($175.46 in chips)
Seat 7: Agrotait ($361.09 in chips)
kincar1975: posts small blind $1
Agrotait: posts big blind $3
*** HOLE CARDS ***
kincar1975: raises $3 to $6
Agrotait: calls $3
*** FLOP *** [2d As 7d]
Agrotait: checks
kincar1975: bets $3
Agrotait: calls $3
*** TURN *** [2d As 7d] [6d]
Agrotait: checks
kincar1975: checks
*** RIVER *** [2d As 7d 6d] [4s]
Agrotait: checks
kincar1975: checks
*** SHOW DOWN ***
Agrotait: shows [Qc Td] (high card Ace)
kincar1975: shows [2h Jh] (a pair of Deuces)
kincar1975 collected $17.64 from pot
*** SUMMARY ***
Total pot $18 | Rake $0.36
Board [2d As 7d 6d 4s]
Seat 2: kincar1975 (button) (small blind) showed [2h Jh] and won ($17.64) with a pair of Deuces
Seat 7: Agrotait (big blind) showed [Qc Td] and lost with high card Ace


PokerStars Hand #167370377586:  Hold'em Limit ($3/$6 USD) - 2017/03/10 1:34:57 ET
Table 'Klonios' 10-max Seat #7 is the button
Seat 2: kincar1975 ($201.60 in chips)
Seat 7: Agrotait ($334.09 in chips)
Agrotait: posts small blind $1
kincar1975: posts big blind $3
*** HOLE CARDS ***
Agrotait: raises $3 to $6
kincar1975: calls $3
*** FLOP *** [9h Kd Tc]
kincar1975: checks
Agrotait: bets $3
kincar1975: calls $3
*** TURN *** [9h Kd Tc] [7c]
kincar1975: checks
Agrotait: bets $6
kincar1975: folds
Uncalled bet ($6) returned to Agrotait
Agrotait collected $17.64 from pot
Agrotait: doesn't show hand
*** SUMMARY ***
Total pot $18 | Rake $0.36
Board [9h Kd Tc 7c]
Seat 2: kincar1975 (big blind) folded on the Turn
Seat 7: Agrotait (button) (small blind) collected ($17.64)


PokerStars Hand #167370392989:  Hold'em Limit ($3/$6 USD) - 2017/03/10 1:35:53 ET
Table 'Klonios' 10-max Seat #2 is the button
Seat 2: kincar1975 ($199.36 in chips)
Seat 7: Agrotait ($335.73 in chips)
kincar1975: posts small blind $1
Agrotait: posts big blind $3
*** HOLE CARDS ***
kincar1975: folds
Uncalled bet ($2) returned to Agrotait
Agrotait collected $2 from pot
Agrotait: doesn't show hand
*** SUMMARY ***
Total pot $2 | Rake $0
Seat 2: kincar1975 (button) (small blind) folded before Flop
Seat 7: Agrotait (big blind) collected ($2)


PokerStars Hand #167370391142:  Hold'em Limit ($3/$6 USD) - 2017/03/10 1:35:46 ET
Table 'Klonios' 10-max Seat #7 is the button
Seat 2: kincar1975 ($198.36 in chips)
Seat 7: Agrotait ($336.73 in chips)
Agrotait: posts small blind $1
kincar1975: posts big blind $3
*** HOLE CARDS ***
Agrotait: folds
Uncalled bet ($2) returned to kincar1975
kincar1975 collected $2 from pot
kincar1975: doesn't show hand
*** SUMMARY ***
Total pot $2 | Rake $0
Seat 2: kincar1975 (big blind) collected ($2)
Seat 7: Agrotait (button) (small blind) folded before Flop


PokerStars Hand #167370384999:  Hold'em Limit ($3/$6 USD) - 2017/03/10 1:35:23 ET
Table 'Klonios' 10-max Seat #2 is the button
Seat 2: kincar1975 ($192.60 in chips)
Seat 7: Agrotait ($342.73 in chips)
kincar1975: posts small blind $1
Agrotait: posts big blind $3
*** HOLE CARDS ***
kincar1975: raises $3 to $6
Agrotait: calls $3
*** FLOP *** [8d Tc Ks]
Agrotait: checks
kincar1975: bets $3
Agrotait: folds
Uncalled bet ($3) returned to kincar1975
kincar1975 collected $11.76 from pot
kincar1975: doesn't show hand
*** SUMMARY ***
Total pot $12 | Rake $0.24
Board [8d Tc Ks]
Seat 2: kincar1975 (button) (small blind) collected ($11.76)
Seat 7: Agrotait (big blind) folded on the Flop


PokerStars Hand #167370401067:  Hold'em Limit ($3/$6 USD) - 2017/03/10 1:36:23 ET
Table 'Klonios' 10-max Seat #2 is the button
Seat 2: kincar1975 ($183.36 in chips)
Seat 7: Agrotait ($351.23 in chips)
kincar1975: posts small blind $1
Agrotait: posts big blind $3
*** HOLE CARDS ***
kincar1975: raises $3 to $6
Agrotait: calls $3
*** FLOP *** [4h 4d 7s]
Agrotait: checks
kincar1975: bets $3
Agrotait: raises $3 to $6
kincar1975: calls $3
*** TURN *** [4h 4d 7s] [6c]
Agrotait: bets $6
kincar1975: calls $6
*** RIVER *** [4h 4d 7s 6c] [6s]
Agrotait: bets $6
kincar1975: folds
Uncalled bet ($6) returned to Agrotait
Agrotait collected $35.50 from pot
Agrotait: doesn't show hand
*** SUMMARY ***
Total pot $36 | Rake $0.50
Board [4h 4d 7s 6c 6s]
Seat 2: kincar1975 (button) (small blind) folded on the River
Seat 7: Agrotait (big blind) collected ($35.50)


PokerStars Hand #167370394383:  Hold'em Limit ($3/$6 USD) - 2017/03/10 1:35:58 ET
Table 'Klonios' 10-max Seat #7 is the button
Seat 2: kincar1975 ($198.36 in chips)
Seat 7: Agrotait ($336.73 in chips)
Agrotait: posts small blind $1
kincar1975: posts big blind $3
*** HOLE CARDS ***
Agrotait: raises $3 to $6
kincar1975: calls $3
*** FLOP *** [8h Kh 9h]
kincar1975: checks
Agrotait: bets $3
kincar1975: calls $3
*** TURN *** [8h Kh 9h] [8s]
kincar1975: checks
Agrotait: checks
*** RIVER *** [8h Kh 9h 8s] [Ts]
kincar1975: bets $6
Agrotait: calls $6
*** SHOW DOWN ***
kincar1975: shows [4h 5c] (a pair of Eights)
Agrotait: shows [6s Ad] (a pair of Eights - Ace kicker)
Agrotait collected $29.50 from pot
*** SUMMARY ***
Total pot $30 | Rake $0.50
Board [8h Kh 9h 8s Ts]
Seat 2: kincar1975 (big blind) showed [4h 5c] and lost with a pair of Eights
Seat 7: Agrotait (button) (small blind) showed [6s Ad] and won ($29.50) with a pair of Eights


PokerStars Hand #167370415061:  Hold'em Limit ($3/$6 USD) - 2017/03/10 1:37:14 ET
Table 'Klonios' 10-max Seat #2 is the button
Seat 2: kincar1975 ($188.86 in chips)
Seat 7: Agrotait ($344.73 in chips)
kincar1975: posts small blind $1
Agrotait: posts big blind $3
*** HOLE CARDS ***
kincar1975: raises $3 to $6
Agrotait: raises $3 to $9
kincar1975: calls $3
*** FLOP *** [Qs 3d Ac]
Agrotait: bets $3
kincar1975: folds
Uncalled bet ($3) returned to Agrotait
Agrotait collected $17.64 from pot
Agrotait: doesn't show hand
*** SUMMARY ***
Total pot $18 | Rake $0.36
Board [Qs 3d Ac]
Seat 2: kincar1975 (button) (small blind) folded on the Flop
Seat 7: Agrotait (big blind) collected ($17.64)


PokerStars Hand #167370407191:  Hold'em Limit ($3/$6 USD) - 2017/03/10 1:36:45 ET
Table 'Klonios' 10-max Seat #7 is the button
Seat 2: kincar1975 ($165.36 in chips)
Seat 7: Agrotait ($368.73 in chips)
Agrotait: posts small blind $1
kincar1975: posts big blind $3
*** HOLE CARDS ***
Agrotait: raises $3 to $6
kincar1975: raises $3 to $9
Agrotait: calls $3
*** FLOP *** [8h Qd 6d]
kincar1975: bets $3
Agrotait: calls $3
*** TURN *** [8h Qd 6d] [As]
kincar1975: bets $6
Agrotait: raises $6 to $12
kincar1975: calls $6
*** RIVER *** [8h Qd 6d As] [5c]
kincar1975: checks
Agrotait: checks
*** SHOW DOWN ***
kincar1975: shows [Kd 9d] (high card Ace)
Agrotait: mucks hand
kincar1975 collected $47.50 from pot
*** SUMMARY ***
Total pot $48 | Rake $0.50
Board [8h Qd 6d As 5c]
Seat 2: kincar1975 (big blind) showed [Kd 9d] and won ($47.50) with high card Ace
Seat 7: Agrotait (button) (small blind) mucked


PokerStars Hand #167370419032:  Hold'em Limit ($3/$6 USD) - 2017/03/10 1:37:28 ET
Table 'Klonios' 10-max Seat #7 is the button
Seat 2: kincar1975 ($179.86 in chips)
Seat 7: Agrotait ($353.37 in chips)
Agrotait: posts small blind $1
kincar1975: posts big blind $3
*** HOLE CARDS ***
Agrotait: raises $3 to $6
kincar1975: calls $3
*** FLOP *** [Ah Td 6d]
kincar1975: checks
Agrotait: bets $3
kincar1975: calls $3
*** TURN *** [Ah Td 6d] [Ad]
kincar1975: checks
Agrotait: bets $6
kincar1975: calls $6
*** RIVER *** [Ah Td 6d Ad] [3d]
kincar1975: checks
Agrotait: bets $6
kincar1975: calls $6
*** SHOW DOWN ***
Agrotait: shows [Th Jd] (a flush, Ace high)
kincar1975: mucks hand
Agrotait collected $41.50 from pot
*** SUMMARY ***
Total pot $42 | Rake $0.50
Board [Ah Td 6d Ad 3d]
Seat 2: kincar1975 (big blind) mucked
Seat 7: Agrotait (button) (small blind) showed [Th Jd] and won ($41.50) with a flush, Ace high


PokerStars Hand #167370442065:  Hold'em Limit ($3/$6 USD) - 2017/03/10 1:38:20 ET
Table 'Klonios' 10-max Seat #2 is the button
Seat 2: kincar1975 ($168.50 in chips)
Seat 7: Agrotait ($363.87 in chips)
kincar1975: posts small blind $1
Agrotait: posts big blind $3
*** HOLE CARDS ***
kincar1975: raises $3 to $6
Agrotait: calls $3
*** FLOP *** [3h Jc 7h]
Agrotait: checks
kincar1975: bets $3
Agrotait: calls $3
*** TURN *** [3h Jc 7h] [8c]
Agrotait: checks
kincar1975: bets $6
Agrotait: folds
Uncalled bet ($6) returned to kincar1975
kincar1975 collected $17.64 from pot
kincar1975: doesn't show hand
*** SUMMARY ***
Total pot $18 | Rake $0.36
Board [3h Jc 7h 8c]
Seat 2: kincar1975 (button) (small blind) collected ($17.64)
Seat 7: Agrotait (big blind) folded on the Turn


PokerStars Hand #167370440637:  Hold'em Limit ($3/$6 USD) - 2017/03/10 1:38:14 ET
Table 'Klonios' 10-max Seat #7 is the button
Seat 2: kincar1975 ($167.50 in chips)
Seat 7: Agrotait ($364.87 in chips)
Agrotait: posts small blind $1
kincar1975: posts big blind $3
*** HOLE CARDS ***
Agrotait: folds
Uncalled bet ($2) returned to kincar1975
kincar1975 collected $2 from pot
kincar1975: doesn't show hand
*** SUMMARY ***
Total pot $2 | Rake $0
Seat 2: kincar1975 (big blind) collected ($2)
Seat 7: Agrotait (button) (small blind) folded before Flop


PokerStars Hand #167370435004:  Hold'em Limit ($3/$6 USD) - 2017/03/10 1:37:54 ET
Table 'Klonios' 10-max Seat #2 is the button
Seat 2: kincar1975 ($158.86 in chips)
Seat 7: Agrotait ($373.87 in chips)
kincar1975: posts small blind $1
Agrotait: posts big blind $3
*** HOLE CARDS ***
kincar1975: raises $3 to $6
Agrotait: calls $3
*** FLOP *** [Qs 7d 4d]
Agrotait: checks
kincar1975: bets $3
Agrotait: calls $3
*** TURN *** [Qs 7d 4d] [9d]
Agrotait: checks
kincar1975: bets $6
Agrotait: folds
Uncalled bet ($6) returned to kincar1975
kincar1975 collected $17.64 from pot
kincar1975: doesn't show hand
*** SUMMARY ***
Total pot $18 | Rake $0.36
Board [Qs 7d 4d 9d]
Seat 2: kincar1975 (button) (small blind) collected ($17.64)
Seat 7: Agrotait (big blind) folded on the Turn


PokerStars Hand #167370467511:  Hold'em Limit ($3/$6 USD) - 2017/03/10 1:39:53 ET
Table 'Klonios' 10-max Seat #7 is the button
Seat 2: kincar1975 ($185.64 in chips)
Seat 7: Agrotait ($345.51 in chips)
Agrotait: posts small blind $1
kincar1975: posts big blind $3
*** HOLE CARDS ***
Agrotait: folds
Uncalled bet ($2) returned to kincar1975
kincar1975 collected $2 from pot
kincar1975: doesn't show hand
*** SUMMARY ***
Total pot $2 | Rake $0
Seat 2: kincar1975 (big blind) collected ($2)
Seat 7: Agrotait (button) (small blind) folded before Flop


PokerStars Hand #167370462210:  Hold'em Limit ($3/$6 USD) - 2017/03/10 1:39:33 ET
Table 'Klonios' 10-max Seat #2 is the button
Seat 2: kincar1975 ($168.14 in chips)
Seat 7: Agrotait ($363.51 in chips)
kincar1975: posts small blind $1
Agrotait: posts big blind $3
*** HOLE CARDS ***
kincar1975: raises $3 to $6
Agrotait: calls $3
*** FLOP *** [As Ts 6c]
Agrotait: checks
kincar1975: bets $3
Agrotait: raises $3 to $6
kincar1975: calls $3
*** TURN *** [As Ts 6c] [Kd]
Agrotait: bets $6
kincar1975: calls $6
*** RIVER *** [As Ts 6c Kd] [3d]
Agrotait: checks
kincar1975: checks
*** SHOW DOWN ***
Agrotait: shows [3s 9s] (a pair of Threes)
kincar1975: shows [8d Tc] (a pair of Tens)
kincar1975 collected $35.50 from pot
*** SUMMARY ***
Total pot $36 | Rake $0.50
Board [As Ts 6c Kd 3d]
Seat 2: kincar1975 (button) (small blind) showed [8d Tc] and won ($35.50) with a pair of Tens
Seat 7: Agrotait (big blind) showed [3s 9s] and lost with a pair of Threes


PokerStars Hand #167370460539:  Hold'em Limit ($3/$6 USD) - 2017/03/10 1:39:27 ET
Table 'Klonios' 10-max Seat #7 is the button
Seat 2: kincar1975 ($167.14 in chips)
Seat 7: Agrotait ($364.51 in chips)
Agrotait: posts small blind $1
kincar1975: posts big blind $3
*** HOLE CARDS ***
Agrotait: folds
Uncalled bet ($2) returned to kincar1975
kincar1975 collected $2 from pot
kincar1975: doesn't show hand
*** SUMMARY ***
Total pot $2 | Rake $0
Seat 2: kincar1975 (big blind) collected ($2)
Seat 7: Agrotait (button) (small blind) folded before Flop


PokerStars Hand #167370459257:  Hold'em Limit ($3/$6 USD) - 2017/03/10 1:39:22 ET
Table 'Klonios' 10-max Seat #2 is the button
Seat 2: kincar1975 ($168.14 in chips)
Seat 7: Agrotait ($363.51 in chips)
kincar1975: posts small blind $1
Agrotait: posts big blind $3
*** HOLE CARDS ***
kincar1975: folds
Uncalled bet ($2) returned to Agrotait
Agrotait collected $2 from pot
Agrotait: doesn't show hand
*** SUMMARY ***
Total pot $2 | Rake $0
Seat 2: kincar1975 (button) (small blind) folded before Flop
Seat 7: Agrotait (big blind) collected ($2)


PokerStars Hand #167370452755:  Hold'em Limit ($3/$6 USD) - 2017/03/10 1:38:59 ET
Table 'Klonios' 10-max Seat #7 is the button
Seat 2: kincar1975 ($177.14 in chips)
Seat 7: Agrotait ($354.87 in chips)
Agrotait: posts small blind $1
kincar1975: posts big blind $3
*** HOLE CARDS ***
Agrotait: raises $3 to $6
kincar1975: calls $3
*** FLOP *** [9s 9d 6c]
kincar1975: checks
Agrotait: bets $3
kincar1975: calls $3
*** TURN *** [9s 9d 6c] [Qc]
kincar1975: checks
Agrotait: bets $6
kincar1975: folds
Uncalled bet ($6) returned to Agrotait
Agrotait collected $17.64 from pot
Agrotait: doesn't show hand
*** SUMMARY ***
Total pot $18 | Rake $0.36
Board [9s 9d 6c Qc]
Seat 2: kincar1975 (big blind) folded on the Turn
Seat 7: Agrotait (button) (small blind) collected ($17.64)


PokerStars Hand #167370469057:  Hold'em Limit ($3/$6 USD) - 2017/03/10 1:39:58 ET
Table 'Klonios' 10-max Seat #2 is the button
Seat 2: kincar1975 ($186.64 in chips)
Seat 7: Agrotait ($344.51 in chips)
kincar1975: posts small blind $1
Agrotait: posts big blind $3
*** HOLE CARDS ***
kincar1975: raises $3 to $6
Agrotait: folds
Uncalled bet ($3) returned to kincar1975
kincar1975 collected $6 from pot
kincar1975: doesn't show hand
*** SUMMARY ***
Total pot $6 | Rake $0
Seat 2: kincar1975 (button) (small blind) collected ($6)
Seat 7: Agrotait (big blind) folded before Flop


PokerStars Hand #167370472033:  Hold'em Limit ($3/$6 USD) - 2017/03/10 1:40:09 ET
Table 'Klonios' 10-max Seat #7 is the button
Seat 2: kincar1975 ($189.64 in chips)
Seat 7: Agrotait ($341.51 in chips)
Agrotait: posts small blind $1
kincar1975: posts big blind $3
*** HOLE CARDS ***
Agrotait: raises $3 to $6
kincar1975: raises $3 to $9
Agrotait: calls $3
*** FLOP *** [Td 5h 5d]
kincar1975: bets $3
Agrotait: calls $3
*** TURN *** [Td 5h 5d] [7d]
kincar1975: bets $6
Agrotait: calls $6
*** RIVER *** [Td 5h 5d 7d] [8s]
kincar1975: bets $6
Agrotait: calls $6
*** SHOW DOWN ***
kincar1975: shows [8d 8c] (a full house, Eights full of Fives)
Agrotait: mucks hand
kincar1975 collected $47.50 from pot
*** SUMMARY ***
Total pot $48 | Rake $0.50
Board [Td 5h 5d 7d 8s]
Seat 2: kincar1975 (big blind) showed [8d 8c] and won ($47.50) with a full house, Eights full of Fives
Seat 7: Agrotait (button) (small blind) mucked


PokerStars Hand #167370490819:  Hold'em Limit ($3/$6 USD) - 2017/03/10 1:41:18 ET
Table 'Klonios' 10-max Seat #7 is the button
Seat 2: kincar1975 ($221.78 in chips)
Seat 7: Agrotait ($308.51 in chips)
Agrotait: posts small blind $1
kincar1975: posts big blind $3
*** HOLE CARDS ***
Agrotait: raises $3 to $6
kincar1975: calls $3
*** FLOP *** [Ks 3s Jc]
kincar1975: checks
Agrotait: bets $3
kincar1975: folds
Uncalled bet ($3) returned to Agrotait
Agrotait collected $11.76 from pot
Agrotait: doesn't show hand
*** SUMMARY ***
Total pot $12 | Rake $0.24
Board [Ks 3s Jc]
Seat 2: kincar1975 (big blind) folded on the Flop
Seat 7: Agrotait (button) (small blind) collected ($11.76)


PokerStars Hand #167370480379:  Hold'em Limit ($3/$6 USD) - 2017/03/10 1:40:39 ET
Table 'Klonios' 10-max Seat #2 is the button
Seat 2: kincar1975 ($213.14 in chips)
Seat 7: Agrotait ($317.51 in chips)
kincar1975: posts small blind $1
Agrotait: posts big blind $3
*** HOLE CARDS ***
kincar1975: raises $3 to $6
Agrotait: calls $3
*** FLOP *** [8h 3h Tc]
Agrotait: checks
kincar1975: bets $3
Agrotait: calls $3
*** TURN *** [8h 3h Tc] [Th]
Agrotait: checks
kincar1975: checks
*** RIVER *** [8h 3h Tc Th] [6d]
Agrotait: checks
kincar1975: checks
*** SHOW DOWN ***
Agrotait: shows [9c Kd] (a pair of Tens)
kincar1975: shows [Ad Qc] (a pair of Tens - Ace kicker)
kincar1975 collected $17.64 from pot
*** SUMMARY ***
Total pot $18 | Rake $0.36
Board [8h 3h Tc Th 6d]
Seat 2: kincar1975 (button) (small blind) showed [Ad Qc] and won ($17.64) with a pair of Tens
Seat 7: Agrotait (big blind) showed [9c Kd] and lost with a pair of Tens


PokerStars Hand #167370513802:  Hold'em Limit ($3/$6 USD) - 2017/03/10 1:42:42 ET
Table 'Klonios' 10-max Seat #2 is the button
Seat 2: kincar1975 ($265.78 in chips)
Seat 7: Agrotait ($263.27 in chips)
kincar1975: posts small blind $1
Agrotait: posts big blind $3
*** HOLE CARDS ***
kincar1975: folds
Uncalled bet ($2) returned to Agrotait
Agrotait collected $2 from pot
Agrotait: doesn't show hand
*** SUMMARY ***
Total pot $2 | Rake $0
Seat 2: kincar1975 (button) (small blind) folded before Flop
Seat 7: Agrotait (big blind) collected ($2)


PokerStars Hand #167370509490:  Hold'em Limit ($3/$6 USD) - 2017/03/10 1:42:26 ET
Table 'Klonios' 10-max Seat #7 is the button
Seat 2: kincar1975 ($248.28 in chips)
Seat 7: Agrotait ($281.27 in chips)
Agrotait: posts small blind $1
kincar1975: posts big blind $3
*** HOLE CARDS ***
Agrotait: raises $3 to $6
kincar1975: calls $3
*** FLOP *** [5s Jc As]
kincar1975: checks
Agrotait: checks
*** TURN *** [5s Jc As] [8h]
kincar1975: bets $6
Agrotait: calls $6
*** RIVER *** [5s Jc As 8h] [Kd]
kincar1975: bets $6
Agrotait: calls $6
*** SHOW DOWN ***
kincar1975: shows [Ad 9s] (a pair of Aces)
Agrotait: mucks hand
kincar1975 collected $35.50 from pot
*** SUMMARY ***
Total pot $36 | Rake $0.50
Board [5s Jc As 8h Kd]
Seat 2: kincar1975 (big blind) showed [Ad 9s] and won ($35.50) with a pair of Aces
Seat 7: Agrotait (button) (small blind) mucked


PokerStars Hand #167370496706:  Hold'em Limit ($3/$6 USD) - 2017/03/10 1:41:39 ET
Table 'Klonios' 10-max Seat #2 is the button
Seat 2: kincar1975 ($215.78 in chips)
Seat 7: Agrotait ($314.27 in chips)
kincar1975: posts small blind $1
Agrotait: posts big blind $3
*** HOLE CARDS ***
kincar1975: raises $3 to $6
Agrotait: calls $3
*** FLOP *** [6h Ac 8h]
Agrotait: checks
kincar1975: bets $3
Agrotait: calls $3
*** TURN *** [6h Ac 8h] [7d]
Agrotait: checks
kincar1975: bets $6
Agrotait: calls $6
*** RIVER *** [6h Ac 8h 7d] [9s]
Agrotait: checks
kincar1975: bets $6
Agrotait: raises $6 to $12
kincar1975: raises $6 to $18
Agrotait: calls $6
*** SHOW DOWN ***
kincar1975: shows [Tc Th] (a straight, Six to Ten)
Agrotait: mucks hand
kincar1975 collected $65.50 from pot
*** SUMMARY ***
Total pot $66 | Rake $0.50
Board [6h Ac 8h 7d 9s]
Seat 2: kincar1975 (button) (small blind) showed [Tc Th] and won ($65.50) with a straight, Six to Ten
Seat 7: Agrotait (big blind) mucked


PokerStars Hand #167370520734:  Hold'em Limit ($3/$6 USD) - 2017/03/10 1:43:07 ET
Table 'Klonios' 10-max Seat #2 is the button
Seat 2: kincar1975 ($255.78 in chips)
Seat 7: Agrotait ($272.91 in chips)
kincar1975: posts small blind $1
Agrotait: posts big blind $3
*** HOLE CARDS ***
kincar1975: folds
Uncalled bet ($2) returned to Agrotait
Agrotait collected $2 from pot
Agrotait: doesn't show hand
*** SUMMARY ***
Total pot $2 | Rake $0
Seat 2: kincar1975 (button) (small blind) folded before Flop
Seat 7: Agrotait (big blind) collected ($2)


PokerStars Hand #167370522150:  Hold'em Limit ($3/$6 USD) - 2017/03/10 1:43:12 ET
Table 'Klonios' 10-max Seat #7 is the button
Seat 2: kincar1975 ($254.78 in chips)
Seat 7: Agrotait ($273.91 in chips)
Agrotait: posts small blind $1
kincar1975: posts big blind $3
*** HOLE CARDS ***
Agrotait: folds
Uncalled bet ($2) returned to kincar1975
kincar1975 collected $2 from pot
kincar1975: doesn't show hand
*** SUMMARY ***
Total pot $2 | Rake $0
Seat 2: kincar1975 (big blind) collected ($2)
Seat 7: Agrotait (button) (small blind) folded before Flop


PokerStars Hand #167370515288:  Hold'em Limit ($3/$6 USD) - 2017/03/10 1:42:47 ET
Table 'Klonios' 10-max Seat #7 is the button
Seat 2: kincar1975 ($264.78 in chips)
Seat 7: Agrotait ($264.27 in chips)
Agrotait: posts small blind $1
kincar1975: posts big blind $3
*** HOLE CARDS ***
Agrotait: raises $3 to $6
kincar1975: calls $3
*** FLOP *** [8h Qd 2d]
kincar1975: checks
Agrotait: bets $3
kincar1975: calls $3
*** TURN *** [8h Qd 2d] [As]
kincar1975: checks
Agrotait: bets $6
kincar1975: folds
Uncalled bet ($6) returned to Agrotait
Agrotait collected $17.64 from pot
Agrotait: doesn't show hand
*** SUMMARY ***
Total pot $18 | Rake $0.36
Board [8h Qd 2d As]
Seat 2: kincar1975 (big blind) folded on the Turn
Seat 7: Agrotait (button) (small blind) collected ($17.64)


PokerStars Hand #167370544474:  Hold'em Limit ($3/$6 USD) - 2017/03/10 1:44:35 ET
Table 'Klonios' 10-max Seat #7 is the button
Seat 2: kincar1975 ($254.28 in chips)
Seat 7: Agrotait ($273.41 in chips)
Agrotait: posts small blind $1
kincar1975: posts big blind $3
*** HOLE CARDS ***
Agrotait: folds
Uncalled bet ($2) returned to kincar1975
kincar1975 collected $2 from pot
*** SUMMARY ***
Total pot $2 | Rake $0
Seat 2: kincar1975 (big blind) collected ($2)
Seat 7: Agrotait (button) (small blind) folded before Flop


PokerStars Hand #167370528341:  Hold'em Limit ($3/$6 USD) - 2017/03/10 1:43:35 ET
Table 'Klonios' 10-max Seat #7 is the button
Seat 2: kincar1975 ($254.78 in chips)
Seat 7: Agrotait ($273.91 in chips)
Agrotait: posts small blind $1
kincar1975: posts big blind $3
*** HOLE CARDS ***
Agrotait: raises $3 to $6
kincar1975: calls $3
*** FLOP *** [2d Qs 3s]
kincar1975: checks
Agrotait: bets $3
kincar1975: raises $3 to $6
Agrotait: calls $3
*** TURN *** [2d Qs 3s] [7s]
kincar1975: bets $6
Agrotait: calls $6
*** RIVER *** [2d Qs 3s 7s] [9h]
kincar1975: bets $6
Agrotait: calls $6
*** SHOW DOWN ***
kincar1975: shows [Jh Qc] (a pair of Queens)
Agrotait: mucks hand
kincar1975 collected $47.50 from pot
*** SUMMARY ***
Total pot $48 | Rake $0.50
Board [2d Qs 3s 7s 9h]
Seat 2: kincar1975 (big blind) showed [Jh Qc] and won ($47.50) with a pair of Queens
Seat 7: Agrotait (button) (small blind) mucked


PokerStars Hand #167370538439:  Hold'em Limit ($3/$6 USD) - 2017/03/10 1:44:12 ET
Table 'Klonios' 10-max Seat #2 is the button
Seat 2: kincar1975 ($278.28 in chips)
Seat 7: Agrotait ($249.91 in chips)
kincar1975: posts small blind $1
Agrotait: posts big blind $3
*** HOLE CARDS ***
kincar1975: raises $3 to $6
Agrotait: raises $3 to $9
kincar1975: calls $3
*** FLOP *** [5h Ac 8h]
Agrotait: bets $3
kincar1975: calls $3
*** TURN *** [5h Ac 8h] [Kh]
Agrotait: bets $6
kincar1975: calls $6
*** RIVER *** [5h Ac 8h Kh] [3s]
Agrotait: bets $6
kincar1975: calls $6
*** SHOW DOWN ***
Agrotait: shows [As 9s] (a pair of Aces)
kincar1975: mucks hand
Agrotait collected $47.50 from pot
*** SUMMARY ***
Total pot $48 | Rake $0.50
Board [5h Ac 8h Kh 3s]
Seat 2: kincar1975 (button) (small blind) mucked
Seat 7: Agrotait (big blind) showed [As 9s] and won ($47.50) with a pair of Aces


PokerStars Hand #167370548015:  Hold'em Limit ($3/$6 USD) - 2017/03/10 1:44:48 ET
Table 'Klonios' 10-max Seat #2 is the button
Seat 2: kincar1975 ($255.28 in chips)
Seat 7: Agrotait ($272.41 in chips)
kincar1975: posts small blind $1
Agrotait: posts big blind $3
*** HOLE CARDS ***
kincar1975: raises $3 to $6
Agrotait: calls $3
*** FLOP *** [7s 5c 3s]
Agrotait: checks
kincar1975: bets $3
Agrotait: raises $3 to $6
kincar1975: calls $3
*** TURN *** [7s 5c 3s] [6h]
Agrotait: checks
kincar1975: checks
*** RIVER *** [7s 5c 3s 6h] [Kd]
Agrotait: bets $6
kincar1975: calls $6
*** SHOW DOWN ***
Agrotait: shows [7c Qs] (a pair of Sevens)
kincar1975: mucks hand
Agrotait collected $35.50 from pot
*** SUMMARY ***
Total pot $36 | Rake $0.50
Board [7s 5c 3s 6h Kd]
Seat 2: kincar1975 (button) (small blind) mucked
Seat 7: Agrotait (big blind) showed [7c Qs] and won ($35.50) with a pair of Sevens


PokerStars Hand #167370558333:  Hold'em Limit ($3/$6 USD) - 2017/03/10 1:45:26 ET
Table 'Klonios' 10-max Seat #7 is the button
Seat 2: kincar1975 ($237.28 in chips)
Seat 7: Agrotait ($289.91 in chips)
Agrotait: posts small blind $1
kincar1975: posts big blind $3
*** HOLE CARDS ***
Agrotait: folds
Uncalled bet ($2) returned to kincar1975
kincar1975 collected $2 from pot
kincar1975: doesn't show hand
*** SUMMARY ***
Total pot $2 | Rake $0
Seat 2: kincar1975 (big blind) collected ($2)
Seat 7: Agrotait (button) (small blind) folded before Flop


PokerStars Hand #167370561531:  Hold'em Limit ($3/$6 USD) - 2017/03/10 1:45:38 ET
Table 'Klonios' 10-max Seat #7 is the button
Seat 2: kincar1975 ($237.28 in chips)
Seat 7: Agrotait ($289.91 in chips)
Agrotait: posts small blind $1
kincar1975: posts big blind $3
*** HOLE CARDS ***
Agrotait: raises $3 to $6
kincar1975: calls $3
*** FLOP *** [2d Jd 7c]
kincar1975: checks
Agrotait: bets $3
kincar1975: calls $3
*** TURN *** [2d Jd 7c] [Ts]
kincar1975: checks
Agrotait: bets $6
kincar1975: calls $6
*** RIVER *** [2d Jd 7c Ts] [7s]
kincar1975: checks
Agrotait: checks
*** SHOW DOWN ***
kincar1975: shows [2s 9s] (two pair, Sevens and Deuces)
Agrotait: mucks hand
kincar1975 collected $29.50 from pot
*** SUMMARY ***
Total pot $30 | Rake $0.50
Board [2d Jd 7c Ts 7s]
Seat 2: kincar1975 (big blind) showed [2s 9s] and won ($29.50) with two pair, Sevens and Deuces
Seat 7: Agrotait (button) (small blind) mucked


PokerStars Hand #167370572096:  Hold'em Limit ($3/$6 USD) - 2017/03/10 1:46:16 ET
Table 'Klonios' 10-max Seat #2 is the button
Seat 2: kincar1975 ($251.78 in chips)
Seat 7: Agrotait ($274.91 in chips)
kincar1975: posts small blind $1
Agrotait: posts big blind $3
*** HOLE CARDS ***
kincar1975: raises $3 to $6
Agrotait: calls $3
*** FLOP *** [8c 3c Ts]
Agrotait: checks
kincar1975: bets $3
Agrotait: raises $3 to $6
kincar1975: calls $3
*** TURN *** [8c 3c Ts] [Kd]
Agrotait: bets $6
kincar1975: raises $6 to $12
Agrotait: calls $6
*** RIVER *** [8c 3c Ts Kd] [6d]
Agrotait: checks
kincar1975: bets $6
Agrotait: folds
Uncalled bet ($6) returned to kincar1975
kincar1975 collected $47.50 from pot
kincar1975: doesn't show hand
*** SUMMARY ***
Total pot $48 | Rake $0.50
Board [8c 3c Ts Kd 6d]
Seat 2: kincar1975 (button) (small blind) collected ($47.50)
Seat 7: Agrotait (big blind) folded on the River


PokerStars Hand #167370587363:  Hold'em Limit ($3/$6 USD) - 2017/03/10 1:47:12 ET
Table 'Klonios' 10-max Seat #7 is the button
Seat 2: kincar1975 ($275.28 in chips)
Seat 7: Agrotait ($250.91 in chips)
Agrotait: posts small blind $1
kincar1975: posts big blind $3
*** HOLE CARDS ***
Agrotait: raises $3 to $6
kincar1975: calls $3
*** FLOP *** [6s 8c 9c]
kincar1975: checks
Agrotait: bets $3
kincar1975: calls $3
*** TURN *** [6s 8c 9c] [3d]
kincar1975: checks
Agrotait: bets $6
kincar1975: calls $6
*** RIVER *** [6s 8c 9c 3d] [5s]
kincar1975: checks
Agrotait: bets $6
kincar1975: calls $6
*** SHOW DOWN ***
Agrotait: shows [Jc 9s] (a pair of Nines)
kincar1975: mucks hand
Agrotait collected $41.50 from pot
*** SUMMARY ***
Total pot $42 | Rake $0.50
Board [6s 8c 9c 3d 5s]
Seat 2: kincar1975 (big blind) mucked
Seat 7: Agrotait (button) (small blind) showed [Jc 9s] and won ($41.50) with a pair of Nines


PokerStars Hand #167370604746:  Hold'em Limit ($3/$6 USD) - 2017/03/10 1:48:16 ET
Table 'Klonios' 10-max Seat #2 is the button
Seat 2: kincar1975 ($231.28 in chips)
Seat 7: Agrotait ($293.91 in chips)
kincar1975: posts small blind $1
Agrotait: posts big blind $3
*** HOLE CARDS ***
kincar1975: raises $3 to $6
Agrotait: calls $3
*** FLOP *** [3h 2d Jh]
Agrotait: checks
kincar1975: bets $3
Agrotait: calls $3
*** TURN *** [3h 2d Jh] [As]
Agrotait: checks
kincar1975: bets $6
Agrotait: calls $6
*** RIVER *** [3h 2d Jh As] [7d]
Agrotait: checks
kincar1975: bets $6
Agrotait: calls $6
*** SHOW DOWN ***
kincar1975: shows [7c Ad] (two pair, Aces and Sevens)
Agrotait: mucks hand
kincar1975 collected $41.50 from pot
*** SUMMARY ***
Total pot $42 | Rake $0.50
Board [3h 2d Jh As 7d]
Seat 2: kincar1975 (button) (small blind) showed [7c Ad] and won ($41.50) with two pair, Aces and Sevens
Seat 7: Agrotait (big blind) mucked


PokerStars Hand #167370593245:  Hold'em Limit ($3/$6 USD) - 2017/03/10 1:47:34 ET
Table 'Klonios' 10-max Seat #2 is the button
Seat 2: kincar1975 ($254.28 in chips)
Seat 7: Agrotait ($271.41 in chips)
kincar1975: posts small blind $1
Agrotait: posts big blind $3
*** HOLE CARDS ***
kincar1975: raises $3 to $6
Agrotait: calls $3
*** FLOP *** [9d Kd 3d]
Agrotait: checks
kincar1975: bets $3
Agrotait: raises $3 to $6
kincar1975: calls $3
*** TURN *** [9d Kd 3d] [8c]
Agrotait: bets $6
kincar1975: calls $6
*** RIVER *** [9d Kd 3d 8c] [5c]
Agrotait: bets $6
kincar1975: calls $6
*** SHOW DOWN ***
Agrotait: shows [Kh Jc] (a pair of Kings)
kincar1975: mucks hand
Agrotait collected $47.50 from pot
*** SUMMARY ***
Total pot $48 | Rake $0.50
Board [9d Kd 3d 8c 5c]
Seat 2: kincar1975 (button) (small blind) mucked
Seat 7: Agrotait (big blind) showed [Kh Jc] and won ($47.50) with a pair of Kings


PokerStars Hand #167370616048:  Hold'em Limit ($3/$6 USD) - 2017/03/10 1:48:57 ET
Table 'Klonios' 10-max Seat #7 is the button
Seat 2: kincar1975 ($251.78 in chips)
Seat 7: Agrotait ($272.91 in chips)
Agrotait: posts small blind $1
kincar1975: posts big blind $3
*** HOLE CARDS ***
Agrotait: raises $3 to $6
kincar1975: calls $3
*** FLOP *** [Kh 3c 5h]
kincar1975: checks
Agrotait: bets $3
kincar1975: calls $3
*** TURN *** [Kh 3c 5h] [Jc]
kincar1975: checks
Agrotait: checks
*** RIVER *** [Kh 3c 5h Jc] [4h]
kincar1975: bets $6
Agrotait: folds
Uncalled bet ($6) returned to kincar1975
kincar1975 collected $17.64 from pot
kincar1975: doesn't show hand
*** SUMMARY ***
Total pot $18 | Rake $0.36
Board [Kh 3c 5h Jc 4h]
Seat 2: kincar1975 (big blind) collected ($17.64)
Seat 7: Agrotait (button) (small blind) folded on the River


PokerStars Hand #167370621044:  Hold'em Limit ($3/$6 USD) - 2017/03/10 1:49:16 ET
Table 'Klonios' 10-max Seat #2 is the button
Seat 2: kincar1975 ($260.42 in chips)
Seat 7: Agrotait ($263.91 in chips)
kincar1975: posts small blind $1
Agrotait: posts big blind $3
*** HOLE CARDS ***
kincar1975: folds
Uncalled bet ($2) returned to Agrotait
Agrotait collected $2 from pot
Agrotait: doesn't show hand
*** SUMMARY ***
Total pot $2 | Rake $0
Seat 2: kincar1975 (button) (small blind) folded before Flop
Seat 7: Agrotait (big blind) collected ($2)


PokerStars Hand #167370626213:  Hold'em Limit ($3/$6 USD) - 2017/03/10 1:49:35 ET
Table 'Klonios' 10-max Seat #2 is the button
Seat 2: kincar1975 ($253.42 in chips)
Seat 7: Agrotait ($270.67 in chips)
kincar1975: posts small blind $1
Agrotait: posts big blind $3
*** HOLE CARDS ***
kincar1975: folds
Uncalled bet ($2) returned to Agrotait
Agrotait collected $2 from pot
Agrotait: doesn't show hand
*** SUMMARY ***
Total pot $2 | Rake $0
Seat 2: kincar1975 (button) (small blind) folded before Flop
Seat 7: Agrotait (big blind) collected ($2)


PokerStars Hand #167370622791:  Hold'em Limit ($3/$6 USD) - 2017/03/10 1:49:22 ET
Table 'Klonios' 10-max Seat #7 is the button
Seat 2: kincar1975 ($259.42 in chips)
Seat 7: Agrotait ($264.91 in chips)
Agrotait: posts small blind $1
kincar1975: posts big blind $3
*** HOLE CARDS ***
Agrotait: raises $3 to $6
kincar1975: calls $3
*** FLOP *** [As 6h 3c]
kincar1975: checks
Agrotait: bets $3
kincar1975: folds
Uncalled bet ($3) returned to Agrotait
Agrotait collected $11.76 from pot
Agrotait: doesn't show hand
*** SUMMARY ***
Total pot $12 | Rake $0.24
Board [As 6h 3c]
Seat 2: kincar1975 (big blind) folded on the Flop
Seat 7: Agrotait (button) (small blind) collected ($11.76)


PokerStars Hand #167370627616:  Hold'em Limit ($3/$6 USD) - 2017/03/10 1:49:40 ET
Table 'Klonios' 10-max Seat #7 is the button
Seat 2: kincar1975 ($252.42 in chips)
Seat 7: Agrotait ($271.67 in chips)
Agrotait: posts small blind $1
kincar1975: posts big blind $3
*** HOLE CARDS ***
Agrotait: folds
Uncalled bet ($2) returned to kincar1975
kincar1975 collected $2 from pot
kincar1975: doesn't show hand
*** SUMMARY ***
Total pot $2 | Rake $0
Seat 2: kincar1975 (big blind) collected ($2)
Seat 7: Agrotait (button) (small blind) folded before Flop


PokerStars Hand #167370640358:  Hold'em Limit ($3/$6 USD) - 2017/03/10 1:50:27 ET
Table 'Klonios' 10-max Seat #7 is the button
Seat 2: kincar1975 ($255.18 in chips)
Seat 7: Agrotait ($268.67 in chips)
Agrotait: posts small blind $1
kincar1975: posts big blind $3
*** HOLE CARDS ***
hamsa222 joins the table at seat #10
Agrotait: raises $3 to $6
kincar1975: folds
Uncalled bet ($3) returned to Agrotait
Agrotait collected $6 from pot
Agrotait: doesn't show hand
*** SUMMARY ***
Total pot $6 | Rake $0
Seat 2: kincar1975 (big blind) folded before Flop
Seat 7: Agrotait (button) (small blind) collected ($6)


PokerStars Hand #167370629195:  Hold'em Limit ($3/$6 USD) - 2017/03/10 1:49:46 ET
Table 'Klonios' 10-max Seat #2 is the button
Seat 2: kincar1975 ($253.42 in chips)
Seat 7: Agrotait ($270.67 in chips)
kincar1975: posts small blind $1
Agrotait: posts big blind $3
*** HOLE CARDS ***
kincar1975: raises $3 to $6
Agrotait: calls $3
*** FLOP *** [Qs 4d As]
Agrotait: checks
kincar1975: bets $3
Agrotait: folds
Uncalled bet ($3) returned to kincar1975
kincar1975 collected $11.76 from pot
kincar1975: doesn't show hand
*** SUMMARY ***
Total pot $12 | Rake $0.24
Board [Qs 4d As]
Seat 2: kincar1975 (button) (small blind) collected ($11.76)
Seat 7: Agrotait (big blind) folded on the Flop


PokerStars Hand #167370635350:  Hold'em Limit ($3/$6 USD) - 2017/03/10 1:50:08 ET
Table 'Klonios' 10-max Seat #7 is the button
Seat 2: kincar1975 ($259.18 in chips)
Seat 7: Agrotait ($264.67 in chips)
Agrotait: posts small blind $1
kincar1975: posts big blind $3
*** HOLE CARDS ***
Agrotait: raises $3 to $6
kincar1975: folds
Uncalled bet ($3) returned to Agrotait
Agrotait collected $6 from pot
Agrotait: doesn't show hand
*** SUMMARY ***
Total pot $6 | Rake $0
Seat 2: kincar1975 (big blind) folded before Flop
Seat 7: Agrotait (button) (small blind) collected ($6)


PokerStars Hand #167370637584:  Hold'em Limit ($3/$6 USD) - 2017/03/10 1:50:16 ET
Table 'Klonios' 10-max Seat #2 is the button
Seat 2: kincar1975 ($256.18 in chips)
Seat 7: Agrotait ($267.67 in chips)
kincar1975: posts small blind $1
Agrotait: posts big blind $3
*** HOLE CARDS ***
kincar1975: folds
Uncalled bet ($2) returned to Agrotait
Agrotait collected $2 from pot
Agrotait: doesn't show hand
*** SUMMARY ***
Total pot $2 | Rake $0
Seat 2: kincar1975 (button) (small blind) folded before Flop
Seat 7: Agrotait (big blind) collected ($2)


PokerStars Hand #167370644398:  Hold'em Limit ($3/$6 USD) - 2017/03/10 1:50:41 ET
Table 'Klonios' 10-max Seat #2 is the button
Seat 2: kincar1975 ($252.18 in chips)
Seat 7: Agrotait ($271.67 in chips)
kincar1975: posts small blind $1
Agrotait: posts big blind $3
*** HOLE CARDS ***
kincar1975: raises $3 to $6
Agrotait: raises $3 to $9
kincar1975: calls $3
*** FLOP *** [4s Ac Ks]
Agrotait: bets $3
kincar1975: calls $3
*** TURN *** [4s Ac Ks] [Ad]
Agrotait: bets $6
kincar1975: calls $6
*** RIVER *** [4s Ac Ks Ad] [Qd]
Agrotait: bets $6
kincar1975: calls $6
*** SHOW DOWN ***
Agrotait: shows [Kd Td] (two pair, Aces and Kings)
kincar1975: mucks hand
Agrotait collected $47.50 from pot
*** SUMMARY ***
Total pot $48 | Rake $0.50
Board [4s Ac Ks Ad Qd]
Seat 2: kincar1975 (button) (small blind) mucked
Seat 7: Agrotait (big blind) showed [Kd Td] and won ($47.50) with two pair, Aces and Kings


