PokerStars Hand #146299285700:  Hold'em Limit ($3/$6 USD) - 2016/01/01 18:37:08 ET
Table 'Klotilde III' 2-max Seat #2 is the button
Seat 1: kaputnikoff ($77.28 in chips)
Seat 2: ManuelSikora ($29.64 in chips)
ManuelSikora: posts small blind $1
kaputnikoff: posts big blind $3
*** HOLE CARDS ***
ManuelSikora: raises $3 to $6
kaputnikoff: calls $3
*** FLOP *** [4s 5d 6h]
kaputnikoff: checks
ManuelSikora: checks
*** TURN *** [4s 5d 6h] [Js]
kaputnikoff: checks
ManuelSikora: checks
*** RIVER *** [4s 5d 6h Js] [6s]
kaputnikoff: checks
ManuelSikora: bets $6
kaputnikoff: folds
Uncalled bet ($6) returned to ManuelSikora
ManuelSikora collected $11.76 from pot
ManuelSikora: doesn't show hand
*** SUMMARY ***
Total pot $12 | Rake $0.24
Board [4s 5d 6h Js 6s]
Seat 1: kaputnikoff (big blind) folded on the River
Seat 2: ManuelSikora (button) (small blind) collected ($11.76)


PokerStars Hand #146299272997:  Hold'em Limit ($3/$6 USD) - 2016/01/01 18:36:53 ET
Table 'Klotilde III' 2-max Seat #1 is the button
Seat 1: kaputnikoff ($68.64 in chips)
Seat 2: ManuelSikora ($38.64 in chips)
kaputnikoff: posts small blind $1
ManuelSikora: posts big blind $3
*** HOLE CARDS ***
kaputnikoff: raises $3 to $6
ManuelSikora: calls $3
*** FLOP *** [Jh 5c 9c]
ManuelSikora: checks
kaputnikoff: bets $3
ManuelSikora: calls $3
*** TURN *** [Jh 5c 9c] [Ac]
ManuelSikora: checks
kaputnikoff: bets $6
ManuelSikora: folds
Uncalled bet ($6) returned to kaputnikoff
kaputnikoff collected $17.64 from pot
kaputnikoff: doesn't show hand
*** SUMMARY ***
Total pot $18 | Rake $0.36
Board [Jh 5c 9c Ac]
Seat 1: kaputnikoff (button) (small blind) collected ($17.64)
Seat 2: ManuelSikora (big blind) folded on the Turn


PokerStars Hand #146299268903:  Hold'em Limit ($3/$6 USD) - 2016/01/01 18:36:48 ET
Table 'Klotilde III' 2-max Seat #2 is the button
Seat 1: kaputnikoff ($67.64 in chips)
Seat 2: ManuelSikora ($39.64 in chips)
ManuelSikora: posts small blind $1
kaputnikoff: posts big blind $3
*** HOLE CARDS ***
ManuelSikora: folds
Uncalled bet ($2) returned to kaputnikoff
kaputnikoff collected $2 from pot
kaputnikoff: doesn't show hand
*** SUMMARY ***
Total pot $2 | Rake $0
Seat 1: kaputnikoff (big blind) collected ($2)
Seat 2: ManuelSikora (button) (small blind) folded before Flop


PokerStars Hand #146299263662:  Hold'em Limit ($3/$6 USD) - 2016/01/01 18:36:42 ET
Table 'Klotilde III' 2-max Seat #1 is the button
Seat 1: kaputnikoff ($68.64 in chips)
Seat 2: ManuelSikora ($38.64 in chips)
kaputnikoff: posts small blind $1
ManuelSikora: posts big blind $3
*** HOLE CARDS ***
kaputnikoff: folds
Uncalled bet ($2) returned to ManuelSikora
ManuelSikora collected $2 from pot
ManuelSikora: doesn't show hand
*** SUMMARY ***
Total pot $2 | Rake $0
Seat 1: kaputnikoff (button) (small blind) folded before Flop
Seat 2: ManuelSikora (big blind) collected ($2)


PokerStars Hand #146299252365:  Hold'em Limit ($3/$6 USD) - 2016/01/01 18:36:29 ET
Table 'Klotilde III' 2-max Seat #2 is the button
Seat 1: kaputnikoff ($60 in chips)
Seat 2: ManuelSikora ($47.64 in chips)
ManuelSikora: posts small blind $1
kaputnikoff: posts big blind $3
*** HOLE CARDS ***
ManuelSikora: calls $2
kaputnikoff: raises $3 to $6
ManuelSikora: calls $3
*** FLOP *** [3c 8c Qh]
kaputnikoff: bets $3
ManuelSikora: calls $3
*** TURN *** [3c 8c Qh] [Td]
kaputnikoff: bets $6
ManuelSikora: folds
Uncalled bet ($6) returned to kaputnikoff
kaputnikoff collected $17.64 from pot
kaputnikoff: doesn't show hand
*** SUMMARY ***
Total pot $18 | Rake $0.36
Board [3c 8c Qh Td]
Seat 1: kaputnikoff (big blind) collected ($17.64)
Seat 2: ManuelSikora (button) (small blind) folded on the Turn


PokerStars Hand #146299312513:  Hold'em Limit ($3/$6 USD) - 2016/01/01 18:37:40 ET
Table 'Klotilde III' 2-max Seat #2 is the button
Seat 1: kaputnikoff ($77.04 in chips)
Seat 2: ManuelSikora ($29.40 in chips)
ManuelSikora: posts small blind $1
kaputnikoff: posts big blind $3
*** HOLE CARDS ***
ManuelSikora: calls $2
kaputnikoff: raises $3 to $6
ManuelSikora: calls $3
*** FLOP *** [8c Ts 2d]
kaputnikoff: bets $3
ManuelSikora: raises $3 to $6
kaputnikoff: raises $3 to $9
ManuelSikora: calls $3
*** TURN *** [8c Ts 2d] [4d]
kaputnikoff: bets $6
ManuelSikora: calls $6
*** RIVER *** [8c Ts 2d 4d] [9c]
kaputnikoff: bets $6
ManuelSikora: calls $6
*** SHOW DOWN ***
kaputnikoff: shows [9s Tc] (two pair, Tens and Nines)
ManuelSikora: mucks hand
kaputnikoff collected $53.50 from pot
*** SUMMARY ***
Total pot $54 | Rake $0.50
Board [8c Ts 2d 4d 9c]
Seat 1: kaputnikoff (big blind) showed [9s Tc] and won ($53.50) with two pair, Tens and Nines
Seat 2: ManuelSikora (button) (small blind) mucked


PokerStars Hand #146299304063:  Hold'em Limit ($3/$6 USD) - 2016/01/01 18:37:30 ET
Table 'Klotilde III' 2-max Seat #1 is the button
Seat 1: kaputnikoff ($71.28 in chips)
Seat 2: ManuelSikora ($35.40 in chips)
kaputnikoff: posts small blind $1
ManuelSikora: posts big blind $3
*** HOLE CARDS ***
kaputnikoff: raises $3 to $6
ManuelSikora: calls $3
*** FLOP *** [9s Jc 2h]
ManuelSikora: checks
kaputnikoff: bets $3
ManuelSikora: folds
Uncalled bet ($3) returned to kaputnikoff
kaputnikoff collected $11.76 from pot
kaputnikoff: doesn't show hand
*** SUMMARY ***
Total pot $12 | Rake $0.24
Board [9s Jc 2h]
Seat 1: kaputnikoff (button) (small blind) collected ($11.76)
Seat 2: ManuelSikora (big blind) folded on the Flop


