PokerStars Hand #159354779665:  Hold'em Limit ($3/$6 USD) - 2016/10/01 20:34:32 ET
Table 'Klotilde' 6-max Seat #5 is the button
Seat 1: LWNS ($79 in chips)
Seat 5: Great_Kang ($121 in chips)
Great_Kang: posts small blind $1
LWNS: posts big blind $3
*** HOLE CARDS ***
Great_Kang: raises $3 to $6
LWNS: raises $3 to $9
Great_Kang: calls $3
*** FLOP *** [Kd 2h 6h]
LWNS: bets $3
Great_Kang: folds
Uncalled bet ($3) returned to LWNS
LWNS collected $17.64 from pot
LWNS: doesn't show hand
*** SUMMARY ***
Total pot $18 | Rake $0.36
Board [Kd 2h 6h]
Seat 1: LWNS (big blind) collected ($17.64)
Seat 5: Great_Kang (button) (small blind) folded on the Flop


PokerStars Hand #159354776649:  Hold'em Limit ($3/$6 USD) - 2016/10/01 20:34:25 ET
Table 'Klotilde' 6-max Seat #1 is the button
Seat 1: LWNS ($80 in chips)
Seat 5: Great_Kang ($120 in chips)
LWNS: posts small blind $1
Great_Kang: posts big blind $3
*** HOLE CARDS ***
LWNS: folds
Uncalled bet ($2) returned to Great_Kang
Great_Kang collected $2 from pot
Great_Kang: doesn't show hand
*** SUMMARY ***
Total pot $2 | Rake $0
Seat 1: LWNS (button) (small blind) folded before Flop
Seat 5: Great_Kang (big blind) collected ($2)


PokerStars Hand #159354810091:  Hold'em Limit ($3/$6 USD) - 2016/10/01 20:35:41 ET
Table 'Klotilde' 6-max Seat #5 is the button
Seat 1: LWNS ($108.14 in chips)
Seat 5: Great_Kang ($120 in chips)
Great_Kang: posts small blind $1
LWNS: posts big blind $3
*** HOLE CARDS ***
Great_Kang: folds
Uncalled bet ($2) returned to LWNS
LWNS collected $2 from pot
LWNS: doesn't show hand
*** SUMMARY ***
Total pot $2 | Rake $0
Seat 1: LWNS (big blind) collected ($2)
Seat 5: Great_Kang (button) (small blind) folded before Flop


PokerStars Hand #159354787008:  Hold'em Limit ($3/$6 USD) - 2016/10/01 20:34:49 ET
Table 'Klotilde' 6-max Seat #1 is the button
Seat 1: LWNS ($87.64 in chips)
Seat 5: Great_Kang ($120 in chips)
LWNS: posts small blind $1
Great_Kang: posts big blind $3
*** HOLE CARDS ***
Chessnok joins the table at seat #2
LWNS: raises $3 to $6
Great_Kang: calls $3
*** FLOP *** [Kc 4c Qd]
Great_Kang: checks
LWNS: bets $3
Hannibal2211 joins the table at seat #3
Great_Kang: calls $3
*** TURN *** [Kc 4c Qd] [5d]
Great_Kang: checks
LWNS: bets $6
Great_Kang: raises $6 to $12
LWNS: calls $6
*** RIVER *** [Kc 4c Qd 5d] [4s]
Great_Kang: checks
LWNS: checks
*** SHOW DOWN ***
Great_Kang: shows [Qh 5c] (two pair, Queens and Fives)
LWNS: shows [Ks 7h] (two pair, Kings and Fours)
LWNS collected $41.50 from pot
*** SUMMARY ***
Total pot $42 | Rake $0.50
Board [Kc 4c Qd 5d 4s]
Seat 1: LWNS (button) (small blind) showed [Ks 7h] and won ($41.50) with two pair, Kings and Fours
Seat 5: Great_Kang (big blind) showed [Qh 5c] and lost with two pair, Queens and Fives


PokerStars Hand #159354933036:  Hold'em Limit ($3/$6 USD) - 2016/10/01 20:40:13 ET
Table 'Klotilde' 6-max Seat #3 is the button
Seat 3: Hannibal2211 ($107.51 in chips)
Seat 5: Great_Kang ($177.16 in chips)
Hannibal2211: posts small blind $1
Great_Kang: posts big blind $3
*** HOLE CARDS ***
Hannibal2211: folds
Uncalled bet ($2) returned to Great_Kang
Great_Kang collected $2 from pot
Great_Kang: doesn't show hand
*** SUMMARY ***
Total pot $2 | Rake $0
Seat 3: Hannibal2211 (button) (small blind) folded before Flop
Seat 5: Great_Kang (big blind) collected ($2)


PokerStars Hand #159354929745:  Hold'em Limit ($3/$6 USD) - 2016/10/01 20:40:06 ET
Table 'Klotilde' 6-max Seat #5 is the button
Seat 3: Hannibal2211 ($110.51 in chips)
Seat 5: Great_Kang ($174.16 in chips)
Great_Kang: posts small blind $1
LWNS: is sitting out
Hannibal2211: posts big blind $3
*** HOLE CARDS ***
Great_Kang: raises $3 to $6
Hannibal2211: folds
Uncalled bet ($3) returned to Great_Kang
Great_Kang collected $6 from pot
Great_Kang: doesn't show hand
LWNS leaves the table
*** SUMMARY ***
Total pot $6 | Rake $0
Seat 3: Hannibal2211 (big blind) folded before Flop
Seat 5: Great_Kang (button) (small blind) collected ($6)


