PokerStars Hand #147258091121:  Hold'em Limit ($3/$6 USD) - 2016/01/18 11:54:36 ET
Table 'Klotho II' 6-max Seat #4 is the button
Seat 3: orbbitt ($39 in chips)
Seat 4: Actionni13 ($151 in chips)
Actionni13: posts small blind $1
orbbitt: posts big blind $3
*** HOLE CARDS ***
Actionni13: raises $3 to $6
orbbitt: raises $3 to $9
Actionni13: calls $3
*** FLOP *** [2h 9s Jh]
orbbitt: bets $3
Actionni13: calls $3
*** TURN *** [2h 9s Jh] [7d]
orbbitt: bets $6
Actionni13: calls $6
*** RIVER *** [2h 9s Jh 7d] [7s]
orbbitt: bets $6
Actionni13: calls $6
*** SHOW DOWN ***
orbbitt: shows [Ac Kd] (a pair of Sevens)
Actionni13: shows [Kc 9c] (two pair, Nines and Sevens)
Actionni13 collected $47.50 from pot
*** SUMMARY ***
Total pot $48 | Rake $0.50
Board [2h 9s Jh 7d 7s]
Seat 3: orbbitt (big blind) showed [Ac Kd] and lost with a pair of Sevens
Seat 4: Actionni13 (button) (small blind) showed [Kc 9c] and won ($47.50) with two pair, Nines and Sevens


PokerStars Hand #147258111158:  Hold'em Limit ($3/$6 USD) - 2016/01/18 11:54:58 ET
Table 'Klotho II' 6-max Seat #3 is the button
Seat 3: orbbitt ($15 in chips)
Seat 4: Actionni13 ($174.50 in chips)
orbbitt: posts small blind $1
Actionni13: posts big blind $3
*** HOLE CARDS ***
orbbitt: raises $3 to $6
Actionni13: folds
Uncalled bet ($3) returned to orbbitt
orbbitt collected $6 from pot
orbbitt: doesn't show hand
*** SUMMARY ***
Total pot $6 | Rake $0
Seat 3: orbbitt (button) (small blind) collected ($6)
Seat 4: Actionni13 (big blind) folded before Flop


PokerStars Hand #147258118387:  Hold'em Limit ($3/$6 USD) - 2016/01/18 11:55:06 ET
Table 'Klotho II' 6-max Seat #4 is the button
Seat 3: orbbitt ($18 in chips)
Seat 4: Actionni13 ($171.50 in chips)
Actionni13: posts small blind $1
orbbitt: posts big blind $3
*** HOLE CARDS ***
Actionni13: folds
Uncalled bet ($2) returned to orbbitt
orbbitt collected $2 from pot
orbbitt: doesn't show hand
*** SUMMARY ***
Total pot $2 | Rake $0
Seat 3: orbbitt (big blind) collected ($2)
Seat 4: Actionni13 (button) (small blind) folded before Flop


PokerStars Hand #147258122570:  Hold'em Limit ($3/$6 USD) - 2016/01/18 11:55:11 ET
Table 'Klotho II' 6-max Seat #3 is the button
Seat 3: orbbitt ($19 in chips)
Seat 4: Actionni13 ($170.50 in chips)
orbbitt: posts small blind $1
Actionni13: posts big blind $3
*** HOLE CARDS ***
orbbitt: raises $3 to $6
Actionni13: calls $3
*** FLOP *** [3c Kc 6h]
Actionni13: checks
orbbitt: bets $3
Actionni13: folds
Uncalled bet ($3) returned to orbbitt
orbbitt collected $11.76 from pot
orbbitt: doesn't show hand
*** SUMMARY ***
Total pot $12 | Rake $0.24
Board [3c Kc 6h]
Seat 3: orbbitt (button) (small blind) collected ($11.76)
Seat 4: Actionni13 (big blind) folded on the Flop


PokerStars Hand #147258136702:  Hold'em Limit ($3/$6 USD) - 2016/01/18 11:55:30 ET
Table 'Klotho II' 6-max Seat #4 is the button
Seat 3: orbbitt ($24.76 in chips)
Seat 4: Actionni13 ($164.50 in chips)
Actionni13: posts small blind $1
orbbitt: posts big blind $3
*** HOLE CARDS ***
Actionni13: raises $3 to $6
orbbitt: raises $3 to $9
Actionni13: calls $3
*** FLOP *** [2s Jh 2h]
orbbitt: bets $3
Actionni13: calls $3
*** TURN *** [2s Jh 2h] [9d]
orbbitt: bets $6
Actionni13: folds
Uncalled bet ($6) returned to orbbitt
orbbitt collected $23.52 from pot
orbbitt: doesn't show hand
*** SUMMARY ***
Total pot $24 | Rake $0.48
Board [2s Jh 2h 9d]
Seat 3: orbbitt (big blind) collected ($23.52)
Seat 4: Actionni13 (button) (small blind) folded on the Turn


PokerStars Hand #147258150199:  Hold'em Limit ($3/$6 USD) - 2016/01/18 11:55:48 ET
Table 'Klotho II' 6-max Seat #3 is the button
Seat 3: orbbitt ($36.28 in chips)
Seat 4: Actionni13 ($152.50 in chips)
orbbitt: posts small blind $1
Actionni13: posts big blind $3
*** HOLE CARDS ***
orbbitt: folds
Uncalled bet ($2) returned to Actionni13
Actionni13 collected $2 from pot
Actionni13: doesn't show hand
*** SUMMARY ***
Total pot $2 | Rake $0
Seat 3: orbbitt (button) (small blind) folded before Flop
Seat 4: Actionni13 (big blind) collected ($2)


PokerStars Hand #147258158895:  Hold'em Limit ($3/$6 USD) - 2016/01/18 11:56:00 ET
Table 'Klotho II' 6-max Seat #3 is the button
Seat 3: orbbitt ($32.28 in chips)
Seat 4: Actionni13 ($156.50 in chips)
orbbitt: posts small blind $1
Actionni13: posts big blind $3
*** HOLE CARDS ***
orbbitt: raises $3 to $6
Actionni13: folds
Uncalled bet ($3) returned to orbbitt
orbbitt collected $6 from pot
orbbitt: doesn't show hand
*** SUMMARY ***
Total pot $6 | Rake $0
Seat 3: orbbitt (button) (small blind) collected ($6)
Seat 4: Actionni13 (big blind) folded before Flop


PokerStars Hand #147258153807:  Hold'em Limit ($3/$6 USD) - 2016/01/18 11:55:53 ET
Table 'Klotho II' 6-max Seat #4 is the button
Seat 3: orbbitt ($35.28 in chips)
Seat 4: Actionni13 ($153.50 in chips)
Actionni13: posts small blind $1
orbbitt: posts big blind $3
*** HOLE CARDS ***
Actionni13: raises $3 to $6
orbbitt: folds
Uncalled bet ($3) returned to Actionni13
Actionni13 collected $6 from pot
Actionni13: doesn't show hand
*** SUMMARY ***
Total pot $6 | Rake $0
Seat 3: orbbitt (big blind) folded before Flop
Seat 4: Actionni13 (button) (small blind) collected ($6)


PokerStars Hand #147258164071:  Hold'em Limit ($3/$6 USD) - 2016/01/18 11:56:07 ET
Table 'Klotho II' 6-max Seat #4 is the button
Seat 3: orbbitt ($35.28 in chips)
Seat 4: Actionni13 ($153.50 in chips)
Actionni13: posts small blind $1
orbbitt: posts big blind $3
*** HOLE CARDS ***
Actionni13: raises $3 to $6
orbbitt: calls $3
*** FLOP *** [Ah 5d Kc]
orbbitt: checks
Actionni13: bets $3
orbbitt: folds
Uncalled bet ($3) returned to Actionni13
Actionni13 collected $11.76 from pot
Actionni13: doesn't show hand
*** SUMMARY ***
Total pot $12 | Rake $0.24
Board [Ah 5d Kc]
Seat 3: orbbitt (big blind) folded on the Flop
Seat 4: Actionni13 (button) (small blind) collected ($11.76)


PokerStars Hand #147258171084:  Hold'em Limit ($3/$6 USD) - 2016/01/18 11:56:16 ET
Table 'Klotho II' 6-max Seat #3 is the button
Seat 3: orbbitt ($29.28 in chips)
Seat 4: Actionni13 ($159.26 in chips)
orbbitt: posts small blind $1
Actionni13: posts big blind $3
*** HOLE CARDS ***
orbbitt: raises $3 to $6
Actionni13: calls $3
*** FLOP *** [Th 4c 2c]
Actionni13: checks
orbbitt: bets $3
Actionni13: raises $3 to $6
orbbitt: calls $3
*** TURN *** [Th 4c 2c] [4d]
Actionni13: bets $6
orbbitt: raises $6 to $12
Actionni13: calls $6
*** RIVER *** [Th 4c 2c 4d] [7h]
Actionni13: checks
orbbitt: bets $5.28 and is all-in
Actionni13: calls $5.28
*** SHOW DOWN ***
orbbitt: shows [2s Js] (two pair, Fours and Deuces)
Actionni13: shows [Tc 8c] (two pair, Tens and Fours)
Actionni13 collected $58.06 from pot
*** SUMMARY ***
Total pot $58.56 | Rake $0.50
Board [Th 4c 2c 4d 7h]
Seat 3: orbbitt (button) (small blind) showed [2s Js] and lost with two pair, Fours and Deuces
Seat 4: Actionni13 (big blind) showed [Tc 8c] and won ($58.06) with two pair, Tens and Fours


