PokerStars Hand #162972570205:  Hold'em Limit ($3/$6 USD) - 2016/12/15 5:41:55 ET
Table 'Klotilde' 6-max Seat #6 is the button
Seat 4: Agrotait ($72 in chips)
Seat 6: ManuelSikora ($32.12 in chips)
ManuelSikora: posts small blind $1
Agrotait: posts big blind $3
*** HOLE CARDS ***
ManuelSikora: raises $3 to $6
Agrotait: calls $3
*** FLOP *** [Qc Ts Ac]
Agrotait: checks
ManuelSikora: bets $3
Agrotait: folds
Uncalled bet ($3) returned to ManuelSikora
ManuelSikora collected $11.76 from pot
ManuelSikora: doesn't show hand
*** SUMMARY ***
Total pot $12 | Rake $0.24
Board [Qc Ts Ac]
Seat 4: Agrotait (big blind) folded on the Flop
Seat 6: ManuelSikora (button) (small blind) collected ($11.76)


PokerStars Hand #162972589882:  Hold'em Limit ($3/$6 USD) - 2016/12/15 5:42:41 ET
Table 'Klotilde' 6-max Seat #4 is the button
Seat 4: Agrotait ($66 in chips)
Seat 6: ManuelSikora ($37.88 in chips)
Agrotait: posts small blind $1
ManuelSikora: posts big blind $3
*** HOLE CARDS ***
Agrotait: raises $3 to $6
ManuelSikora: raises $3 to $9
Agrotait: calls $3
*** FLOP *** [Tc Ts Kh]
ManuelSikora: bets $3
Agrotait: calls $3
*** TURN *** [Tc Ts Kh] [2s]
ManuelSikora: bets $6
Agrotait: folds
Uncalled bet ($6) returned to ManuelSikora
ManuelSikora collected $23.52 from pot
ManuelSikora: doesn't show hand
*** SUMMARY ***
Total pot $24 | Rake $0.48
Board [Tc Ts Kh 2s]
Seat 4: Agrotait (button) (small blind) folded on the Turn
Seat 6: ManuelSikora (big blind) collected ($23.52)


PokerStars Hand #162972600355:  Hold'em Limit ($3/$6 USD) - 2016/12/15 5:43:05 ET
Table 'Klotilde' 6-max Seat #6 is the button
Seat 4: Agrotait ($72 in chips)
Seat 6: ManuelSikora ($49.40 in chips)
ManuelSikora: posts small blind $1
Agrotait: posts big blind $3
*** HOLE CARDS ***
ManuelSikora: raises $3 to $6
Agrotait: calls $3
*** FLOP *** [Ks Ac 7d]
Agrotait: bets $3
ManuelSikora: folds
Uncalled bet ($3) returned to Agrotait
Agrotait collected $11.76 from pot
Agrotait: doesn't show hand
*** SUMMARY ***
Total pot $12 | Rake $0.24
Board [Ks Ac 7d]
Seat 4: Agrotait (big blind) collected ($11.76)
Seat 6: ManuelSikora (button) (small blind) folded on the Flop


PokerStars Hand #162972615591:  Hold'em Limit ($3/$6 USD) - 2016/12/15 5:43:40 ET
Table 'Klotilde' 6-max Seat #4 is the button
Seat 4: Agrotait ($77.76 in chips)
Seat 6: ManuelSikora ($43.40 in chips)
Agrotait: posts small blind $1
ManuelSikora: posts big blind $3
*** HOLE CARDS ***
Agrotait: raises $3 to $6
ManuelSikora: calls $3
*** FLOP *** [5c 3s Jh]
ManuelSikora: bets $3
Agrotait: calls $3
*** TURN *** [5c 3s Jh] [9c]
ManuelSikora: bets $6
Agrotait: folds
Uncalled bet ($6) returned to ManuelSikora
ManuelSikora collected $17.64 from pot
ManuelSikora: doesn't show hand
*** SUMMARY ***
Total pot $18 | Rake $0.36
Board [5c 3s Jh 9c]
Seat 4: Agrotait (button) (small blind) folded on the Turn
Seat 6: ManuelSikora (big blind) collected ($17.64)


PokerStars Hand #162972622821:  Hold'em Limit ($3/$6 USD) - 2016/12/15 5:43:57 ET
Table 'Klotilde' 6-max Seat #6 is the button
Seat 4: Agrotait ($68.76 in chips)
Seat 6: ManuelSikora ($52.04 in chips)
ManuelSikora: posts small blind $1
Agrotait: posts big blind $3
*** HOLE CARDS ***
ManuelSikora: raises $3 to $6
Agrotait: calls $3
*** FLOP *** [6h 9h 9d]
Agrotait: checks
ManuelSikora: checks
*** TURN *** [6h 9h 9d] [7s]
Agrotait: checks
ManuelSikora: checks
*** RIVER *** [6h 9h 9d 7s] [Qc]
Agrotait: checks
ManuelSikora: checks
*** SHOW DOWN ***
Agrotait: shows [Kd 4s] (a pair of Nines)
ManuelSikora: mucks hand
Agrotait collected $11.76 from pot
*** SUMMARY ***
Total pot $12 | Rake $0.24
Board [6h 9h 9d 7s Qc]
Seat 4: Agrotait (big blind) showed [Kd 4s] and won ($11.76) with a pair of Nines
Seat 6: ManuelSikora (button) (small blind) mucked


