PokerStars Hand #168077787476:  Hold'em Limit ($3/$6 USD) - 2017/03/25 5:48:31 ET
Table 'Klotilde' 6-max Seat #2 is the button
Seat 2: 19woody58 ($81.86 in chips)
Seat 3: kolaz03 ($102.97 in chips)
19woody58: posts small blind $1
kolaz03: posts big blind $3
*** HOLE CARDS ***
19woody58: folds
Uncalled bet ($2) returned to kolaz03
kolaz03 collected $2 from pot
kolaz03: doesn't show hand
*** SUMMARY ***
Total pot $2 | Rake $0
Seat 2: 19woody58 (button) (small blind) folded before Flop
Seat 3: kolaz03 (big blind) collected ($2)


PokerStars Hand #168077779308:  Hold'em Limit ($3/$6 USD) - 2017/03/25 5:48:10 ET
Table 'Klotilde' 6-max Seat #3 is the button
Seat 2: 19woody58 ($99.86 in chips)
Seat 3: kolaz03 ($85.47 in chips)
kolaz03: posts small blind $1
19woody58: posts big blind $3
*** HOLE CARDS ***
kolaz03: raises $3 to $6
19woody58: calls $3
*** FLOP *** [9h Ad 7c]
19woody58: checks
kolaz03: checks
*** TURN *** [9h Ad 7c] [5s]
19woody58: bets $6
kolaz03: calls $6
*** RIVER *** [9h Ad 7c 5s] [3s]
19woody58: checks
kolaz03: bets $6
19woody58: calls $6
*** SHOW DOWN ***
kolaz03: shows [As 2d] (a pair of Aces)
19woody58: mucks hand
kolaz03 collected $35.50 from pot
*** SUMMARY ***
Total pot $36 | Rake $0.50
Board [9h Ad 7c 5s 3s]
Seat 2: 19woody58 (big blind) mucked
Seat 3: kolaz03 (button) (small blind) showed [As 2d] and won ($35.50) with a pair of Aces


PokerStars Hand #168077768474:  Hold'em Limit ($3/$6 USD) - 2017/03/25 5:47:43 ET
Table 'Klotilde' 6-max Seat #2 is the button
Seat 2: 19woody58 ($88.34 in chips)
Seat 3: kolaz03 ($97.47 in chips)
19woody58: posts small blind $1
kolaz03: posts big blind $3
*** HOLE CARDS ***
Agrotait leaves the table
19woody58: calls $2
kolaz03: checks
*** FLOP *** [9s 7s Qs]
kolaz03: bets $3
19woody58: calls $3
*** TURN *** [9s 7s Qs] [9c]
kolaz03: checks
19woody58: checks
*** RIVER *** [9s 7s Qs 9c] [5d]
kolaz03: checks
19woody58: bets $6
kolaz03: calls $6
*** SHOW DOWN ***
19woody58: shows [Qd 4h] (two pair, Queens and Nines)
kolaz03: mucks hand
19woody58 collected $23.52 from pot
*** SUMMARY ***
Total pot $24 | Rake $0.48
Board [9s 7s Qs 9c 5d]
Seat 2: 19woody58 (button) (small blind) showed [Qd 4h] and won ($23.52) with two pair, Queens and Nines
Seat 3: kolaz03 (big blind) mucked


PokerStars Hand #168077804263:  Hold'em Limit ($3/$6 USD) - 2017/03/25 5:49:13 ET
Table 'Klotilde' 6-max Seat #2 is the button
Seat 2: 19woody58 ($65.86 in chips)
Seat 3: kolaz03 ($118.47 in chips)
19woody58: posts small blind $1
kolaz03: posts big blind $3
*** HOLE CARDS ***
19woody58: raises $3 to $6
kolaz03: folds
Uncalled bet ($3) returned to 19woody58
19woody58 collected $6 from pot
*** SUMMARY ***
Total pot $6 | Rake $0
Seat 2: 19woody58 (button) (small blind) collected ($6)
Seat 3: kolaz03 (big blind) folded before Flop


PokerStars Hand #168077789554:  Hold'em Limit ($3/$6 USD) - 2017/03/25 5:48:36 ET
Table 'Klotilde' 6-max Seat #3 is the button
Seat 2: 19woody58 ($80.86 in chips)
Seat 3: kolaz03 ($103.97 in chips)
kolaz03: posts small blind $1
19woody58: posts big blind $3
*** HOLE CARDS ***
kolaz03: raises $3 to $6
19woody58: calls $3
*** FLOP *** [5c 2c 7h]
Agrotait joins the table at seat #1
19woody58: checks
kolaz03: bets $3
19woody58: calls $3
*** TURN *** [5c 2c 7h] [4d]
19woody58: checks
kolaz03: bets $6
19woody58: calls $6
*** RIVER *** [5c 2c 7h 4d] [5s]
19woody58: checks
kolaz03: checks
*** SHOW DOWN ***
19woody58: shows [Tc 8s] (a pair of Fives)
kolaz03: shows [Ah Ks] (a pair of Fives - Ace kicker)
kolaz03 collected $29.50 from pot
*** SUMMARY ***
Total pot $30 | Rake $0.50
Board [5c 2c 7h 4d 5s]
Seat 2: 19woody58 (big blind) showed [Tc 8s] and lost with a pair of Fives
Seat 3: kolaz03 (button) (small blind) showed [Ah Ks] and won ($29.50) with a pair of Fives


