PokerStars Hand #176301731324:  Hold'em Limit ($3/$6 USD) - 2017/09/30 6:11:54 ET
Table 'Klotilde' 10-max Seat #1 is the button
Seat 1: VolkovDmitri ($135.50 in chips)
Seat 6: mbr1977 ($57.64 in chips)
VolkovDmitri: posts small blind $1
mbr1977: posts big blind $3
*** HOLE CARDS ***
VolkovDmitri: raises $3 to $6
mbr1977: calls $3
*** FLOP *** [Kc 5h 2h]
mbr1977: checks
VolkovDmitri: bets $3
mbr1977: calls $3
*** TURN *** [Kc 5h 2h] [9c]
mbr1977: bets $6
VolkovDmitri: calls $6
*** RIVER *** [Kc 5h 2h 9c] [3h]
mbr1977: bets $6
VolkovDmitri: folds
Uncalled bet ($6) returned to mbr1977
mbr1977 collected $29.50 from pot
mbr1977: doesn't show hand
*** SUMMARY ***
Total pot $30 | Rake $0.50
Board [Kc 5h 2h 9c 3h]
Seat 1: VolkovDmitri (button) (small blind) folded on the River
Seat 6: mbr1977 (big blind) collected ($29.50)


PokerStars Hand #176301729383:  Hold'em Limit ($3/$6 USD) - 2017/09/30 6:11:49 ET
Table 'Klotilde' 10-max Seat #6 is the button
Seat 1: VolkovDmitri ($134.50 in chips)
Seat 6: mbr1977 ($58.64 in chips)
mbr1977: posts small blind $1
VolkovDmitri: posts big blind $3
*** HOLE CARDS ***
mbr1977: folds
Uncalled bet ($2) returned to VolkovDmitri
VolkovDmitri collected $2 from pot
VolkovDmitri: doesn't show hand
*** SUMMARY ***
Total pot $2 | Rake $0
Seat 1: VolkovDmitri (big blind) collected ($2)
Seat 6: mbr1977 (button) (small blind) folded before Flop


PokerStars Hand #176301716221:  Hold'em Limit ($3/$6 USD) - 2017/09/30 6:11:13 ET
Table 'Klotilde' 10-max Seat #1 is the button
Seat 1: VolkovDmitri ($120 in chips)
Seat 6: mbr1977 ($73.64 in chips)
VolkovDmitri: posts small blind $1
mbr1977: posts big blind $3
*** HOLE CARDS ***
VolkovDmitri: raises $3 to $6
mbr1977: calls $3
*** FLOP *** [8s Qs 3h]
mbr1977: checks
VolkovDmitri: bets $3
mbr1977: calls $3
*** TURN *** [8s Qs 3h] [2h]
mbr1977: bets $6
VolkovDmitri: calls $6
*** RIVER *** [8s Qs 3h 2h] [7c]
mbr1977: checks
VolkovDmitri: checks
*** SHOW DOWN ***
mbr1977: shows [Th 5h] (high card Queen)
VolkovDmitri: shows [Js Kh] (high card King)
VolkovDmitri collected $29.50 from pot
*** SUMMARY ***
Total pot $30 | Rake $0.50
Board [8s Qs 3h 2h 7c]
Seat 1: VolkovDmitri (button) (small blind) showed [Js Kh] and won ($29.50) with high card King
Seat 6: mbr1977 (big blind) showed [Th 5h] and lost with high card Queen


PokerStars Hand #176301746184:  Hold'em Limit ($3/$6 USD) - 2017/09/30 6:12:34 ET
Table 'Klotilde' 10-max Seat #6 is the button
Seat 1: VolkovDmitri ($120.50 in chips)
Seat 6: mbr1977 ($72.14 in chips)
mbr1977: posts small blind $1
VolkovDmitri: posts big blind $3
*** HOLE CARDS ***
mbr1977: calls $2
VolkovDmitri: raises $3 to $6
mbr1977: calls $3
*** FLOP *** [Ad 9h 7h]
VolkovDmitri: bets $3
mbr1977: calls $3
*** TURN *** [Ad 9h 7h] [3h]
VolkovDmitri: checks
mbr1977: checks
*** RIVER *** [Ad 9h 7h 3h] [Kc]
VolkovDmitri: bets $6
mbr1977: folds
Uncalled bet ($6) returned to VolkovDmitri
VolkovDmitri collected $17.64 from pot
VolkovDmitri: doesn't show hand
*** SUMMARY ***
Total pot $18 | Rake $0.36
Board [Ad 9h 7h 3h Kc]
Seat 1: VolkovDmitri (big blind) collected ($17.64)
Seat 6: mbr1977 (button) (small blind) folded on the River


PokerStars Hand #176301759215:  Hold'em Limit ($3/$6 USD) - 2017/09/30 6:13:09 ET
Table 'Klotilde' 10-max Seat #1 is the button
Seat 1: VolkovDmitri ($129.14 in chips)
Seat 6: mbr1977 ($63.14 in chips)
VolkovDmitri: posts small blind $1
mbr1977: posts big blind $3
*** HOLE CARDS ***
VolkovDmitri: raises $3 to $6
mbr1977: calls $3
*** FLOP *** [Td 3h 8d]
mbr1977: checks
VolkovDmitri: bets $3
mbr1977: folds
Uncalled bet ($3) returned to VolkovDmitri
VolkovDmitri collected $11.76 from pot
VolkovDmitri: doesn't show hand
*** SUMMARY ***
Total pot $12 | Rake $0.24
Board [Td 3h 8d]
Seat 1: VolkovDmitri (button) (small blind) collected ($11.76)
Seat 6: mbr1977 (big blind) folded on the Flop


PokerStars Hand #176301769014:  Hold'em Limit ($3/$6 USD) - 2017/09/30 6:13:36 ET
Table 'Klotilde' 10-max Seat #6 is the button
Seat 1: VolkovDmitri ($134.90 in chips)
Seat 6: mbr1977 ($57.14 in chips)
mbr1977: posts small blind $1
VolkovDmitri: posts big blind $3
*** HOLE CARDS ***
mbr1977: raises $3 to $6
VolkovDmitri: calls $3
*** FLOP *** [3s 6s Jd]
VolkovDmitri: checks
mbr1977: checks
*** TURN *** [3s 6s Jd] [Kd]
VolkovDmitri: checks
mbr1977: checks
*** RIVER *** [3s 6s Jd Kd] [Jc]
VolkovDmitri: checks
mbr1977: checks
*** SHOW DOWN ***
VolkovDmitri: shows [4c Th] (a pair of Jacks)
mbr1977: shows [6h 5c] (two pair, Jacks and Sixes)
mbr1977 collected $11.76 from pot
*** SUMMARY ***
Total pot $12 | Rake $0.24
Board [3s 6s Jd Kd Jc]
Seat 1: VolkovDmitri (big blind) showed [4c Th] and lost with a pair of Jacks
Seat 6: mbr1977 (button) (small blind) showed [6h 5c] and won ($11.76) with two pair, Jacks and Sixes


PokerStars Hand #176301790068:  Hold'em Limit ($3/$6 USD) - 2017/09/30 6:14:33 ET
Table 'Klotilde' 10-max Seat #1 is the button
Seat 1: VolkovDmitri ($128.90 in chips)
Seat 6: mbr1977 ($62.90 in chips)
VolkovDmitri: posts small blind $1
mbr1977: posts big blind $3
*** HOLE CARDS ***
VolkovDmitri: raises $3 to $6
mbr1977: calls $3
*** FLOP *** [Th 8s Qh]
mbr1977: checks
VolkovDmitri: bets $3
mbr1977: calls $3
*** TURN *** [Th 8s Qh] [Js]
mbr1977: checks
VolkovDmitri: bets $6
mbr1977: calls $6
*** RIVER *** [Th 8s Qh Js] [2h]
mbr1977: checks
VolkovDmitri: bets $6
mbr1977: folds
Uncalled bet ($6) returned to VolkovDmitri
VolkovDmitri collected $29.50 from pot
VolkovDmitri: doesn't show hand
*** SUMMARY ***
Total pot $30 | Rake $0.50
Board [Th 8s Qh Js 2h]
Seat 1: VolkovDmitri (button) (small blind) collected ($29.50)
Seat 6: mbr1977 (big blind) folded on the River


PokerStars Hand #176301823409:  Hold'em Limit ($3/$6 USD) - 2017/09/30 6:16:02 ET
Table 'Klotilde' 10-max Seat #6 is the button
Seat 1: VolkovDmitri ($160.90 in chips)
Seat 6: mbr1977 ($29.90 in chips)
mbr1977: posts small blind $1
VolkovDmitri: posts big blind $3
*** HOLE CARDS ***
mbr1977: calls $2
VolkovDmitri: raises $3 to $6
mbr1977: calls $3
*** FLOP *** [3d 3c Ah]
VolkovDmitri: bets $3
mbr1977: calls $3
*** TURN *** [3d 3c Ah] [Jc]
VolkovDmitri: checks
mbr1977: checks
*** RIVER *** [3d 3c Ah Jc] [5c]
VolkovDmitri: checks
mbr1977: checks
*** SHOW DOWN ***
VolkovDmitri: shows [Ts Jh] (two pair, Jacks and Threes)
mbr1977: mucks hand
VolkovDmitri collected $17.64 from pot
*** SUMMARY ***
Total pot $18 | Rake $0.36
Board [3d 3c Ah Jc 5c]
Seat 1: VolkovDmitri (big blind) showed [Ts Jh] and won ($17.64) with two pair, Jacks and Threes
Seat 6: mbr1977 (button) (small blind) mucked


PokerStars Hand #176301818634:  Hold'em Limit ($3/$6 USD) - 2017/09/30 6:15:50 ET
Table 'Klotilde' 10-max Seat #1 is the button
Seat 1: VolkovDmitri ($157.90 in chips)
Seat 6: mbr1977 ($32.90 in chips)
VolkovDmitri: posts small blind $1
mbr1977: posts big blind $3
*** HOLE CARDS ***
VolkovDmitri: raises $3 to $6
mbr1977: folds
Uncalled bet ($3) returned to VolkovDmitri
VolkovDmitri collected $6 from pot
VolkovDmitri: doesn't show hand
*** SUMMARY ***
Total pot $6 | Rake $0
Seat 1: VolkovDmitri (button) (small blind) collected ($6)
Seat 6: mbr1977 (big blind) folded before Flop


PokerStars Hand #176301799054:  Hold'em Limit ($3/$6 USD) - 2017/09/30 6:14:57 ET
Table 'Klotilde' 10-max Seat #6 is the button
Seat 1: VolkovDmitri ($143.40 in chips)
Seat 6: mbr1977 ($47.90 in chips)
mbr1977: posts small blind $1
VolkovDmitri: posts big blind $3
*** HOLE CARDS ***
mbr1977: calls $2
VolkovDmitri: raises $3 to $6
mbr1977: calls $3
*** FLOP *** [9d 3h Jd]
VolkovDmitri: bets $3
mbr1977: calls $3
*** TURN *** [9d 3h Jd] [6c]
VolkovDmitri: bets $6
mbr1977: calls $6
*** RIVER *** [9d 3h Jd 6c] [8d]
VolkovDmitri: bets $6
mbr1977: folds
Uncalled bet ($6) returned to VolkovDmitri
VolkovDmitri collected $29.50 from pot
VolkovDmitri: doesn't show hand
*** SUMMARY ***
Total pot $30 | Rake $0.50
Board [9d 3h Jd 6c 8d]
Seat 1: VolkovDmitri (big blind) collected ($29.50)
Seat 6: mbr1977 (button) (small blind) folded on the River


PokerStars Hand #176301853106:  Hold'em Limit ($3/$6 USD) - 2017/09/30 6:17:21 ET
Table 'Klotilde' 10-max Seat #1 is the button
Seat 1: VolkovDmitri ($127.54 in chips)
Seat 6: mbr1977 ($61.90 in chips)
VolkovDmitri: posts small blind $1
mbr1977: posts big blind $3
*** HOLE CARDS ***
VolkovDmitri: folds
Uncalled bet ($2) returned to mbr1977
mbr1977 collected $2 from pot
mbr1977: doesn't show hand
*** SUMMARY ***
Total pot $2 | Rake $0
Seat 1: VolkovDmitri (button) (small blind) folded before Flop
Seat 6: mbr1977 (big blind) collected ($2)


PokerStars Hand #176301840284:  Hold'em Limit ($3/$6 USD) - 2017/09/30 6:16:47 ET
Table 'Klotilde' 10-max Seat #6 is the button
Seat 1: VolkovDmitri ($154.54 in chips)
Seat 6: mbr1977 ($35.40 in chips)
mbr1977: posts small blind $1
VolkovDmitri: posts big blind $3
*** HOLE CARDS ***
mbr1977: calls $2
VolkovDmitri: raises $3 to $6
mbr1977: calls $3
*** FLOP *** [Kd 2d 7h]
VolkovDmitri: bets $3
mbr1977: calls $3
*** TURN *** [Kd 2d 7h] [6s]
VolkovDmitri: bets $6
mbr1977: calls $6
*** RIVER *** [Kd 2d 7h 6s] [5d]
VolkovDmitri: bets $6
mbr1977: raises $6 to $12
VolkovDmitri: calls $6
*** SHOW DOWN ***
mbr1977: shows [Ks 3s] (a pair of Kings)
VolkovDmitri: mucks hand
mbr1977 collected $53.50 from pot
*** SUMMARY ***
Total pot $54 | Rake $0.50
Board [Kd 2d 7h 6s 5d]
Seat 1: VolkovDmitri (big blind) mucked
Seat 6: mbr1977 (button) (small blind) showed [Ks 3s] and won ($53.50) with a pair of Kings


PokerStars Hand #176301830351:  Hold'em Limit ($3/$6 USD) - 2017/09/30 6:16:21 ET
Table 'Klotilde' 10-max Seat #1 is the button
Seat 1: VolkovDmitri ($169.54 in chips)
Seat 6: mbr1977 ($20.90 in chips)
VolkovDmitri: posts small blind $1
mbr1977: posts big blind $3
*** HOLE CARDS ***
VolkovDmitri: raises $3 to $6
mbr1977: calls $3
*** FLOP *** [Ks 4d 2h]
mbr1977: checks
VolkovDmitri: bets $3
mbr1977: calls $3
*** TURN *** [Ks 4d 2h] [Qh]
mbr1977: checks
VolkovDmitri: bets $6
mbr1977: calls $6
*** RIVER *** [Ks 4d 2h Qh] [8d]
mbr1977: checks
VolkovDmitri: checks
*** SHOW DOWN ***
mbr1977: shows [Td Qd] (a pair of Queens)
VolkovDmitri: mucks hand
mbr1977 collected $29.50 from pot
*** SUMMARY ***
Total pot $30 | Rake $0.50
Board [Ks 4d 2h Qh 8d]
Seat 1: VolkovDmitri (button) (small blind) mucked
Seat 6: mbr1977 (big blind) showed [Td Qd] and won ($29.50) with a pair of Queens


PokerStars Hand #176301862146:  Hold'em Limit ($3/$6 USD) - 2017/09/30 6:17:44 ET
Table 'Klotilde' 10-max Seat #6 is the button
Seat 1: VolkovDmitri ($131.30 in chips)
Seat 6: mbr1977 ($57.90 in chips)
mbr1977: posts small blind $1
VolkovDmitri: posts big blind $3
*** HOLE CARDS ***
mbr1977: calls $2
VolkovDmitri: raises $3 to $6
mbr1977: calls $3
*** FLOP *** [5c Qc 5d]
VolkovDmitri: bets $3
mbr1977: calls $3
*** TURN *** [5c Qc 5d] [Qh]
VolkovDmitri: checks
mbr1977: checks
*** RIVER *** [5c Qc 5d Qh] [Qs]
VolkovDmitri: checks
mbr1977: bets $6
VolkovDmitri: calls $6
*** SHOW DOWN ***
mbr1977: shows [6d Ah] (a full house, Queens full of Fives)
VolkovDmitri: shows [Jc 7d] (a full house, Queens full of Fives)
VolkovDmitri collected $14.75 from pot
mbr1977 collected $14.75 from pot
*** SUMMARY ***
Total pot $30 | Rake $0.50
Board [5c Qc 5d Qh Qs]
Seat 1: VolkovDmitri (big blind) showed [Jc 7d] and won ($14.75) with a full house, Queens full of Fives
Seat 6: mbr1977 (button) (small blind) showed [6d Ah] and won ($14.75) with a full house, Queens full of Fives


PokerStars Hand #176301860334:  Hold'em Limit ($3/$6 USD) - 2017/09/30 6:17:40 ET
Table 'Klotilde' 10-max Seat #1 is the button
Seat 1: VolkovDmitri ($132.30 in chips)
Seat 6: mbr1977 ($56.90 in chips)
VolkovDmitri: posts small blind $1
mbr1977: posts big blind $3
*** HOLE CARDS ***
VolkovDmitri: folds
Uncalled bet ($2) returned to mbr1977
mbr1977 collected $2 from pot
mbr1977: doesn't show hand
*** SUMMARY ***
Total pot $2 | Rake $0
Seat 1: VolkovDmitri (button) (small blind) folded before Flop
Seat 6: mbr1977 (big blind) collected ($2)


PokerStars Hand #176301854873:  Hold'em Limit ($3/$6 USD) - 2017/09/30 6:17:25 ET
Table 'Klotilde' 10-max Seat #6 is the button
Seat 1: VolkovDmitri ($126.54 in chips)
Seat 6: mbr1977 ($62.90 in chips)
mbr1977: posts small blind $1
VolkovDmitri: posts big blind $3
*** HOLE CARDS ***
mbr1977: calls $2
VolkovDmitri: raises $3 to $6
mbr1977: calls $3
*** FLOP *** [Js Ks Tc]
VolkovDmitri: bets $3
mbr1977: folds
Uncalled bet ($3) returned to VolkovDmitri
VolkovDmitri collected $11.76 from pot
VolkovDmitri: doesn't show hand
*** SUMMARY ***
Total pot $12 | Rake $0.24
Board [Js Ks Tc]
Seat 1: VolkovDmitri (big blind) collected ($11.76)
Seat 6: mbr1977 (button) (small blind) folded on the Flop


PokerStars Hand #176301868837:  Hold'em Limit ($3/$6 USD) - 2017/09/30 6:18:02 ET
Table 'Klotilde' 10-max Seat #1 is the button
Seat 1: VolkovDmitri ($131.05 in chips)
Seat 6: mbr1977 ($57.65 in chips)
VolkovDmitri: posts small blind $1
mbr1977: posts big blind $3
*** HOLE CARDS ***
VolkovDmitri: raises $3 to $6
mbr1977: calls $3
*** FLOP *** [3d 4h Ac]
mbr1977: checks
VolkovDmitri: bets $3
mbr1977: calls $3
*** TURN *** [3d 4h Ac] [4c]
mbr1977: checks
VolkovDmitri: checks
*** RIVER *** [3d 4h Ac 4c] [9c]
mbr1977: checks
VolkovDmitri: checks
*** SHOW DOWN ***
mbr1977: shows [6h 8h] (a pair of Fours)
VolkovDmitri: shows [8s Ts] (a pair of Fours - Ace+Ten kicker)
VolkovDmitri collected $17.64 from pot
*** SUMMARY ***
Total pot $18 | Rake $0.36
Board [3d 4h Ac 4c 9c]
Seat 1: VolkovDmitri (button) (small blind) showed [8s Ts] and won ($17.64) with a pair of Fours
Seat 6: mbr1977 (big blind) showed [6h 8h] and lost with a pair of Fours


PokerStars Hand #176301875585:  Hold'em Limit ($3/$6 USD) - 2017/09/30 6:18:20 ET
Table 'Klotilde' 10-max Seat #6 is the button
Seat 1: VolkovDmitri ($139.69 in chips)
Seat 6: mbr1977 ($48.65 in chips)
mbr1977: posts small blind $1
VolkovDmitri: posts big blind $3
*** HOLE CARDS ***
mbr1977: calls $2
VolkovDmitri: raises $3 to $6
mbr1977: calls $3
*** FLOP *** [As 7s Ts]
VolkovDmitri: checks
mbr1977: checks
*** TURN *** [As 7s Ts] [Qh]
VolkovDmitri: checks
mbr1977: bets $6
VolkovDmitri: folds
Uncalled bet ($6) returned to mbr1977
mbr1977 collected $11.76 from pot
mbr1977: doesn't show hand
*** SUMMARY ***
Total pot $12 | Rake $0.24
Board [As 7s Ts Qh]
Seat 1: VolkovDmitri (big blind) folded on the Turn
Seat 6: mbr1977 (button) (small blind) collected ($11.76)


PokerStars Hand #176301882607:  Hold'em Limit ($3/$6 USD) - 2017/09/30 6:18:39 ET
Table 'Klotilde' 10-max Seat #1 is the button
Seat 1: VolkovDmitri ($133.69 in chips)
Seat 6: mbr1977 ($54.41 in chips)
VolkovDmitri: posts small blind $1
mbr1977: posts big blind $3
*** HOLE CARDS ***
krytalex joins the table at seat #7
VolkovDmitri: raises $3 to $6
mbr1977: calls $3
*** FLOP *** [Td 9h Th]
mbr1977: checks
VolkovDmitri: bets $3
mbr1977: calls $3
*** TURN *** [Td 9h Th] [Js]
mbr1977: checks
VolkovDmitri: bets $6
mbr1977: folds
Uncalled bet ($6) returned to VolkovDmitri
VolkovDmitri collected $17.64 from pot
VolkovDmitri: doesn't show hand
*** SUMMARY ***
Total pot $18 | Rake $0.36
Board [Td 9h Th Js]
Seat 1: VolkovDmitri (button) (small blind) collected ($17.64)
Seat 6: mbr1977 (big blind) folded on the Turn


PokerStars Hand #176302434969:  Hold'em Limit ($3/$6 USD) - 2017/09/30 6:42:14 ET
Table 'Klotilde' 10-max Seat #7 is the button
Seat 7: krytalex ($114.24 in chips)
Seat 8: Pelurile ($83.46 in chips)
krytalex: posts small blind $1
Pelurile: posts big blind $3
*** HOLE CARDS ***
krytalex: folds
Uncalled bet ($2) returned to Pelurile
Pelurile collected $2 from pot
Pelurile: doesn't show hand
*** SUMMARY ***
Total pot $2 | Rake $0
Seat 7: krytalex (button) (small blind) folded before Flop
Seat 8: Pelurile (big blind) collected ($2)


PokerStars Hand #176302436950:  Hold'em Limit ($3/$6 USD) - 2017/09/30 6:42:19 ET
Table 'Klotilde' 10-max Seat #8 is the button
Seat 7: krytalex ($113.24 in chips)
Seat 8: Pelurile ($84.46 in chips)
Pelurile: posts small blind $1
krytalex: posts big blind $3
*** HOLE CARDS ***
Pelurile: raises $3 to $6
krytalex: calls $3
*** FLOP *** [2d 5h 8s]
krytalex: checks
Pelurile: bets $3
krytalex: calls $3
*** TURN *** [2d 5h 8s] [8h]
krytalex: checks
Pelurile: bets $6
krytalex: folds
Uncalled bet ($6) returned to Pelurile
Pelurile collected $17.64 from pot
Pelurile: doesn't show hand
*** SUMMARY ***
Total pot $18 | Rake $0.36
Board [2d 5h 8s 8h]
Seat 7: krytalex (big blind) folded on the Turn
Seat 8: Pelurile (button) (small blind) collected ($17.64)


