PokerStars Hand #148086588390:  Hold'em Limit ($3/$6 USD) - 2016/02/01 20:27:23 ET
Table 'Klotho' 2-max Seat #2 is the button
Seat 1: kaputnikoff ($224 in chips)
Seat 2: dodge658 ($53.25 in chips)
dodge658: posts small blind $1
kaputnikoff: posts big blind $3
*** HOLE CARDS ***
dodge658: calls $2
kaputnikoff: raises $3 to $6
dodge658: calls $3
*** FLOP *** [Jh Kc Ad]
kaputnikoff: bets $3
dodge658: calls $3
*** TURN *** [Jh Kc Ad] [4h]
kaputnikoff: checks
dodge658: bets $6
kaputnikoff: calls $6
*** RIVER *** [Jh Kc Ad 4h] [2c]
kaputnikoff: checks
dodge658: bets $6
kaputnikoff: folds
Uncalled bet ($6) returned to dodge658
dodge658 collected $29.50 from pot
dodge658: doesn't show hand
*** SUMMARY ***
Total pot $30 | Rake $0.50
Board [Jh Kc Ad 4h 2c]
Seat 1: kaputnikoff (big blind) folded on the River
Seat 2: dodge658 (button) (small blind) collected ($29.50)


PokerStars Hand #148086584440:  Hold'em Limit ($3/$6 USD) - 2016/02/01 20:27:16 ET
Table 'Klotho' 2-max Seat #1 is the button
Seat 1: kaputnikoff ($225 in chips)
Seat 2: dodge658 ($52.25 in chips)
kaputnikoff: posts small blind $1
dodge658: posts big blind $3
*** HOLE CARDS ***
kaputnikoff: folds
Uncalled bet ($2) returned to dodge658
dodge658 collected $2 from pot
dodge658: doesn't show hand
*** SUMMARY ***
Total pot $2 | Rake $0
Seat 1: kaputnikoff (button) (small blind) folded before Flop
Seat 2: dodge658 (big blind) collected ($2)


PokerStars Hand #148086563053:  Hold'em Limit ($3/$6 USD) - 2016/02/01 20:26:38 ET
Table 'Klotho' 2-max Seat #2 is the button
Seat 1: kaputnikoff ($240 in chips)
Seat 2: dodge658 ($37.75 in chips)
dodge658: posts small blind $1
kaputnikoff: posts big blind $3
*** HOLE CARDS ***
dodge658: calls $2
kaputnikoff: raises $3 to $6
dodge658: calls $3
*** FLOP *** [8d 4d 7s]
kaputnikoff: bets $3
dodge658: calls $3
*** TURN *** [8d 4d 7s] [Tc]
kaputnikoff: checks
dodge658: bets $6
kaputnikoff: calls $6
*** RIVER *** [8d 4d 7s Tc] [9h]
kaputnikoff: checks
dodge658: bets $6
kaputnikoff: folds
Uncalled bet ($6) returned to dodge658
dodge658 collected $29.50 from pot
dodge658: doesn't show hand
*** SUMMARY ***
Total pot $30 | Rake $0.50
Board [8d 4d 7s Tc 9h]
Seat 1: kaputnikoff (big blind) folded on the River
Seat 2: dodge658 (button) (small blind) collected ($29.50)


PokerStars Hand #148086632917:  Hold'em Limit ($3/$6 USD) - 2016/02/01 20:28:43 ET
Table 'Klotho' 2-max Seat #1 is the button
Seat 1: kaputnikoff ($250 in chips)
Seat 2: dodge658 ($25.75 in chips)
kaputnikoff: posts small blind $1
dodge658: posts big blind $3
*** HOLE CARDS ***
kaputnikoff: folds
Uncalled bet ($2) returned to dodge658
dodge658 collected $2 from pot
dodge658: doesn't show hand
*** SUMMARY ***
Total pot $2 | Rake $0
Seat 1: kaputnikoff (button) (small blind) folded before Flop
Seat 2: dodge658 (big blind) collected ($2)


PokerStars Hand #148086619727:  Hold'em Limit ($3/$6 USD) - 2016/02/01 20:28:19 ET
Table 'Klotho' 2-max Seat #2 is the button
Seat 1: kaputnikoff ($229.50 in chips)
Seat 2: dodge658 ($46.75 in chips)
dodge658: posts small blind $1
kaputnikoff: posts big blind $3
*** HOLE CARDS ***
dodge658: calls $2
kaputnikoff: raises $3 to $6
dodge658: calls $3
*** FLOP *** [Jd 2h 7h]
kaputnikoff: bets $3
dodge658: calls $3
*** TURN *** [Jd 2h 7h] [Qs]
kaputnikoff: bets $6
dodge658: calls $6
*** RIVER *** [Jd 2h 7h Qs] [Kd]
kaputnikoff: bets $6
dodge658: calls $6
*** SHOW DOWN ***
kaputnikoff: shows [Qh 9h] (a pair of Queens)
dodge658: mucks hand
kaputnikoff collected $41.50 from pot
*** SUMMARY ***
Total pot $42 | Rake $0.50
Board [Jd 2h 7h Qs Kd]
Seat 1: kaputnikoff (big blind) showed [Qh 9h] and won ($41.50) with a pair of Queens
Seat 2: dodge658 (button) (small blind) mucked


PokerStars Hand #148086602826:  Hold'em Limit ($3/$6 USD) - 2016/02/01 20:27:49 ET
Table 'Klotho' 2-max Seat #1 is the button
Seat 1: kaputnikoff ($209 in chips)
Seat 2: dodge658 ($67.75 in chips)
kaputnikoff: posts small blind $1
dodge658: posts big blind $3
*** HOLE CARDS ***
kaputnikoff: raises $3 to $6
dodge658: calls $3
*** FLOP *** [2c Ac Jc]
dodge658: bets $3
kaputnikoff: calls $3
*** TURN *** [2c Ac Jc] [Th]
dodge658: checks
kaputnikoff: bets $6
dodge658: calls $6
*** RIVER *** [2c Ac Jc Th] [Qd]
dodge658: checks
kaputnikoff: bets $6
dodge658: calls $6
*** SHOW DOWN ***
kaputnikoff: shows [Jh Jd] (three of a kind, Jacks)
dodge658: mucks hand
kaputnikoff collected $41.50 from pot
*** SUMMARY ***
Total pot $42 | Rake $0.50
Board [2c Ac Jc Th Qd]
Seat 1: kaputnikoff (button) (small blind) showed [Jh Jd] and won ($41.50) with three of a kind, Jacks
Seat 2: dodge658 (big blind) mucked


PokerStars Hand #148086653382:  Hold'em Limit ($3/$6 USD) - 2016/02/01 20:29:20 ET
Table 'Klotho' 2-max Seat #1 is the button
Seat 1: kaputnikoff ($251.88 in chips)
Seat 2: dodge658 ($23.75 in chips)
kaputnikoff: posts small blind $1
dodge658: posts big blind $3
*** HOLE CARDS ***
kaputnikoff: raises $3 to $6
dodge658: calls $3
*** FLOP *** [2c 2h 4h]
dodge658: bets $3
kaputnikoff: calls $3
*** TURN *** [2c 2h 4h] [Js]
dodge658: bets $6
kaputnikoff: folds
Uncalled bet ($6) returned to dodge658
dodge658 collected $17.64 from pot
*** SUMMARY ***
Total pot $18 | Rake $0.36
Board [2c 2h 4h Js]
Seat 1: kaputnikoff (button) (small blind) folded on the Turn
Seat 2: dodge658 (big blind) collected ($17.64)


PokerStars Hand #148086649838:  Hold'em Limit ($3/$6 USD) - 2016/02/01 20:29:14 ET
Table 'Klotho' 2-max Seat #2 is the button
Seat 1: kaputnikoff ($250.88 in chips)
Seat 2: dodge658 ($24.75 in chips)
dodge658: posts small blind $1
kaputnikoff: posts big blind $3
*** HOLE CARDS ***
dodge658: folds
Uncalled bet ($2) returned to kaputnikoff
kaputnikoff collected $2 from pot
kaputnikoff: doesn't show hand
*** SUMMARY ***
Total pot $2 | Rake $0
Seat 1: kaputnikoff (big blind) collected ($2)
Seat 2: dodge658 (button) (small blind) folded before Flop


PokerStars Hand #148086645835:  Hold'em Limit ($3/$6 USD) - 2016/02/01 20:29:06 ET
Table 'Klotho' 2-max Seat #1 is the button
Seat 1: kaputnikoff ($251.88 in chips)
Seat 2: dodge658 ($23.75 in chips)
kaputnikoff: posts small blind $1
dodge658: posts big blind $3
*** HOLE CARDS ***
kaputnikoff: folds
Uncalled bet ($2) returned to dodge658
dodge658 collected $2 from pot
dodge658: doesn't show hand
*** SUMMARY ***
Total pot $2 | Rake $0
Seat 1: kaputnikoff (button) (small blind) folded before Flop
Seat 2: dodge658 (big blind) collected ($2)


PokerStars Hand #148086637035:  Hold'em Limit ($3/$6 USD) - 2016/02/01 20:28:50 ET
Table 'Klotho' 2-max Seat #2 is the button
Seat 1: kaputnikoff ($249 in chips)
Seat 2: dodge658 ($26.75 in chips)
dodge658: posts small blind $1
kaputnikoff: posts big blind $3
*** HOLE CARDS ***
dodge658: calls $2
kaputnikoff: checks
*** FLOP *** [5c Kc 2h]
kaputnikoff: checks
dodge658: checks
*** TURN *** [5c Kc 2h] [7s]
kaputnikoff: bets $6
dodge658: folds
Uncalled bet ($6) returned to kaputnikoff
kaputnikoff collected $5.88 from pot
kaputnikoff: doesn't show hand
*** SUMMARY ***
Total pot $6 | Rake $0.12
Board [5c Kc 2h 7s]
Seat 1: kaputnikoff (big blind) collected ($5.88)
Seat 2: dodge658 (button) (small blind) folded on the Turn


PokerStars Hand #148086691471:  Hold'em Limit ($3/$6 USD) - 2016/02/01 20:30:29 ET
Table 'Klotho' 2-max Seat #1 is the button
Seat 1: kaputnikoff ($261.38 in chips)
Seat 2: dodge658 ($13.39 in chips)
kaputnikoff: posts small blind $1
dodge658: posts big blind $3
*** HOLE CARDS ***
kaputnikoff: raises $3 to $6
dodge658: calls $3
*** FLOP *** [Qh Ks 5c]
dodge658: bets $3
kaputnikoff: calls $3
*** TURN *** [Qh Ks 5c] [As]
dodge658: bets $4.39 and is all-in
kaputnikoff: calls $4.39
*** RIVER *** [Qh Ks 5c As] [2d]
*** SHOW DOWN ***
dodge658: shows [Kh 9c] (a pair of Kings)
kaputnikoff: shows [Qc 4h] (a pair of Queens)
dodge658 collected $26.28 from pot
*** SUMMARY ***
Total pot $26.78 | Rake $0.50
Board [Qh Ks 5c As 2d]
Seat 1: kaputnikoff (button) (small blind) showed [Qc 4h] and lost with a pair of Queens
Seat 2: dodge658 (big blind) showed [Kh 9c] and won ($26.28) with a pair of Kings


PokerStars Hand #148086687083:  Hold'em Limit ($3/$6 USD) - 2016/02/01 20:30:21 ET
Table 'Klotho' 2-max Seat #2 is the button
Seat 1: kaputnikoff ($260.38 in chips)
Seat 2: dodge658 ($14.39 in chips)
dodge658: posts small blind $1
kaputnikoff: posts big blind $3
*** HOLE CARDS ***
dodge658: folds
Uncalled bet ($2) returned to kaputnikoff
kaputnikoff collected $2 from pot
kaputnikoff: doesn't show hand
*** SUMMARY ***
Total pot $2 | Rake $0
Seat 1: kaputnikoff (big blind) collected ($2)
Seat 2: dodge658 (button) (small blind) folded before Flop


PokerStars Hand #148086683180:  Hold'em Limit ($3/$6 USD) - 2016/02/01 20:30:14 ET
Table 'Klotho' 2-max Seat #1 is the button
Seat 1: kaputnikoff ($257.38 in chips)
Seat 2: dodge658 ($17.39 in chips)
kaputnikoff: posts small blind $1
dodge658: posts big blind $3
*** HOLE CARDS ***
kaputnikoff: raises $3 to $6
dodge658: folds
Uncalled bet ($3) returned to kaputnikoff
kaputnikoff collected $6 from pot
kaputnikoff: doesn't show hand
*** SUMMARY ***
Total pot $6 | Rake $0
Seat 1: kaputnikoff (button) (small blind) collected ($6)
Seat 2: dodge658 (big blind) folded before Flop


PokerStars Hand #148086664746:  Hold'em Limit ($3/$6 USD) - 2016/02/01 20:29:41 ET
Table 'Klotho' 2-max Seat #2 is the button
Seat 1: kaputnikoff ($242.88 in chips)
Seat 2: dodge658 ($32.39 in chips)
dodge658: posts small blind $1
kaputnikoff: posts big blind $3
*** HOLE CARDS ***
dodge658: calls $2
kaputnikoff: checks
*** FLOP *** [9s Tc Ah]
kaputnikoff: checks
dodge658: checks
*** TURN *** [9s Tc Ah] [5c]
kaputnikoff: bets $6
dodge658: calls $6
*** RIVER *** [9s Tc Ah 5c] [7h]
kaputnikoff: bets $6
dodge658: calls $6
*** SHOW DOWN ***
kaputnikoff: shows [Td 4d] (a pair of Tens)
dodge658: mucks hand
kaputnikoff collected $29.50 from pot
*** SUMMARY ***
Total pot $30 | Rake $0.50
Board [9s Tc Ah 5c 7h]
Seat 1: kaputnikoff (big blind) showed [Td 4d] and won ($29.50) with a pair of Tens
Seat 2: dodge658 (button) (small blind) mucked


PokerStars Hand #148086717222:  Hold'em Limit ($3/$6 USD) - 2016/02/01 20:31:16 ET
Table 'Klotho' 2-max Seat #1 is the button
Seat 1: kaputnikoff ($262.49 in chips)
Seat 2: dodge658 ($11.28 in chips)
kaputnikoff: posts small blind $1
dodge658: posts big blind $3
*** HOLE CARDS ***
kaputnikoff: raises $3 to $6
dodge658: raises $3 to $9
kaputnikoff: calls $3
*** FLOP *** [Td 8s 8h]
dodge658: bets $2.28 and is all-in
kaputnikoff: calls $2.28
*** TURN *** [Td 8s 8h] [Th]
*** RIVER *** [Td 8s 8h Th] [4c]
*** SHOW DOWN ***
dodge658: shows [Kd Kc] (two pair, Kings and Tens)
kaputnikoff: shows [3h 2h] (two pair, Tens and Eights)
dodge658 collected $22.11 from pot
*** SUMMARY ***
Total pot $22.56 | Rake $0.45
Board [Td 8s 8h Th 4c]
Seat 1: kaputnikoff (button) (small blind) showed [3h 2h] and lost with two pair, Tens and Eights
Seat 2: dodge658 (big blind) showed [Kd Kc] and won ($22.11) with two pair, Kings and Tens


PokerStars Hand #148086702251:  Hold'em Limit ($3/$6 USD) - 2016/02/01 20:30:49 ET
Table 'Klotho' 2-max Seat #2 is the button
Seat 1: kaputnikoff ($247.99 in chips)
Seat 2: dodge658 ($26.28 in chips)
dodge658: posts small blind $1
kaputnikoff: posts big blind $3
*** HOLE CARDS ***
dodge658: calls $2
kaputnikoff: raises $3 to $6
dodge658: calls $3
*** FLOP *** [8c 6s 2h]
kaputnikoff: bets $3
dodge658: calls $3
*** TURN *** [8c 6s 2h] [5h]
kaputnikoff: bets $6
dodge658: calls $6
*** RIVER *** [8c 6s 2h 5h] [Tc]
kaputnikoff: bets $6
dodge658: folds
Uncalled bet ($6) returned to kaputnikoff
kaputnikoff collected $29.50 from pot
*** SUMMARY ***
Total pot $30 | Rake $0.50
Board [8c 6s 2h 5h Tc]
Seat 1: kaputnikoff (big blind) collected ($29.50)
Seat 2: dodge658 (button) (small blind) folded on the River


PokerStars Hand #148086753779:  Hold'em Limit ($3/$6 USD) - 2016/02/01 20:32:23 ET
Table 'Klotho' 2-max Seat #1 is the button
Seat 1: kaputnikoff ($229.10 in chips)
Seat 2: dodge658 ($43.72 in chips)
kaputnikoff: posts small blind $1
dodge658: posts big blind $3
*** HOLE CARDS ***
kaputnikoff: raises $3 to $6
dodge658: calls $3
*** FLOP *** [Qd 6d Jd]
dodge658: bets $3
kaputnikoff: calls $3
*** TURN *** [Qd 6d Jd] [Td]
dodge658: bets $6
kaputnikoff: raises $6 to $12
dodge658: raises $6 to $18
kaputnikoff: calls $6
*** RIVER *** [Qd 6d Jd Td] [8h]
dodge658: bets $6
kaputnikoff: calls $6
*** SHOW DOWN ***
dodge658: shows [Ad 9d] (a flush, Ace high)
kaputnikoff: mucks hand
dodge658 collected $65.50 from pot
*** SUMMARY ***
Total pot $66 | Rake $0.50
Board [Qd 6d Jd Td 8h]
Seat 1: kaputnikoff (button) (small blind) mucked
Seat 2: dodge658 (big blind) showed [Ad 9d] and won ($65.50) with a flush, Ace high


PokerStars Hand #148086728714:  Hold'em Limit ($3/$6 USD) - 2016/02/01 20:31:37 ET
Table 'Klotho' 2-max Seat #2 is the button
Seat 1: kaputnikoff ($251.21 in chips)
Seat 2: dodge658 ($22.11 in chips)
dodge658: posts small blind $1
kaputnikoff: posts big blind $3
*** HOLE CARDS ***
dodge658: calls $2
kaputnikoff: raises $3 to $6
dodge658: calls $3
*** FLOP *** [5c 8c Jd]
kaputnikoff: bets $3
dodge658: calls $3
*** TURN *** [5c 8c Jd] [Th]
kaputnikoff: bets $6
dodge658: calls $6
*** RIVER *** [5c 8c Jd Th] [Tc]
kaputnikoff: bets $6
dodge658: raises $1.11 to $7.11 and is all-in
kaputnikoff: calls $1.11
*** SHOW DOWN ***
dodge658: shows [4c 6c] (a flush, Ten high)
kaputnikoff: shows [As 8s] (two pair, Tens and Eights)
dodge658 collected $43.72 from pot
*** SUMMARY ***
Total pot $44.22 | Rake $0.50
Board [5c 8c Jd Th Tc]
Seat 1: kaputnikoff (big blind) showed [As 8s] and lost with two pair, Tens and Eights
Seat 2: dodge658 (button) (small blind) showed [4c 6c] and won ($43.72) with a flush, Ten high


PokerStars Hand #148086797571:  Hold'em Limit ($3/$6 USD) - 2016/02/01 20:33:43 ET
Table 'Klotho' 2-max Seat #2 is the button
Seat 1: kaputnikoff ($172.10 in chips)
Seat 2: dodge658 ($99.36 in chips)
dodge658: posts small blind $1
kaputnikoff: posts big blind $3
*** HOLE CARDS ***
dodge658: folds
Uncalled bet ($2) returned to kaputnikoff
kaputnikoff collected $2 from pot
kaputnikoff: doesn't show hand
*** SUMMARY ***
Total pot $2 | Rake $0
Seat 1: kaputnikoff (big blind) collected ($2)
Seat 2: dodge658 (button) (small blind) folded before Flop


PokerStars Hand #148086781373:  Hold'em Limit ($3/$6 USD) - 2016/02/01 20:33:13 ET
Table 'Klotho' 2-max Seat #1 is the button
Seat 1: kaputnikoff ($187.10 in chips)
Seat 2: dodge658 ($84.86 in chips)
kaputnikoff: posts small blind $1
dodge658: posts big blind $3
*** HOLE CARDS ***
kaputnikoff: raises $3 to $6
dodge658: calls $3
*** FLOP *** [3s 8d 7s]
dodge658: checks
kaputnikoff: bets $3
dodge658: calls $3
*** TURN *** [3s 8d 7s] [3c]
dodge658: checks
kaputnikoff: checks
*** RIVER *** [3s 8d 7s 3c] [6h]
dodge658: bets $6
kaputnikoff: calls $6
*** SHOW DOWN ***
dodge658: shows [Td 9h] (a straight, Six to Ten)
kaputnikoff: mucks hand
dodge658 collected $29.50 from pot
*** SUMMARY ***
Total pot $30 | Rake $0.50
Board [3s 8d 7s 3c 6h]
Seat 1: kaputnikoff (button) (small blind) mucked
Seat 2: dodge658 (big blind) showed [Td 9h] and won ($29.50) with a straight, Six to Ten


PokerStars Hand #148086769180:  Hold'em Limit ($3/$6 USD) - 2016/02/01 20:32:51 ET
Table 'Klotho' 2-max Seat #2 is the button
Seat 1: kaputnikoff ($196.10 in chips)
Seat 2: dodge658 ($76.22 in chips)
dodge658: posts small blind $1
kaputnikoff: posts big blind $3
*** HOLE CARDS ***
dodge658: calls $2
kaputnikoff: checks
*** FLOP *** [2d Ks Ad]
kaputnikoff: checks
dodge658: checks
*** TURN *** [2d Ks Ad] [Jh]
kaputnikoff: checks
dodge658: bets $6
kaputnikoff: calls $6
*** RIVER *** [2d Ks Ad Jh] [Qd]
kaputnikoff: checks
dodge658: bets $6
kaputnikoff: folds
Uncalled bet ($6) returned to dodge658
dodge658 collected $17.64 from pot
dodge658: doesn't show hand
*** SUMMARY ***
Total pot $18 | Rake $0.36
Board [2d Ks Ad Jh Qd]
Seat 1: kaputnikoff (big blind) folded on the River
Seat 2: dodge658 (button) (small blind) collected ($17.64)


PokerStars Hand #148086829917:  Hold'em Limit ($3/$6 USD) - 2016/02/01 20:34:43 ET
Table 'Klotho' 2-max Seat #1 is the button
Seat 1: kaputnikoff ($190.60 in chips)
Seat 2: dodge658 ($80.24 in chips)
kaputnikoff: posts small blind $1
dodge658: posts big blind $3
*** HOLE CARDS ***
kaputnikoff: folds
Uncalled bet ($2) returned to dodge658
dodge658 collected $2 from pot
dodge658: doesn't show hand
*** SUMMARY ***
Total pot $2 | Rake $0
Seat 1: kaputnikoff (button) (small blind) folded before Flop
Seat 2: dodge658 (big blind) collected ($2)


PokerStars Hand #148086820798:  Hold'em Limit ($3/$6 USD) - 2016/02/01 20:34:26 ET
Table 'Klotho' 2-max Seat #2 is the button
Seat 1: kaputnikoff ($193.60 in chips)
Seat 2: dodge658 ($77.36 in chips)
dodge658: posts small blind $1
kaputnikoff: posts big blind $3
*** HOLE CARDS ***
dodge658: calls $2
kaputnikoff: checks
*** FLOP *** [Kd 7s Ad]
kaputnikoff: checks
dodge658: bets $3
kaputnikoff: folds
Uncalled bet ($3) returned to dodge658
dodge658 collected $5.88 from pot
dodge658: doesn't show hand
*** SUMMARY ***
Total pot $6 | Rake $0.12
Board [Kd 7s Ad]
Seat 1: kaputnikoff (big blind) folded on the Flop
Seat 2: dodge658 (button) (small blind) collected ($5.88)


PokerStars Hand #148086801867:  Hold'em Limit ($3/$6 USD) - 2016/02/01 20:33:51 ET
Table 'Klotho' 2-max Seat #1 is the button
Seat 1: kaputnikoff ($173.10 in chips)
Seat 2: dodge658 ($98.36 in chips)
kaputnikoff: posts small blind $1
dodge658: posts big blind $3
*** HOLE CARDS ***
kaputnikoff: raises $3 to $6
dodge658: calls $3
*** FLOP *** [Kd 4h Qs]
dodge658: bets $3
kaputnikoff: calls $3
*** TURN *** [Kd 4h Qs] [6s]
dodge658: checks
kaputnikoff: bets $6
dodge658: calls $6
*** RIVER *** [Kd 4h Qs 6s] [7s]
dodge658: checks
kaputnikoff: bets $6
dodge658: calls $6
*** SHOW DOWN ***
kaputnikoff: shows [3h 6h] (a pair of Sixes)
dodge658: mucks hand
kaputnikoff collected $41.50 from pot
*** SUMMARY ***
Total pot $42 | Rake $0.50
Board [Kd 4h Qs 6s 7s]
Seat 1: kaputnikoff (button) (small blind) showed [3h 6h] and won ($41.50) with a pair of Sixes
Seat 2: dodge658 (big blind) mucked


PokerStars Hand #148086834885:  Hold'em Limit ($3/$6 USD) - 2016/02/01 20:34:52 ET
Table 'Klotho' 2-max Seat #2 is the button
Seat 1: kaputnikoff ($189.60 in chips)
Seat 2: dodge658 ($81.24 in chips)
dodge658: posts small blind $1
kaputnikoff: posts big blind $3
*** HOLE CARDS ***
dodge658: calls $2
kaputnikoff: checks
*** FLOP *** [7d Js Jc]
kaputnikoff: checks
dodge658: checks
*** TURN *** [7d Js Jc] [4s]
kaputnikoff: checks
dodge658: checks
*** RIVER *** [7d Js Jc 4s] [Jh]
kaputnikoff: bets $6
dodge658: calls $6
*** SHOW DOWN ***
kaputnikoff: shows [Ts 6h] (three of a kind, Jacks)
dodge658: shows [Qd 2d] (three of a kind, Jacks - Queen kicker)
dodge658 collected $17.64 from pot
*** SUMMARY ***
Total pot $18 | Rake $0.36
Board [7d Js Jc 4s Jh]
Seat 1: kaputnikoff (big blind) showed [Ts 6h] and lost with three of a kind, Jacks
Seat 2: dodge658 (button) (small blind) showed [Qd 2d] and won ($17.64) with three of a kind, Jacks


PokerStars Hand #148086847591:  Hold'em Limit ($3/$6 USD) - 2016/02/01 20:35:16 ET
Table 'Klotho' 2-max Seat #1 is the button
Seat 1: kaputnikoff ($180.60 in chips)
Seat 2: dodge658 ($89.88 in chips)
kaputnikoff: posts small blind $1
dodge658: posts big blind $3
*** HOLE CARDS ***
kaputnikoff: raises $3 to $6
dodge658: calls $3
*** FLOP *** [Ah 4d As]
dodge658: bets $3
kaputnikoff: calls $3
*** TURN *** [Ah 4d As] [7s]
dodge658: bets $6
kaputnikoff: calls $6
*** RIVER *** [Ah 4d As 7s] [Kd]
dodge658: bets $6
kaputnikoff: calls $6
*** SHOW DOWN ***
dodge658: shows [Kc Kh] (a full house, Kings full of Aces)
kaputnikoff: mucks hand
dodge658 collected $41.50 from pot
*** SUMMARY ***
Total pot $42 | Rake $0.50
Board [Ah 4d As 7s Kd]
Seat 1: kaputnikoff (button) (small blind) mucked
Seat 2: dodge658 (big blind) showed [Kc Kh] and won ($41.50) with a full house, Kings full of Aces


PokerStars Hand #148086876018:  Hold'em Limit ($3/$6 USD) - 2016/02/01 20:36:08 ET
Table 'Klotho' 2-max Seat #1 is the button
Seat 1: kaputnikoff ($168.24 in chips)
Seat 2: dodge658 ($101.38 in chips)
kaputnikoff: posts small blind $1
dodge658: posts big blind $3
*** HOLE CARDS ***
kaputnikoff: raises $3 to $6
dodge658: calls $3
*** FLOP *** [9c 5c 6s]
dodge658: checks
kaputnikoff: bets $3
dodge658: calls $3
*** TURN *** [9c 5c 6s] [8d]
dodge658: checks
kaputnikoff: checks
*** RIVER *** [9c 5c 6s 8d] [2h]
dodge658: bets $6
kaputnikoff: folds
Uncalled bet ($6) returned to dodge658
dodge658 collected $17.64 from pot
dodge658: doesn't show hand
*** SUMMARY ***
Total pot $18 | Rake $0.36
Board [9c 5c 6s 8d 2h]
Seat 1: kaputnikoff (button) (small blind) folded on the River
Seat 2: dodge658 (big blind) collected ($17.64)


PokerStars Hand #148086891685:  Hold'em Limit ($3/$6 USD) - 2016/02/01 20:36:38 ET
Table 'Klotho' 2-max Seat #2 is the button
Seat 1: kaputnikoff ($159.24 in chips)
Seat 2: dodge658 ($110.02 in chips)
dodge658: posts small blind $1
kaputnikoff: posts big blind $3
*** HOLE CARDS ***
dodge658: calls $2
kaputnikoff: raises $3 to $6
dodge658: calls $3
*** FLOP *** [9h 3h 8s]
kaputnikoff: bets $3
dodge658: folds
Uncalled bet ($3) returned to kaputnikoff
kaputnikoff collected $11.76 from pot
kaputnikoff: doesn't show hand
*** SUMMARY ***
Total pot $12 | Rake $0.24
Board [9h 3h 8s]
Seat 1: kaputnikoff (big blind) collected ($11.76)
Seat 2: dodge658 (button) (small blind) folded on the Flop


PokerStars Hand #148086861076:  Hold'em Limit ($3/$6 USD) - 2016/02/01 20:35:41 ET
Table 'Klotho' 2-max Seat #2 is the button
Seat 1: kaputnikoff ($159.60 in chips)
Seat 2: dodge658 ($110.38 in chips)
dodge658: posts small blind $1
kaputnikoff: posts big blind $3
*** HOLE CARDS ***
dodge658: calls $2
kaputnikoff: raises $3 to $6
dodge658: calls $3
*** FLOP *** [7s 7d 5c]
kaputnikoff: bets $3
dodge658: calls $3
*** TURN *** [7s 7d 5c] [3c]
kaputnikoff: checks
dodge658: checks
*** RIVER *** [7s 7d 5c 3c] [Qh]
kaputnikoff: checks
dodge658: checks
*** SHOW DOWN ***
kaputnikoff: shows [Ac 6c] (a pair of Sevens)
dodge658: mucks hand
kaputnikoff collected $17.64 from pot
*** SUMMARY ***
Total pot $18 | Rake $0.36
Board [7s 7d 5c 3c Qh]
Seat 1: kaputnikoff (big blind) showed [Ac 6c] and won ($17.64) with a pair of Sevens
Seat 2: dodge658 (button) (small blind) mucked


PokerStars Hand #148086900098:  Hold'em Limit ($3/$6 USD) - 2016/02/01 20:36:53 ET
Table 'Klotho' 2-max Seat #1 is the button
Seat 1: kaputnikoff ($165 in chips)
Seat 2: dodge658 ($104.02 in chips)
kaputnikoff: posts small blind $1
dodge658: posts big blind $3
*** HOLE CARDS ***
kaputnikoff: raises $3 to $6
dodge658: calls $3
*** FLOP *** [Ks 4s Kh]
dodge658: bets $3
kaputnikoff: calls $3
*** TURN *** [Ks 4s Kh] [5d]
dodge658: bets $6
kaputnikoff: calls $6
*** RIVER *** [Ks 4s Kh 5d] [6h]
dodge658: checks
kaputnikoff: bets $6
dodge658: calls $6
*** SHOW DOWN ***
kaputnikoff: shows [7s 6d] (two pair, Kings and Sixes)
dodge658: mucks hand
kaputnikoff collected $41.50 from pot
*** SUMMARY ***
Total pot $42 | Rake $0.50
Board [Ks 4s Kh 5d 6h]
Seat 1: kaputnikoff (button) (small blind) showed [7s 6d] and won ($41.50) with two pair, Kings and Sixes
Seat 2: dodge658 (big blind) mucked


PokerStars Hand #148086915969:  Hold'em Limit ($3/$6 USD) - 2016/02/01 20:37:23 ET
Table 'Klotho' 2-max Seat #2 is the button
Seat 1: kaputnikoff ($185.50 in chips)
Seat 2: dodge658 ($83.02 in chips)
dodge658: posts small blind $1
kaputnikoff: posts big blind $3
*** HOLE CARDS ***
dodge658: folds
Uncalled bet ($2) returned to kaputnikoff
kaputnikoff collected $2 from pot
kaputnikoff: doesn't show hand
*** SUMMARY ***
Total pot $2 | Rake $0
Seat 1: kaputnikoff (big blind) collected ($2)
Seat 2: dodge658 (button) (small blind) folded before Flop


PokerStars Hand #148086919888:  Hold'em Limit ($3/$6 USD) - 2016/02/01 20:37:30 ET
Table 'Klotho' 2-max Seat #1 is the button
Seat 1: kaputnikoff ($186.50 in chips)
Seat 2: dodge658 ($82.02 in chips)
kaputnikoff: posts small blind $1
dodge658: posts big blind $3
*** HOLE CARDS ***
kaputnikoff: raises $3 to $6
dodge658: calls $3
*** FLOP *** [2h 3s Kc]
dodge658: checks
kaputnikoff: bets $3
dodge658: folds
Uncalled bet ($3) returned to kaputnikoff
kaputnikoff collected $11.76 from pot
*** SUMMARY ***
Total pot $12 | Rake $0.24
Board [2h 3s Kc]
Seat 1: kaputnikoff (button) (small blind) collected ($11.76)
Seat 2: dodge658 (big blind) folded on the Flop


PokerStars Hand #148086937642:  Hold'em Limit ($3/$6 USD) - 2016/02/01 20:38:04 ET
Table 'Klotho' 2-max Seat #1 is the button
Seat 1: kaputnikoff ($195.14 in chips)
Seat 2: dodge658 ($73.02 in chips)
kaputnikoff: posts small blind $1
dodge658: posts big blind $3
*** HOLE CARDS ***
kaputnikoff: raises $3 to $6
dodge658: calls $3
*** FLOP *** [6d 4c 8h]
dodge658: bets $3
kaputnikoff: calls $3
*** TURN *** [6d 4c 8h] [Kc]
dodge658: bets $6
kaputnikoff: calls $6
*** RIVER *** [6d 4c 8h Kc] [Td]
dodge658: bets $6
kaputnikoff: calls $6
*** SHOW DOWN ***
dodge658: shows [3c Qd] (high card King)
kaputnikoff: shows [7d Ah] (high card Ace)
kaputnikoff collected $41.50 from pot
*** SUMMARY ***
Total pot $42 | Rake $0.50
Board [6d 4c 8h Kc Td]
Seat 1: kaputnikoff (button) (small blind) showed [7d Ah] and won ($41.50) with high card Ace
Seat 2: dodge658 (big blind) showed [3c Qd] and lost with high card King


PokerStars Hand #148086927645:  Hold'em Limit ($3/$6 USD) - 2016/02/01 20:37:45 ET
Table 'Klotho' 2-max Seat #2 is the button
Seat 1: kaputnikoff ($192.26 in chips)
Seat 2: dodge658 ($76.02 in chips)
dodge658: posts small blind $1
kaputnikoff: posts big blind $3
*** HOLE CARDS ***
dodge658: calls $2
kaputnikoff: checks
*** FLOP *** [4d 4h Ah]
kaputnikoff: checks
dodge658: checks
*** TURN *** [4d 4h Ah] [7s]
kaputnikoff: bets $6
dodge658: folds
Uncalled bet ($6) returned to kaputnikoff
kaputnikoff collected $5.88 from pot
kaputnikoff: doesn't show hand
*** SUMMARY ***
Total pot $6 | Rake $0.12
Board [4d 4h Ah 7s]
Seat 1: kaputnikoff (big blind) collected ($5.88)
Seat 2: dodge658 (button) (small blind) folded on the Turn


PokerStars Hand #148086973178:  Hold'em Limit ($3/$6 USD) - 2016/02/01 20:39:11 ET
Table 'Klotho' 2-max Seat #1 is the button
Seat 1: kaputnikoff ($194.64 in chips)
Seat 2: dodge658 ($72.52 in chips)
kaputnikoff: posts small blind $1
dodge658: posts big blind $3
*** HOLE CARDS ***
kaputnikoff: folds
Uncalled bet ($2) returned to dodge658
dodge658 collected $2 from pot
dodge658: doesn't show hand
*** SUMMARY ***
Total pot $2 | Rake $0
Seat 1: kaputnikoff (button) (small blind) folded before Flop
Seat 2: dodge658 (big blind) collected ($2)


PokerStars Hand #148086957125:  Hold'em Limit ($3/$6 USD) - 2016/02/01 20:38:40 ET
Table 'Klotho' 2-max Seat #2 is the button
Seat 1: kaputnikoff ($215.64 in chips)
Seat 2: dodge658 ($52.02 in chips)
dodge658: posts small blind $1
kaputnikoff: posts big blind $3
*** HOLE CARDS ***
dodge658: calls $2
kaputnikoff: raises $3 to $6
dodge658: calls $3
*** FLOP *** [6c 5c Tc]
kaputnikoff: bets $3
dodge658: calls $3
*** TURN *** [6c 5c Tc] [2s]
kaputnikoff: bets $6
dodge658: calls $6
*** RIVER *** [6c 5c Tc 2s] [4c]
kaputnikoff: checks
dodge658: bets $6
kaputnikoff: calls $6
*** SHOW DOWN ***
dodge658: shows [2c Kc] (a flush, King high)
kaputnikoff: mucks hand
dodge658 collected $41.50 from pot
*** SUMMARY ***
Total pot $42 | Rake $0.50
Board [6c 5c Tc 2s 4c]
Seat 1: kaputnikoff (big blind) mucked
Seat 2: dodge658 (button) (small blind) showed [2c Kc] and won ($41.50) with a flush, King high


PokerStars Hand #148086976726:  Hold'em Limit ($3/$6 USD) - 2016/02/01 20:39:18 ET
Table 'Klotho' 2-max Seat #2 is the button
Seat 1: kaputnikoff ($193.64 in chips)
Seat 2: dodge658 ($73.52 in chips)
dodge658: posts small blind $1
kaputnikoff: posts big blind $3
*** HOLE CARDS ***
dodge658: calls $2
kaputnikoff: checks
*** FLOP *** [7s Qd 6d]
kaputnikoff: checks
dodge658: checks
*** TURN *** [7s Qd 6d] [4d]
kaputnikoff: bets $6
dodge658: calls $6
*** RIVER *** [7s Qd 6d 4d] [6s]
kaputnikoff: bets $6
dodge658: folds
Uncalled bet ($6) returned to kaputnikoff
kaputnikoff collected $17.64 from pot
kaputnikoff: doesn't show hand
*** SUMMARY ***
Total pot $18 | Rake $0.36
Board [7s Qd 6d 4d 6s]
Seat 1: kaputnikoff (big blind) collected ($17.64)
Seat 2: dodge658 (button) (small blind) folded on the River


PokerStars Hand #148087001039:  Hold'em Limit ($3/$6 USD) - 2016/02/01 20:40:04 ET
Table 'Klotho' 2-max Seat #2 is the button
Seat 1: kaputnikoff ($181.28 in chips)
Seat 2: dodge658 ($85.02 in chips)
dodge658: posts small blind $1
kaputnikoff: posts big blind $3
*** HOLE CARDS ***
dodge658: calls $2
kaputnikoff: checks
*** FLOP *** [5s 3s Jd]
kaputnikoff: checks
dodge658: checks
*** TURN *** [5s 3s Jd] [9s]
kaputnikoff: bets $6
dodge658: folds
Uncalled bet ($6) returned to kaputnikoff
kaputnikoff collected $5.88 from pot
kaputnikoff: doesn't show hand
*** SUMMARY ***
Total pot $6 | Rake $0.12
Board [5s 3s Jd 9s]
Seat 1: kaputnikoff (big blind) collected ($5.88)
Seat 2: dodge658 (button) (small blind) folded on the Turn


PokerStars Hand #148087011111:  Hold'em Limit ($3/$6 USD) - 2016/02/01 20:40:23 ET
Table 'Klotho' 2-max Seat #1 is the button
Seat 1: kaputnikoff ($184.16 in chips)
Seat 2: dodge658 ($82.02 in chips)
kaputnikoff: posts small blind $1
dodge658: posts big blind $3
*** HOLE CARDS ***
kaputnikoff: raises $3 to $6
dodge658: calls $3
*** FLOP *** [Ts 5h Kh]
dodge658: bets $3
kaputnikoff: calls $3
*** TURN *** [Ts 5h Kh] [3c]
dodge658: bets $6
kaputnikoff: calls $6
*** RIVER *** [Ts 5h Kh 3c] [4c]
dodge658: bets $6
kaputnikoff: calls $6
*** SHOW DOWN ***
dodge658: shows [9h 8d] (high card King)
kaputnikoff: shows [Js 5c] (a pair of Fives)
kaputnikoff collected $41.50 from pot
*** SUMMARY ***
Total pot $42 | Rake $0.50
Board [Ts 5h Kh 3c 4c]
Seat 1: kaputnikoff (button) (small blind) showed [Js 5c] and won ($41.50) with a pair of Fives
Seat 2: dodge658 (big blind) showed [9h 8d] and lost with high card King


PokerStars Hand #148086989359:  Hold'em Limit ($3/$6 USD) - 2016/02/01 20:39:42 ET
Table 'Klotho' 2-max Seat #1 is the button
Seat 1: kaputnikoff ($202.28 in chips)
Seat 2: dodge658 ($64.52 in chips)
kaputnikoff: posts small blind $1
dodge658: posts big blind $3
*** HOLE CARDS ***
kaputnikoff: raises $3 to $6
dodge658: calls $3
*** FLOP *** [6d Js 2h]
dodge658: bets $3
kaputnikoff: calls $3
*** TURN *** [6d Js 2h] [Jd]
dodge658: bets $6
kaputnikoff: calls $6
*** RIVER *** [6d Js 2h Jd] [7d]
dodge658: bets $6
kaputnikoff: calls $6
*** SHOW DOWN ***
dodge658: shows [Jc Ts] (three of a kind, Jacks)
kaputnikoff: mucks hand
dodge658 collected $41.50 from pot
*** SUMMARY ***
Total pot $42 | Rake $0.50
Board [6d Js 2h Jd 7d]
Seat 1: kaputnikoff (button) (small blind) mucked
Seat 2: dodge658 (big blind) showed [Jc Ts] and won ($41.50) with three of a kind, Jacks


PokerStars Hand #148087024388:  Hold'em Limit ($3/$6 USD) - 2016/02/01 20:40:48 ET
Table 'Klotho' 2-max Seat #2 is the button
Seat 1: kaputnikoff ($204.66 in chips)
Seat 2: dodge658 ($61.02 in chips)
dodge658: posts small blind $1
kaputnikoff: posts big blind $3
*** HOLE CARDS ***
dodge658: calls $2
kaputnikoff: checks
*** FLOP *** [3s 5s As]
kaputnikoff: checks
dodge658: checks
*** TURN *** [3s 5s As] [4d]
kaputnikoff: checks
dodge658: checks
*** RIVER *** [3s 5s As 4d] [Ks]
kaputnikoff: checks
dodge658: bets $6
kaputnikoff: folds
Uncalled bet ($6) returned to dodge658
dodge658 collected $5.88 from pot
*** SUMMARY ***
Total pot $6 | Rake $0.12
Board [3s 5s As 4d Ks]
Seat 1: kaputnikoff (big blind) folded on the River
Seat 2: dodge658 (button) (small blind) collected ($5.88)


PokerStars Hand #148087039981:  Hold'em Limit ($3/$6 USD) - 2016/02/01 20:41:18 ET
Table 'Klotho' 2-max Seat #1 is the button
Seat 1: kaputnikoff ($201.66 in chips)
Seat 2: dodge658 ($63.90 in chips)
kaputnikoff: posts small blind $1
dodge658: posts big blind $3
*** HOLE CARDS ***
kaputnikoff: raises $3 to $6
dodge658: calls $3
*** FLOP *** [As Td 7d]
dodge658: checks
kaputnikoff: bets $3
dodge658: folds
Uncalled bet ($3) returned to kaputnikoff
kaputnikoff collected $11.76 from pot
kaputnikoff: doesn't show hand
*** SUMMARY ***
Total pot $12 | Rake $0.24
Board [As Td 7d]
Seat 1: kaputnikoff (button) (small blind) collected ($11.76)
Seat 2: dodge658 (big blind) folded on the Flop


PokerStars Hand #148087047140:  Hold'em Limit ($3/$6 USD) - 2016/02/01 20:41:32 ET
Table 'Klotho' 2-max Seat #2 is the button
Seat 1: kaputnikoff ($207.42 in chips)
Seat 2: dodge658 ($57.90 in chips)
dodge658: posts small blind $1
kaputnikoff: posts big blind $3
*** HOLE CARDS ***
dodge658: calls $2
kaputnikoff: checks
*** FLOP *** [9h 5d 4d]
kaputnikoff: checks
dodge658: bets $3
kaputnikoff: folds
Uncalled bet ($3) returned to dodge658
dodge658 collected $5.88 from pot
dodge658: doesn't show hand
*** SUMMARY ***
Total pot $6 | Rake $0.12
Board [9h 5d 4d]
Seat 1: kaputnikoff (big blind) folded on the Flop
Seat 2: dodge658 (button) (small blind) collected ($5.88)


PokerStars Hand #148087054908:  Hold'em Limit ($3/$6 USD) - 2016/02/01 20:41:47 ET
Table 'Klotho' 2-max Seat #1 is the button
Seat 1: kaputnikoff ($204.42 in chips)
Seat 2: dodge658 ($60.78 in chips)
kaputnikoff: posts small blind $1
dodge658: posts big blind $3
*** HOLE CARDS ***
kaputnikoff: raises $3 to $6
dodge658: calls $3
*** FLOP *** [9s As Jc]
dodge658: bets $3
kaputnikoff: calls $3
*** TURN *** [9s As Jc] [6h]
dodge658: checks
kaputnikoff: checks
*** RIVER *** [9s As Jc 6h] [4d]
dodge658: checks
kaputnikoff: bets $6
dodge658: folds
Uncalled bet ($6) returned to kaputnikoff
kaputnikoff collected $17.64 from pot
kaputnikoff: doesn't show hand
*** SUMMARY ***
Total pot $18 | Rake $0.36
Board [9s As Jc 6h 4d]
Seat 1: kaputnikoff (button) (small blind) collected ($17.64)
Seat 2: dodge658 (big blind) folded on the River


PokerStars Hand #148087074570:  Hold'em Limit ($3/$6 USD) - 2016/02/01 20:42:24 ET
Table 'Klotho' 2-max Seat #2 is the button
Seat 1: kaputnikoff ($213.06 in chips)
Seat 2: dodge658 ($51.78 in chips)
dodge658: posts small blind $1
kaputnikoff: posts big blind $3
*** HOLE CARDS ***
dodge658: folds
Uncalled bet ($2) returned to kaputnikoff
kaputnikoff collected $2 from pot
kaputnikoff: doesn't show hand
*** SUMMARY ***
Total pot $2 | Rake $0
Seat 1: kaputnikoff (big blind) collected ($2)
Seat 2: dodge658 (button) (small blind) folded before Flop


PokerStars Hand #148087095160:  Hold'em Limit ($3/$6 USD) - 2016/02/01 20:43:04 ET
Table 'Klotho' 2-max Seat #2 is the button
Seat 1: kaputnikoff ($202.06 in chips)
Seat 2: dodge658 ($62.30 in chips)
dodge658: posts small blind $1
kaputnikoff: posts big blind $3
*** HOLE CARDS ***
dodge658: calls $2
kaputnikoff: raises $3 to $6
dodge658: calls $3
*** FLOP *** [6s 5c Ac]
kaputnikoff: bets $3
dodge658: calls $3
*** TURN *** [6s 5c Ac] [Ts]
kaputnikoff: checks
dodge658: checks
*** RIVER *** [6s 5c Ac Ts] [4s]
kaputnikoff: checks
dodge658: checks
*** SHOW DOWN ***
kaputnikoff: shows [Jh Ks] (high card Ace)
dodge658: shows [6c 9d] (a pair of Sixes)
dodge658 collected $17.64 from pot
*** SUMMARY ***
Total pot $18 | Rake $0.36
Board [6s 5c Ac Ts 4s]
Seat 1: kaputnikoff (big blind) showed [Jh Ks] and lost with high card Ace
Seat 2: dodge658 (button) (small blind) showed [6c 9d] and won ($17.64) with a pair of Sixes


PokerStars Hand #148087108147:  Hold'em Limit ($3/$6 USD) - 2016/02/01 20:43:29 ET
Table 'Klotho' 2-max Seat #1 is the button
Seat 1: kaputnikoff ($193.06 in chips)
Seat 2: dodge658 ($70.94 in chips)
kaputnikoff: posts small blind $1
dodge658: posts big blind $3
*** HOLE CARDS ***
kaputnikoff: raises $3 to $6
dodge658: calls $3
*** FLOP *** [5s 5h 4c]
dodge658: checks
kaputnikoff: bets $3
dodge658: calls $3
*** TURN *** [5s 5h 4c] [8h]
dodge658: checks
kaputnikoff: checks
*** RIVER *** [5s 5h 4c 8h] [4d]
dodge658: bets $6
kaputnikoff: calls $6
*** SHOW DOWN ***
dodge658: shows [7d Ah] (two pair, Fives and Fours)
kaputnikoff: shows [7c Ac] (two pair, Fives and Fours)
dodge658 collected $14.75 from pot
kaputnikoff collected $14.75 from pot
*** SUMMARY ***
Total pot $30 | Rake $0.50
Board [5s 5h 4c 8h 4d]
Seat 1: kaputnikoff (button) (small blind) showed [7c Ac] and won ($14.75) with two pair, Fives and Fours
Seat 2: dodge658 (big blind) showed [7d Ah] and won ($14.75) with two pair, Fives and Fours


PokerStars Hand #148087078763:  Hold'em Limit ($3/$6 USD) - 2016/02/01 20:42:32 ET
Table 'Klotho' 2-max Seat #1 is the button
Seat 1: kaputnikoff ($214.06 in chips)
Seat 2: dodge658 ($50.78 in chips)
kaputnikoff: posts small blind $1
dodge658: posts big blind $3
*** HOLE CARDS ***
kaputnikoff: raises $3 to $6
dodge658: calls $3
*** FLOP *** [Ah 8c 8h]
dodge658: bets $3
kaputnikoff: raises $3 to $6
dodge658: calls $3
*** TURN *** [Ah 8c 8h] [4h]
dodge658: checks
kaputnikoff: checks
*** RIVER *** [Ah 8c 8h 4h] [8s]
dodge658: bets $6
kaputnikoff: folds
Uncalled bet ($6) returned to dodge658
dodge658 collected $23.52 from pot
dodge658: doesn't show hand
*** SUMMARY ***
Total pot $24 | Rake $0.48
Board [Ah 8c 8h 4h 8s]
Seat 1: kaputnikoff (button) (small blind) folded on the River
Seat 2: dodge658 (big blind) collected ($23.52)


PokerStars Hand #148087122015:  Hold'em Limit ($3/$6 USD) - 2016/02/01 20:43:56 ET
Table 'Klotho' 2-max Seat #2 is the button
Seat 1: kaputnikoff ($192.81 in chips)
Seat 2: dodge658 ($70.69 in chips)
dodge658: posts small blind $1
kaputnikoff: posts big blind $3
*** HOLE CARDS ***
dodge658: calls $2
kaputnikoff: checks
*** FLOP *** [6s Tc Qs]
kaputnikoff: checks
dodge658: checks
*** TURN *** [6s Tc Qs] [4h]
kaputnikoff: checks
dodge658: checks
*** RIVER *** [6s Tc Qs 4h] [6c]
kaputnikoff: checks
dodge658: checks
*** SHOW DOWN ***
kaputnikoff: shows [Jh 7d] (a pair of Sixes)
dodge658: shows [3h Kh] (a pair of Sixes - King kicker)
dodge658 collected $5.88 from pot
*** SUMMARY ***
Total pot $6 | Rake $0.12
Board [6s Tc Qs 4h 6c]
Seat 1: kaputnikoff (big blind) showed [Jh 7d] and lost with a pair of Sixes
Seat 2: dodge658 (button) (small blind) showed [3h Kh] and won ($5.88) with a pair of Sixes


PokerStars Hand #148087133320:  Hold'em Limit ($3/$6 USD) - 2016/02/01 20:44:18 ET
Table 'Klotho' 2-max Seat #1 is the button
Seat 1: kaputnikoff ($189.81 in chips)
Seat 2: dodge658 ($73.57 in chips)
kaputnikoff: posts small blind $1
dodge658: posts big blind $3
*** HOLE CARDS ***
kaputnikoff: raises $3 to $6
dodge658: calls $3
*** FLOP *** [2h 3s 9c]
dodge658: checks
kaputnikoff: checks
*** TURN *** [2h 3s 9c] [Qd]
dodge658: bets $6
kaputnikoff: calls $6
*** RIVER *** [2h 3s 9c Qd] [3d]
dodge658: bets $6
kaputnikoff: calls $6
*** SHOW DOWN ***
dodge658: shows [Ad 8c] (a pair of Threes)
kaputnikoff: shows [9d 4d] (two pair, Nines and Threes)
kaputnikoff collected $35.50 from pot
*** SUMMARY ***
Total pot $36 | Rake $0.50
Board [2h 3s 9c Qd 3d]
Seat 1: kaputnikoff (button) (small blind) showed [9d 4d] and won ($35.50) with two pair, Nines and Threes
Seat 2: dodge658 (big blind) showed [Ad 8c] and lost with a pair of Threes


PokerStars Hand #148087161118:  Hold'em Limit ($3/$6 USD) - 2016/02/01 20:45:11 ET
Table 'Klotho' 2-max Seat #1 is the button
Seat 1: kaputnikoff ($198.31 in chips)
Seat 2: dodge658 ($64.21 in chips)
kaputnikoff: posts small blind $1
dodge658: posts big blind $3
*** HOLE CARDS ***
kaputnikoff: raises $3 to $6
dodge658: calls $3
*** FLOP *** [Ks As Ac]
dodge658: checks
kaputnikoff: bets $3
dodge658: folds
Uncalled bet ($3) returned to kaputnikoff
kaputnikoff collected $11.76 from pot
kaputnikoff: doesn't show hand
*** SUMMARY ***
Total pot $12 | Rake $0.24
Board [Ks As Ac]
Seat 1: kaputnikoff (button) (small blind) collected ($11.76)
Seat 2: dodge658 (big blind) folded on the Flop


PokerStars Hand #148087172119:  Hold'em Limit ($3/$6 USD) - 2016/02/01 20:45:32 ET
Table 'Klotho' 2-max Seat #2 is the button
Seat 1: kaputnikoff ($204.07 in chips)
Seat 2: dodge658 ($58.21 in chips)
dodge658: posts small blind $1
kaputnikoff: posts big blind $3
*** HOLE CARDS ***
dodge658: calls $2
kaputnikoff: checks
*** FLOP *** [4c 2h 2s]
kaputnikoff: checks
dodge658: checks
*** TURN *** [4c 2h 2s] [3s]
kaputnikoff: bets $6
dodge658: calls $6
*** RIVER *** [4c 2h 2s 3s] [5h]
kaputnikoff: bets $6
dodge658: calls $6
*** SHOW DOWN ***
kaputnikoff: shows [5c 6h] (a straight, Deuce to Six)
dodge658: mucks hand
kaputnikoff collected $29.50 from pot
*** SUMMARY ***
Total pot $30 | Rake $0.50
Board [4c 2h 2s 3s 5h]
Seat 1: kaputnikoff (big blind) showed [5c 6h] and won ($29.50) with a straight, Deuce to Six
Seat 2: dodge658 (button) (small blind) mucked


PokerStars Hand #148087145057:  Hold'em Limit ($3/$6 USD) - 2016/02/01 20:44:40 ET
Table 'Klotho' 2-max Seat #2 is the button
Seat 1: kaputnikoff ($207.31 in chips)
Seat 2: dodge658 ($55.57 in chips)
dodge658: posts small blind $1
kaputnikoff: posts big blind $3
*** HOLE CARDS ***
dodge658: calls $2
kaputnikoff: checks
*** FLOP *** [Qc 9c Jd]
kaputnikoff: checks
dodge658: checks
*** TURN *** [Qc 9c Jd] [Tc]
kaputnikoff: checks
dodge658: checks
*** RIVER *** [Qc 9c Jd Tc] [Kd]
kaputnikoff: checks
dodge658: bets $6
kaputnikoff: calls $6
*** SHOW DOWN ***
dodge658: shows [Ad 4d] (a straight, Ten to Ace)
kaputnikoff: mucks hand
dodge658 collected $17.64 from pot
*** SUMMARY ***
Total pot $18 | Rake $0.36
Board [Qc 9c Jd Tc Kd]
Seat 1: kaputnikoff (big blind) mucked
Seat 2: dodge658 (button) (small blind) showed [Ad 4d] and won ($17.64) with a straight, Ten to Ace


PokerStars Hand #148087185762:  Hold'em Limit ($3/$6 USD) - 2016/02/01 20:45:58 ET
Table 'Klotho' 2-max Seat #1 is the button
Seat 1: kaputnikoff ($218.57 in chips)
Seat 2: dodge658 ($43.21 in chips)
kaputnikoff: posts small blind $1
dodge658: posts big blind $3
*** HOLE CARDS ***
kaputnikoff: raises $3 to $6
dodge658: calls $3
*** FLOP *** [8s 5c Js]
dodge658: bets $3
kaputnikoff: calls $3
*** TURN *** [8s 5c Js] [Td]
dodge658: checks
kaputnikoff: bets $6
dodge658: calls $6
*** RIVER *** [8s 5c Js Td] [Kd]
dodge658: checks
kaputnikoff: bets $6
dodge658: calls $6
*** SHOW DOWN ***
kaputnikoff: shows [9c Qd] (a straight, Nine to King)
dodge658: mucks hand
kaputnikoff collected $41.50 from pot
*** SUMMARY ***
Total pot $42 | Rake $0.50
Board [8s 5c Js Td Kd]
Seat 1: kaputnikoff (button) (small blind) showed [9c Qd] and won ($41.50) with a straight, Nine to King
Seat 2: dodge658 (big blind) mucked


PokerStars Hand #148087200397:  Hold'em Limit ($3/$6 USD) - 2016/02/01 20:46:27 ET
Table 'Klotho' 2-max Seat #2 is the button
Seat 1: kaputnikoff ($239.07 in chips)
Seat 2: dodge658 ($22.21 in chips)
dodge658: posts small blind $1
kaputnikoff: posts big blind $3
*** HOLE CARDS ***
dodge658: calls $2
kaputnikoff: checks
*** FLOP *** [Kc Ac 5d]
kaputnikoff: checks
dodge658: checks
*** TURN *** [Kc Ac 5d] [Tc]
kaputnikoff: checks
dodge658: bets $6
kaputnikoff: calls $6
*** RIVER *** [Kc Ac 5d Tc] [Qs]
kaputnikoff: checks
dodge658: bets $6
kaputnikoff: folds
Uncalled bet ($6) returned to dodge658
dodge658 collected $17.64 from pot
dodge658: doesn't show hand
*** SUMMARY ***
Total pot $18 | Rake $0.36
Board [Kc Ac 5d Tc Qs]
Seat 1: kaputnikoff (big blind) folded on the River
Seat 2: dodge658 (button) (small blind) collected ($17.64)


PokerStars Hand #148087215893:  Hold'em Limit ($3/$6 USD) - 2016/02/01 20:46:56 ET
Table 'Klotho' 2-max Seat #1 is the button
Seat 1: kaputnikoff ($230.07 in chips)
Seat 2: dodge658 ($30.85 in chips)
kaputnikoff: posts small blind $1
dodge658: posts big blind $3
*** HOLE CARDS ***
kaputnikoff: raises $3 to $6
dodge658: calls $3
*** FLOP *** [Qc 6s 3h]
dodge658: checks
kaputnikoff: bets $3
dodge658: calls $3
*** TURN *** [Qc 6s 3h] [8c]
dodge658: checks
kaputnikoff: bets $6
dodge658: folds
Uncalled bet ($6) returned to kaputnikoff
kaputnikoff collected $17.64 from pot
*** SUMMARY ***
Total pot $18 | Rake $0.36
Board [Qc 6s 3h 8c]
Seat 1: kaputnikoff (button) (small blind) collected ($17.64)
Seat 2: dodge658 (big blind) folded on the Turn


PokerStars Hand #148087226273:  Hold'em Limit ($3/$6 USD) - 2016/02/01 20:47:16 ET
Table 'Klotho' 2-max Seat #2 is the button
Seat 1: kaputnikoff ($238.71 in chips)
Seat 2: dodge658 ($21.85 in chips)
dodge658: posts small blind $1
kaputnikoff: posts big blind $3
*** HOLE CARDS ***
dodge658: calls $2
kaputnikoff: raises $3 to $6
dodge658: calls $3
*** FLOP *** [6h Qc 8d]
kaputnikoff: bets $3
dodge658: calls $3
*** TURN *** [6h Qc 8d] [Js]
kaputnikoff: checks
dodge658: bets $6
kaputnikoff: calls $6
*** RIVER *** [6h Qc 8d Js] [9h]
kaputnikoff: checks
dodge658: bets $6
kaputnikoff: calls $6
*** SHOW DOWN ***
dodge658: shows [Jh Kd] (a pair of Jacks)
kaputnikoff: mucks hand
dodge658 collected $41.50 from pot
*** SUMMARY ***
Total pot $42 | Rake $0.50
Board [6h Qc 8d Js 9h]
Seat 1: kaputnikoff (big blind) mucked
Seat 2: dodge658 (button) (small blind) showed [Jh Kd] and won ($41.50) with a pair of Jacks


PokerStars Hand #148087248236:  Hold'em Limit ($3/$6 USD) - 2016/02/01 20:47:58 ET
Table 'Klotho' 2-max Seat #1 is the button
Seat 1: kaputnikoff ($217.71 in chips)
Seat 2: dodge658 ($42.35 in chips)
kaputnikoff: posts small blind $1
dodge658: posts big blind $3
*** HOLE CARDS ***
kaputnikoff: raises $3 to $6
dodge658: calls $3
*** FLOP *** [Ac 5d Jh]
dodge658: bets $3
kaputnikoff: calls $3
*** TURN *** [Ac 5d Jh] [Ts]
dodge658: bets $6
kaputnikoff: folds
Uncalled bet ($6) returned to dodge658
dodge658 collected $17.64 from pot
dodge658: doesn't show hand
*** SUMMARY ***
Total pot $18 | Rake $0.36
Board [Ac 5d Jh Ts]
Seat 1: kaputnikoff (button) (small blind) folded on the Turn
Seat 2: dodge658 (big blind) collected ($17.64)


PokerStars Hand #148087258244:  Hold'em Limit ($3/$6 USD) - 2016/02/01 20:48:17 ET
Table 'Klotho' 2-max Seat #2 is the button
Seat 1: kaputnikoff ($208.71 in chips)
Seat 2: dodge658 ($50.99 in chips)
dodge658: posts small blind $1
kaputnikoff: posts big blind $3
*** HOLE CARDS ***
dodge658: calls $2
kaputnikoff: checks
*** FLOP *** [6s Ac 9c]
kaputnikoff: checks
dodge658: checks
*** TURN *** [6s Ac 9c] [4s]
kaputnikoff: checks
dodge658: checks
*** RIVER *** [6s Ac 9c 4s] [2s]
kaputnikoff: bets $6
dodge658: calls $6
*** SHOW DOWN ***
kaputnikoff: shows [3d Jc] (high card Ace)
dodge658: shows [8s 4c] (a pair of Fours)
dodge658 collected $17.64 from pot
*** SUMMARY ***
Total pot $18 | Rake $0.36
Board [6s Ac 9c 4s 2s]
Seat 1: kaputnikoff (big blind) showed [3d Jc] and lost with high card Ace
Seat 2: dodge658 (button) (small blind) showed [8s 4c] and won ($17.64) with a pair of Fours


PokerStars Hand #148087268785:  Hold'em Limit ($3/$6 USD) - 2016/02/01 20:48:38 ET
Table 'Klotho' 2-max Seat #1 is the button
Seat 1: kaputnikoff ($199.71 in chips)
Seat 2: dodge658 ($59.63 in chips)
kaputnikoff: posts small blind $1
dodge658: posts big blind $3
*** HOLE CARDS ***
kaputnikoff: raises $3 to $6
dodge658: calls $3
*** FLOP *** [3s Ac Ks]
dodge658: checks
kaputnikoff: bets $3
dodge658: calls $3
*** TURN *** [3s Ac Ks] [Jh]
dodge658: checks
kaputnikoff: bets $6
dodge658: calls $6
*** RIVER *** [3s Ac Ks Jh] [Qh]
dodge658: bets $6
kaputnikoff: folds
Uncalled bet ($6) returned to dodge658
dodge658 collected $29.50 from pot
dodge658: doesn't show hand
*** SUMMARY ***
Total pot $30 | Rake $0.50
Board [3s Ac Ks Jh Qh]
Seat 1: kaputnikoff (button) (small blind) folded on the River
Seat 2: dodge658 (big blind) collected ($29.50)


PokerStars Hand #148087297620:  Hold'em Limit ($3/$6 USD) - 2016/02/01 20:49:33 ET
Table 'Klotho' 2-max Seat #1 is the button
Seat 1: kaputnikoff ($193.35 in chips)
Seat 2: dodge658 ($65.13 in chips)
kaputnikoff: posts small blind $1
dodge658: posts big blind $3
*** HOLE CARDS ***
kaputnikoff: raises $3 to $6
dodge658: calls $3
*** FLOP *** [Qc Qs Jh]
dodge658: bets $3
kaputnikoff: calls $3
*** TURN *** [Qc Qs Jh] [7s]
dodge658: bets $6
kaputnikoff: folds
Uncalled bet ($6) returned to dodge658
dodge658 collected $17.64 from pot
*** SUMMARY ***
Total pot $18 | Rake $0.36
Board [Qc Qs Jh 7s]
Seat 1: kaputnikoff (button) (small blind) folded on the Turn
Seat 2: dodge658 (big blind) collected ($17.64)


PokerStars Hand #148087307608:  Hold'em Limit ($3/$6 USD) - 2016/02/01 20:49:53 ET
Table 'Klotho' 2-max Seat #2 is the button
Seat 1: kaputnikoff ($184.35 in chips)
Seat 2: dodge658 ($73.77 in chips)
dodge658: posts small blind $1
kaputnikoff: posts big blind $3
*** HOLE CARDS ***
dodge658: calls $2
kaputnikoff: raises $3 to $6
dodge658: calls $3
*** FLOP *** [4c 6d Td]
kaputnikoff: bets $3
dodge658: calls $3
*** TURN *** [4c 6d Td] [2d]
kaputnikoff: bets $6
dodge658: folds
Uncalled bet ($6) returned to kaputnikoff
kaputnikoff collected $17.64 from pot
kaputnikoff: doesn't show hand
*** SUMMARY ***
Total pot $18 | Rake $0.36
Board [4c 6d Td 2d]
Seat 1: kaputnikoff (big blind) collected ($17.64)
Seat 2: dodge658 (button) (small blind) folded on the Turn


PokerStars Hand #148087316761:  Hold'em Limit ($3/$6 USD) - 2016/02/01 20:50:10 ET
Table 'Klotho' 2-max Seat #1 is the button
Seat 1: kaputnikoff ($192.99 in chips)
Seat 2: dodge658 ($64.77 in chips)
kaputnikoff: posts small blind $1
dodge658: posts big blind $3
*** HOLE CARDS ***
kaputnikoff: raises $3 to $6
dodge658: calls $3
*** FLOP *** [Th Kh Jc]
dodge658: checks
kaputnikoff: checks
*** TURN *** [Th Kh Jc] [5c]
dodge658: bets $6
kaputnikoff: calls $6
*** RIVER *** [Th Kh Jc 5c] [Qd]
dodge658: bets $6
kaputnikoff: folds
Uncalled bet ($6) returned to dodge658
dodge658 collected $23.52 from pot
dodge658: doesn't show hand
*** SUMMARY ***
Total pot $24 | Rake $0.48
Board [Th Kh Jc 5c Qd]
Seat 1: kaputnikoff (button) (small blind) folded on the River
Seat 2: dodge658 (big blind) collected ($23.52)


PokerStars Hand #148087363318:  Hold'em Limit ($3/$6 USD) - 2016/02/01 20:51:41 ET
Table 'Klotho' 2-max Seat #1 is the button
Seat 1: kaputnikoff ($191.49 in chips)
Seat 2: dodge658 ($64.93 in chips)
kaputnikoff: posts small blind $1
dodge658: posts big blind $3
*** HOLE CARDS ***
kaputnikoff: folds
Uncalled bet ($2) returned to dodge658
dodge658 collected $2 from pot
dodge658: doesn't show hand
*** SUMMARY ***
Total pot $2 | Rake $0
Seat 1: kaputnikoff (button) (small blind) folded before Flop
Seat 2: dodge658 (big blind) collected ($2)


PokerStars Hand #148087349597:  Hold'em Limit ($3/$6 USD) - 2016/02/01 20:51:14 ET
Table 'Klotho' 2-max Seat #2 is the button
Seat 1: kaputnikoff ($200.49 in chips)
Seat 2: dodge658 ($56.29 in chips)
dodge658: posts small blind $1
kaputnikoff: posts big blind $3
*** HOLE CARDS ***
dodge658: calls $2
kaputnikoff: raises $3 to $6
dodge658: calls $3
*** FLOP *** [8c 2s 4c]
kaputnikoff: bets $3
dodge658: calls $3
*** TURN *** [8c 2s 4c] [7c]
kaputnikoff: checks
dodge658: checks
*** RIVER *** [8c 2s 4c 7c] [7h]
kaputnikoff: checks
dodge658: checks
*** SHOW DOWN ***
kaputnikoff: shows [5s Kc] (a pair of Sevens)
dodge658: shows [5h Ah] (a pair of Sevens - Ace kicker)
dodge658 collected $17.64 from pot
*** SUMMARY ***
Total pot $18 | Rake $0.36
Board [8c 2s 4c 7c 7h]
Seat 1: kaputnikoff (big blind) showed [5s Kc] and lost with a pair of Sevens
Seat 2: dodge658 (button) (small blind) showed [5h Ah] and won ($17.64) with a pair of Sevens


PokerStars Hand #148087345729:  Hold'em Limit ($3/$6 USD) - 2016/02/01 20:51:06 ET
Table 'Klotho' 2-max Seat #1 is the button
Seat 1: kaputnikoff ($201.49 in chips)
Seat 2: dodge658 ($55.29 in chips)
kaputnikoff: posts small blind $1
dodge658: posts big blind $3
*** HOLE CARDS ***
kaputnikoff: folds
Uncalled bet ($2) returned to dodge658
dodge658 collected $2 from pot
dodge658: doesn't show hand
*** SUMMARY ***
Total pot $2 | Rake $0
Seat 1: kaputnikoff (button) (small blind) folded before Flop
Seat 2: dodge658 (big blind) collected ($2)


PokerStars Hand #148087329601:  Hold'em Limit ($3/$6 USD) - 2016/02/01 20:50:35 ET
Table 'Klotho' 2-max Seat #2 is the button
Seat 1: kaputnikoff ($180.99 in chips)
Seat 2: dodge658 ($76.29 in chips)
dodge658: posts small blind $1
kaputnikoff: posts big blind $3
*** HOLE CARDS ***
dodge658: calls $2
kaputnikoff: raises $3 to $6
dodge658: calls $3
*** FLOP *** [Qc Ac 9s]
kaputnikoff: bets $3
dodge658: calls $3
*** TURN *** [Qc Ac 9s] [Qh]
kaputnikoff: bets $6
dodge658: calls $6
*** RIVER *** [Qc Ac 9s Qh] [5s]
kaputnikoff: bets $6
dodge658: calls $6
*** SHOW DOWN ***
kaputnikoff: shows [Qs 6s] (three of a kind, Queens)
dodge658: mucks hand
kaputnikoff collected $41.50 from pot
*** SUMMARY ***
Total pot $42 | Rake $0.50
Board [Qc Ac 9s Qh 5s]
Seat 1: kaputnikoff (big blind) showed [Qs 6s] and won ($41.50) with three of a kind, Queens
Seat 2: dodge658 (button) (small blind) mucked


PokerStars Hand #148087367723:  Hold'em Limit ($3/$6 USD) - 2016/02/01 20:51:49 ET
Table 'Klotho' 2-max Seat #2 is the button
Seat 1: kaputnikoff ($190.49 in chips)
Seat 2: dodge658 ($65.93 in chips)
dodge658: posts small blind $1
kaputnikoff: posts big blind $3
*** HOLE CARDS ***
dodge658: calls $2
kaputnikoff: checks
*** FLOP *** [Qh 2h Kd]
kaputnikoff: checks
dodge658: bets $3
kaputnikoff: calls $3
*** TURN *** [Qh 2h Kd] [Kh]
kaputnikoff: checks
dodge658: checks
*** RIVER *** [Qh 2h Kd Kh] [3s]
kaputnikoff: checks
dodge658: bets $6
kaputnikoff: calls $6
*** SHOW DOWN ***
dodge658: shows [9s 9c] (two pair, Kings and Nines)
kaputnikoff: mucks hand
dodge658 collected $23.52 from pot
*** SUMMARY ***
Total pot $24 | Rake $0.48
Board [Qh 2h Kd Kh 3s]
Seat 1: kaputnikoff (big blind) mucked
Seat 2: dodge658 (button) (small blind) showed [9s 9c] and won ($23.52) with two pair, Kings and Nines


PokerStars Hand #148087414391:  Hold'em Limit ($3/$6 USD) - 2016/02/01 20:53:21 ET
Table 'Klotho' 2-max Seat #2 is the button
Seat 1: kaputnikoff ($182.99 in chips)
Seat 2: dodge658 ($71.95 in chips)
dodge658: posts small blind $1
kaputnikoff: posts big blind $3
*** HOLE CARDS ***
dodge658: calls $2
kaputnikoff: raises $3 to $6
dodge658: calls $3
*** FLOP *** [Ts Ac 9h]
kaputnikoff: bets $3
dodge658: calls $3
*** TURN *** [Ts Ac 9h] [Qs]
kaputnikoff: checks
dodge658: bets $6
kaputnikoff: calls $6
*** RIVER *** [Ts Ac 9h Qs] [7s]
kaputnikoff: checks
dodge658: bets $6
kaputnikoff: calls $6
*** SHOW DOWN ***
dodge658: shows [Jh Qh] (a pair of Queens)
kaputnikoff: mucks hand
dodge658 collected $41.50 from pot
*** SUMMARY ***
Total pot $42 | Rake $0.50
Board [Ts Ac 9h Qs 7s]
Seat 1: kaputnikoff (big blind) mucked
Seat 2: dodge658 (button) (small blind) showed [Jh Qh] and won ($41.50) with a pair of Queens


PokerStars Hand #148087410729:  Hold'em Limit ($3/$6 USD) - 2016/02/01 20:53:14 ET
Table 'Klotho' 2-max Seat #1 is the button
Seat 1: kaputnikoff ($183.99 in chips)
Seat 2: dodge658 ($70.95 in chips)
kaputnikoff: posts small blind $1
dodge658: posts big blind $3
*** HOLE CARDS ***
kaputnikoff: folds
Uncalled bet ($2) returned to dodge658
dodge658 collected $2 from pot
dodge658: doesn't show hand
*** SUMMARY ***
Total pot $2 | Rake $0
Seat 1: kaputnikoff (button) (small blind) folded before Flop
Seat 2: dodge658 (big blind) collected ($2)


PokerStars Hand #148087396910:  Hold'em Limit ($3/$6 USD) - 2016/02/01 20:52:47 ET
Table 'Klotho' 2-max Seat #2 is the button
Seat 1: kaputnikoff ($198.99 in chips)
Seat 2: dodge658 ($56.45 in chips)
dodge658: posts small blind $1
kaputnikoff: posts big blind $3
*** HOLE CARDS ***
dodge658: calls $2
kaputnikoff: raises $3 to $6
dodge658: calls $3
*** FLOP *** [9s 3d 4s]
kaputnikoff: bets $3
dodge658: calls $3
*** TURN *** [9s 3d 4s] [5s]
kaputnikoff: bets $6
dodge658: calls $6
*** RIVER *** [9s 3d 4s 5s] [6s]
kaputnikoff: checks
dodge658: checks
*** SHOW DOWN ***
kaputnikoff: shows [Ad 4h] (a pair of Fours)
dodge658: shows [6h 5c] (two pair, Sixes and Fives)
dodge658 collected $29.50 from pot
*** SUMMARY ***
Total pot $30 | Rake $0.50
Board [9s 3d 4s 5s 6s]
Seat 1: kaputnikoff (big blind) showed [Ad 4h] and lost with a pair of Fours
Seat 2: dodge658 (button) (small blind) showed [6h 5c] and won ($29.50) with two pair, Sixes and Fives


PokerStars Hand #148087438850:  Hold'em Limit ($3/$6 USD) - 2016/02/01 20:54:10 ET
Table 'Klotho' 2-max Seat #2 is the button
Seat 1: kaputnikoff ($149.99 in chips)
Seat 2: dodge658 ($103.97 in chips)
dodge658: posts small blind $1
kaputnikoff: posts big blind $3
*** HOLE CARDS ***
dodge658: calls $2
kaputnikoff: raises $3 to $6
dodge658: calls $3
*** FLOP *** [5s Th 4d]
kaputnikoff: bets $3
dodge658: calls $3
*** TURN *** [5s Th 4d] [9s]
kaputnikoff: checks
dodge658: checks
*** RIVER *** [5s Th 4d 9s] [7d]
kaputnikoff: checks
dodge658: bets $6
kaputnikoff: calls $6
*** SHOW DOWN ***
dodge658: shows [Jc 9h] (a pair of Nines)
kaputnikoff: mucks hand
dodge658 collected $29.50 from pot
*** SUMMARY ***
Total pot $30 | Rake $0.50
Board [5s Th 4d 9s 7d]
Seat 1: kaputnikoff (big blind) mucked
Seat 2: dodge658 (button) (small blind) showed [Jc 9h] and won ($29.50) with a pair of Nines


PokerStars Hand #148087427560:  Hold'em Limit ($3/$6 USD) - 2016/02/01 20:53:48 ET
Table 'Klotho' 2-max Seat #1 is the button
Seat 1: kaputnikoff ($161.99 in chips)
Seat 2: dodge658 ($92.45 in chips)
kaputnikoff: posts small blind $1
dodge658: posts big blind $3
*** HOLE CARDS ***
kaputnikoff: raises $3 to $6
dodge658: calls $3
*** FLOP *** [Kd Ac 9c]
dodge658: bets $3
kaputnikoff: raises $3 to $6
dodge658: calls $3
*** TURN *** [Kd Ac 9c] [Ad]
dodge658: bets $6
kaputnikoff: folds
Uncalled bet ($6) returned to dodge658
dodge658 collected $23.52 from pot
dodge658: doesn't show hand
*** SUMMARY ***
Total pot $24 | Rake $0.48
Board [Kd Ac 9c Ad]
Seat 1: kaputnikoff (button) (small blind) folded on the Turn
Seat 2: dodge658 (big blind) collected ($23.52)


PokerStars Hand #148087456579:  Hold'em Limit ($3/$6 USD) - 2016/02/01 20:54:45 ET
Table 'Klotho' 2-max Seat #1 is the button
Seat 1: kaputnikoff ($134.99 in chips)
Seat 2: dodge658 ($118.47 in chips)
kaputnikoff: posts small blind $1
dodge658: posts big blind $3
*** HOLE CARDS ***
kaputnikoff: raises $3 to $6
dodge658: calls $3
*** FLOP *** [Ah 5s Qd]
dodge658: checks
kaputnikoff: bets $3
dodge658: calls $3
*** TURN *** [Ah 5s Qd] [Td]
dodge658: checks
kaputnikoff: bets $6
dodge658: folds
Uncalled bet ($6) returned to kaputnikoff
kaputnikoff collected $17.64 from pot
kaputnikoff: doesn't show hand
*** SUMMARY ***
Total pot $18 | Rake $0.36
Board [Ah 5s Qd Td]
Seat 1: kaputnikoff (button) (small blind) collected ($17.64)
Seat 2: dodge658 (big blind) folded on the Turn


PokerStars Hand #148087481646:  Hold'em Limit ($3/$6 USD) - 2016/02/01 20:55:41 ET
Table 'Klotho' 2-max Seat #2 is the button
Seat 1: kaputnikoff ($143.63 in chips)
Seat 2: dodge658 ($109.47 in chips)
dodge658: posts small blind $1
kaputnikoff: posts big blind $3
*** HOLE CARDS ***
dodge658: calls $2
kaputnikoff: raises $3 to $6
dodge658: calls $3
*** FLOP *** [9h 4h 2d]
kaputnikoff: bets $3
dodge658: calls $3
*** TURN *** [9h 4h 2d] [3d]
kaputnikoff: checks
dodge658: checks
*** RIVER *** [9h 4h 2d 3d] [8d]
kaputnikoff: checks
dodge658: checks
*** SHOW DOWN ***
kaputnikoff: shows [Ks Ts] (high card King)
dodge658: shows [Ah 6s] (high card Ace)
dodge658 collected $17.64 from pot
*** SUMMARY ***
Total pot $18 | Rake $0.36
Board [9h 4h 2d 3d 8d]
Seat 1: kaputnikoff (big blind) showed [Ks Ts] and lost with high card King
Seat 2: dodge658 (button) (small blind) showed [Ah 6s] and won ($17.64) with high card Ace


PokerStars Hand #148087495329:  Hold'em Limit ($3/$6 USD) - 2016/02/01 20:56:13 ET
Table 'Klotho' 2-max Seat #1 is the button
Seat 1: kaputnikoff ($134.63 in chips)
Seat 2: dodge658 ($118.11 in chips)
kaputnikoff: posts small blind $1
dodge658: posts big blind $3
*** HOLE CARDS ***
kaputnikoff: raises $3 to $6
dodge658: calls $3
*** FLOP *** [Ac 7d Tc]
dodge658: bets $3
kaputnikoff: calls $3
*** TURN *** [Ac 7d Tc] [6s]
dodge658: bets $6
kaputnikoff: calls $6
*** RIVER *** [Ac 7d Tc 6s] [9c]
dodge658: checks
kaputnikoff: bets $6
dodge658: calls $6
*** SHOW DOWN ***
kaputnikoff: shows [Qh 8d] (a straight, Six to Ten)
dodge658: mucks hand
kaputnikoff collected $41.50 from pot
*** SUMMARY ***
Total pot $42 | Rake $0.50
Board [Ac 7d Tc 6s 9c]
Seat 1: kaputnikoff (button) (small blind) showed [Qh 8d] and won ($41.50) with a straight, Six to Ten
Seat 2: dodge658 (big blind) mucked


PokerStars Hand #148087560510:  Hold'em Limit ($3/$6 USD) - 2016/02/01 20:58:31 ET
Table 'Klotho' 2-max Seat #1 is the button
Seat 1: kaputnikoff ($175.27 in chips)
Seat 2: dodge658 ($75.75 in chips)
kaputnikoff: posts small blind $1
dodge658: posts big blind $3
*** HOLE CARDS ***
kaputnikoff: raises $3 to $6
dodge658: calls $3
*** FLOP *** [8h 8d 4c]
dodge658: checks
kaputnikoff: bets $3
dodge658: calls $3
*** TURN *** [8h 8d 4c] [Jd]
dodge658: checks
kaputnikoff: bets $6
dodge658: folds
Uncalled bet ($6) returned to kaputnikoff
kaputnikoff collected $17.64 from pot
*** SUMMARY ***
Total pot $18 | Rake $0.36
Board [8h 8d 4c Jd]
Seat 1: kaputnikoff (button) (small blind) collected ($17.64)
Seat 2: dodge658 (big blind) folded on the Turn


PokerStars Hand #148087548981:  Hold'em Limit ($3/$6 USD) - 2016/02/01 20:58:10 ET
Table 'Klotho' 2-max Seat #2 is the button
Seat 1: kaputnikoff ($184.27 in chips)
Seat 2: dodge658 ($67.11 in chips)
dodge658: posts small blind $1
kaputnikoff: posts big blind $3
*** HOLE CARDS ***
dodge658: calls $2
kaputnikoff: raises $3 to $6
dodge658: calls $3
*** FLOP *** [3d Kd 3s]
kaputnikoff: bets $3
dodge658: calls $3
*** TURN *** [3d Kd 3s] [6c]
kaputnikoff: checks
dodge658: checks
*** RIVER *** [3d Kd 3s 6c] [7c]
kaputnikoff: checks
dodge658: checks
*** SHOW DOWN ***
kaputnikoff: shows [Ah 5s] (a pair of Threes)
dodge658: shows [4d 4s] (two pair, Fours and Threes)
dodge658 collected $17.64 from pot
*** SUMMARY ***
Total pot $18 | Rake $0.36
Board [3d Kd 3s 6c 7c]
Seat 1: kaputnikoff (big blind) showed [Ah 5s] and lost with a pair of Threes
Seat 2: dodge658 (button) (small blind) showed [4d 4s] and won ($17.64) with two pair, Fours and Threes


PokerStars Hand #148087532334:  Hold'em Limit ($3/$6 USD) - 2016/02/01 20:57:39 ET
Table 'Klotho' 2-max Seat #1 is the button
Seat 1: kaputnikoff ($163.77 in chips)
Seat 2: dodge658 ($88.11 in chips)
kaputnikoff: posts small blind $1
dodge658: posts big blind $3
*** HOLE CARDS ***
kaputnikoff: raises $3 to $6
dodge658: calls $3
*** FLOP *** [Ah 8h 4h]
dodge658: bets $3
kaputnikoff: calls $3
*** TURN *** [Ah 8h 4h] [2c]
dodge658: checks
kaputnikoff: bets $6
dodge658: calls $6
*** RIVER *** [Ah 8h 4h 2c] [6c]
dodge658: checks
kaputnikoff: bets $6
dodge658: calls $6
*** SHOW DOWN ***
kaputnikoff: shows [7h Ad] (a pair of Aces)
dodge658: mucks hand
kaputnikoff collected $41.50 from pot
*** SUMMARY ***
Total pot $42 | Rake $0.50
Board [Ah 8h 4h 2c 6c]
Seat 1: kaputnikoff (button) (small blind) showed [7h Ad] and won ($41.50) with a pair of Aces
Seat 2: dodge658 (big blind) mucked


PokerStars Hand #148087588330:  Hold'em Limit ($3/$6 USD) - 2016/02/01 20:59:34 ET
Table 'Klotho' 2-max Seat #1 is the button
Seat 1: kaputnikoff ($168.91 in chips)
Seat 2: dodge658 ($81.25 in chips)
kaputnikoff: posts small blind $1
dodge658: posts big blind $3
*** HOLE CARDS ***
kaputnikoff: folds
Uncalled bet ($2) returned to dodge658
dodge658 collected $2 from pot
dodge658: doesn't show hand
*** SUMMARY ***
Total pot $2 | Rake $0
Seat 1: kaputnikoff (button) (small blind) folded before Flop
Seat 2: dodge658 (big blind) collected ($2)


PokerStars Hand #148087570611:  Hold'em Limit ($3/$6 USD) - 2016/02/01 20:58:53 ET
Table 'Klotho' 2-max Seat #2 is the button
Seat 1: kaputnikoff ($183.91 in chips)
Seat 2: dodge658 ($66.75 in chips)
dodge658: posts small blind $1
kaputnikoff: posts big blind $3
*** HOLE CARDS ***
dodge658: calls $2
kaputnikoff: raises $3 to $6
dodge658: calls $3
*** FLOP *** [Ks Td 8d]
kaputnikoff: bets $3
dodge658: calls $3
*** TURN *** [Ks Td 8d] [7s]
kaputnikoff: checks
dodge658: bets $6
kaputnikoff: calls $6
*** RIVER *** [Ks Td 8d 7s] [6c]
kaputnikoff: checks
dodge658: bets $6
kaputnikoff: folds
Uncalled bet ($6) returned to dodge658
dodge658 collected $29.50 from pot
dodge658: doesn't show hand
*** SUMMARY ***
Total pot $30 | Rake $0.50
Board [Ks Td 8d 7s 6c]
Seat 1: kaputnikoff (big blind) folded on the River
Seat 2: dodge658 (button) (small blind) collected ($29.50)


PokerStars Hand #148087591282:  Hold'em Limit ($3/$6 USD) - 2016/02/01 20:59:41 ET
Table 'Klotho' 2-max Seat #2 is the button
Seat 1: kaputnikoff ($167.91 in chips)
Seat 2: dodge658 ($82.25 in chips)
dodge658: posts small blind $1
kaputnikoff: posts big blind $3
*** HOLE CARDS ***
dodge658: calls $2
kaputnikoff: checks
*** FLOP *** [2s 5d Qh]
kaputnikoff: checks
dodge658: checks
*** TURN *** [2s 5d Qh] [7d]
kaputnikoff: bets $6
dodge658: calls $6
*** RIVER *** [2s 5d Qh 7d] [9s]
kaputnikoff: checks
dodge658: bets $6
kaputnikoff: folds
Uncalled bet ($6) returned to dodge658
dodge658 collected $17.64 from pot
dodge658: doesn't show hand
*** SUMMARY ***
Total pot $18 | Rake $0.36
Board [2s 5d Qh 7d 9s]
Seat 1: kaputnikoff (big blind) folded on the River
Seat 2: dodge658 (button) (small blind) collected ($17.64)


PokerStars Hand #148087602363:  Hold'em Limit ($3/$6 USD) - 2016/02/01 21:00:06 ET
Table 'Klotho' 2-max Seat #1 is the button
Seat 1: kaputnikoff ($158.91 in chips)
Seat 2: dodge658 ($90.89 in chips)
kaputnikoff: posts small blind $1
dodge658: posts big blind $3
*** HOLE CARDS ***
kaputnikoff: raises $3 to $6
dodge658: calls $3
*** FLOP *** [Qc 7d 9s]
dodge658: bets $3
kaputnikoff: raises $3 to $6
dodge658: calls $3
*** TURN *** [Qc 7d 9s] [Ks]
dodge658: checks
kaputnikoff: bets $6
dodge658: calls $6
*** RIVER *** [Qc 7d 9s Ks] [5s]
dodge658: bets $6
kaputnikoff: calls $6
*** SHOW DOWN ***
dodge658: shows [5h 8h] (a pair of Fives)
kaputnikoff: shows [Qs 7c] (two pair, Queens and Sevens)
kaputnikoff collected $47.50 from pot
*** SUMMARY ***
Total pot $48 | Rake $0.50
Board [Qc 7d 9s Ks 5s]
Seat 1: kaputnikoff (button) (small blind) showed [Qs 7c] and won ($47.50) with two pair, Queens and Sevens
Seat 2: dodge658 (big blind) showed [5h 8h] and lost with a pair of Fives


PokerStars Hand #148087633462:  Hold'em Limit ($3/$6 USD) - 2016/02/01 21:01:14 ET
Table 'Klotho' 2-max Seat #1 is the button
Seat 1: kaputnikoff ($167.41 in chips)
Seat 2: dodge658 ($81.39 in chips)
kaputnikoff: posts small blind $1
dodge658: posts big blind $3
*** HOLE CARDS ***
kaputnikoff: raises $3 to $6
dodge658: calls $3
*** FLOP *** [Ad 7d 2h]
dodge658: bets $3
kaputnikoff: calls $3
*** TURN *** [Ad 7d 2h] [Td]
dodge658: bets $6
kaputnikoff: calls $6
*** RIVER *** [Ad 7d 2h Td] [Jh]
dodge658: bets $6
kaputnikoff: folds
Uncalled bet ($6) returned to dodge658
dodge658 collected $29.50 from pot
dodge658: doesn't show hand
*** SUMMARY ***
Total pot $30 | Rake $0.50
Board [Ad 7d 2h Td Jh]
Seat 1: kaputnikoff (button) (small blind) folded on the River
Seat 2: dodge658 (big blind) collected ($29.50)


PokerStars Hand #148087617676:  Hold'em Limit ($3/$6 USD) - 2016/02/01 21:00:40 ET
Table 'Klotho' 2-max Seat #2 is the button
Seat 1: kaputnikoff ($182.41 in chips)
Seat 2: dodge658 ($66.89 in chips)
dodge658: posts small blind $1
kaputnikoff: posts big blind $3
*** HOLE CARDS ***
dodge658: calls $2
kaputnikoff: raises $3 to $6
dodge658: calls $3
*** FLOP *** [7d 8s 3s]
kaputnikoff: bets $3
dodge658: calls $3
*** TURN *** [7d 8s 3s] [Ad]
kaputnikoff: checks
dodge658: checks
*** RIVER *** [7d 8s 3s Ad] [Td]
kaputnikoff: checks
dodge658: bets $6
kaputnikoff: calls $6
*** SHOW DOWN ***
dodge658: shows [6c Ts] (a pair of Tens)
kaputnikoff: mucks hand
dodge658 collected $29.50 from pot
*** SUMMARY ***
Total pot $30 | Rake $0.50
Board [7d 8s 3s Ad Td]
Seat 1: kaputnikoff (big blind) mucked
Seat 2: dodge658 (button) (small blind) showed [6c Ts] and won ($29.50) with a pair of Tens


PokerStars Hand #148087645769:  Hold'em Limit ($3/$6 USD) - 2016/02/01 21:01:39 ET
Table 'Klotho' 2-max Seat #2 is the button
Seat 1: kaputnikoff ($152.41 in chips)
Seat 2: dodge658 ($95.89 in chips)
dodge658: posts small blind $1
kaputnikoff: posts big blind $3
*** HOLE CARDS ***
dodge658: calls $2
kaputnikoff: checks
*** FLOP *** [As 2h Qc]
kaputnikoff: checks
dodge658: checks
*** TURN *** [As 2h Qc] [9c]
kaputnikoff: checks
dodge658: checks
*** RIVER *** [As 2h Qc 9c] [7c]
kaputnikoff: bets $6
dodge658: folds
Uncalled bet ($6) returned to kaputnikoff
kaputnikoff collected $5.88 from pot
*** SUMMARY ***
Total pot $6 | Rake $0.12
Board [As 2h Qc 9c 7c]
Seat 1: kaputnikoff (big blind) collected ($5.88)
Seat 2: dodge658 (button) (small blind) folded on the River


PokerStars Hand #148087660396:  Hold'em Limit ($3/$6 USD) - 2016/02/01 21:02:09 ET
Table 'Klotho' 2-max Seat #1 is the button
Seat 1: kaputnikoff ($155.29 in chips)
Seat 2: dodge658 ($92.89 in chips)
kaputnikoff: posts small blind $1
dodge658: posts big blind $3
*** HOLE CARDS ***
kaputnikoff: raises $3 to $6
dodge658: calls $3
*** FLOP *** [5s Th Kc]
dodge658: checks
kaputnikoff: bets $3
dodge658: calls $3
*** TURN *** [5s Th Kc] [Js]
dodge658: checks
kaputnikoff: bets $6
dodge658: calls $6
*** RIVER *** [5s Th Kc Js] [9h]
dodge658: bets $6
kaputnikoff: calls $6
*** SHOW DOWN ***
dodge658: shows [6d Qs] (a straight, Nine to King)
kaputnikoff: mucks hand
dodge658 collected $41.50 from pot
*** SUMMARY ***
Total pot $42 | Rake $0.50
Board [5s Th Kc Js 9h]
Seat 1: kaputnikoff (button) (small blind) mucked
Seat 2: dodge658 (big blind) showed [6d Qs] and won ($41.50) with a straight, Nine to King


PokerStars Hand #148087685596:  Hold'em Limit ($3/$6 USD) - 2016/02/01 21:03:00 ET
Table 'Klotho' 2-max Seat #2 is the button
Seat 1: kaputnikoff ($134.29 in chips)
Seat 2: dodge658 ($113.39 in chips)
dodge658: posts small blind $1
kaputnikoff: posts big blind $3
*** HOLE CARDS ***
dodge658: calls $2
kaputnikoff: raises $3 to $6
dodge658: calls $3
*** FLOP *** [2h 5s 3c]
kaputnikoff: bets $3
dodge658: calls $3
*** TURN *** [2h 5s 3c] [Kh]
kaputnikoff: bets $6
dodge658: folds
Uncalled bet ($6) returned to kaputnikoff
kaputnikoff collected $17.64 from pot
*** SUMMARY ***
Total pot $18 | Rake $0.36
Board [2h 5s 3c Kh]
Seat 1: kaputnikoff (big blind) collected ($17.64)
Seat 2: dodge658 (button) (small blind) folded on the Turn


PokerStars Hand #148087729544:  Hold'em Limit ($3/$6 USD) - 2016/02/01 21:04:29 ET
Table 'Klotho' 2-max Seat #2 is the button
Seat 1: kaputnikoff ($169.43 in chips)
Seat 2: dodge658 ($77.39 in chips)
dodge658: posts small blind $1
kaputnikoff: posts big blind $3
*** HOLE CARDS ***
dodge658: calls $2
kaputnikoff: raises $3 to $6
dodge658: calls $3
*** FLOP *** [3s 7s 8d]
kaputnikoff: bets $3
dodge658: calls $3
*** TURN *** [3s 7s 8d] [Jd]
kaputnikoff: checks
dodge658: checks
*** RIVER *** [3s 7s 8d Jd] [Qc]
kaputnikoff: checks
dodge658: bets $6
kaputnikoff: calls $6
*** SHOW DOWN ***
dodge658: shows [9h 3d] (a pair of Threes)
kaputnikoff: mucks hand
dodge658 collected $29.50 from pot
*** SUMMARY ***
Total pot $30 | Rake $0.50
Board [3s 7s 8d Jd Qc]
Seat 1: kaputnikoff (big blind) mucked
Seat 2: dodge658 (button) (small blind) showed [9h 3d] and won ($29.50) with a pair of Threes


PokerStars Hand #148087773963:  Hold'em Limit ($3/$6 USD) - 2016/02/01 21:06:00 ET
Table 'Klotho' 2-max Seat #2 is the button
Seat 1: kaputnikoff ($163.07 in chips)
Seat 2: dodge658 ($82.89 in chips)
dodge658: posts small blind $1
kaputnikoff: posts big blind $3
*** HOLE CARDS ***
dodge658: calls $2
kaputnikoff: checks
*** FLOP *** [Js 2d Ac]
kaputnikoff: checks
dodge658: checks
*** TURN *** [Js 2d Ac] [6c]
kaputnikoff: checks
dodge658: checks
*** RIVER *** [Js 2d Ac 6c] [As]
kaputnikoff: checks
dodge658: checks
*** SHOW DOWN ***
kaputnikoff: shows [2s 4s] (two pair, Aces and Deuces)
dodge658: mucks hand
kaputnikoff collected $5.88 from pot
*** SUMMARY ***
Total pot $6 | Rake $0.12
Board [Js 2d Ac 6c As]
Seat 1: kaputnikoff (big blind) showed [2s 4s] and won ($5.88) with two pair, Aces and Deuces
Seat 2: dodge658 (button) (small blind) mucked


PokerStars Hand #148087742873:  Hold'em Limit ($3/$6 USD) - 2016/02/01 21:04:57 ET
Table 'Klotho' 2-max Seat #1 is the button
Seat 1: kaputnikoff ($154.43 in chips)
Seat 2: dodge658 ($91.89 in chips)
kaputnikoff: posts small blind $1
dodge658: posts big blind $3
*** HOLE CARDS ***
kaputnikoff: raises $3 to $6
dodge658: calls $3
*** FLOP *** [Ts 9c 9d]
dodge658: checks
kaputnikoff: bets $3
dodge658: calls $3
*** TURN *** [Ts 9c 9d] [5s]
dodge658: checks
kaputnikoff: checks
*** RIVER *** [Ts 9c 9d 5s] [As]
dodge658: checks
kaputnikoff: bets $6
dodge658: folds
Uncalled bet ($6) returned to kaputnikoff
kaputnikoff collected $17.64 from pot
*** SUMMARY ***
Total pot $18 | Rake $0.36
Board [Ts 9c 9d 5s As]
Seat 1: kaputnikoff (button) (small blind) collected ($17.64)
Seat 2: dodge658 (big blind) folded on the River


PokerStars Hand #148087824735:  Hold'em Limit ($3/$6 USD) - 2016/02/01 21:07:43 ET
Table 'Klotho' 2-max Seat #1 is the button
Seat 1: kaputnikoff ($165.45 in chips)
Seat 2: dodge658 ($79.39 in chips)
kaputnikoff: posts small blind $1
dodge658: posts big blind $3
*** HOLE CARDS ***
kaputnikoff: raises $3 to $6
dodge658: folds
Uncalled bet ($3) returned to kaputnikoff
kaputnikoff collected $6 from pot
*** SUMMARY ***
Total pot $6 | Rake $0
Seat 1: kaputnikoff (button) (small blind) collected ($6)
Seat 2: dodge658 (big blind) folded before Flop


PokerStars Hand #148087810542:  Hold'em Limit ($3/$6 USD) - 2016/02/01 21:07:14 ET
Table 'Klotho' 2-max Seat #2 is the button
Seat 1: kaputnikoff ($150.95 in chips)
Seat 2: dodge658 ($94.39 in chips)
dodge658: posts small blind $1
kaputnikoff: posts big blind $3
*** HOLE CARDS ***
dodge658: calls $2
kaputnikoff: raises $3 to $6
dodge658: calls $3
*** FLOP *** [5h 4d 4h]
kaputnikoff: bets $3
dodge658: calls $3
*** TURN *** [5h 4d 4h] [5s]
kaputnikoff: bets $6
dodge658: calls $6
*** RIVER *** [5h 4d 4h 5s] [9s]
kaputnikoff: checks
dodge658: checks
*** SHOW DOWN ***
kaputnikoff: shows [8d Jc] (two pair, Fives and Fours)
dodge658: mucks hand
kaputnikoff collected $29.50 from pot
*** SUMMARY ***
Total pot $30 | Rake $0.50
Board [5h 4d 4h 5s 9s]
Seat 1: kaputnikoff (big blind) showed [8d Jc] and won ($29.50) with two pair, Fives and Fours
Seat 2: dodge658 (button) (small blind) mucked


PokerStars Hand #148087796917:  Hold'em Limit ($3/$6 USD) - 2016/02/01 21:06:46 ET
Table 'Klotho' 2-max Seat #1 is the button
Seat 1: kaputnikoff ($165.95 in chips)
Seat 2: dodge658 ($79.89 in chips)
kaputnikoff: posts small blind $1
dodge658: posts big blind $3
*** HOLE CARDS ***
kaputnikoff: raises $3 to $6
dodge658: calls $3
*** FLOP *** [3s 9c 6h]
dodge658: bets $3
kaputnikoff: calls $3
*** TURN *** [3s 9c 6h] [Ac]
dodge658: checks
kaputnikoff: checks
*** RIVER *** [3s 9c 6h Ac] [6s]
dodge658: bets $6
kaputnikoff: calls $6
*** SHOW DOWN ***
dodge658: shows [4s 6c] (three of a kind, Sixes)
kaputnikoff: mucks hand
dodge658 collected $29.50 from pot
*** SUMMARY ***
Total pot $30 | Rake $0.50
Board [3s 9c 6h Ac 6s]
Seat 1: kaputnikoff (button) (small blind) mucked
Seat 2: dodge658 (big blind) showed [4s 6c] and won ($29.50) with three of a kind, Sixes


PokerStars Hand #148087842425:  Hold'em Limit ($3/$6 USD) - 2016/02/01 21:08:18 ET
Table 'Klotho' 2-max Seat #1 is the button
Seat 1: kaputnikoff ($159.45 in chips)
Seat 2: dodge658 ($85.03 in chips)
kaputnikoff: posts small blind $1
dodge658: posts big blind $3
*** HOLE CARDS ***
kaputnikoff: raises $3 to $6
dodge658: calls $3
*** FLOP *** [Kd Qc Th]
dodge658: bets $3
kaputnikoff: folds
Uncalled bet ($3) returned to dodge658
dodge658 collected $11.76 from pot
dodge658: doesn't show hand
*** SUMMARY ***
Total pot $12 | Rake $0.24
Board [Kd Qc Th]
Seat 1: kaputnikoff (button) (small blind) folded on the Flop
Seat 2: dodge658 (big blind) collected ($11.76)


PokerStars Hand #148087849550:  Hold'em Limit ($3/$6 USD) - 2016/02/01 21:08:33 ET
Table 'Klotho' 2-max Seat #2 is the button
Seat 1: kaputnikoff ($153.45 in chips)
Seat 2: dodge658 ($90.79 in chips)
dodge658: posts small blind $1
kaputnikoff: posts big blind $3
*** HOLE CARDS ***
dodge658: calls $2
kaputnikoff: raises $3 to $6
dodge658: calls $3
*** FLOP *** [9s Ah 7d]
kaputnikoff: bets $3
dodge658: calls $3
*** TURN *** [9s Ah 7d] [5d]
kaputnikoff: bets $6
dodge658: calls $6
*** RIVER *** [9s Ah 7d 5d] [Qh]
kaputnikoff: bets $6
dodge658: folds
Uncalled bet ($6) returned to kaputnikoff
kaputnikoff collected $29.50 from pot
*** SUMMARY ***
Total pot $30 | Rake $0.50
Board [9s Ah 7d 5d Qh]
Seat 1: kaputnikoff (big blind) collected ($29.50)
Seat 2: dodge658 (button) (small blind) folded on the River


PokerStars Hand #148087862807:  Hold'em Limit ($3/$6 USD) - 2016/02/01 21:09:00 ET
Table 'Klotho' 2-max Seat #1 is the button
Seat 1: kaputnikoff ($167.95 in chips)
Seat 2: dodge658 ($75.79 in chips)
kaputnikoff: posts small blind $1
dodge658: posts big blind $3
*** HOLE CARDS ***
kaputnikoff: raises $3 to $6
dodge658: calls $3
*** FLOP *** [8s Ks 5h]
dodge658: checks
kaputnikoff: bets $3
dodge658: calls $3
*** TURN *** [8s Ks 5h] [7s]
dodge658: checks
kaputnikoff: bets $6
dodge658: calls $6
*** RIVER *** [8s Ks 5h 7s] [Jh]
dodge658: bets $6
kaputnikoff: calls $6
*** SHOW DOWN ***
dodge658: shows [9d Tc] (a straight, Seven to Jack)
kaputnikoff: mucks hand
dodge658 collected $41.50 from pot
*** SUMMARY ***
Total pot $42 | Rake $0.50
Board [8s Ks 5h 7s Jh]
Seat 1: kaputnikoff (button) (small blind) mucked
Seat 2: dodge658 (big blind) showed [9d Tc] and won ($41.50) with a straight, Seven to Jack


PokerStars Hand #148087892189:  Hold'em Limit ($3/$6 USD) - 2016/02/01 21:10:00 ET
Table 'Klotho' 2-max Seat #2 is the button
Seat 1: kaputnikoff ($146.95 in chips)
Seat 2: dodge658 ($96.29 in chips)
dodge658: posts small blind $1
kaputnikoff: posts big blind $3
*** HOLE CARDS ***
dodge658: calls $2
kaputnikoff: checks
*** FLOP *** [4h Kh 8h]
kaputnikoff: checks
dodge658: checks
*** TURN *** [4h Kh 8h] [Ac]
kaputnikoff: bets $6
dodge658: calls $6
*** RIVER *** [4h Kh 8h Ac] [6s]
kaputnikoff: checks
dodge658 is disconnected
dodge658 is connected
dodge658: checks
*** SHOW DOWN ***
kaputnikoff: shows [7d 9c] (high card Ace)
dodge658: mucks hand
kaputnikoff collected $17.64 from pot
*** SUMMARY ***
Total pot $18 | Rake $0.36
Board [4h Kh 8h Ac 6s]
Seat 1: kaputnikoff (big blind) showed [7d 9c] and won ($17.64) with high card Ace
Seat 2: dodge658 (button) (small blind) mucked


PokerStars Hand #148087945683:  Hold'em Limit ($3/$6 USD) - 2016/02/01 21:11:51 ET
Table 'Klotho' 2-max Seat #1 is the button
Seat 1: kaputnikoff ($155.59 in chips)
Seat 2: dodge658 ($87.29 in chips)
kaputnikoff: posts small blind $1
dodge658: posts big blind $3
*** HOLE CARDS ***
kaputnikoff: raises $3 to $6
dodge658: calls $3
*** FLOP *** [9c 7d 5c]
dodge658: checks
kaputnikoff: bets $3
dodge658: calls $3
*** TURN *** [9c 7d 5c] [Ks]
dodge658: checks
kaputnikoff: bets $6
dodge658: calls $6
*** RIVER *** [9c 7d 5c Ks] [2c]
dodge658: checks
kaputnikoff: bets $6
dodge658: calls $6
*** SHOW DOWN ***
kaputnikoff: shows [Ad As] (a pair of Aces)
dodge658: mucks hand
kaputnikoff collected $41.50 from pot
*** SUMMARY ***
Total pot $42 | Rake $0.50
Board [9c 7d 5c Ks 2c]
Seat 1: kaputnikoff (button) (small blind) showed [Ad As] and won ($41.50) with a pair of Aces
Seat 2: dodge658 (big blind) mucked


PokerStars Hand #148087986079:  Hold'em Limit ($3/$6 USD) - 2016/02/01 21:13:15 ET
Table 'Klotho' 2-max Seat #1 is the button
Seat 1: kaputnikoff ($158.09 in chips)
Seat 2: dodge658 ($83.79 in chips)
kaputnikoff: posts small blind $1
dodge658: posts big blind $3
*** HOLE CARDS ***
kaputnikoff: raises $3 to $6
dodge658: calls $3
*** FLOP *** [4d 9c 9h]
dodge658: checks
kaputnikoff: bets $3
dodge658: calls $3
*** TURN *** [4d 9c 9h] [Ad]
dodge658: checks
kaputnikoff: bets $6
dodge658: folds
Uncalled bet ($6) returned to kaputnikoff
kaputnikoff collected $17.64 from pot
kaputnikoff: doesn't show hand
*** SUMMARY ***
Total pot $18 | Rake $0.36
Board [4d 9c 9h Ad]
Seat 1: kaputnikoff (button) (small blind) collected ($17.64)
Seat 2: dodge658 (big blind) folded on the Turn


PokerStars Hand #148087968887:  Hold'em Limit ($3/$6 USD) - 2016/02/01 21:12:39 ET
Table 'Klotho' 2-max Seat #2 is the button
Seat 1: kaputnikoff ($176.09 in chips)
Seat 2: dodge658 ($66.29 in chips)
dodge658: posts small blind $1
kaputnikoff: posts big blind $3
*** HOLE CARDS ***
dodge658: calls $2
kaputnikoff: checks
*** FLOP *** [4s 3h Th]
kaputnikoff: bets $3
dodge658: calls $3
*** TURN *** [4s 3h Th] [Jd]
kaputnikoff: bets $6
dodge658: calls $6
*** RIVER *** [4s 3h Th Jd] [9d]
kaputnikoff: bets $6
dodge658: calls $6
*** SHOW DOWN ***
kaputnikoff: shows [6c 4d] (a pair of Fours)
dodge658: shows [Js 6s] (a pair of Jacks)
dodge658 collected $35.50 from pot
*** SUMMARY ***
Total pot $36 | Rake $0.50
Board [4s 3h Th Jd 9d]
Seat 1: kaputnikoff (big blind) showed [6c 4d] and lost with a pair of Fours
Seat 2: dodge658 (button) (small blind) showed [Js 6s] and won ($35.50) with a pair of Jacks


PokerStars Hand #148088016812:  Hold'em Limit ($3/$6 USD) - 2016/02/01 21:14:20 ET
Table 'Klotho' 2-max Seat #1 is the button
Seat 1: kaputnikoff ($151.73 in chips)
Seat 2: dodge658 ($89.29 in chips)
kaputnikoff: posts small blind $1
dodge658: posts big blind $3
*** HOLE CARDS ***
kaputnikoff: raises $3 to $6
dodge658: calls $3
*** FLOP *** [Th Ks 2h]
dodge658: bets $3
kaputnikoff: raises $3 to $6
dodge658: calls $3
*** TURN *** [Th Ks 2h] [6s]
dodge658: checks
kaputnikoff: checks
*** RIVER *** [Th Ks 2h 6s] [Qs]
dodge658: bets $6
kaputnikoff: calls $6
*** SHOW DOWN ***
dodge658: shows [Qh Ad] (a pair of Queens)
kaputnikoff: mucks hand
dodge658 collected $35.50 from pot
*** SUMMARY ***
Total pot $36 | Rake $0.50
Board [Th Ks 2h 6s Qs]
Seat 1: kaputnikoff (button) (small blind) mucked
Seat 2: dodge658 (big blind) showed [Qh Ad] and won ($35.50) with a pair of Queens


PokerStars Hand #148088045079:  Hold'em Limit ($3/$6 USD) - 2016/02/01 21:15:19 ET
Table 'Klotho' 2-max Seat #1 is the button
Seat 1: kaputnikoff ($148.23 in chips)
Seat 2: dodge658 ($91.79 in chips)
kaputnikoff: posts small blind $1
dodge658: posts big blind $3
*** HOLE CARDS ***
kaputnikoff: folds
Uncalled bet ($2) returned to dodge658
dodge658 collected $2 from pot
dodge658: doesn't show hand
*** SUMMARY ***
Total pot $2 | Rake $0
Seat 1: kaputnikoff (button) (small blind) folded before Flop
Seat 2: dodge658 (big blind) collected ($2)


PokerStars Hand #148088031584:  Hold'em Limit ($3/$6 USD) - 2016/02/01 21:14:51 ET
Table 'Klotho' 2-max Seat #2 is the button
Seat 1: kaputnikoff ($133.73 in chips)
Seat 2: dodge658 ($106.79 in chips)
dodge658: posts small blind $1
kaputnikoff: posts big blind $3
*** HOLE CARDS ***
dodge658: calls $2
kaputnikoff: checks
*** FLOP *** [Ah 3d 6h]
kaputnikoff: checks
dodge658: checks
*** TURN *** [Ah 3d 6h] [2d]
kaputnikoff: bets $6
dodge658: calls $6
*** RIVER *** [Ah 3d 6h 2d] [9h]
kaputnikoff: bets $6
dodge658: calls $6
*** SHOW DOWN ***
kaputnikoff: shows [5c 4d] (a straight, Deuce to Six)
dodge658: mucks hand
kaputnikoff collected $29.50 from pot
*** SUMMARY ***
Total pot $30 | Rake $0.50
Board [Ah 3d 6h 2d 9h]
Seat 1: kaputnikoff (big blind) showed [5c 4d] and won ($29.50) with a straight, Deuce to Six
Seat 2: dodge658 (button) (small blind) mucked


PokerStars Hand #148088049738:  Hold'em Limit ($3/$6 USD) - 2016/02/01 21:15:29 ET
Table 'Klotho' 2-max Seat #2 is the button
Seat 1: kaputnikoff ($147.23 in chips)
Seat 2: dodge658 ($92.79 in chips)
dodge658: posts small blind $1
kaputnikoff: posts big blind $3
*** HOLE CARDS ***
dodge658: calls $2
kaputnikoff: raises $3 to $6
dodge658: calls $3
*** FLOP *** [7s 4d Qc]
kaputnikoff: bets $3
dodge658: calls $3
*** TURN *** [7s 4d Qc] [2c]
kaputnikoff: checks
dodge658: bets $6
kaputnikoff: calls $6
*** RIVER *** [7s 4d Qc 2c] [2d]
kaputnikoff: checks
dodge658: bets $6
kaputnikoff: calls $6
*** SHOW DOWN ***
dodge658: shows [Qd Kd] (two pair, Queens and Deuces)
kaputnikoff: mucks hand
dodge658 collected $41.50 from pot
*** SUMMARY ***
Total pot $42 | Rake $0.50
Board [7s 4d Qc 2c 2d]
Seat 1: kaputnikoff (big blind) mucked
Seat 2: dodge658 (button) (small blind) showed [Qd Kd] and won ($41.50) with two pair, Queens and Deuces


PokerStars Hand #148088074582:  Hold'em Limit ($3/$6 USD) - 2016/02/01 21:16:21 ET
Table 'Klotho' 2-max Seat #1 is the button
Seat 1: kaputnikoff ($126.23 in chips)
Seat 2: dodge658 ($113.29 in chips)
kaputnikoff: posts small blind $1
dodge658: posts big blind $3
*** HOLE CARDS ***
kaputnikoff: raises $3 to $6
dodge658: calls $3
*** FLOP *** [Kd Ks 9d]
dodge658: bets $3
kaputnikoff: calls $3
*** TURN *** [Kd Ks 9d] [Qs]
dodge658: bets $6
kaputnikoff: calls $6
*** RIVER *** [Kd Ks 9d Qs] [8s]
dodge658: bets $6
kaputnikoff: calls $6
*** SHOW DOWN ***
dodge658: shows [Ah 9h] (two pair, Kings and Nines)
kaputnikoff: mucks hand
dodge658 collected $41.50 from pot
*** SUMMARY ***
Total pot $42 | Rake $0.50
Board [Kd Ks 9d Qs 8s]
Seat 1: kaputnikoff (button) (small blind) mucked
Seat 2: dodge658 (big blind) showed [Ah 9h] and won ($41.50) with two pair, Kings and Nines


PokerStars Hand #148088092567:  Hold'em Limit ($3/$6 USD) - 2016/02/01 21:16:58 ET
Table 'Klotho' 2-max Seat #2 is the button
Seat 1: kaputnikoff ($105.23 in chips)
Seat 2: dodge658 ($133.79 in chips)
dodge658: posts small blind $1
kaputnikoff: posts big blind $3
*** HOLE CARDS ***
dodge658: calls $2
kaputnikoff: checks
*** FLOP *** [3h 2c Ks]
kaputnikoff: checks
dodge658: bets $3
kaputnikoff: folds
Uncalled bet ($3) returned to dodge658
dodge658 collected $5.88 from pot
dodge658: doesn't show hand
*** SUMMARY ***
Total pot $6 | Rake $0.12
Board [3h 2c Ks]
Seat 1: kaputnikoff (big blind) folded on the Flop
Seat 2: dodge658 (button) (small blind) collected ($5.88)


PokerStars Hand #148088100089:  Hold'em Limit ($3/$6 USD) - 2016/02/01 21:17:14 ET
Table 'Klotho' 2-max Seat #1 is the button
Seat 1: kaputnikoff ($102.23 in chips)
Seat 2: dodge658 ($136.67 in chips)
kaputnikoff: posts small blind $1
dodge658: posts big blind $3
*** HOLE CARDS ***
kaputnikoff: folds
Uncalled bet ($2) returned to dodge658
dodge658 collected $2 from pot
dodge658: doesn't show hand
*** SUMMARY ***
Total pot $2 | Rake $0
Seat 1: kaputnikoff (button) (small blind) folded before Flop
Seat 2: dodge658 (big blind) collected ($2)


PokerStars Hand #148088104008:  Hold'em Limit ($3/$6 USD) - 2016/02/01 21:17:22 ET
Table 'Klotho' 2-max Seat #2 is the button
Seat 1: kaputnikoff ($101.23 in chips)
Seat 2: dodge658 ($137.67 in chips)
dodge658: posts small blind $1
kaputnikoff: posts big blind $3
*** HOLE CARDS ***
dodge658: calls $2
kaputnikoff: checks
*** FLOP *** [3h 7c Jc]
kaputnikoff: checks
dodge658: checks
*** TURN *** [3h 7c Jc] [3c]
kaputnikoff: checks
dodge658: checks
*** RIVER *** [3h 7c Jc 3c] [5c]
kaputnikoff: bets $6
dodge658: raises $6 to $12
kaputnikoff: folds
Uncalled bet ($6) returned to dodge658
dodge658 collected $17.64 from pot
dodge658: doesn't show hand
*** SUMMARY ***
Total pot $18 | Rake $0.36
Board [3h 7c Jc 3c 5c]
Seat 1: kaputnikoff (big blind) folded on the River
Seat 2: dodge658 (button) (small blind) collected ($17.64)


PokerStars Hand #148088117741:  Hold'em Limit ($3/$6 USD) - 2016/02/01 21:17:51 ET
Table 'Klotho' 2-max Seat #1 is the button
Seat 1: kaputnikoff ($92.23 in chips)
Seat 2: dodge658 ($146.31 in chips)
kaputnikoff: posts small blind $1
dodge658: posts big blind $3
*** HOLE CARDS ***
kaputnikoff: raises $3 to $6
dodge658: calls $3
*** FLOP *** [9s Qc Ad]
dodge658: checks
kaputnikoff: bets $3
dodge658: calls $3
*** TURN *** [9s Qc Ad] [6h]
dodge658: checks
kaputnikoff: checks
*** RIVER *** [9s Qc Ad 6h] [3d]
dodge658: bets $6
kaputnikoff: calls $6
*** SHOW DOWN ***
dodge658: shows [7s 2c] (high card Ace)
kaputnikoff: shows [8s 9c] (a pair of Nines)
kaputnikoff collected $29.50 from pot
*** SUMMARY ***
Total pot $30 | Rake $0.50
Board [9s Qc Ad 6h 3d]
Seat 1: kaputnikoff (button) (small blind) showed [8s 9c] and won ($29.50) with a pair of Nines
Seat 2: dodge658 (big blind) showed [7s 2c] and lost with high card Ace


PokerStars Hand #148088131970:  Hold'em Limit ($3/$6 USD) - 2016/02/01 21:18:21 ET
Table 'Klotho' 2-max Seat #2 is the button
Seat 1: kaputnikoff ($106.73 in chips)
Seat 2: dodge658 ($131.31 in chips)
dodge658: posts small blind $1
kaputnikoff: posts big blind $3
*** HOLE CARDS ***
dodge658: folds
Uncalled bet ($2) returned to kaputnikoff
kaputnikoff collected $2 from pot
kaputnikoff: doesn't show hand
*** SUMMARY ***
Total pot $2 | Rake $0
Seat 1: kaputnikoff (big blind) collected ($2)
Seat 2: dodge658 (button) (small blind) folded before Flop


PokerStars Hand #148088135111:  Hold'em Limit ($3/$6 USD) - 2016/02/01 21:18:28 ET
Table 'Klotho' 2-max Seat #1 is the button
Seat 1: kaputnikoff ($107.73 in chips)
Seat 2: dodge658 ($130.31 in chips)
kaputnikoff: posts small blind $1
dodge658: posts big blind $3
*** HOLE CARDS ***
kaputnikoff: folds
Uncalled bet ($2) returned to dodge658
dodge658 collected $2 from pot
dodge658: doesn't show hand
*** SUMMARY ***
Total pot $2 | Rake $0
Seat 1: kaputnikoff (button) (small blind) folded before Flop
Seat 2: dodge658 (big blind) collected ($2)


PokerStars Hand #148088139381:  Hold'em Limit ($3/$6 USD) - 2016/02/01 21:18:37 ET
Table 'Klotho' 2-max Seat #2 is the button
Seat 1: kaputnikoff ($106.73 in chips)
Seat 2: dodge658 ($131.31 in chips)
dodge658: posts small blind $1
kaputnikoff: posts big blind $3
*** HOLE CARDS ***
dodge658: calls $2
kaputnikoff: checks
*** FLOP *** [3s 5s Jd]
kaputnikoff: bets $3
dodge658: calls $3
*** TURN *** [3s 5s Jd] [Ks]
kaputnikoff: bets $6
dodge658: calls $6
*** RIVER *** [3s 5s Jd Ks] [Tc]
kaputnikoff: bets $6
dodge658: calls $6
*** SHOW DOWN ***
kaputnikoff: shows [4c 6h] (high card King)
dodge658: shows [Ts Qd] (a pair of Tens)
dodge658 collected $35.50 from pot
*** SUMMARY ***
Total pot $36 | Rake $0.50
Board [3s 5s Jd Ks Tc]
Seat 1: kaputnikoff (big blind) showed [4c 6h] and lost with high card King
Seat 2: dodge658 (button) (small blind) showed [Ts Qd] and won ($35.50) with a pair of Tens


PokerStars Hand #148088150584:  Hold'em Limit ($3/$6 USD) - 2016/02/01 21:19:01 ET
Table 'Klotho' 2-max Seat #1 is the button
Seat 1: kaputnikoff ($88.73 in chips)
Seat 2: dodge658 ($148.81 in chips)
kaputnikoff: posts small blind $1
dodge658: posts big blind $3
*** HOLE CARDS ***
kaputnikoff: raises $3 to $6
dodge658: calls $3
*** FLOP *** [2d 5c 4s]
dodge658: bets $3
kaputnikoff: calls $3
*** TURN *** [2d 5c 4s] [Kd]
dodge658: checks
kaputnikoff: bets $6
dodge658: calls $6
*** RIVER *** [2d 5c 4s Kd] [Ah]
dodge658: bets $6
kaputnikoff: folds
Uncalled bet ($6) returned to dodge658
dodge658 collected $29.50 from pot
dodge658: doesn't show hand
*** SUMMARY ***
Total pot $30 | Rake $0.50
Board [2d 5c 4s Kd Ah]
Seat 1: kaputnikoff (button) (small blind) folded on the River
Seat 2: dodge658 (big blind) collected ($29.50)


PokerStars Hand #148088163926:  Hold'em Limit ($3/$6 USD) - 2016/02/01 21:19:29 ET
Table 'Klotho' 2-max Seat #2 is the button
Seat 1: kaputnikoff ($73.73 in chips)
Seat 2: dodge658 ($163.31 in chips)
dodge658: posts small blind $1
kaputnikoff: posts big blind $3
*** HOLE CARDS ***
dodge658: calls $2
kaputnikoff: checks
*** FLOP *** [9h 7c Qh]
kaputnikoff: bets $3
dodge658: calls $3
*** TURN *** [9h 7c Qh] [Js]
kaputnikoff: bets $6
dodge658: calls $6
*** RIVER *** [9h 7c Qh Js] [2c]
kaputnikoff: bets $6
dodge658: calls $6
*** SHOW DOWN ***
kaputnikoff: shows [9s 2h] (two pair, Nines and Deuces)
dodge658: mucks hand
kaputnikoff collected $35.50 from pot
*** SUMMARY ***
Total pot $36 | Rake $0.50
Board [9h 7c Qh Js 2c]
Seat 1: kaputnikoff (big blind) showed [9s 2h] and won ($35.50) with two pair, Nines and Deuces
Seat 2: dodge658 (button) (small blind) mucked


PokerStars Hand #148088176720:  Hold'em Limit ($3/$6 USD) - 2016/02/01 21:19:57 ET
Table 'Klotho' 2-max Seat #1 is the button
Seat 1: kaputnikoff ($91.23 in chips)
Seat 2: dodge658 ($145.31 in chips)
kaputnikoff: posts small blind $1
dodge658: posts big blind $3
*** HOLE CARDS ***
kaputnikoff: folds
Uncalled bet ($2) returned to dodge658
dodge658 collected $2 from pot
dodge658: doesn't show hand
*** SUMMARY ***
Total pot $2 | Rake $0
Seat 1: kaputnikoff (button) (small blind) folded before Flop
Seat 2: dodge658 (big blind) collected ($2)


PokerStars Hand #148088180372:  Hold'em Limit ($3/$6 USD) - 2016/02/01 21:20:05 ET
Table 'Klotho' 2-max Seat #2 is the button
Seat 1: kaputnikoff ($90.23 in chips)
Seat 2: dodge658 ($146.31 in chips)
dodge658: posts small blind $1
kaputnikoff: posts big blind $3
*** HOLE CARDS ***
dodge658: calls $2
kaputnikoff: raises $3 to $6
dodge658: calls $3
*** FLOP *** [7d 7s Kd]
kaputnikoff: bets $3
dodge658: calls $3
*** TURN *** [7d 7s Kd] [4h]
kaputnikoff: checks
dodge658: bets $6
kaputnikoff: calls $6
*** RIVER *** [7d 7s Kd 4h] [3h]
kaputnikoff: checks
dodge658: bets $6
kaputnikoff: folds
Uncalled bet ($6) returned to dodge658
dodge658 collected $29.50 from pot
dodge658: doesn't show hand
*** SUMMARY ***
Total pot $30 | Rake $0.50
Board [7d 7s Kd 4h 3h]
Seat 1: kaputnikoff (big blind) folded on the River
Seat 2: dodge658 (button) (small blind) collected ($29.50)


PokerStars Hand #148088194986:  Hold'em Limit ($3/$6 USD) - 2016/02/01 21:20:36 ET
Table 'Klotho' 2-max Seat #1 is the button
Seat 1: kaputnikoff ($75.23 in chips)
Seat 2: dodge658 ($160.81 in chips)
kaputnikoff: posts small blind $1
dodge658: posts big blind $3
*** HOLE CARDS ***
kaputnikoff: raises $3 to $6
dodge658: calls $3
*** FLOP *** [3h 9d Kd]
dodge658: checks
kaputnikoff: bets $3
dodge658: calls $3
*** TURN *** [3h 9d Kd] [Qh]
dodge658: checks
kaputnikoff: bets $6
dodge658: folds
Uncalled bet ($6) returned to kaputnikoff
kaputnikoff collected $17.64 from pot
kaputnikoff: doesn't show hand
*** SUMMARY ***
Total pot $18 | Rake $0.36
Board [3h 9d Kd Qh]
Seat 1: kaputnikoff (button) (small blind) collected ($17.64)
Seat 2: dodge658 (big blind) folded on the Turn


PokerStars Hand #148088205879:  Hold'em Limit ($3/$6 USD) - 2016/02/01 21:21:00 ET
Table 'Klotho' 2-max Seat #2 is the button
Seat 1: kaputnikoff ($83.87 in chips)
Seat 2: dodge658 ($151.81 in chips)
dodge658: posts small blind $1
kaputnikoff: posts big blind $3
*** HOLE CARDS ***
dodge658: calls $2
kaputnikoff: raises $3 to $6
dodge658: calls $3
*** FLOP *** [Kc 9h 8h]
kaputnikoff: bets $3
dodge658: calls $3
*** TURN *** [Kc 9h 8h] [4d]
kaputnikoff: bets $6
dodge658: calls $6
*** RIVER *** [Kc 9h 8h 4d] [3s]
kaputnikoff: bets $6
dodge658: calls $6
*** SHOW DOWN ***
kaputnikoff: shows [9s Qs] (a pair of Nines)
dodge658: mucks hand
kaputnikoff collected $41.50 from pot
*** SUMMARY ***
Total pot $42 | Rake $0.50
Board [Kc 9h 8h 4d 3s]
Seat 1: kaputnikoff (big blind) showed [9s Qs] and won ($41.50) with a pair of Nines
Seat 2: dodge658 (button) (small blind) mucked


PokerStars Hand #148088216595:  Hold'em Limit ($3/$6 USD) - 2016/02/01 21:21:23 ET
Table 'Klotho' 2-max Seat #1 is the button
Seat 1: kaputnikoff ($104.37 in chips)
Seat 2: dodge658 ($130.81 in chips)
kaputnikoff: posts small blind $1
dodge658: posts big blind $3
*** HOLE CARDS ***
kaputnikoff: folds
Uncalled bet ($2) returned to dodge658
dodge658 collected $2 from pot
*** SUMMARY ***
Total pot $2 | Rake $0
Seat 1: kaputnikoff (button) (small blind) folded before Flop
Seat 2: dodge658 (big blind) collected ($2)


PokerStars Hand #148088222724:  Hold'em Limit ($3/$6 USD) - 2016/02/01 21:21:36 ET
Table 'Klotho' 2-max Seat #2 is the button
Seat 1: kaputnikoff ($103.37 in chips)
Seat 2: dodge658 ($131.81 in chips)
dodge658: posts small blind $1
kaputnikoff: posts big blind $3
*** HOLE CARDS ***
dodge658: calls $2
kaputnikoff: raises $3 to $6
dodge658: calls $3
*** FLOP *** [Kd 4h 8h]
kaputnikoff: bets $3
dodge658: calls $3
*** TURN *** [Kd 4h 8h] [Td]
kaputnikoff: bets $6
dodge658: calls $6
*** RIVER *** [Kd 4h 8h Td] [Qc]
kaputnikoff: bets $6
dodge658: raises $6 to $12
kaputnikoff: folds
Uncalled bet ($6) returned to dodge658
dodge658 collected $41.50 from pot
dodge658: doesn't show hand
*** SUMMARY ***
Total pot $42 | Rake $0.50
Board [Kd 4h 8h Td Qc]
Seat 1: kaputnikoff (big blind) folded on the River
Seat 2: dodge658 (button) (small blind) collected ($41.50)


PokerStars Hand #148088236207:  Hold'em Limit ($3/$6 USD) - 2016/02/01 21:22:06 ET
Table 'Klotho' 2-max Seat #1 is the button
Seat 1: kaputnikoff ($82.37 in chips)
Seat 2: dodge658 ($152.31 in chips)
kaputnikoff: posts small blind $1
dodge658: posts big blind $3
*** HOLE CARDS ***
kaputnikoff: raises $3 to $6
dodge658: calls $3
*** FLOP *** [5s 5d Kh]
dodge658: checks
kaputnikoff: bets $3
dodge658: calls $3
*** TURN *** [5s 5d Kh] [Qd]
dodge658: bets $6
kaputnikoff: folds
Uncalled bet ($6) returned to dodge658
dodge658 collected $17.64 from pot
dodge658: doesn't show hand
*** SUMMARY ***
Total pot $18 | Rake $0.36
Board [5s 5d Kh Qd]
Seat 1: kaputnikoff (button) (small blind) folded on the Turn
Seat 2: dodge658 (big blind) collected ($17.64)


PokerStars Hand #148088246386:  Hold'em Limit ($3/$6 USD) - 2016/02/01 21:22:28 ET
Table 'Klotho' 2-max Seat #2 is the button
Seat 1: kaputnikoff ($73.37 in chips)
Seat 2: dodge658 ($160.95 in chips)
dodge658: posts small blind $1
kaputnikoff: posts big blind $3
*** HOLE CARDS ***
dodge658: calls $2
kaputnikoff: checks
*** FLOP *** [Ah Js 2c]
kaputnikoff: checks
dodge658: bets $3
kaputnikoff: folds
Uncalled bet ($3) returned to dodge658
dodge658 collected $5.88 from pot
dodge658: doesn't show hand
*** SUMMARY ***
Total pot $6 | Rake $0.12
Board [Ah Js 2c]
Seat 1: kaputnikoff (big blind) folded on the Flop
Seat 2: dodge658 (button) (small blind) collected ($5.88)


PokerStars Hand #148088254177:  Hold'em Limit ($3/$6 USD) - 2016/02/01 21:22:45 ET
Table 'Klotho' 2-max Seat #1 is the button
Seat 1: kaputnikoff ($70.37 in chips)
Seat 2: dodge658 ($163.83 in chips)
kaputnikoff: posts small blind $1
dodge658: posts big blind $3
*** HOLE CARDS ***
kaputnikoff: raises $3 to $6
dodge658: calls $3
*** FLOP *** [Jc Qd 6c]
dodge658: checks
kaputnikoff: bets $3
dodge658: calls $3
*** TURN *** [Jc Qd 6c] [8s]
dodge658: checks
kaputnikoff: checks
*** RIVER *** [Jc Qd 6c 8s] [2d]
dodge658: checks
kaputnikoff: bets $6
dodge658: calls $6
*** SHOW DOWN ***
kaputnikoff: shows [4s 6d] (a pair of Sixes)
dodge658: mucks hand
kaputnikoff collected $29.50 from pot
*** SUMMARY ***
Total pot $30 | Rake $0.50
Board [Jc Qd 6c 8s 2d]
Seat 1: kaputnikoff (button) (small blind) showed [4s 6d] and won ($29.50) with a pair of Sixes
Seat 2: dodge658 (big blind) mucked


PokerStars Hand #148088274192:  Hold'em Limit ($3/$6 USD) - 2016/02/01 21:23:29 ET
Table 'Klotho' 2-max Seat #2 is the button
Seat 1: kaputnikoff ($84.87 in chips)
Seat 2: dodge658 ($148.83 in chips)
dodge658: posts small blind $1
kaputnikoff: posts big blind $3
*** HOLE CARDS ***
dodge658: calls $2
kaputnikoff: raises $3 to $6
dodge658: calls $3
*** FLOP *** [Ks 2d Qs]
kaputnikoff: bets $3
dodge658: calls $3
*** TURN *** [Ks 2d Qs] [6h]
kaputnikoff: checks
dodge658: bets $6
kaputnikoff: calls $6
*** RIVER *** [Ks 2d Qs 6h] [9c]
kaputnikoff: checks
dodge658: bets $6
kaputnikoff: folds
Uncalled bet ($6) returned to dodge658
dodge658 collected $29.50 from pot
*** SUMMARY ***
Total pot $30 | Rake $0.50
Board [Ks 2d Qs 6h 9c]
Seat 1: kaputnikoff (big blind) folded on the River
Seat 2: dodge658 (button) (small blind) collected ($29.50)


PokerStars Hand #148088300326:  Hold'em Limit ($3/$6 USD) - 2016/02/01 21:24:26 ET
Table 'Klotho' 2-max Seat #1 is the button
Seat 1: kaputnikoff ($69.87 in chips)
Seat 2: dodge658 ($163.33 in chips)
kaputnikoff: posts small blind $1
dodge658 is connected
dodge658: posts big blind $3
*** HOLE CARDS ***
kaputnikoff: raises $3 to $6
dodge658: calls $3
*** FLOP *** [Tc 6h 2d]
dodge658: checks
kaputnikoff: bets $3
dodge658: calls $3
*** TURN *** [Tc 6h 2d] [Ks]
dodge658: checks
kaputnikoff: bets $6
dodge658: folds
Uncalled bet ($6) returned to kaputnikoff
kaputnikoff collected $17.64 from pot
*** SUMMARY ***
Total pot $18 | Rake $0.36
Board [Tc 6h 2d Ks]
Seat 1: kaputnikoff (button) (small blind) collected ($17.64)
Seat 2: dodge658 (big blind) folded on the Turn


PokerStars Hand #148088324599:  Hold'em Limit ($3/$6 USD) - 2016/02/01 21:25:19 ET
Table 'Klotho' 2-max Seat #2 is the button
Seat 1: kaputnikoff ($78.51 in chips)
Seat 2: dodge658 ($154.33 in chips)
dodge658: posts small blind $1
kaputnikoff: posts big blind $3
*** HOLE CARDS ***
dodge658: calls $2
kaputnikoff: checks
*** FLOP *** [Kh 6c 9s]
kaputnikoff: checks
dodge658: checks
*** TURN *** [Kh 6c 9s] [Kc]
kaputnikoff: checks
dodge658: checks
*** RIVER *** [Kh 6c 9s Kc] [2h]
kaputnikoff: bets $6
dodge658: folds
Uncalled bet ($6) returned to kaputnikoff
kaputnikoff collected $5.88 from pot
*** SUMMARY ***
Total pot $6 | Rake $0.12
Board [Kh 6c 9s Kc 2h]
Seat 1: kaputnikoff (big blind) collected ($5.88)
Seat 2: dodge658 (button) (small blind) folded on the River


PokerStars Hand #148088342533:  Hold'em Limit ($3/$6 USD) - 2016/02/01 21:25:58 ET
Table 'Klotho' 2-max Seat #1 is the button
Seat 1: kaputnikoff ($81.39 in chips)
Seat 2: dodge658 ($151.33 in chips)
kaputnikoff: posts small blind $1
dodge658: posts big blind $3
*** HOLE CARDS ***
kaputnikoff: raises $3 to $6
dodge658: calls $3
*** FLOP *** [8s 7d Jc]
dodge658: checks
kaputnikoff: bets $3
dodge658: calls $3
*** TURN *** [8s 7d Jc] [Jd]
dodge658: checks
kaputnikoff: bets $6
dodge658: calls $6
*** RIVER *** [8s 7d Jc Jd] [Qd]
dodge658: checks
kaputnikoff: bets $6
dodge658: calls $6
*** SHOW DOWN ***
kaputnikoff: shows [4s 8h] (two pair, Jacks and Eights)
dodge658: mucks hand
kaputnikoff collected $41.50 from pot
*** SUMMARY ***
Total pot $42 | Rake $0.50
Board [8s 7d Jc Jd Qd]
Seat 1: kaputnikoff (button) (small blind) showed [4s 8h] and won ($41.50) with two pair, Jacks and Eights
Seat 2: dodge658 (big blind) mucked


PokerStars Hand #148088366721:  Hold'em Limit ($3/$6 USD) - 2016/02/01 21:26:52 ET
Table 'Klotho' 2-max Seat #2 is the button
Seat 1: kaputnikoff ($101.89 in chips)
Seat 2: dodge658 ($130.33 in chips)
dodge658: posts small blind $1
kaputnikoff: posts big blind $3
*** HOLE CARDS ***
dodge658: calls $2
kaputnikoff: raises $3 to $6
dodge658: calls $3
*** FLOP *** [As Ad Jh]
kaputnikoff: bets $3
dodge658: folds
Uncalled bet ($3) returned to kaputnikoff
kaputnikoff collected $11.76 from pot
kaputnikoff: doesn't show hand
*** SUMMARY ***
Total pot $12 | Rake $0.24
Board [As Ad Jh]
Seat 1: kaputnikoff (big blind) collected ($11.76)
Seat 2: dodge658 (button) (small blind) folded on the Flop


PokerStars Hand #148088373390:  Hold'em Limit ($3/$6 USD) - 2016/02/01 21:27:06 ET
Table 'Klotho' 2-max Seat #1 is the button
Seat 1: kaputnikoff ($107.65 in chips)
Seat 2: dodge658 ($124.33 in chips)
kaputnikoff: posts small blind $1
dodge658: posts big blind $3
*** HOLE CARDS ***
kaputnikoff: raises $3 to $6
dodge658: calls $3
*** FLOP *** [2h 9d 9c]
dodge658: bets $3
kaputnikoff: calls $3
*** TURN *** [2h 9d 9c] [4c]
dodge658: bets $6
kaputnikoff: raises $6 to $12
dodge658: folds
Uncalled bet ($6) returned to kaputnikoff
kaputnikoff collected $29.50 from pot
kaputnikoff: doesn't show hand
*** SUMMARY ***
Total pot $30 | Rake $0.50
Board [2h 9d 9c 4c]
Seat 1: kaputnikoff (button) (small blind) collected ($29.50)
Seat 2: dodge658 (big blind) folded on the Turn


PokerStars Hand #148088385354:  Hold'em Limit ($3/$6 USD) - 2016/02/01 21:27:33 ET
Table 'Klotho' 2-max Seat #2 is the button
Seat 1: kaputnikoff ($122.15 in chips)
Seat 2: dodge658 ($109.33 in chips)
dodge658: posts small blind $1
kaputnikoff: posts big blind $3
*** HOLE CARDS ***
dodge658: calls $2
kaputnikoff: raises $3 to $6
dodge658: calls $3
*** FLOP *** [9c 8c Qs]
kaputnikoff: bets $3
dodge658: calls $3
*** TURN *** [9c 8c Qs] [5s]
kaputnikoff: bets $6
dodge658: calls $6
*** RIVER *** [9c 8c Qs 5s] [Qh]
kaputnikoff: bets $6
dodge658: calls $6
*** SHOW DOWN ***
kaputnikoff: shows [Ks 8d] (two pair, Queens and Eights)
dodge658: mucks hand
kaputnikoff collected $41.50 from pot
*** SUMMARY ***
Total pot $42 | Rake $0.50
Board [9c 8c Qs 5s Qh]
Seat 1: kaputnikoff (big blind) showed [Ks 8d] and won ($41.50) with two pair, Queens and Eights
Seat 2: dodge658 (button) (small blind) mucked


PokerStars Hand #148088397231:  Hold'em Limit ($3/$6 USD) - 2016/02/01 21:27:59 ET
Table 'Klotho' 2-max Seat #1 is the button
Seat 1: kaputnikoff ($142.65 in chips)
Seat 2: dodge658 ($88.33 in chips)
kaputnikoff: posts small blind $1
dodge658: posts big blind $3
*** HOLE CARDS ***
kaputnikoff: raises $3 to $6
dodge658: calls $3
*** FLOP *** [As Js 9c]
dodge658: bets $3
kaputnikoff: raises $3 to $6
dodge658: calls $3
*** TURN *** [As Js 9c] [8s]
dodge658: checks
kaputnikoff: checks
*** RIVER *** [As Js 9c 8s] [5s]
dodge658: bets $6
kaputnikoff: folds
Uncalled bet ($6) returned to dodge658
dodge658 collected $23.52 from pot
dodge658: doesn't show hand
*** SUMMARY ***
Total pot $24 | Rake $0.48
Board [As Js 9c 8s 5s]
Seat 1: kaputnikoff (button) (small blind) folded on the River
Seat 2: dodge658 (big blind) collected ($23.52)


PokerStars Hand #148088407923:  Hold'em Limit ($3/$6 USD) - 2016/02/01 21:28:22 ET
Table 'Klotho' 2-max Seat #2 is the button
Seat 1: kaputnikoff ($130.65 in chips)
Seat 2: dodge658 ($99.85 in chips)
dodge658: posts small blind $1
kaputnikoff: posts big blind $3
*** HOLE CARDS ***
dodge658: calls $2
kaputnikoff: raises $3 to $6
dodge658: calls $3
*** FLOP *** [7d Qh 2h]
kaputnikoff: bets $3
dodge658: folds
Uncalled bet ($3) returned to kaputnikoff
kaputnikoff collected $11.76 from pot
*** SUMMARY ***
Total pot $12 | Rake $0.24
Board [7d Qh 2h]
Seat 1: kaputnikoff (big blind) collected ($11.76)
Seat 2: dodge658 (button) (small blind) folded on the Flop


PokerStars Hand #148088429043:  Hold'em Limit ($3/$6 USD) - 2016/02/01 21:29:09 ET
Table 'Klotho' 2-max Seat #2 is the button
Seat 1: kaputnikoff ($121.41 in chips)
Seat 2: dodge658 ($108.35 in chips)
dodge658: posts small blind $1
kaputnikoff: posts big blind $3
*** HOLE CARDS ***
dodge658: calls $2
kaputnikoff: checks
*** FLOP *** [3c 4d As]
kaputnikoff: checks
dodge658: checks
*** TURN *** [3c 4d As] [Kd]
kaputnikoff: checks
dodge658: bets $6
kaputnikoff: calls $6
*** RIVER *** [3c 4d As Kd] [8s]
kaputnikoff: checks
dodge658: bets $6
kaputnikoff: calls $6
*** SHOW DOWN ***
dodge658: shows [8h Ks] (two pair, Kings and Eights)
kaputnikoff: mucks hand
dodge658 collected $29.50 from pot
*** SUMMARY ***
Total pot $30 | Rake $0.50
Board [3c 4d As Kd 8s]
Seat 1: kaputnikoff (big blind) mucked
Seat 2: dodge658 (button) (small blind) showed [8h Ks] and won ($29.50) with two pair, Kings and Eights


PokerStars Hand #148088415607:  Hold'em Limit ($3/$6 USD) - 2016/02/01 21:28:39 ET
Table 'Klotho' 2-max Seat #1 is the button
Seat 1: kaputnikoff ($136.41 in chips)
Seat 2: dodge658 ($93.85 in chips)
kaputnikoff: posts small blind $1
dodge658: posts big blind $3
*** HOLE CARDS ***
kaputnikoff: raises $3 to $6
dodge658: calls $3
*** FLOP *** [2s Tc Kc]
dodge658: bets $3
kaputnikoff: calls $3
*** TURN *** [2s Tc Kc] [6c]
dodge658: bets $6
kaputnikoff: calls $6
*** RIVER *** [2s Tc Kc 6c] [4d]
dodge658: bets $6
kaputnikoff: folds
Uncalled bet ($6) returned to dodge658
dodge658 collected $29.50 from pot
*** SUMMARY ***
Total pot $30 | Rake $0.50
Board [2s Tc Kc 6c 4d]
Seat 1: kaputnikoff (button) (small blind) folded on the River
Seat 2: dodge658 (big blind) collected ($29.50)


PokerStars Hand #148088451547:  Hold'em Limit ($3/$6 USD) - 2016/02/01 21:29:59 ET
Table 'Klotho' 2-max Seat #1 is the button
Seat 1: kaputnikoff ($106.41 in chips)
Seat 2: dodge658 ($122.85 in chips)
kaputnikoff: posts small blind $1
dodge658: posts big blind $3
*** HOLE CARDS ***
kaputnikoff: raises $3 to $6
dodge658: calls $3
*** FLOP *** [3c 9h 5c]
dodge658: bets $3
kaputnikoff: calls $3
*** TURN *** [3c 9h 5c] [8h]
dodge658: bets $6
kaputnikoff: calls $6
*** RIVER *** [3c 9h 5c 8h] [Ts]
dodge658: bets $6
kaputnikoff: raises $6 to $12
dodge658: folds
Uncalled bet ($6) returned to kaputnikoff
kaputnikoff collected $41.50 from pot
kaputnikoff: doesn't show hand
*** SUMMARY ***
Total pot $42 | Rake $0.50
Board [3c 9h 5c 8h Ts]
Seat 1: kaputnikoff (button) (small blind) collected ($41.50)
Seat 2: dodge658 (big blind) folded on the River


PokerStars Hand #148088465570:  Hold'em Limit ($3/$6 USD) - 2016/02/01 21:30:30 ET
Table 'Klotho' 2-max Seat #2 is the button
Seat 1: kaputnikoff ($126.91 in chips)
Seat 2: dodge658 ($101.85 in chips)
dodge658: posts small blind $1
kaputnikoff: posts big blind $3
*** HOLE CARDS ***
dodge658: calls $2
kaputnikoff: checks
*** FLOP *** [5h Jd 9h]
kaputnikoff: checks
dodge658: checks
*** TURN *** [5h Jd 9h] [8h]
kaputnikoff: bets $6
dodge658: calls $6
*** RIVER *** [5h Jd 9h 8h] [Qh]
kaputnikoff: bets $6
dodge658: calls $6
*** SHOW DOWN ***
kaputnikoff: shows [5c Js] (two pair, Jacks and Fives)
dodge658: shows [7h 6s] (a flush, Queen high)
dodge658 collected $29.50 from pot
*** SUMMARY ***
Total pot $30 | Rake $0.50
Board [5h Jd 9h 8h Qh]
Seat 1: kaputnikoff (big blind) showed [5c Js] and lost with two pair, Jacks and Fives
Seat 2: dodge658 (button) (small blind) showed [7h 6s] and won ($29.50) with a flush, Queen high


PokerStars Hand #148088489289:  Hold'em Limit ($3/$6 USD) - 2016/02/01 21:31:22 ET
Table 'Klotho' 2-max Seat #2 is the button
Seat 1: kaputnikoff ($90.91 in chips)
Seat 2: dodge658 ($136.85 in chips)
dodge658: posts small blind $1
kaputnikoff: posts big blind $3
*** HOLE CARDS ***
dodge658: calls $2
kaputnikoff: checks
*** FLOP *** [Jd Kd 8c]
kaputnikoff: checks
dodge658: checks
*** TURN *** [Jd Kd 8c] [2h]
kaputnikoff: checks
dodge658: checks
*** RIVER *** [Jd Kd 8c 2h] [4c]
kaputnikoff: checks
dodge658: checks
*** SHOW DOWN ***
kaputnikoff: shows [Qs 6d] (high card King)
dodge658: mucks hand
kaputnikoff collected $5.88 from pot
*** SUMMARY ***
Total pot $6 | Rake $0.12
Board [Jd Kd 8c 2h 4c]
Seat 1: kaputnikoff (big blind) showed [Qs 6d] and won ($5.88) with high card King
Seat 2: dodge658 (button) (small blind) mucked


PokerStars Hand #148088477067:  Hold'em Limit ($3/$6 USD) - 2016/02/01 21:30:55 ET
Table 'Klotho' 2-max Seat #1 is the button
Seat 1: kaputnikoff ($111.91 in chips)
Seat 2: dodge658 ($116.35 in chips)
kaputnikoff: posts small blind $1
dodge658: posts big blind $3
*** HOLE CARDS ***
kaputnikoff: raises $3 to $6
dodge658: calls $3
*** FLOP *** [8h Ts 5d]
dodge658: bets $3
kaputnikoff: calls $3
*** TURN *** [8h Ts 5d] [3s]
dodge658: bets $6
kaputnikoff: calls $6
*** RIVER *** [8h Ts 5d 3s] [Kd]
dodge658: bets $6
kaputnikoff: calls $6
*** SHOW DOWN ***
dodge658: shows [Td 9c] (a pair of Tens)
kaputnikoff: mucks hand
dodge658 collected $41.50 from pot
*** SUMMARY ***
Total pot $42 | Rake $0.50
Board [8h Ts 5d 3s Kd]
Seat 1: kaputnikoff (button) (small blind) mucked
Seat 2: dodge658 (big blind) showed [Td 9c] and won ($41.50) with a pair of Tens


PokerStars Hand #148088512440:  Hold'em Limit ($3/$6 USD) - 2016/02/01 21:32:14 ET
Table 'Klotho' 2-max Seat #2 is the button
Seat 1: kaputnikoff ($78.79 in chips)
Seat 2: dodge658 ($148.35 in chips)
dodge658: posts small blind $1
kaputnikoff: posts big blind $3
*** HOLE CARDS ***
dodge658: calls $2
kaputnikoff: raises $3 to $6
dodge658: calls $3
*** FLOP *** [As 3h 4d]
kaputnikoff: bets $3
dodge658: calls $3
*** TURN *** [As 3h 4d] [Kh]
kaputnikoff: bets $6
dodge658: raises $6 to $12
kaputnikoff: calls $6
*** RIVER *** [As 3h 4d Kh] [Js]
kaputnikoff: checks
dodge658: bets $6
kaputnikoff: calls $6
*** SHOW DOWN ***
dodge658: shows [4c 4h] (three of a kind, Fours)
kaputnikoff: mucks hand
dodge658 collected $53.50 from pot
*** SUMMARY ***
Total pot $54 | Rake $0.50
Board [As 3h 4d Kh Js]
Seat 1: kaputnikoff (big blind) mucked
Seat 2: dodge658 (button) (small blind) showed [4c 4h] and won ($53.50) with three of a kind, Fours


PokerStars Hand #148088500229:  Hold'em Limit ($3/$6 USD) - 2016/02/01 21:31:47 ET
Table 'Klotho' 2-max Seat #1 is the button
Seat 1: kaputnikoff ($93.79 in chips)
Seat 2: dodge658 ($133.85 in chips)
kaputnikoff: posts small blind $1
dodge658: posts big blind $3
*** HOLE CARDS ***
kaputnikoff: raises $3 to $6
dodge658: calls $3
*** FLOP *** [7c Kc 6s]
dodge658: bets $3
kaputnikoff: calls $3
*** TURN *** [7c Kc 6s] [8d]
dodge658: bets $6
kaputnikoff: calls $6
*** RIVER *** [7c Kc 6s 8d] [Js]
dodge658: bets $6
kaputnikoff: folds
Uncalled bet ($6) returned to dodge658
dodge658 collected $29.50 from pot
dodge658: doesn't show hand
*** SUMMARY ***
Total pot $30 | Rake $0.50
Board [7c Kc 6s 8d Js]
Seat 1: kaputnikoff (button) (small blind) folded on the River
Seat 2: dodge658 (big blind) collected ($29.50)


PokerStars Hand #148088550413:  Hold'em Limit ($3/$6 USD) - 2016/02/01 21:33:39 ET
Table 'Klotho' 2-max Seat #2 is the button
Seat 1: kaputnikoff ($260.50 in chips)
Seat 2: dodge658 ($153.85 in chips)
dodge658: posts small blind $1
kaputnikoff: posts big blind $3
*** HOLE CARDS ***
dodge658: folds
Uncalled bet ($2) returned to kaputnikoff
kaputnikoff collected $2 from pot
kaputnikoff: doesn't show hand
*** SUMMARY ***
Total pot $2 | Rake $0
Seat 1: kaputnikoff (big blind) collected ($2)
Seat 2: dodge658 (button) (small blind) folded before Flop


PokerStars Hand #148088526660:  Hold'em Limit ($3/$6 USD) - 2016/02/01 21:32:45 ET
Table 'Klotho' 2-max Seat #1 is the button
Seat 1: kaputnikoff ($240 in chips)
Seat 2: dodge658 ($174.85 in chips)
kaputnikoff: posts small blind $1
dodge658: posts big blind $3
*** HOLE CARDS ***
kaputnikoff: raises $3 to $6
dodge658: calls $3
*** FLOP *** [9c 6c 9s]
dodge658: checks
kaputnikoff: bets $3
dodge658: calls $3
*** TURN *** [9c 6c 9s] [2d]
dodge658: checks
kaputnikoff: bets $6
dodge658: calls $6
*** RIVER *** [9c 6c 9s 2d] [Qc]
dodge658: checks
kaputnikoff: bets $6
dodge658: calls $6
*** SHOW DOWN ***
kaputnikoff: shows [4s Qh] (two pair, Queens and Nines)
dodge658: mucks hand
kaputnikoff collected $41.50 from pot
*** SUMMARY ***
Total pot $42 | Rake $0.50
Board [9c 6c 9s 2d Qc]
Seat 1: kaputnikoff (button) (small blind) showed [4s Qh] and won ($41.50) with two pair, Queens and Nines
Seat 2: dodge658 (big blind) mucked


PokerStars Hand #148088562709:  Hold'em Limit ($3/$6 USD) - 2016/02/01 21:34:06 ET
Table 'Klotho' 2-max Seat #2 is the button
Seat 1: kaputnikoff ($255.50 in chips)
Seat 2: dodge658 ($158.61 in chips)
dodge658: posts small blind $1
kaputnikoff: posts big blind $3
*** HOLE CARDS ***
dodge658: calls $2
kaputnikoff: raises $3 to $6
dodge658: calls $3
*** FLOP *** [As Qc 8h]
kaputnikoff: bets $3
dodge658: folds
Uncalled bet ($3) returned to kaputnikoff
kaputnikoff collected $11.76 from pot
*** SUMMARY ***
Total pot $12 | Rake $0.24
Board [As Qc 8h]
Seat 1: kaputnikoff (big blind) collected ($11.76)
Seat 2: dodge658 (button) (small blind) folded on the Flop


PokerStars Hand #148088554309:  Hold'em Limit ($3/$6 USD) - 2016/02/01 21:33:48 ET
Table 'Klotho' 2-max Seat #1 is the button
Seat 1: kaputnikoff ($261.50 in chips)
Seat 2: dodge658 ($152.85 in chips)
kaputnikoff: posts small blind $1
dodge658: posts big blind $3
*** HOLE CARDS ***
kaputnikoff: raises $3 to $6
dodge658: calls $3
*** FLOP *** [8s 6c 8d]
dodge658: bets $3
kaputnikoff: folds
Uncalled bet ($3) returned to dodge658
dodge658 collected $11.76 from pot
dodge658: doesn't show hand
*** SUMMARY ***
Total pot $12 | Rake $0.24
Board [8s 6c 8d]
Seat 1: kaputnikoff (button) (small blind) folded on the Flop
Seat 2: dodge658 (big blind) collected ($11.76)


PokerStars Hand #148088587331:  Hold'em Limit ($3/$6 USD) - 2016/02/01 21:35:01 ET
Table 'Klotho' 2-max Seat #2 is the button
Seat 1: kaputnikoff ($249.26 in chips)
Seat 2: dodge658 ($164.13 in chips)
dodge658: posts small blind $1
kaputnikoff: posts big blind $3
*** HOLE CARDS ***
dodge658: calls $2
kaputnikoff: checks
*** FLOP *** [4h 6d Ts]
kaputnikoff: checks
dodge658: checks
*** TURN *** [4h 6d Ts] [Td]
kaputnikoff: bets $6
dodge658: folds
Uncalled bet ($6) returned to kaputnikoff
kaputnikoff collected $5.88 from pot
kaputnikoff: doesn't show hand
*** SUMMARY ***
Total pot $6 | Rake $0.12
Board [4h 6d Ts Td]
Seat 1: kaputnikoff (big blind) collected ($5.88)
Seat 2: dodge658 (button) (small blind) folded on the Turn


PokerStars Hand #148088571266:  Hold'em Limit ($3/$6 USD) - 2016/02/01 21:34:25 ET
Table 'Klotho' 2-max Seat #1 is the button
Seat 1: kaputnikoff ($261.26 in chips)
Seat 2: dodge658 ($152.61 in chips)
kaputnikoff: posts small blind $1
dodge658: posts big blind $3
*** HOLE CARDS ***
kaputnikoff: raises $3 to $6
dodge658: calls $3
*** FLOP *** [Th 7s 9s]
dodge658: bets $3
kaputnikoff: raises $3 to $6
dodge658: calls $3
*** TURN *** [Th 7s 9s] [Ac]
dodge658: checks
kaputnikoff: checks
*** RIVER *** [Th 7s 9s Ac] [3h]
dodge658: bets $6
kaputnikoff: folds
Uncalled bet ($6) returned to dodge658
dodge658 collected $23.52 from pot
dodge658: doesn't show hand
*** SUMMARY ***
Total pot $24 | Rake $0.48
Board [Th 7s 9s Ac 3h]
Seat 1: kaputnikoff (button) (small blind) folded on the River
Seat 2: dodge658 (big blind) collected ($23.52)


PokerStars Hand #148088626897:  Hold'em Limit ($3/$6 USD) - 2016/02/01 21:36:30 ET
Table 'Klotho' 2-max Seat #2 is the button
Seat 1: kaputnikoff ($223.14 in chips)
Seat 2: dodge658 ($189.27 in chips)
dodge658: posts small blind $1
kaputnikoff: posts big blind $3
*** HOLE CARDS ***
dodge658: folds
Uncalled bet ($2) returned to kaputnikoff
kaputnikoff collected $2 from pot
kaputnikoff: doesn't show hand
*** SUMMARY ***
Total pot $2 | Rake $0
Seat 1: kaputnikoff (big blind) collected ($2)
Seat 2: dodge658 (button) (small blind) folded before Flop


PokerStars Hand #148088613593:  Hold'em Limit ($3/$6 USD) - 2016/02/01 21:36:00 ET
Table 'Klotho' 2-max Seat #1 is the button
Seat 1: kaputnikoff ($232.14 in chips)
Seat 2: dodge658 ($180.63 in chips)
kaputnikoff: posts small blind $1
dodge658: posts big blind $3
*** HOLE CARDS ***
kaputnikoff: raises $3 to $6
dodge658: calls $3
*** FLOP *** [Qh As 3c]
dodge658: bets $3
kaputnikoff: calls $3
*** TURN *** [Qh As 3c] [4h]
dodge658: bets $6
kaputnikoff: folds
Uncalled bet ($6) returned to dodge658
dodge658 collected $17.64 from pot
dodge658: doesn't show hand
*** SUMMARY ***
Total pot $18 | Rake $0.36
Board [Qh As 3c 4h]
Seat 1: kaputnikoff (button) (small blind) folded on the Turn
Seat 2: dodge658 (big blind) collected ($17.64)


PokerStars Hand #148088610402:  Hold'em Limit ($3/$6 USD) - 2016/02/01 21:35:53 ET
Table 'Klotho' 2-max Seat #2 is the button
Seat 1: kaputnikoff ($231.14 in chips)
Seat 2: dodge658 ($181.63 in chips)
dodge658: posts small blind $1
kaputnikoff: posts big blind $3
*** HOLE CARDS ***
dodge658: folds
Uncalled bet ($2) returned to kaputnikoff
kaputnikoff collected $2 from pot
kaputnikoff: doesn't show hand
*** SUMMARY ***
Total pot $2 | Rake $0
Seat 1: kaputnikoff (big blind) collected ($2)
Seat 2: dodge658 (button) (small blind) folded before Flop


PokerStars Hand #148088598243:  Hold'em Limit ($3/$6 USD) - 2016/02/01 21:35:25 ET
Table 'Klotho' 2-max Seat #1 is the button
Seat 1: kaputnikoff ($252.14 in chips)
Seat 2: dodge658 ($161.13 in chips)
kaputnikoff: posts small blind $1
dodge658: posts big blind $3
*** HOLE CARDS ***
kaputnikoff: raises $3 to $6
dodge658: calls $3
*** FLOP *** [9h 6s 3s]
dodge658: checks
kaputnikoff: bets $3
dodge658: calls $3
*** TURN *** [9h 6s 3s] [Th]
dodge658: bets $6
kaputnikoff: calls $6
*** RIVER *** [9h 6s 3s Th] [3h]
dodge658: bets $6
kaputnikoff: calls $6
*** SHOW DOWN ***
dodge658: shows [8s Tc] (two pair, Tens and Threes)
kaputnikoff: mucks hand
dodge658 collected $41.50 from pot
*** SUMMARY ***
Total pot $42 | Rake $0.50
Board [9h 6s 3s Th 3h]
Seat 1: kaputnikoff (button) (small blind) mucked
Seat 2: dodge658 (big blind) showed [8s Tc] and won ($41.50) with two pair, Tens and Threes


PokerStars Hand #148088637399:  Hold'em Limit ($3/$6 USD) - 2016/02/01 21:36:54 ET
Table 'Klotho' 2-max Seat #2 is the button
Seat 1: kaputnikoff ($229.90 in chips)
Seat 2: dodge658 ($182.27 in chips)
dodge658: posts small blind $1
kaputnikoff: posts big blind $3
*** HOLE CARDS ***
dodge658: calls $2
kaputnikoff: checks
*** FLOP *** [9h 6h 2d]
kaputnikoff: checks
dodge658: bets $3
kaputnikoff: folds
Uncalled bet ($3) returned to dodge658
dodge658 collected $5.88 from pot
dodge658: doesn't show hand
*** SUMMARY ***
Total pot $6 | Rake $0.12
Board [9h 6h 2d]
Seat 1: kaputnikoff (big blind) folded on the Flop
Seat 2: dodge658 (button) (small blind) collected ($5.88)


PokerStars Hand #148088630015:  Hold'em Limit ($3/$6 USD) - 2016/02/01 21:36:37 ET
Table 'Klotho' 2-max Seat #1 is the button
Seat 1: kaputnikoff ($224.14 in chips)
Seat 2: dodge658 ($188.27 in chips)
kaputnikoff: posts small blind $1
dodge658: posts big blind $3
*** HOLE CARDS ***
kaputnikoff: raises $3 to $6
dodge658: calls $3
*** FLOP *** [9d Qs Qd]
dodge658: checks
kaputnikoff: bets $3
dodge658: folds
Uncalled bet ($3) returned to kaputnikoff
kaputnikoff collected $11.76 from pot
kaputnikoff: doesn't show hand
*** SUMMARY ***
Total pot $12 | Rake $0.24
Board [9d Qs Qd]
Seat 1: kaputnikoff (button) (small blind) collected ($11.76)
Seat 2: dodge658 (big blind) folded on the Flop


PokerStars Hand #148088644487:  Hold'em Limit ($3/$6 USD) - 2016/02/01 21:37:10 ET
Table 'Klotho' 2-max Seat #1 is the button
Seat 1: kaputnikoff ($226.90 in chips)
Seat 2: dodge658 ($185.15 in chips)
kaputnikoff: posts small blind $1
dodge658: posts big blind $3
*** HOLE CARDS ***
kaputnikoff: raises $3 to $6
dodge658: calls $3
*** FLOP *** [7d 6d As]
dodge658: bets $3
kaputnikoff: calls $3
*** TURN *** [7d 6d As] [9s]
dodge658: checks
kaputnikoff: bets $6
dodge658: calls $6
*** RIVER *** [7d 6d As 9s] [Th]
dodge658: bets $6
kaputnikoff: calls $6
*** SHOW DOWN ***
dodge658: shows [Tc Kh] (a pair of Tens)
kaputnikoff: shows [9h 6c] (two pair, Nines and Sixes)
kaputnikoff collected $41.50 from pot
*** SUMMARY ***
Total pot $42 | Rake $0.50
Board [7d 6d As 9s Th]
Seat 1: kaputnikoff (button) (small blind) showed [9h 6c] and won ($41.50) with two pair, Nines and Sixes
Seat 2: dodge658 (big blind) showed [Tc Kh] and lost with a pair of Tens


PokerStars Hand #148088699958:  Hold'em Limit ($3/$6 USD) - 2016/02/01 21:39:17 ET
Table 'Klotho' 2-max Seat #2 is the button
Seat 1: kaputnikoff ($217.40 in chips)
Seat 2: dodge658 ($193.15 in chips)
dodge658: posts small blind $1
kaputnikoff: posts big blind $3
*** HOLE CARDS ***
dodge658: calls $2
kaputnikoff: checks
*** FLOP *** [3c 6h 9s]
kaputnikoff: checks
dodge658: checks
*** TURN *** [3c 6h 9s] [9h]
kaputnikoff: checks
dodge658: checks
*** RIVER *** [3c 6h 9s 9h] [8h]
kaputnikoff: checks
dodge658: bets $6
kaputnikoff: calls $6
*** SHOW DOWN ***
dodge658: shows [5c 7c] (a straight, Five to Nine)
kaputnikoff: mucks hand
dodge658 collected $17.64 from pot
*** SUMMARY ***
Total pot $18 | Rake $0.36
Board [3c 6h 9s 9h 8h]
Seat 1: kaputnikoff (big blind) mucked
Seat 2: dodge658 (button) (small blind) showed [5c 7c] and won ($17.64) with a straight, Five to Nine


PokerStars Hand #148088685288:  Hold'em Limit ($3/$6 USD) - 2016/02/01 21:38:43 ET
Table 'Klotho' 2-max Seat #1 is the button
Seat 1: kaputnikoff ($232.40 in chips)
Seat 2: dodge658 ($178.65 in chips)
kaputnikoff: posts small blind $1
dodge658: posts big blind $3
*** HOLE CARDS ***
kaputnikoff: raises $3 to $6
dodge658: calls $3
*** FLOP *** [3h 8h 6d]
dodge658: bets $3
kaputnikoff: calls $3
*** TURN *** [3h 8h 6d] [9h]
dodge658: bets $6
kaputnikoff: calls $6
*** RIVER *** [3h 8h 6d 9h] [Qh]
dodge658: bets $6
kaputnikoff: folds
Uncalled bet ($6) returned to dodge658
dodge658 collected $29.50 from pot
dodge658: doesn't show hand
*** SUMMARY ***
Total pot $30 | Rake $0.50
Board [3h 8h 6d 9h Qh]
Seat 1: kaputnikoff (button) (small blind) folded on the River
Seat 2: dodge658 (big blind) collected ($29.50)


PokerStars Hand #148088733155:  Hold'em Limit ($3/$6 USD) - 2016/02/01 21:40:34 ET
Table 'Klotho' 2-max Seat #1 is the button
Seat 1: kaputnikoff ($219.90 in chips)
Seat 2: dodge658 ($189.67 in chips)
kaputnikoff: posts small blind $1
dodge658: posts big blind $3
*** HOLE CARDS ***
kaputnikoff: raises $3 to $6
dodge658: calls $3
*** FLOP *** [8d 8h Qs]
dodge658: checks
kaputnikoff: bets $3
dodge658: folds
Uncalled bet ($3) returned to kaputnikoff
kaputnikoff collected $11.76 from pot
kaputnikoff: doesn't show hand
*** SUMMARY ***
Total pot $12 | Rake $0.24
Board [8d 8h Qs]
Seat 1: kaputnikoff (button) (small blind) collected ($11.76)
Seat 2: dodge658 (big blind) folded on the Flop


PokerStars Hand #148088725744:  Hold'em Limit ($3/$6 USD) - 2016/02/01 21:40:17 ET
Table 'Klotho' 2-max Seat #2 is the button
Seat 1: kaputnikoff ($222.90 in chips)
Seat 2: dodge658 ($186.79 in chips)
dodge658: posts small blind $1
kaputnikoff: posts big blind $3
*** HOLE CARDS ***
dodge658: calls $2
kaputnikoff: checks
*** FLOP *** [Td Tc 8d]
kaputnikoff: checks
dodge658: bets $3
kaputnikoff: folds
Uncalled bet ($3) returned to dodge658
dodge658 collected $5.88 from pot
dodge658: doesn't show hand
*** SUMMARY ***
Total pot $6 | Rake $0.12
Board [Td Tc 8d]
Seat 1: kaputnikoff (big blind) folded on the Flop
Seat 2: dodge658 (button) (small blind) collected ($5.88)


PokerStars Hand #148088710682:  Hold'em Limit ($3/$6 USD) - 2016/02/01 21:39:42 ET
Table 'Klotho' 2-max Seat #1 is the button
Seat 1: kaputnikoff ($208.40 in chips)
Seat 2: dodge658 ($201.79 in chips)
kaputnikoff: posts small blind $1
dodge658: posts big blind $3
*** HOLE CARDS ***
kaputnikoff: raises $3 to $6
dodge658: calls $3
*** FLOP *** [Th 2s Qh]
dodge658: checks
kaputnikoff: bets $3
dodge658: calls $3
*** TURN *** [Th 2s Qh] [4d]
dodge658: checks
kaputnikoff: bets $6
dodge658: calls $6
*** RIVER *** [Th 2s Qh 4d] [5d]
dodge658: checks
kaputnikoff: bets $6
dodge658: folds
Uncalled bet ($6) returned to kaputnikoff
kaputnikoff collected $29.50 from pot
kaputnikoff: doesn't show hand
*** SUMMARY ***
Total pot $30 | Rake $0.50
Board [Th 2s Qh 4d 5d]
Seat 1: kaputnikoff (button) (small blind) collected ($29.50)
Seat 2: dodge658 (big blind) folded on the River


PokerStars Hand #148088748053:  Hold'em Limit ($3/$6 USD) - 2016/02/01 21:41:08 ET
Table 'Klotho' 2-max Seat #1 is the button
Seat 1: kaputnikoff ($222.66 in chips)
Seat 2: dodge658 ($186.55 in chips)
kaputnikoff: posts small blind $1
dodge658: posts big blind $3
*** HOLE CARDS ***
kaputnikoff: raises $3 to $6
dodge658: calls $3
*** FLOP *** [4s Ad 2h]
dodge658: bets $3
kaputnikoff: calls $3
*** TURN *** [4s Ad 2h] [7d]
dodge658: checks
kaputnikoff: bets $6
dodge658: folds
Uncalled bet ($6) returned to kaputnikoff
kaputnikoff collected $17.64 from pot
kaputnikoff: doesn't show hand
*** SUMMARY ***
Total pot $18 | Rake $0.36
Board [4s Ad 2h 7d]
Seat 1: kaputnikoff (button) (small blind) collected ($17.64)
Seat 2: dodge658 (big blind) folded on the Turn


PokerStars Hand #148088740301:  Hold'em Limit ($3/$6 USD) - 2016/02/01 21:40:51 ET
Table 'Klotho' 2-max Seat #2 is the button
Seat 1: kaputnikoff ($225.66 in chips)
Seat 2: dodge658 ($183.67 in chips)
dodge658: posts small blind $1
kaputnikoff: posts big blind $3
*** HOLE CARDS ***
dodge658: calls $2
kaputnikoff: checks
*** FLOP *** [8h Ts 6c]
kaputnikoff: checks
dodge658: bets $3
kaputnikoff: folds
Uncalled bet ($3) returned to dodge658
dodge658 collected $5.88 from pot
dodge658: doesn't show hand
*** SUMMARY ***
Total pot $6 | Rake $0.12
Board [8h Ts 6c]
Seat 1: kaputnikoff (big blind) folded on the Flop
Seat 2: dodge658 (button) (small blind) collected ($5.88)


PokerStars Hand #148088763637:  Hold'em Limit ($3/$6 USD) - 2016/02/01 21:41:45 ET
Table 'Klotho' 2-max Seat #2 is the button
Seat 1: kaputnikoff ($231.30 in chips)
Seat 2: dodge658 ($177.55 in chips)
dodge658: posts small blind $1
kaputnikoff: posts big blind $3
*** HOLE CARDS ***
dodge658: calls $2
kaputnikoff: raises $3 to $6
dodge658: calls $3
*** FLOP *** [Ac As 9h]
kaputnikoff: bets $3
dodge658: calls $3
*** TURN *** [Ac As 9h] [3d]
kaputnikoff: checks
dodge658: bets $6
kaputnikoff: folds
Uncalled bet ($6) returned to dodge658
dodge658 collected $17.64 from pot
dodge658: doesn't show hand
*** SUMMARY ***
Total pot $18 | Rake $0.36
Board [Ac As 9h 3d]
Seat 1: kaputnikoff (big blind) folded on the Turn
Seat 2: dodge658 (button) (small blind) collected ($17.64)


PokerStars Hand #148088798383:  Hold'em Limit ($3/$6 USD) - 2016/02/01 21:43:05 ET
Table 'Klotho' 2-max Seat #1 is the button
Seat 1: kaputnikoff ($237.80 in chips)
Seat 2: dodge658 ($170.19 in chips)
kaputnikoff: posts small blind $1
dodge658: posts big blind $3
*** HOLE CARDS ***
kaputnikoff: raises $3 to $6
dodge658: calls $3
*** FLOP *** [6h 4h 9s]
dodge658: bets $3
kaputnikoff: calls $3
*** TURN *** [6h 4h 9s] [4d]
dodge658: bets $6
kaputnikoff: calls $6
*** RIVER *** [6h 4h 9s 4d] [Ah]
dodge658: bets $6
kaputnikoff: calls $6
*** SHOW DOWN ***
dodge658: shows [8h 3s] (a pair of Fours)
kaputnikoff: shows [6d 5d] (two pair, Sixes and Fours)
kaputnikoff collected $41.50 from pot
*** SUMMARY ***
Total pot $42 | Rake $0.50
Board [6h 4h 9s 4d Ah]
Seat 1: kaputnikoff (button) (small blind) showed [6d 5d] and won ($41.50) with two pair, Sixes and Fours
Seat 2: dodge658 (big blind) showed [8h 3s] and lost with a pair of Fours


PokerStars Hand #148088795494:  Hold'em Limit ($3/$6 USD) - 2016/02/01 21:42:58 ET
Table 'Klotho' 2-max Seat #2 is the button
Seat 1: kaputnikoff ($236.80 in chips)
Seat 2: dodge658 ($171.19 in chips)
dodge658: posts small blind $1
kaputnikoff: posts big blind $3
*** HOLE CARDS ***
dodge658: folds
Uncalled bet ($2) returned to kaputnikoff
kaputnikoff collected $2 from pot
kaputnikoff: doesn't show hand
*** SUMMARY ***
Total pot $2 | Rake $0
Seat 1: kaputnikoff (big blind) collected ($2)
Seat 2: dodge658 (button) (small blind) folded before Flop


PokerStars Hand #148088774418:  Hold'em Limit ($3/$6 USD) - 2016/02/01 21:42:09 ET
Table 'Klotho' 2-max Seat #1 is the button
Seat 1: kaputnikoff ($222.30 in chips)
Seat 2: dodge658 ($186.19 in chips)
kaputnikoff: posts small blind $1
dodge658: posts big blind $3
*** HOLE CARDS ***
kaputnikoff: raises $3 to $6
dodge658: calls $3
*** FLOP *** [Ad 3h 6s]
dodge658: bets $3
kaputnikoff: calls $3
*** TURN *** [Ad 3h 6s] [Kh]
dodge658: checks
kaputnikoff: bets $6
dodge658: calls $6
*** RIVER *** [Ad 3h 6s Kh] [8s]
dodge658: checks
kaputnikoff: bets $6
dodge658: folds
Uncalled bet ($6) returned to kaputnikoff
kaputnikoff collected $29.50 from pot
kaputnikoff: doesn't show hand
*** SUMMARY ***
Total pot $30 | Rake $0.50
Board [Ad 3h 6s Kh 8s]
Seat 1: kaputnikoff (button) (small blind) collected ($29.50)
Seat 2: dodge658 (big blind) folded on the River


PokerStars Hand #148088811596:  Hold'em Limit ($3/$6 USD) - 2016/02/01 21:43:35 ET
Table 'Klotho' 2-max Seat #2 is the button
Seat 1: kaputnikoff ($258.30 in chips)
Seat 2: dodge658 ($149.19 in chips)
dodge658: posts small blind $1
kaputnikoff: posts big blind $3
*** HOLE CARDS ***
dodge658: calls $2
kaputnikoff: checks
*** FLOP *** [Ac 8d Tc]
kaputnikoff: checks
dodge658: checks
*** TURN *** [Ac 8d Tc] [9s]
kaputnikoff: bets $6
dodge658: folds
Uncalled bet ($6) returned to kaputnikoff
kaputnikoff collected $5.88 from pot
kaputnikoff: doesn't show hand
*** SUMMARY ***
Total pot $6 | Rake $0.12
Board [Ac 8d Tc 9s]
Seat 1: kaputnikoff (big blind) collected ($5.88)
Seat 2: dodge658 (button) (small blind) folded on the Turn


PokerStars Hand #148088839915:  Hold'em Limit ($3/$6 USD) - 2016/02/01 21:44:41 ET
Table 'Klotho' 2-max Seat #1 is the button
Seat 1: kaputnikoff ($275.58 in chips)
Seat 2: dodge658 ($131.19 in chips)
kaputnikoff: posts small blind $1
dodge658: posts big blind $3
*** HOLE CARDS ***
kaputnikoff: folds
Uncalled bet ($2) returned to dodge658
dodge658 collected $2 from pot
dodge658: doesn't show hand
*** SUMMARY ***
Total pot $2 | Rake $0
Seat 1: kaputnikoff (button) (small blind) folded before Flop
Seat 2: dodge658 (big blind) collected ($2)


PokerStars Hand #148088829575:  Hold'em Limit ($3/$6 USD) - 2016/02/01 21:44:17 ET
Table 'Klotho' 2-max Seat #2 is the button
Seat 1: kaputnikoff ($266.94 in chips)
Seat 2: dodge658 ($140.19 in chips)
dodge658: posts small blind $1
kaputnikoff: posts big blind $3
*** HOLE CARDS ***
dodge658: calls $2
kaputnikoff: raises $3 to $6
dodge658: calls $3
*** FLOP *** [6c 5s 3h]
kaputnikoff: bets $3
dodge658: calls $3
*** TURN *** [6c 5s 3h] [Jh]
kaputnikoff: checks
dodge658: checks
*** RIVER *** [6c 5s 3h Jh] [3d]
kaputnikoff: checks
dodge658: checks
*** SHOW DOWN ***
kaputnikoff: shows [Ac Tc] (a pair of Threes)
dodge658: mucks hand
kaputnikoff collected $17.64 from pot
*** SUMMARY ***
Total pot $18 | Rake $0.36
Board [6c 5s 3h Jh 3d]
Seat 1: kaputnikoff (big blind) showed [Ac Tc] and won ($17.64) with a pair of Threes
Seat 2: dodge658 (button) (small blind) mucked


PokerStars Hand #148088820070:  Hold'em Limit ($3/$6 USD) - 2016/02/01 21:43:55 ET
Table 'Klotho' 2-max Seat #1 is the button
Seat 1: kaputnikoff ($261.18 in chips)
Seat 2: dodge658 ($146.19 in chips)
kaputnikoff: posts small blind $1
dodge658: posts big blind $3
*** HOLE CARDS ***
kaputnikoff: raises $3 to $6
dodge658: calls $3
*** FLOP *** [Jc 5d Ah]
dodge658: checks
kaputnikoff: bets $3
dodge658: folds
Uncalled bet ($3) returned to kaputnikoff
kaputnikoff collected $11.76 from pot
*** SUMMARY ***
Total pot $12 | Rake $0.24
Board [Jc 5d Ah]
Seat 1: kaputnikoff (button) (small blind) collected ($11.76)
Seat 2: dodge658 (big blind) folded on the Flop


PokerStars Hand #148088860733:  Hold'em Limit ($3/$6 USD) - 2016/02/01 21:45:29 ET
Table 'Klotho' 2-max Seat #2 is the button
Seat 1: kaputnikoff ($284.22 in chips)
Seat 2: dodge658 ($122.19 in chips)
dodge658: posts small blind $1
kaputnikoff: posts big blind $3
*** HOLE CARDS ***
dodge658: calls $2
kaputnikoff: raises $3 to $6
dodge658: calls $3
*** FLOP *** [5c 7c Js]
kaputnikoff: bets $3
dodge658: calls $3
*** TURN *** [5c 7c Js] [6h]
kaputnikoff: bets $6
dodge658: calls $6
*** RIVER *** [5c 7c Js 6h] [Td]
kaputnikoff: bets $6
dodge658: calls $6
*** SHOW DOWN ***
kaputnikoff: shows [6s Qd] (a pair of Sixes)
dodge658: shows [Tc 8h] (a pair of Tens)
dodge658 collected $41.50 from pot
*** SUMMARY ***
Total pot $42 | Rake $0.50
Board [5c 7c Js 6h Td]
Seat 1: kaputnikoff (big blind) showed [6s Qd] and lost with a pair of Sixes
Seat 2: dodge658 (button) (small blind) showed [Tc 8h] and won ($41.50) with a pair of Tens


PokerStars Hand #148088845894:  Hold'em Limit ($3/$6 USD) - 2016/02/01 21:44:55 ET
Table 'Klotho' 2-max Seat #1 is the button
Seat 1: kaputnikoff ($275.58 in chips)
Seat 2: dodge658 ($131.19 in chips)
kaputnikoff: posts small blind $1
dodge658: posts big blind $3
*** HOLE CARDS ***
kaputnikoff: raises $3 to $6
dodge658: calls $3
*** FLOP *** [9c 5h 9s]
dodge658: checks
kaputnikoff: bets $3
dodge658: calls $3
*** TURN *** [9c 5h 9s] [6h]
dodge658: checks
kaputnikoff: checks
*** RIVER *** [9c 5h 9s 6h] [Kd]
dodge658: checks
kaputnikoff: bets $6
dodge658: folds
Uncalled bet ($6) returned to kaputnikoff
kaputnikoff collected $17.64 from pot
*** SUMMARY ***
Total pot $18 | Rake $0.36
Board [9c 5h 9s 6h Kd]
Seat 1: kaputnikoff (button) (small blind) collected ($17.64)
Seat 2: dodge658 (big blind) folded on the River


PokerStars Hand #148088842758:  Hold'em Limit ($3/$6 USD) - 2016/02/01 21:44:48 ET
Table 'Klotho' 2-max Seat #2 is the button
Seat 1: kaputnikoff ($274.58 in chips)
Seat 2: dodge658 ($132.19 in chips)
dodge658: posts small blind $1
kaputnikoff: posts big blind $3
*** HOLE CARDS ***
dodge658: folds
Uncalled bet ($2) returned to kaputnikoff
kaputnikoff collected $2 from pot
*** SUMMARY ***
Total pot $2 | Rake $0
Seat 1: kaputnikoff (big blind) collected ($2)
Seat 2: dodge658 (button) (small blind) folded before Flop


PokerStars Hand #148088873519:  Hold'em Limit ($3/$6 USD) - 2016/02/01 21:45:59 ET
Table 'Klotho' 2-max Seat #2 is the button
Seat 1: kaputnikoff ($262.22 in chips)
Seat 2: dodge658 ($143.69 in chips)
dodge658: posts small blind $1
kaputnikoff: posts big blind $3
*** HOLE CARDS ***
dodge658: calls $2
kaputnikoff: raises $3 to $6
dodge658: calls $3
*** FLOP *** [4h Kh Th]
kaputnikoff: bets $3
dodge658: calls $3
*** TURN *** [4h Kh Th] [8h]
kaputnikoff: checks
dodge658: bets $6
kaputnikoff: calls $6
*** RIVER *** [4h Kh Th 8h] [Jh]
kaputnikoff: checks
dodge658: bets $6
kaputnikoff: calls $6
*** SHOW DOWN ***
dodge658: shows [Kc 5c] (a flush, King high)
kaputnikoff: shows [Kd 4s] (a flush, King high)
kaputnikoff collected $20.75 from pot
dodge658 collected $20.75 from pot
*** SUMMARY ***
Total pot $42 | Rake $0.50
Board [4h Kh Th 8h Jh]
Seat 1: kaputnikoff (big blind) showed [Kd 4s] and won ($20.75) with a flush, King high
Seat 2: dodge658 (button) (small blind) showed [Kc 5c] and won ($20.75) with a flush, King high


PokerStars Hand #148088870658:  Hold'em Limit ($3/$6 USD) - 2016/02/01 21:45:52 ET
Table 'Klotho' 2-max Seat #1 is the button
Seat 1: kaputnikoff ($263.22 in chips)
Seat 2: dodge658 ($142.69 in chips)
kaputnikoff: posts small blind $1
dodge658: posts big blind $3
*** HOLE CARDS ***
kaputnikoff: folds
Uncalled bet ($2) returned to dodge658
dodge658 collected $2 from pot
dodge658: doesn't show hand
*** SUMMARY ***
Total pot $2 | Rake $0
Seat 1: kaputnikoff (button) (small blind) folded before Flop
Seat 2: dodge658 (big blind) collected ($2)


PokerStars Hand #148088885539:  Hold'em Limit ($3/$6 USD) - 2016/02/01 21:46:27 ET
Table 'Klotho' 2-max Seat #1 is the button
Seat 1: kaputnikoff ($261.97 in chips)
Seat 2: dodge658 ($143.44 in chips)
kaputnikoff: posts small blind $1
dodge658: posts big blind $3
*** HOLE CARDS ***
kaputnikoff: raises $3 to $6
dodge658: calls $3
*** FLOP *** [9c Qc 9s]
dodge658: checks
kaputnikoff: bets $3
dodge658: calls $3
*** TURN *** [9c Qc 9s] [7h]
dodge658: checks
kaputnikoff: bets $6
dodge658: calls $6
*** RIVER *** [9c Qc 9s 7h] [6c]
dodge658: checks
kaputnikoff: bets $6
dodge658: folds
Uncalled bet ($6) returned to kaputnikoff
kaputnikoff collected $29.50 from pot
kaputnikoff: doesn't show hand
*** SUMMARY ***
Total pot $30 | Rake $0.50
Board [9c Qc 9s 7h 6c]
Seat 1: kaputnikoff (button) (small blind) collected ($29.50)
Seat 2: dodge658 (big blind) folded on the River


PokerStars Hand #148088900592:  Hold'em Limit ($3/$6 USD) - 2016/02/01 21:47:02 ET
Table 'Klotho' 2-max Seat #2 is the button
Seat 1: kaputnikoff ($276.47 in chips)
Seat 2: dodge658 ($128.44 in chips)
dodge658: posts small blind $1
kaputnikoff: posts big blind $3
*** HOLE CARDS ***
dodge658: calls $2
kaputnikoff: raises $3 to $6
dodge658: calls $3
*** FLOP *** [Qd 5d Qc]
kaputnikoff: bets $3
dodge658: calls $3
*** TURN *** [Qd 5d Qc] [As]
kaputnikoff: bets $6
dodge658: calls $6
*** RIVER *** [Qd 5d Qc As] [7s]
kaputnikoff: bets $6
dodge658: raises $6 to $12
kaputnikoff: calls $6
*** SHOW DOWN ***
dodge658: shows [7c Ac] (two pair, Aces and Queens)
kaputnikoff: shows [Ah 4d] (two pair, Aces and Queens)
kaputnikoff collected $26.75 from pot
dodge658 collected $26.75 from pot
*** SUMMARY ***
Total pot $54 | Rake $0.50
Board [Qd 5d Qc As 7s]
Seat 1: kaputnikoff (big blind) showed [Ah 4d] and won ($26.75) with two pair, Aces and Queens
Seat 2: dodge658 (button) (small blind) showed [7c Ac] and won ($26.75) with two pair, Aces and Queens


PokerStars Hand #148088915109:  Hold'em Limit ($3/$6 USD) - 2016/02/01 21:47:36 ET
Table 'Klotho' 2-max Seat #1 is the button
Seat 1: kaputnikoff ($276.22 in chips)
Seat 2: dodge658 ($128.19 in chips)
kaputnikoff: posts small blind $1
dodge658: posts big blind $3
*** HOLE CARDS ***
kaputnikoff: raises $3 to $6
dodge658: calls $3
*** FLOP *** [5s 4d 2c]
dodge658: checks
kaputnikoff: bets $3
dodge658: calls $3
*** TURN *** [5s 4d 2c] [Td]
dodge658: checks
kaputnikoff: bets $6
dodge658: calls $6
*** RIVER *** [5s 4d 2c Td] [9c]
dodge658: checks
kaputnikoff: bets $6
dodge658: folds
Uncalled bet ($6) returned to kaputnikoff
kaputnikoff collected $29.50 from pot
kaputnikoff: doesn't show hand
*** SUMMARY ***
Total pot $30 | Rake $0.50
Board [5s 4d 2c Td 9c]
Seat 1: kaputnikoff (button) (small blind) collected ($29.50)
Seat 2: dodge658 (big blind) folded on the River


PokerStars Hand #148088930195:  Hold'em Limit ($3/$6 USD) - 2016/02/01 21:48:12 ET
Table 'Klotho' 2-max Seat #2 is the button
Seat 1: kaputnikoff ($290.72 in chips)
Seat 2: dodge658 ($113.19 in chips)
dodge658: posts small blind $1
kaputnikoff: posts big blind $3
*** HOLE CARDS ***
dodge658: calls $2
kaputnikoff: checks
*** FLOP *** [3c Th 9h]
kaputnikoff: checks
dodge658: checks
*** TURN *** [3c Th 9h] [8c]
kaputnikoff: bets $6
dodge658: folds
Uncalled bet ($6) returned to kaputnikoff
kaputnikoff collected $5.88 from pot
kaputnikoff: doesn't show hand
*** SUMMARY ***
Total pot $6 | Rake $0.12
Board [3c Th 9h 8c]
Seat 1: kaputnikoff (big blind) collected ($5.88)
Seat 2: dodge658 (button) (small blind) folded on the Turn


PokerStars Hand #148088951603:  Hold'em Limit ($3/$6 USD) - 2016/02/01 21:49:02 ET
Table 'Klotho' 2-max Seat #2 is the button
Seat 1: kaputnikoff ($287.60 in chips)
Seat 2: dodge658 ($115.95 in chips)
dodge658: posts small blind $1
kaputnikoff: posts big blind $3
*** HOLE CARDS ***
dodge658: calls $2
kaputnikoff: checks
*** FLOP *** [Kd 5s As]
kaputnikoff: checks
dodge658: bets $3
kaputnikoff: folds
Uncalled bet ($3) returned to dodge658
dodge658 collected $5.88 from pot
dodge658: doesn't show hand
*** SUMMARY ***
Total pot $6 | Rake $0.12
Board [Kd 5s As]
Seat 1: kaputnikoff (big blind) folded on the Flop
Seat 2: dodge658 (button) (small blind) collected ($5.88)


PokerStars Hand #148088961006:  Hold'em Limit ($3/$6 USD) - 2016/02/01 21:49:24 ET
Table 'Klotho' 2-max Seat #1 is the button
Seat 1: kaputnikoff ($284.60 in chips)
Seat 2: dodge658 ($118.83 in chips)
kaputnikoff: posts small blind $1
dodge658: posts big blind $3
*** HOLE CARDS ***
kaputnikoff: raises $3 to $6
dodge658: calls $3
*** FLOP *** [Qd Js 9h]
dodge658: bets $3
kaputnikoff: folds
Uncalled bet ($3) returned to dodge658
dodge658 collected $11.76 from pot
*** SUMMARY ***
Total pot $12 | Rake $0.24
Board [Qd Js 9h]
Seat 1: kaputnikoff (button) (small blind) folded on the Flop
Seat 2: dodge658 (big blind) collected ($11.76)


PokerStars Hand #148088942672:  Hold'em Limit ($3/$6 USD) - 2016/02/01 21:48:41 ET
Table 'Klotho' 2-max Seat #1 is the button
Seat 1: kaputnikoff ($293.60 in chips)
Seat 2: dodge658 ($110.19 in chips)
kaputnikoff: posts small blind $1
dodge658: posts big blind $3
*** HOLE CARDS ***
kaputnikoff: raises $3 to $6
dodge658: calls $3
*** FLOP *** [3h Js Jd]
dodge658: bets $3
kaputnikoff: folds
Uncalled bet ($3) returned to dodge658
dodge658 collected $11.76 from pot
*** SUMMARY ***
Total pot $12 | Rake $0.24
Board [3h Js Jd]
Seat 1: kaputnikoff (button) (small blind) folded on the Flop
Seat 2: dodge658 (big blind) collected ($11.76)


PokerStars Hand #148088966862:  Hold'em Limit ($3/$6 USD) - 2016/02/01 21:49:38 ET
Table 'Klotho' 2-max Seat #2 is the button
Seat 1: kaputnikoff ($278.60 in chips)
Seat 2: dodge658 ($124.59 in chips)
dodge658: posts small blind $1
kaputnikoff: posts big blind $3
*** HOLE CARDS ***
dodge658: calls $2
kaputnikoff: raises $3 to $6
dodge658: calls $3
*** FLOP *** [Td 4s 5c]
kaputnikoff: bets $3
dodge658: calls $3
*** TURN *** [Td 4s 5c] [9h]
kaputnikoff: bets $6
dodge658: calls $6
*** RIVER *** [Td 4s 5c 9h] [Kh]
kaputnikoff: bets $6
dodge658: calls $6
*** SHOW DOWN ***
kaputnikoff: shows [Jh Th] (a pair of Tens)
dodge658: mucks hand
kaputnikoff collected $41.50 from pot
*** SUMMARY ***
Total pot $42 | Rake $0.50
Board [Td 4s 5c 9h Kh]
Seat 1: kaputnikoff (big blind) showed [Jh Th] and won ($41.50) with a pair of Tens
Seat 2: dodge658 (button) (small blind) mucked


PokerStars Hand #148088980454:  Hold'em Limit ($3/$6 USD) - 2016/02/01 21:50:10 ET
Table 'Klotho' 2-max Seat #1 is the button
Seat 1: kaputnikoff ($299.10 in chips)
Seat 2: dodge658 ($103.59 in chips)
kaputnikoff: posts small blind $1
dodge658: posts big blind $3
*** HOLE CARDS ***
kaputnikoff: raises $3 to $6
dodge658: calls $3
*** FLOP *** [Jh Ac 8s]
dodge658: checks
kaputnikoff: bets $3
dodge658: folds
Uncalled bet ($3) returned to kaputnikoff
kaputnikoff collected $11.76 from pot
kaputnikoff: doesn't show hand
*** SUMMARY ***
Total pot $12 | Rake $0.24
Board [Jh Ac 8s]
Seat 1: kaputnikoff (button) (small blind) collected ($11.76)
Seat 2: dodge658 (big blind) folded on the Flop


PokerStars Hand #148089001280:  Hold'em Limit ($3/$6 USD) - 2016/02/01 21:50:59 ET
Table 'Klotho' 2-max Seat #1 is the button
Seat 1: kaputnikoff ($301.86 in chips)
Seat 2: dodge658 ($100.47 in chips)
kaputnikoff: posts small blind $1
dodge658: posts big blind $3
*** HOLE CARDS ***
kaputnikoff: raises $3 to $6
dodge658: calls $3
*** FLOP *** [7c Ah 4h]
dodge658: checks
kaputnikoff: bets $3
dodge658: folds
Uncalled bet ($3) returned to kaputnikoff
kaputnikoff collected $11.76 from pot
kaputnikoff: doesn't show hand
*** SUMMARY ***
Total pot $12 | Rake $0.24
Board [7c Ah 4h]
Seat 1: kaputnikoff (button) (small blind) collected ($11.76)
Seat 2: dodge658 (big blind) folded on the Flop


PokerStars Hand #148088994135:  Hold'em Limit ($3/$6 USD) - 2016/02/01 21:50:42 ET
Table 'Klotho' 2-max Seat #2 is the button
Seat 1: kaputnikoff ($304.86 in chips)
Seat 2: dodge658 ($97.59 in chips)
dodge658: posts small blind $1
kaputnikoff: posts big blind $3
*** HOLE CARDS ***
dodge658: calls $2
kaputnikoff: checks
*** FLOP *** [2d 9s Js]
kaputnikoff: checks
dodge658: bets $3
kaputnikoff: folds
Uncalled bet ($3) returned to dodge658
dodge658 collected $5.88 from pot
*** SUMMARY ***
Total pot $6 | Rake $0.12
Board [2d 9s Js]
Seat 1: kaputnikoff (big blind) folded on the Flop
Seat 2: dodge658 (button) (small blind) collected ($5.88)


PokerStars Hand #148089012573:  Hold'em Limit ($3/$6 USD) - 2016/02/01 21:51:26 ET
Table 'Klotho' 2-max Seat #2 is the button
Seat 1: kaputnikoff ($307.62 in chips)
Seat 2: dodge658 ($94.47 in chips)
dodge658: posts small blind $1
kaputnikoff: posts big blind $3
*** HOLE CARDS ***
dodge658: calls $2
kaputnikoff: raises $3 to $6
dodge658: calls $3
*** FLOP *** [6s 7h 5s]
kaputnikoff: checks
dodge658: checks
*** TURN *** [6s 7h 5s] [8s]
kaputnikoff: bets $6
dodge658: calls $6
*** RIVER *** [6s 7h 5s 8s] [3d]
kaputnikoff: bets $6
dodge658: calls $6
*** SHOW DOWN ***
kaputnikoff: shows [Td Js] (high card Jack)
dodge658: shows [4h Kd] (a straight, Four to Eight)
dodge658 collected $35.50 from pot
*** SUMMARY ***
Total pot $36 | Rake $0.50
Board [6s 7h 5s 8s 3d]
Seat 1: kaputnikoff (big blind) showed [Td Js] and lost with high card Jack
Seat 2: dodge658 (button) (small blind) showed [4h Kd] and won ($35.50) with a straight, Four to Eight


