PokerStars Hand #161067401859:  Hold'em Limit ($3/$6 USD) - 2016/11/07 18:34:05 ET
Table 'Klotho' 6-max Seat #1 is the button
Seat 1: barranqueiro ($184.81 in chips)
Seat 4: assitoni ($72 in chips)
barranqueiro: posts small blind $1
assitoni: posts big blind $3
*** HOLE CARDS ***
barranqueiro: folds
Uncalled bet ($2) returned to assitoni
assitoni collected $2 from pot
assitoni: doesn't show hand
*** SUMMARY ***
Total pot $2 | Rake $0
Seat 1: barranqueiro (button) (small blind) folded before Flop
Seat 4: assitoni (big blind) collected ($2)


PokerStars Hand #161067421559:  Hold'em Limit ($3/$6 USD) - 2016/11/07 18:34:31 ET
Table 'Klotho' 6-max Seat #1 is the button
Seat 1: barranqueiro ($180.81 in chips)
Seat 4: assitoni ($76 in chips)
barranqueiro: posts small blind $1
assitoni: posts big blind $3
*** HOLE CARDS ***
barranqueiro: raises $3 to $6
assitoni: calls $3
*** FLOP *** [8h 3s Qd]
assitoni: checks
barranqueiro: bets $3
assitoni: calls $3
*** TURN *** [8h 3s Qd] [Kh]
assitoni: checks
barranqueiro: bets $6
assitoni: raises $6 to $12
barranqueiro: calls $6
*** RIVER *** [8h 3s Qd Kh] [5s]
assitoni: bets $6
barranqueiro: calls $6
*** SHOW DOWN ***
assitoni: shows [2d Kc] (a pair of Kings)
barranqueiro: mucks hand
assitoni collected $53.50 from pot
*** SUMMARY ***
Total pot $54 | Rake $0.50
Board [8h 3s Qd Kh 5s]
Seat 1: barranqueiro (button) (small blind) mucked
Seat 4: assitoni (big blind) showed [2d Kc] and won ($53.50) with a pair of Kings


PokerStars Hand #161067412187:  Hold'em Limit ($3/$6 USD) - 2016/11/07 18:34:19 ET
Table 'Klotho' 6-max Seat #4 is the button
Seat 1: barranqueiro ($183.81 in chips)
Seat 4: assitoni ($73 in chips)
assitoni: posts small blind $1
barranqueiro: posts big blind $3
*** HOLE CARDS ***
assitoni: raises $3 to $6
barranqueiro: folds
Uncalled bet ($3) returned to assitoni
assitoni collected $6 from pot
assitoni: doesn't show hand
*** SUMMARY ***
Total pot $6 | Rake $0
Seat 1: barranqueiro (big blind) folded before Flop
Seat 4: assitoni (button) (small blind) collected ($6)


PokerStars Hand #161067537400:  Hold'em Limit ($3/$6 USD) - 2016/11/07 18:37:01 ET
Table 'Klotho' 6-max Seat #2 is the button
Seat 1: barranqueiro ($182.19 in chips)
Seat 2: ToDaFelt ($99 in chips)
ToDaFelt: posts small blind $1
assitoni: is sitting out
barranqueiro: posts big blind $3
*** HOLE CARDS ***
ToDaFelt: folds
Uncalled bet ($2) returned to barranqueiro
barranqueiro collected $2 from pot
*** SUMMARY ***
Total pot $2 | Rake $0
Seat 1: barranqueiro (big blind) collected ($2)
Seat 2: ToDaFelt (button) (small blind) folded before Flop


PokerStars Hand #161067545294:  Hold'em Limit ($3/$6 USD) - 2016/11/07 18:37:11 ET
Table 'Klotho' 6-max Seat #1 is the button
Seat 1: barranqueiro ($183.19 in chips)
Seat 2: ToDaFelt ($98 in chips)
barranqueiro: posts small blind $1
ToDaFelt: posts big blind $3
*** HOLE CARDS ***
barranqueiro: folds
Uncalled bet ($2) returned to ToDaFelt
ToDaFelt collected $2 from pot
ToDaFelt: doesn't show hand
*** SUMMARY ***
Total pot $2 | Rake $0
Seat 1: barranqueiro (button) (small blind) folded before Flop
Seat 2: ToDaFelt (big blind) collected ($2)


PokerStars Hand #161067552400:  Hold'em Limit ($3/$6 USD) - 2016/11/07 18:37:21 ET
Table 'Klotho' 6-max Seat #2 is the button
Seat 1: barranqueiro ($182.19 in chips)
Seat 2: ToDaFelt ($99 in chips)
ToDaFelt: posts small blind $1
barranqueiro: posts big blind $3
*** HOLE CARDS ***
ToDaFelt: raises $3 to $6
barranqueiro: calls $3
*** FLOP *** [5c 4h Qd]
barranqueiro: checks
ToDaFelt: bets $3
barranqueiro: calls $3
*** TURN *** [5c 4h Qd] [Qs]
barranqueiro: checks
ToDaFelt: bets $6
barranqueiro: calls $6
*** RIVER *** [5c 4h Qd Qs] [9c]
barranqueiro: checks
ToDaFelt: bets $6
barranqueiro: calls $6
*** SHOW DOWN ***
ToDaFelt: shows [5d Kc] (two pair, Queens and Fives)
barranqueiro: mucks hand
ToDaFelt collected $41.50 from pot
*** SUMMARY ***
Total pot $42 | Rake $0.50
Board [5c 4h Qd Qs 9c]
Seat 1: barranqueiro (big blind) mucked
Seat 2: ToDaFelt (button) (small blind) showed [5d Kc] and won ($41.50) with two pair, Queens and Fives


PokerStars Hand #161067609635:  Hold'em Limit ($3/$6 USD) - 2016/11/07 18:38:40 ET
Table 'Klotho' 6-max Seat #2 is the button
Seat 1: barranqueiro ($190.69 in chips)
Seat 2: ToDaFelt ($89.50 in chips)
ToDaFelt: posts small blind $1
barranqueiro: posts big blind $3
*** HOLE CARDS ***
ToDaFelt: raises $3 to $6
barranqueiro: raises $3 to $9
ToDaFelt: calls $3
*** FLOP *** [3h Qs 9d]
barranqueiro: bets $3
ToDaFelt: calls $3
*** TURN *** [3h Qs 9d] [5s]
barranqueiro: bets $6
ToDaFelt: calls $6
*** RIVER *** [3h Qs 9d 5s] [Jd]
barranqueiro: bets $6
ToDaFelt: calls $6
*** SHOW DOWN ***
barranqueiro: shows [3d 5c] (two pair, Fives and Threes)
ToDaFelt: mucks hand
barranqueiro collected $47.50 from pot
*** SUMMARY ***
Total pot $48 | Rake $0.50
Board [3h Qs 9d 5s Jd]
Seat 1: barranqueiro (big blind) showed [3d 5c] and won ($47.50) with two pair, Fives and Threes
Seat 2: ToDaFelt (button) (small blind) mucked


PokerStars Hand #161067594463:  Hold'em Limit ($3/$6 USD) - 2016/11/07 18:38:19 ET
Table 'Klotho' 6-max Seat #1 is the button
Seat 1: barranqueiro ($161.19 in chips)
Seat 2: ToDaFelt ($119.50 in chips)
barranqueiro: posts small blind $1
ToDaFelt: posts big blind $3
*** HOLE CARDS ***
barranqueiro: raises $3 to $6
ToDaFelt: raises $3 to $9
barranqueiro: calls $3
*** FLOP *** [Qc 7d Tc]
ToDaFelt: bets $3
barranqueiro: calls $3
*** TURN *** [Qc 7d Tc] [9c]
ToDaFelt: bets $6
barranqueiro: raises $6 to $12
ToDaFelt: calls $6
*** RIVER *** [Qc 7d Tc 9c] [3s]
ToDaFelt: checks
barranqueiro: bets $6
ToDaFelt: calls $6
*** SHOW DOWN ***
barranqueiro: shows [Jh 8h] (a straight, Eight to Queen)
ToDaFelt: mucks hand
barranqueiro collected $59.50 from pot
*** SUMMARY ***
Total pot $60 | Rake $0.50
Board [Qc 7d Tc 9c 3s]
Seat 1: barranqueiro (button) (small blind) showed [Jh 8h] and won ($59.50) with a straight, Eight to Queen
Seat 2: ToDaFelt (big blind) mucked


PokerStars Hand #161067634821:  Hold'em Limit ($3/$6 USD) - 2016/11/07 18:39:15 ET
Table 'Klotho' 6-max Seat #1 is the button
Seat 1: barranqueiro ($214.19 in chips)
Seat 2: ToDaFelt ($120 in chips)
barranqueiro: posts small blind $1
ToDaFelt: posts big blind $3
*** HOLE CARDS ***
barranqueiro: raises $3 to $6
ToDaFelt: raises $3 to $9
barranqueiro: calls $3
*** FLOP *** [7c 6c Qh]
ToDaFelt: bets $3
barranqueiro: calls $3
*** TURN *** [7c 6c Qh] [4s]
ToDaFelt: bets $6
barranqueiro: calls $6
*** RIVER *** [7c 6c Qh 4s] [7d]
ToDaFelt: checks
barranqueiro: checks
*** SHOW DOWN ***
ToDaFelt: shows [Ks 5s] (a pair of Sevens)
barranqueiro: mucks hand
ToDaFelt collected $35.50 from pot
*** SUMMARY ***
Total pot $36 | Rake $0.50
Board [7c 6c Qh 4s 7d]
Seat 1: barranqueiro (button) (small blind) mucked
Seat 2: ToDaFelt (big blind) showed [Ks 5s] and won ($35.50) with a pair of Sevens


PokerStars Hand #161067694672:  Hold'em Limit ($3/$6 USD) - 2016/11/07 18:40:39 ET
Table 'Klotho' 6-max Seat #1 is the button
Seat 1: barranqueiro ($166.19 in chips)
Seat 2: ToDaFelt ($167 in chips)
barranqueiro: posts small blind $1
ToDaFelt: posts big blind $3
*** HOLE CARDS ***
barranqueiro: folds
Uncalled bet ($2) returned to ToDaFelt
ToDaFelt collected $2 from pot
ToDaFelt: doesn't show hand
*** SUMMARY ***
Total pot $2 | Rake $0
Seat 1: barranqueiro (button) (small blind) folded before Flop
Seat 2: ToDaFelt (big blind) collected ($2)


PokerStars Hand #161067654069:  Hold'em Limit ($3/$6 USD) - 2016/11/07 18:39:42 ET
Table 'Klotho' 6-max Seat #2 is the button
Seat 1: barranqueiro ($196.19 in chips)
Seat 2: ToDaFelt ($137.50 in chips)
ToDaFelt: posts small blind $1
barranqueiro: posts big blind $3
*** HOLE CARDS ***
Brama Br joins the table at seat #5
ToDaFelt: raises $3 to $6
ValeryRon joins the table at seat #6
barranqueiro: calls $3
*** FLOP *** [8d 5s 6c]
barranqueiro: checks
ToDaFelt: bets $3
barranqueiro: raises $3 to $6
ToDaFelt: calls $3
*** TURN *** [8d 5s 6c] [3c]
barranqueiro: bets $6
ToDaFelt: calls $6
*** RIVER *** [8d 5s 6c 3c] [2c]
barranqueiro: bets $6
ToDaFelt: raises $6 to $12
barranqueiro: calls $6
*** SHOW DOWN ***
ToDaFelt: shows [4h Ts] (a straight, Deuce to Six)
barranqueiro: mucks hand
ToDaFelt collected $59.50 from pot
*** SUMMARY ***
Total pot $60 | Rake $0.50
Board [8d 5s 6c 3c 2c]
Seat 1: barranqueiro (big blind) mucked
Seat 2: ToDaFelt (button) (small blind) showed [4h Ts] and won ($59.50) with a straight, Deuce to Six


