PokerStars Hand #172591210289:  Hold'em Limit ($3/$6 USD) - 2017/07/04 8:34:07 ET
Table 'Klymene' 6-max Seat #3 is the button
Seat 2: sim5sim5 ($80.64 in chips)
Seat 3: joha74 ($77.25 in chips)
joha74: posts small blind $1
sim5sim5: posts big blind $3
*** HOLE CARDS ***
joha74: raises $3 to $6
sim5sim5: calls $3
*** FLOP *** [Js 6s Ad]
sim5sim5: checks
joha74: bets $3
sim5sim5: calls $3
*** TURN *** [Js 6s Ad] [4s]
sim5sim5: checks
joha74: checks
*** RIVER *** [Js 6s Ad 4s] [Qd]
sim5sim5: checks
Agrotait leaves the table
joha74: checks
*** SHOW DOWN ***
sim5sim5: shows [8d Ts] (high card Ace)
joha74: shows [5c 4c] (a pair of Fours)
joha74 collected $17.64 from pot
*** SUMMARY ***
Total pot $18 | Rake $0.36
Board [Js 6s Ad 4s Qd]
Seat 2: sim5sim5 (big blind) showed [8d Ts] and lost with high card Ace
Seat 3: joha74 (button) (small blind) showed [5c 4c] and won ($17.64) with a pair of Fours


PokerStars Hand #172591201375:  Hold'em Limit ($3/$6 USD) - 2017/07/04 8:33:47 ET
Table 'Klymene' 6-max Seat #2 is the button
Seat 2: sim5sim5 ($72 in chips)
Seat 3: joha74 ($86.25 in chips)
sim5sim5: posts small blind $1
joha74: posts big blind $3
*** HOLE CARDS ***
sim5sim5: raises $3 to $6
joha74: calls $3
*** FLOP *** [5s 9h 8c]
joha74: checks
sim5sim5: bets $3
joha74: calls $3
*** TURN *** [5s 9h 8c] [Ah]
joha74: checks
sim5sim5: bets $6
joha74: folds
Uncalled bet ($6) returned to sim5sim5
sim5sim5 collected $17.64 from pot
sim5sim5: doesn't show hand
*** SUMMARY ***
Total pot $18 | Rake $0.36
Board [5s 9h 8c Ah]
Seat 2: sim5sim5 (button) (small blind) collected ($17.64)
Seat 3: joha74 (big blind) folded on the Turn


PokerStars Hand #172591219968:  Hold'em Limit ($3/$6 USD) - 2017/07/04 8:34:28 ET
Table 'Klymene' 6-max Seat #2 is the button
Seat 2: sim5sim5 ($72 in chips)
Seat 3: joha74 ($85.89 in chips)
sim5sim5: posts small blind $1
joha74: posts big blind $3
*** HOLE CARDS ***
sim5sim5: raises $3 to $6
joha74: calls $3
*** FLOP *** [5d 3c Jd]
joha74: checks
sim5sim5: bets $3
joha74: raises $3 to $6
sim5sim5: calls $3
*** TURN *** [5d 3c Jd] [Qh]
joha74: bets $6
sim5sim5: raises $6 to $12
joha74: calls $6
*** RIVER *** [5d 3c Jd Qh] [8d]
joha74: checks
sim5sim5: bets $6
joha74: folds
Uncalled bet ($6) returned to sim5sim5
sim5sim5 collected $47.50 from pot
sim5sim5: doesn't show hand
*** SUMMARY ***
Total pot $48 | Rake $0.50
Board [5d 3c Jd Qh 8d]
Seat 2: sim5sim5 (button) (small blind) collected ($47.50)
Seat 3: joha74 (big blind) folded on the River


PokerStars Hand #172591235903:  Hold'em Limit ($3/$6 USD) - 2017/07/04 8:35:04 ET
Table 'Klymene' 6-max Seat #3 is the button
Seat 2: sim5sim5 ($95.50 in chips)
Seat 3: joha74 ($61.89 in chips)
joha74: posts small blind $1
sim5sim5: posts big blind $3
*** HOLE CARDS ***
AzureCaper joins the table at seat #4
joha74: raises $3 to $6
sim5sim5: calls $3
*** FLOP *** [4c Ad 9s]
sim5sim5: checks
joha74: bets $3
sim5sim5: folds
Uncalled bet ($3) returned to joha74
joha74 collected $11.76 from pot
joha74: doesn't show hand
*** SUMMARY ***
Total pot $12 | Rake $0.24
Board [4c Ad 9s]
Seat 2: sim5sim5 (big blind) folded on the Flop
Seat 3: joha74 (button) (small blind) collected ($11.76)


PokerStars Hand #172591242185:  Hold'em Limit ($3/$6 USD) - 2017/07/04 8:35:17 ET
Table 'Klymene' 6-max Seat #2 is the button
Seat 2: sim5sim5 ($89.50 in chips)
Seat 3: joha74 ($67.65 in chips)
sim5sim5: posts small blind $1
joha74: posts big blind $3
*** HOLE CARDS ***
sim5sim5: raises $3 to $6
joha74: calls $3
*** FLOP *** [Jd 9d 3d]
joha74: checks
sim5sim5: bets $3
joha74: folds
Uncalled bet ($3) returned to sim5sim5
sim5sim5 collected $11.76 from pot
sim5sim5: doesn't show hand
*** SUMMARY ***
Total pot $12 | Rake $0.24
Board [Jd 9d 3d]
Seat 2: sim5sim5 (button) (small blind) collected ($11.76)
Seat 3: joha74 (big blind) folded on the Flop


PokerStars Hand #172591798877:  Hold'em Limit ($3/$6 USD) - 2017/07/04 8:55:27 ET
Table 'Klymene' 6-max Seat #1 is the button
Seat 1: scorpio04 ($167.55 in chips)
Seat 2: NewRocker ($103.19 in chips)
scorpio04: posts small blind $1
NewRocker: posts big blind $3
*** HOLE CARDS ***
scorpio04: raises $3 to $6
NewRocker: calls $3
*** FLOP *** [3d 2s 7s]
NewRocker: bets $3
scorpio04: calls $3
*** TURN *** [3d 2s 7s] [Ks]
NewRocker: bets $6
scorpio04: calls $6
*** RIVER *** [3d 2s 7s Ks] [As]
NewRocker: checks
scorpio04: bets $6
NewRocker: calls $6
*** SHOW DOWN ***
scorpio04: shows [9h 5s] (a flush, Ace high)
NewRocker: mucks hand
scorpio04 collected $41.50 from pot
*** SUMMARY ***
Total pot $42 | Rake $0.50
Board [3d 2s 7s Ks As]
Seat 1: scorpio04 (button) (small blind) showed [9h 5s] and won ($41.50) with a flush, Ace high
Seat 2: NewRocker (big blind) mucked


PokerStars Hand #172591791790:  Hold'em Limit ($3/$6 USD) - 2017/07/04 8:55:09 ET
Table 'Klymene' 6-max Seat #2 is the button
Seat 1: scorpio04 ($173.55 in chips)
Seat 2: NewRocker ($97.43 in chips)
NewRocker: posts small blind $1
scorpio04: posts big blind $3
*** HOLE CARDS ***
NewRocker: raises $3 to $6
scorpio04: calls $3
*** FLOP *** [9h Ah 8c]
scorpio04: checks
NewRocker: bets $3
scorpio04: folds
Uncalled bet ($3) returned to NewRocker
NewRocker collected $11.76 from pot
NewRocker: doesn't show hand
*** SUMMARY ***
Total pot $12 | Rake $0.24
Board [9h Ah 8c]
Seat 1: scorpio04 (big blind) folded on the Flop
Seat 2: NewRocker (button) (small blind) collected ($11.76)


PokerStars Hand #172591816564:  Hold'em Limit ($3/$6 USD) - 2017/07/04 8:56:10 ET
Table 'Klymene' 6-max Seat #2 is the button
Seat 1: scorpio04 ($188.05 in chips)
Seat 2: NewRocker ($82.19 in chips)
NewRocker: posts small blind $1
scorpio04: posts big blind $3
*** HOLE CARDS ***
NewRocker said, "fisk"
NewRocker: raises $3 to $6
scorpio04: calls $3
*** FLOP *** [3s 2s 6s]
scorpio04: checks
NewRocker: bets $3
scorpio04: raises $3 to $6
NewRocker: calls $3
*** TURN *** [3s 2s 6s] [Ts]
scorpio04: bets $6
NewRocker: folds
Uncalled bet ($6) returned to scorpio04
scorpio04 collected $23.52 from pot
scorpio04: doesn't show hand
*** SUMMARY ***
Total pot $24 | Rake $0.48
Board [3s 2s 6s Ts]
Seat 1: scorpio04 (big blind) collected ($23.52)
Seat 2: NewRocker (button) (small blind) folded on the Turn


PokerStars Hand #172591814858:  Hold'em Limit ($3/$6 USD) - 2017/07/04 8:56:06 ET
Table 'Klymene' 6-max Seat #1 is the button
Seat 1: scorpio04 ($189.05 in chips)
Seat 2: NewRocker ($81.19 in chips)
scorpio04: posts small blind $1
NewRocker: posts big blind $3
*** HOLE CARDS ***
NewRocker said, "lloo"
scorpio04: folds
Uncalled bet ($2) returned to NewRocker
NewRocker collected $2 from pot
NewRocker: doesn't show hand
*** SUMMARY ***
Total pot $2 | Rake $0
Seat 1: scorpio04 (button) (small blind) folded before Flop
Seat 2: NewRocker (big blind) collected ($2)


PokerStars Hand #172591812512:  Hold'em Limit ($3/$6 USD) - 2017/07/04 8:56:00 ET
Table 'Klymene' 6-max Seat #2 is the button
Seat 1: scorpio04 ($188.05 in chips)
Seat 2: NewRocker ($82.19 in chips)
NewRocker: posts small blind $1
scorpio04: posts big blind $3
*** HOLE CARDS ***
NewRocker: folds
Uncalled bet ($2) returned to scorpio04
scorpio04 collected $2 from pot
scorpio04: doesn't show hand
*** SUMMARY ***
Total pot $2 | Rake $0
Seat 1: scorpio04 (big blind) collected ($2)
Seat 2: NewRocker (button) (small blind) folded before Flop


PokerStars Hand #172591840083:  Hold'em Limit ($3/$6 USD) - 2017/07/04 8:57:07 ET
Table 'Klymene' 6-max Seat #1 is the button
Seat 1: scorpio04 ($163.57 in chips)
Seat 2: NewRocker ($105.21 in chips)
scorpio04: posts small blind $1
NewRocker: posts big blind $3
*** HOLE CARDS ***
scorpio04: raises $3 to $6
NewRocker: raises $3 to $9
scorpio04: calls $3
*** FLOP *** [2h 7c 8s]
NewRocker: bets $3
scorpio04: raises $3 to $6
NewRocker: calls $3
*** TURN *** [2h 7c 8s] [9h]
NewRocker: checks
scorpio04: bets $6
NewRocker: calls $6
*** RIVER *** [2h 7c 8s 9h] [3d]
NewRocker: checks
scorpio04: bets $6
NewRocker: calls $6
*** SHOW DOWN ***
scorpio04: shows [Ks Jh] (high card King)
NewRocker: mucks hand
scorpio04 collected $53.50 from pot
*** SUMMARY ***
Total pot $54 | Rake $0.50
Board [2h 7c 8s 9h 3d]
Seat 1: scorpio04 (button) (small blind) showed [Ks Jh] and won ($53.50) with high card King
Seat 2: NewRocker (big blind) mucked


PokerStars Hand #172591849808:  Hold'em Limit ($3/$6 USD) - 2017/07/04 8:57:31 ET
Table 'Klymene' 6-max Seat #2 is the button
Seat 1: scorpio04 ($190.07 in chips)
Seat 2: NewRocker ($78.21 in chips)
NewRocker: posts small blind $1
scorpio04: posts big blind $3
*** HOLE CARDS ***
NewRocker: raises $3 to $6
scorpio04: raises $3 to $9
NewRocker: calls $3
*** FLOP *** [2d 5d 5s]
scorpio04: bets $3
NewRocker: raises $3 to $6
scorpio04: raises $3 to $9
NewRocker: calls $3
*** TURN *** [2d 5d 5s] [Jd]
scorpio04: bets $6
NewRocker: calls $6
*** RIVER *** [2d 5d 5s Jd] [9h]
scorpio04: bets $6
NewRocker: folds
Uncalled bet ($6) returned to scorpio04
scorpio04 collected $47.50 from pot
scorpio04: doesn't show hand
*** SUMMARY ***
Total pot $48 | Rake $0.50
Board [2d 5d 5s Jd 9h]
Seat 1: scorpio04 (big blind) collected ($47.50)
Seat 2: NewRocker (button) (small blind) folded on the River


PokerStars Hand #172591832086:  Hold'em Limit ($3/$6 USD) - 2017/07/04 8:56:48 ET
Table 'Klymene' 6-max Seat #2 is the button
Seat 1: scorpio04 ($187.57 in chips)
Seat 2: NewRocker ($81.71 in chips)
NewRocker: posts small blind $1
scorpio04: posts big blind $3
*** HOLE CARDS ***
NewRocker: raises $3 to $6
scorpio04: raises $3 to $9
NewRocker: raises $3 to $12
Betting is capped
scorpio04: calls $3
*** FLOP *** [Kd 9d 6c]
scorpio04: checks
NewRocker: bets $3
scorpio04: raises $3 to $6
NewRocker: calls $3
*** TURN *** [Kd 9d 6c] [7s]
scorpio04: bets $6
NewRocker: calls $6
*** RIVER *** [Kd 9d 6c 7s] [3s]
scorpio04: checks
NewRocker: checks
*** SHOW DOWN ***
scorpio04: shows [2d 3d] (a pair of Threes)
NewRocker: shows [Ad 7c] (a pair of Sevens)
NewRocker collected $47.50 from pot
*** SUMMARY ***
Total pot $48 | Rake $0.50
Board [Kd 9d 6c 7s 3s]
Seat 1: scorpio04 (big blind) showed [2d 3d] and lost with a pair of Threes
Seat 2: NewRocker (button) (small blind) showed [Ad 7c] and won ($47.50) with a pair of Sevens


PokerStars Hand #172591872219:  Hold'em Limit ($3/$6 USD) - 2017/07/04 8:58:27 ET
Table 'Klymene' 6-max Seat #2 is the button
Seat 1: scorpio04 ($243.07 in chips)
Seat 2: NewRocker ($24.21 in chips)
NewRocker: posts small blind $1
scorpio04: posts big blind $3
*** HOLE CARDS ***
NewRocker: folds
Uncalled bet ($2) returned to scorpio04
scorpio04 collected $2 from pot
scorpio04: doesn't show hand
*** SUMMARY ***
Total pot $2 | Rake $0
Seat 1: scorpio04 (big blind) collected ($2)
Seat 2: NewRocker (button) (small blind) folded before Flop


PokerStars Hand #172591858487:  Hold'em Limit ($3/$6 USD) - 2017/07/04 8:57:53 ET
Table 'Klymene' 6-max Seat #1 is the button
Seat 1: scorpio04 ($213.57 in chips)
Seat 2: NewRocker ($54.21 in chips)
scorpio04: posts small blind $1
NewRocker: posts big blind $3
*** HOLE CARDS ***
scorpio04: raises $3 to $6
NewRocker: raises $3 to $9
scorpio04: calls $3
*** FLOP *** [Qh 9d Tc]
NewRocker: bets $3
scorpio04: calls $3
*** TURN *** [Qh 9d Tc] [Qd]
NewRocker: bets $6
scorpio04: raises $6 to $12
NewRocker: calls $6
*** RIVER *** [Qh 9d Tc Qd] [9s]
NewRocker: checks
scorpio04: bets $6
NewRocker: calls $6
*** SHOW DOWN ***
scorpio04: shows [Qs 3d] (a full house, Queens full of Nines)
NewRocker: mucks hand
scorpio04 collected $59.50 from pot
*** SUMMARY ***
Total pot $60 | Rake $0.50
Board [Qh 9d Tc Qd 9s]
Seat 1: scorpio04 (button) (small blind) showed [Qs 3d] and won ($59.50) with a full house, Queens full of Nines
Seat 2: NewRocker (big blind) mucked


PokerStars Hand #172591891134:  Hold'em Limit ($3/$6 USD) - 2017/07/04 8:59:12 ET
Table 'Klymene' 6-max Seat #1 is the button
Seat 1: scorpio04 ($227.07 in chips)
Seat 2: NewRocker ($107.92 in chips)
scorpio04: posts small blind $1
NewRocker: posts big blind $3
*** HOLE CARDS ***
scorpio04: raises $3 to $6
NewRocker: calls $3
*** FLOP *** [9h 3c Kd]
NewRocker: checks
scorpio04: bets $3
NewRocker: calls $3
*** TURN *** [9h 3c Kd] [Qs]
NewRocker: checks
scorpio04: checks
*** RIVER *** [9h 3c Kd Qs] [6c]
NewRocker: checks
scorpio04: checks
*** SHOW DOWN ***
NewRocker: shows [8s 9c] (a pair of Nines)
scorpio04: mucks hand
NewRocker collected $17.64 from pot
*** SUMMARY ***
Total pot $18 | Rake $0.36
Board [9h 3c Kd Qs 6c]
Seat 1: scorpio04 (button) (small blind) mucked
Seat 2: NewRocker (big blind) showed [8s 9c] and won ($17.64) with a pair of Nines


PokerStars Hand #172591879676:  Hold'em Limit ($3/$6 USD) - 2017/07/04 8:58:44 ET
Table 'Klymene' 6-max Seat #1 is the button
Seat 1: scorpio04 ($244.07 in chips)
Seat 2: NewRocker ($91.42 in chips)
scorpio04: posts small blind $1
NewRocker: posts big blind $3
*** HOLE CARDS ***
scorpio04: raises $3 to $6
NewRocker: raises $3 to $9
scorpio04: calls $3
*** FLOP *** [4d 3d 6s]
NewRocker: checks
scorpio04: bets $3
NewRocker: calls $3
*** TURN *** [4d 3d 6s] [Ts]
NewRocker: checks
scorpio04: checks
*** RIVER *** [4d 3d 6s Ts] [Jh]
NewRocker: bets $6
scorpio04: calls $6
*** SHOW DOWN ***
NewRocker: shows [Js Th] (two pair, Jacks and Tens)
scorpio04: mucks hand
NewRocker collected $35.50 from pot
*** SUMMARY ***
Total pot $36 | Rake $0.50
Board [4d 3d 6s Ts Jh]
Seat 1: scorpio04 (button) (small blind) mucked
Seat 2: NewRocker (big blind) showed [Js Th] and won ($35.50) with two pair, Jacks and Tens


PokerStars Hand #172591896088:  Hold'em Limit ($3/$6 USD) - 2017/07/04 8:59:25 ET
Table 'Klymene' 6-max Seat #2 is the button
Seat 1: scorpio04 ($218.07 in chips)
Seat 2: NewRocker ($116.56 in chips)
NewRocker: posts small blind $1
scorpio04: posts big blind $3
*** HOLE CARDS ***
NewRocker: folds
Uncalled bet ($2) returned to scorpio04
scorpio04 collected $2 from pot
scorpio04: doesn't show hand
*** SUMMARY ***
Total pot $2 | Rake $0
Seat 1: scorpio04 (big blind) collected ($2)
Seat 2: NewRocker (button) (small blind) folded before Flop


PokerStars Hand #172591887917:  Hold'em Limit ($3/$6 USD) - 2017/07/04 8:59:05 ET
Table 'Klymene' 6-max Seat #2 is the button
Seat 1: scorpio04 ($226.07 in chips)
Seat 2: NewRocker ($108.92 in chips)
NewRocker: posts small blind $1
scorpio04: posts big blind $3
*** HOLE CARDS ***
NewRocker: folds
Uncalled bet ($2) returned to scorpio04
scorpio04 collected $2 from pot
scorpio04: doesn't show hand
*** SUMMARY ***
Total pot $2 | Rake $0
Seat 1: scorpio04 (big blind) collected ($2)
Seat 2: NewRocker (button) (small blind) folded before Flop


PokerStars Hand #172591921929:  Hold'em Limit ($3/$6 USD) - 2017/07/04 9:00:27 ET
Table 'Klymene' 6-max Seat #2 is the button
Seat 1: scorpio04 ($226.57 in chips)
Seat 2: NewRocker ($107.32 in chips)
NewRocker: posts small blind $1
scorpio04: posts big blind $3
*** HOLE CARDS ***
NewRocker: raises $3 to $6
scorpio04: calls $3
*** FLOP *** [Tc 2c 2s]
scorpio04: checks
NewRocker: checks
*** TURN *** [Tc 2c 2s] [2h]
BunnyFizness joins the table at seat #3
scorpio04: bets $6
NewRocker: calls $6
*** RIVER *** [Tc 2c 2s 2h] [Jh]
scorpio04: checks
NewRocker: checks
*** SHOW DOWN ***
scorpio04: shows [Kd 7h] (three of a kind, Deuces)
NewRocker: shows [Ks 9s] (three of a kind, Deuces)
scorpio04 collected $11.76 from pot
NewRocker collected $11.76 from pot
*** SUMMARY ***
Total pot $24 | Rake $0.48
Board [Tc 2c 2s 2h Jh]
Seat 1: scorpio04 (big blind) showed [Kd 7h] and won ($11.76) with three of a kind, Deuces
Seat 2: NewRocker (button) (small blind) showed [Ks 9s] and won ($11.76) with three of a kind, Deuces


PokerStars Hand #172591920192:  Hold'em Limit ($3/$6 USD) - 2017/07/04 9:00:23 ET
Table 'Klymene' 6-max Seat #1 is the button
Seat 1: scorpio04 ($227.57 in chips)
Seat 2: NewRocker ($106.32 in chips)
scorpio04: posts small blind $1
NewRocker: posts big blind $3
*** HOLE CARDS ***
scorpio04: folds
Uncalled bet ($2) returned to NewRocker
NewRocker collected $2 from pot
NewRocker: doesn't show hand
*** SUMMARY ***
Total pot $2 | Rake $0
Seat 1: scorpio04 (button) (small blind) folded before Flop
Seat 2: NewRocker (big blind) collected ($2)


PokerStars Hand #172591915831:  Hold'em Limit ($3/$6 USD) - 2017/07/04 9:00:12 ET
Table 'Klymene' 6-max Seat #2 is the button
Seat 1: scorpio04 ($233.57 in chips)
Seat 2: NewRocker ($100.56 in chips)
NewRocker: posts small blind $1
scorpio04: posts big blind $3
*** HOLE CARDS ***
NewRocker: raises $3 to $6
scorpio04: calls $3
*** FLOP *** [9d 6d 9c]
scorpio04: checks
NewRocker: bets $3
scorpio04: folds
Uncalled bet ($3) returned to NewRocker
NewRocker collected $11.76 from pot
NewRocker: doesn't show hand
*** SUMMARY ***
Total pot $12 | Rake $0.24
Board [9d 6d 9c]
Seat 1: scorpio04 (big blind) folded on the Flop
Seat 2: NewRocker (button) (small blind) collected ($11.76)


PokerStars Hand #172591930664:  Hold'em Limit ($3/$6 USD) - 2017/07/04 9:00:47 ET
Table 'Klymene' 6-max Seat #1 is the button
Seat 1: scorpio04 ($226.33 in chips)
Seat 2: NewRocker ($107.08 in chips)
scorpio04: posts small blind $1
NewRocker: posts big blind $3
*** HOLE CARDS ***
scorpio04: raises $3 to $6
NewRocker: folds
Uncalled bet ($3) returned to scorpio04
scorpio04 collected $6 from pot
scorpio04: doesn't show hand
*** SUMMARY ***
Total pot $6 | Rake $0
Seat 1: scorpio04 (button) (small blind) collected ($6)
Seat 2: NewRocker (big blind) folded before Flop


PokerStars Hand #172591901825:  Hold'em Limit ($3/$6 USD) - 2017/07/04 8:59:39 ET
Table 'Klymene' 6-max Seat #1 is the button
Seat 1: scorpio04 ($219.07 in chips)
Seat 2: NewRocker ($115.56 in chips)
scorpio04: posts small blind $1
NewRocker: posts big blind $3
*** HOLE CARDS ***
scorpio04: raises $3 to $6
NewRocker: calls $3
*** FLOP *** [Kc 2s 8c]
NewRocker: checks
scorpio04: bets $3
NewRocker: calls $3
*** TURN *** [Kc 2s 8c] [3c]
NewRocker: checks
scorpio04: bets $6
NewRocker: calls $6
*** RIVER *** [Kc 2s 8c 3c] [Qh]
NewRocker: checks
scorpio04: checks
*** SHOW DOWN ***
NewRocker: shows [Js Td] (high card King)
scorpio04: shows [4s 4d] (a pair of Fours)
scorpio04 collected $29.50 from pot
*** SUMMARY ***
Total pot $30 | Rake $0.50
Board [Kc 2s 8c 3c Qh]
Seat 1: scorpio04 (button) (small blind) showed [4s 4d] and won ($29.50) with a pair of Fours
Seat 2: NewRocker (big blind) showed [Js Td] and lost with high card King


PokerStars Hand #172591950441:  Hold'em Limit ($3/$6 USD) - 2017/07/04 9:01:16 ET
Table 'Klymene' 6-max Seat #3 is the button
Seat 1: scorpio04 ($229.33 in chips)
Seat 3: BunnyFizness ($177 in chips)
BunnyFizness: posts small blind $1
scorpio04: posts big blind $3
*** HOLE CARDS ***
BunnyFizness: raises $3 to $6
scorpio04: calls $3
*** FLOP *** [As Kd Ah]
scorpio04: checks
BunnyFizness: bets $3
scorpio04: folds
Uncalled bet ($3) returned to BunnyFizness
BunnyFizness collected $11.76 from pot
BunnyFizness: doesn't show hand
*** SUMMARY ***
Total pot $12 | Rake $0.24
Board [As Kd Ah]
Seat 1: scorpio04 (big blind) folded on the Flop
Seat 3: BunnyFizness (button) (small blind) collected ($11.76)


PokerStars Hand #172591957713:  Hold'em Limit ($3/$6 USD) - 2017/07/04 9:01:32 ET
Table 'Klymene' 6-max Seat #1 is the button
Seat 1: scorpio04 ($223.33 in chips)
Seat 3: BunnyFizness ($182.76 in chips)
scorpio04: posts small blind $1
BunnyFizness: posts big blind $3
*** HOLE CARDS ***
scorpio04: raises $3 to $6
BunnyFizness: calls $3
*** FLOP *** [9s 6h Tc]
BunnyFizness: checks
scorpio04: checks
*** TURN *** [9s 6h Tc] [5s]
BunnyFizness: checks
scorpio04: bets $6
BunnyFizness: calls $6
*** RIVER *** [9s 6h Tc 5s] [Th]
BunnyFizness: checks
scorpio04: bets $6
BunnyFizness: folds
Uncalled bet ($6) returned to scorpio04
scorpio04 collected $23.52 from pot
scorpio04: doesn't show hand
*** SUMMARY ***
Total pot $24 | Rake $0.48
Board [9s 6h Tc 5s Th]
Seat 1: scorpio04 (button) (small blind) collected ($23.52)
Seat 3: BunnyFizness (big blind) folded on the River


PokerStars Hand #172591947892:  Hold'em Limit ($3/$6 USD) - 2017/07/04 9:01:10 ET
Table 'Klymene' 6-max Seat #1 is the button
Seat 1: scorpio04 ($230.33 in chips)
Seat 3: BunnyFizness ($176 in chips)
scorpio04: posts small blind $1
NewRocker: is sitting out
BunnyFizness: posts big blind $3
*** HOLE CARDS ***
scorpio04: folds
Uncalled bet ($2) returned to BunnyFizness
NewRocker leaves the table
BunnyFizness collected $2 from pot
BunnyFizness: doesn't show hand
*** SUMMARY ***
Total pot $2 | Rake $0
Seat 1: scorpio04 (button) (small blind) folded before Flop
Seat 3: BunnyFizness (big blind) collected ($2)


PokerStars Hand #172591983216:  Hold'em Limit ($3/$6 USD) - 2017/07/04 9:02:27 ET
Table 'Klymene' 6-max Seat #1 is the button
Seat 1: scorpio04 ($202.85 in chips)
Seat 3: BunnyFizness ($202.26 in chips)
scorpio04: posts small blind $1
BunnyFizness: posts big blind $3
*** HOLE CARDS ***
scorpio04: folds
Uncalled bet ($2) returned to BunnyFizness
BunnyFizness collected $2 from pot
BunnyFizness: doesn't show hand
*** SUMMARY ***
Total pot $2 | Rake $0
Seat 1: scorpio04 (button) (small blind) folded before Flop
Seat 3: BunnyFizness (big blind) collected ($2)


PokerStars Hand #172591975074:  Hold'em Limit ($3/$6 USD) - 2017/07/04 9:02:09 ET
Table 'Klymene' 6-max Seat #3 is the button
Seat 1: scorpio04 ($238.85 in chips)
Seat 3: BunnyFizness ($166.76 in chips)
BunnyFizness: posts small blind $1
scorpio04: posts big blind $3
*** HOLE CARDS ***
BunnyFizness: raises $3 to $6
scorpio04: raises $3 to $9
BunnyFizness: calls $3
*** FLOP *** [9c 7d 5c]
scorpio04: bets $3
BunnyFizness: raises $3 to $6
scorpio04: raises $3 to $9
BunnyFizness: calls $3
*** TURN *** [9c 7d 5c] [Qd]
scorpio04: bets $6
BunnyFizness: raises $6 to $12
scorpio04: calls $6
*** RIVER *** [9c 7d 5c Qd] [Qh]
scorpio04: checks
BunnyFizness: bets $6
scorpio04: calls $6
*** SHOW DOWN ***
BunnyFizness: shows [9d Kd] (two pair, Queens and Nines)
scorpio04: mucks hand
BunnyFizness collected $71.50 from pot
*** SUMMARY ***
Total pot $72 | Rake $0.50
Board [9c 7d 5c Qd Qh]
Seat 1: scorpio04 (big blind) mucked
Seat 3: BunnyFizness (button) (small blind) showed [9d Kd] and won ($71.50) with two pair, Queens and Nines


PokerStars Hand #172591972515:  Hold'em Limit ($3/$6 USD) - 2017/07/04 9:02:04 ET
Table 'Klymene' 6-max Seat #1 is the button
Seat 1: scorpio04 ($235.85 in chips)
Seat 3: BunnyFizness ($169.76 in chips)
scorpio04: posts small blind $1
BunnyFizness: posts big blind $3
*** HOLE CARDS ***
scorpio04: raises $3 to $6
BunnyFizness: folds
Uncalled bet ($3) returned to scorpio04
scorpio04 collected $6 from pot
scorpio04: doesn't show hand
*** SUMMARY ***
Total pot $6 | Rake $0
Seat 1: scorpio04 (button) (small blind) collected ($6)
Seat 3: BunnyFizness (big blind) folded before Flop


PokerStars Hand #172591970708:  Hold'em Limit ($3/$6 USD) - 2017/07/04 9:02:00 ET
Table 'Klymene' 6-max Seat #3 is the button
Seat 1: scorpio04 ($234.85 in chips)
Seat 3: BunnyFizness ($170.76 in chips)
BunnyFizness: posts small blind $1
scorpio04: posts big blind $3
*** HOLE CARDS ***
BunnyFizness: folds
Uncalled bet ($2) returned to scorpio04
scorpio04 collected $2 from pot
scorpio04: doesn't show hand
*** SUMMARY ***
Total pot $2 | Rake $0
Seat 1: scorpio04 (big blind) collected ($2)
Seat 3: BunnyFizness (button) (small blind) folded before Flop


PokerStars Hand #172591988330:  Hold'em Limit ($3/$6 USD) - 2017/07/04 9:02:38 ET
Table 'Klymene' 6-max Seat #1 is the button
Seat 1: scorpio04 ($202.85 in chips)
Seat 3: BunnyFizness ($202.26 in chips)
scorpio04: posts small blind $1
BunnyFizness: posts big blind $3
*** HOLE CARDS ***
scorpio04: raises $3 to $6
BunnyFizness: folds
Uncalled bet ($3) returned to scorpio04
scorpio04 collected $6 from pot
scorpio04: doesn't show hand
*** SUMMARY ***
Total pot $6 | Rake $0
Seat 1: scorpio04 (button) (small blind) collected ($6)
Seat 3: BunnyFizness (big blind) folded before Flop


PokerStars Hand #172591993143:  Hold'em Limit ($3/$6 USD) - 2017/07/04 9:02:49 ET
Table 'Klymene' 6-max Seat #3 is the button
Seat 1: scorpio04 ($205.85 in chips)
Seat 3: BunnyFizness ($199.26 in chips)
BunnyFizness: posts small blind $1
scorpio04: posts big blind $3
*** HOLE CARDS ***
BunnyFizness: raises $3 to $6
scorpio04: calls $3
*** FLOP *** [4s Kd 5s]
scorpio04: checks
BunnyFizness: bets $3
scorpio04: raises $3 to $6
BunnyFizness: calls $3
*** TURN *** [4s Kd 5s] [3h]
scorpio04: bets $6
BunnyFizness: folds
Uncalled bet ($6) returned to scorpio04
scorpio04 collected $23.52 from pot
scorpio04: doesn't show hand
*** SUMMARY ***
Total pot $24 | Rake $0.48
Board [4s Kd 5s 3h]
Seat 1: scorpio04 (big blind) collected ($23.52)
Seat 3: BunnyFizness (button) (small blind) folded on the Turn


PokerStars Hand #172592008233:  Hold'em Limit ($3/$6 USD) - 2017/07/04 9:03:21 ET
Table 'Klymene' 6-max Seat #3 is the button
Seat 1: scorpio04 ($216.37 in chips)
Seat 3: BunnyFizness ($188.26 in chips)
BunnyFizness: posts small blind $1
scorpio04: posts big blind $3
*** HOLE CARDS ***
BunnyFizness: raises $3 to $6
scorpio04: raises $3 to $9
BunnyFizness: raises $3 to $12
Betting is capped
scorpio04: calls $3
*** FLOP *** [3d Jc 7h]
scorpio04: checks
BunnyFizness: bets $3
scorpio04: calls $3
*** TURN *** [3d Jc 7h] [Td]
scorpio04: checks
BunnyFizness: checks
*** RIVER *** [3d Jc 7h Td] [2s]
scorpio04: bets $6
BunnyFizness: calls $6
*** SHOW DOWN ***
scorpio04: shows [7c Qc] (a pair of Sevens)
BunnyFizness: mucks hand
scorpio04 collected $41.50 from pot
*** SUMMARY ***
Total pot $42 | Rake $0.50
Board [3d Jc 7h Td 2s]
Seat 1: scorpio04 (big blind) showed [7c Qc] and won ($41.50) with a pair of Sevens
Seat 3: BunnyFizness (button) (small blind) mucked


PokerStars Hand #172592041118:  Hold'em Limit ($3/$6 USD) - 2017/07/04 9:04:30 ET
Table 'Klymene' 6-max Seat #3 is the button
Seat 1: scorpio04 ($270.13 in chips)
Seat 3: BunnyFizness ($133.26 in chips)
BunnyFizness: posts small blind $1
scorpio04: posts big blind $3
*** HOLE CARDS ***
BunnyFizness said, "lol"
BunnyFizness: raises $3 to $6
scorpio04: folds
Uncalled bet ($3) returned to BunnyFizness
BunnyFizness collected $6 from pot
BunnyFizness: doesn't show hand
BunnyFizness said, "only rivers lol"
*** SUMMARY ***
Total pot $6 | Rake $0
Seat 1: scorpio04 (big blind) folded before Flop
Seat 3: BunnyFizness (button) (small blind) collected ($6)


PokerStars Hand #172592018296:  Hold'em Limit ($3/$6 USD) - 2017/07/04 9:03:42 ET
Table 'Klymene' 6-max Seat #1 is the button
Seat 1: scorpio04 ($236.87 in chips)
Seat 3: BunnyFizness ($167.26 in chips)
scorpio04: posts small blind $1
BunnyFizness: posts big blind $3
BunnyFizness said, "lol"
*** HOLE CARDS ***
scorpio04: raises $3 to $6
BunnyFizness said, "Q7 4 brt"
BunnyFizness said, "u fcking donk"
BunnyFizness: calls $3
*** FLOP *** [Ts Jd 6c]
BunnyFizness: checks
scorpio04: bets $3
BunnyFizness: folds
Uncalled bet ($3) returned to scorpio04
scorpio04 collected $11.76 from pot
scorpio04: doesn't show hand
*** SUMMARY ***
Total pot $12 | Rake $0.24
Board [Ts Jd 6c]
Seat 1: scorpio04 (button) (small blind) collected ($11.76)
Seat 3: BunnyFizness (big blind) folded on the Flop


PokerStars Hand #172592033280:  Hold'em Limit ($3/$6 USD) - 2017/07/04 9:04:14 ET
Table 'Klymene' 6-max Seat #1 is the button
Seat 1: scorpio04 ($243.63 in chips)
Seat 3: BunnyFizness ($160.26 in chips)
scorpio04: posts small blind $1
BunnyFizness: posts big blind $3
*** HOLE CARDS ***
scorpio04: raises $3 to $6
BunnyFizness: calls $3
*** FLOP *** [Kh 3s 9d]
BunnyFizness: checks
scorpio04: bets $3
BunnyFizness: calls $3
*** TURN *** [Kh 3s 9d] [2s]
BunnyFizness: checks
scorpio04: bets $6
BunnyFizness: raises $6 to $12
scorpio04: calls $6
*** RIVER *** [Kh 3s 9d 2s] [As]
BunnyFizness: checks
scorpio04: bets $6
BunnyFizness: calls $6
*** SHOW DOWN ***
scorpio04: shows [Ad 9c] (two pair, Aces and Nines)
BunnyFizness: mucks hand
scorpio04 collected $53.50 from pot
*** SUMMARY ***
Total pot $54 | Rake $0.50
Board [Kh 3s 9d 2s As]
Seat 1: scorpio04 (button) (small blind) showed [Ad 9c] and won ($53.50) with two pair, Aces and Nines
Seat 3: BunnyFizness (big blind) mucked


PokerStars Hand #172592049036:  Hold'em Limit ($3/$6 USD) - 2017/07/04 9:04:47 ET
Table 'Klymene' 6-max Seat #1 is the button
Seat 1: scorpio04 ($267.13 in chips)
Seat 3: BunnyFizness ($136.26 in chips)
scorpio04: posts small blind $1
BunnyFizness: posts big blind $3
*** HOLE CARDS ***
scorpio04: raises $3 to $6
BunnyFizness: calls $3
*** FLOP *** [Th Ks Jc]
BunnyFizness: checks
scorpio04: bets $3
BunnyFizness: calls $3
*** TURN *** [Th Ks Jc] [3h]
BunnyFizness said, "i get u to put the MAX in all the time with 20% equity"
BunnyFizness said, "eventually u will find out :)"
BunnyFizness: checks
scorpio04: checks
*** RIVER *** [Th Ks Jc 3h] [Kh]
BunnyFizness: bets $6
scorpio04: folds
Uncalled bet ($6) returned to BunnyFizness
BunnyFizness collected $17.64 from pot
BunnyFizness: doesn't show hand
*** SUMMARY ***
Total pot $18 | Rake $0.36
Board [Th Ks Jc 3h Kh]
Seat 1: scorpio04 (button) (small blind) folded on the River
Seat 3: BunnyFizness (big blind) collected ($17.64)


