PokerStars Hand #144995525918:  Hold'em Limit ($3/$6 USD) - 2015/12/07 18:31:03 ET
Table 'Klymene' 2-max Seat #2 is the button
Seat 1: romarioro610 ($27.21 in chips)
Seat 2: elifnur2008 ($133.50 in chips)
elifnur2008: posts small blind $1
romarioro610: posts big blind $3
*** HOLE CARDS ***
elifnur2008: folds
Uncalled bet ($2) returned to romarioro610
romarioro610 collected $2 from pot
romarioro610: doesn't show hand
*** SUMMARY ***
Total pot $2 | Rake $0
Seat 1: romarioro610 (big blind) collected ($2)
Seat 2: elifnur2008 (button) (small blind) folded before Flop


PokerStars Hand #144995501763:  Hold'em Limit ($3/$6 USD) - 2015/12/07 18:30:32 ET
Table 'Klymene' 2-max Seat #1 is the button
Seat 1: romarioro610 ($42.21 in chips)
Seat 2: elifnur2008 ($119 in chips)
romarioro610: posts small blind $1
elifnur2008: posts big blind $3
*** HOLE CARDS ***
romarioro610: raises $3 to $6
elifnur2008: calls $3
*** FLOP *** [Qh 3h 4h]
elifnur2008: checks
romarioro610: bets $3
elifnur2008: calls $3
*** TURN *** [Qh 3h 4h] [Qd]
elifnur2008: checks
romarioro610: bets $6
elifnur2008: raises $6 to $12
romarioro610: folds
Uncalled bet ($6) returned to elifnur2008
elifnur2008 collected $29.50 from pot
elifnur2008: doesn't show hand
*** SUMMARY ***
Total pot $30 | Rake $0.50
Board [Qh 3h 4h Qd]
Seat 1: romarioro610 (button) (small blind) folded on the Turn
Seat 2: elifnur2008 (big blind) collected ($29.50)


PokerStars Hand #144995564104:  Hold'em Limit ($3/$6 USD) - 2015/12/07 18:31:50 ET
Table 'Klymene' 2-max Seat #1 is the button
Seat 1: romarioro610 ($63.21 in chips)
Seat 2: elifnur2008 ($96.50 in chips)
romarioro610: posts small blind $1
elifnur2008: posts big blind $3
*** HOLE CARDS ***
romarioro610: raises $3 to $6
elifnur2008: calls $3
*** FLOP *** [4d 7s 2h]
elifnur2008: checks
romarioro610: bets $3
elifnur2008: calls $3
*** TURN *** [4d 7s 2h] [5s]
elifnur2008: checks
romarioro610: bets $6
elifnur2008: raises $6 to $12
romarioro610: calls $6
*** RIVER *** [4d 7s 2h 5s] [4c]
elifnur2008: bets $6
romarioro610: folds
Uncalled bet ($6) returned to elifnur2008
elifnur2008 collected $41.50 from pot
elifnur2008: doesn't show hand
*** SUMMARY ***
Total pot $42 | Rake $0.50
Board [4d 7s 2h 5s 4c]
Seat 1: romarioro610 (button) (small blind) folded on the River
Seat 2: elifnur2008 (big blind) collected ($41.50)


PokerStars Hand #144995550419:  Hold'em Limit ($3/$6 USD) - 2015/12/07 18:31:33 ET
Table 'Klymene' 2-max Seat #2 is the button
Seat 1: romarioro610 ($42.71 in chips)
Seat 2: elifnur2008 ($117.50 in chips)
elifnur2008: posts small blind $1
romarioro610: posts big blind $3
*** HOLE CARDS ***
elifnur2008: raises $3 to $6
romarioro610: raises $3 to $9
elifnur2008: raises $3 to $12
Betting is capped
romarioro610: calls $3
*** FLOP *** [Tc 7s 5h]
romarioro610: bets $3
elifnur2008: calls $3
*** TURN *** [Tc 7s 5h] [Jh]
romarioro610: bets $6
elifnur2008: calls $6
*** RIVER *** [Tc 7s 5h Jh] [8s]
romarioro610: bets $6
elifnur2008: folds
Uncalled bet ($6) returned to romarioro610
romarioro610 collected $41.50 from pot
romarioro610: doesn't show hand
*** SUMMARY ***
Total pot $42 | Rake $0.50
Board [Tc 7s 5h Jh 8s]
Seat 1: romarioro610 (big blind) collected ($41.50)
Seat 2: elifnur2008 (button) (small blind) folded on the River


PokerStars Hand #144995529833:  Hold'em Limit ($3/$6 USD) - 2015/12/07 18:31:07 ET
Table 'Klymene' 2-max Seat #1 is the button
Seat 1: romarioro610 ($28.21 in chips)
Seat 2: elifnur2008 ($132.50 in chips)
romarioro610: posts small blind $1
elifnur2008: posts big blind $3
*** HOLE CARDS ***
romarioro610: raises $3 to $6
elifnur2008: calls $3
*** FLOP *** [Qs 2c 3c]
elifnur2008: checks
romarioro610: bets $3
elifnur2008: calls $3
*** TURN *** [Qs 2c 3c] [7c]
elifnur2008: checks
romarioro610: bets $6
elifnur2008: calls $6
*** RIVER *** [Qs 2c 3c 7c] [9h]
elifnur2008: checks
romarioro610: bets $6
elifnur2008: folds
Uncalled bet ($6) returned to romarioro610
romarioro610 collected $29.50 from pot
romarioro610: doesn't show hand
*** SUMMARY ***
Total pot $30 | Rake $0.50
Board [Qs 2c 3c 7c 9h]
Seat 1: romarioro610 (button) (small blind) collected ($29.50)
Seat 2: elifnur2008 (big blind) folded on the River


PokerStars Hand #144995617116:  Hold'em Limit ($3/$6 USD) - 2015/12/07 18:32:55 ET
Table 'Klymene' 2-max Seat #2 is the button
Seat 1: romarioro610 ($26.85 in chips)
Seat 2: elifnur2008 ($131.50 in chips)
elifnur2008: posts small blind $1
romarioro610: posts big blind $3
*** HOLE CARDS ***
elifnur2008: raises $3 to $6
romarioro610: raises $3 to $9
elifnur2008: calls $3
*** FLOP *** [8s 6c 2s]
romarioro610: bets $3
elifnur2008: calls $3
*** TURN *** [8s 6c 2s] [2d]
romarioro610: checks
elifnur2008: bets $6
romarioro610: folds
Uncalled bet ($6) returned to elifnur2008
elifnur2008 collected $23.52 from pot
elifnur2008: doesn't show hand
*** SUMMARY ***
Total pot $24 | Rake $0.48
Board [8s 6c 2s 2d]
Seat 1: romarioro610 (big blind) folded on the Turn
Seat 2: elifnur2008 (button) (small blind) collected ($23.52)


PokerStars Hand #144995602199:  Hold'em Limit ($3/$6 USD) - 2015/12/07 18:32:36 ET
Table 'Klymene' 2-max Seat #1 is the button
Seat 1: romarioro610 ($18.21 in chips)
Seat 2: elifnur2008 ($140.50 in chips)
romarioro610: posts small blind $1
elifnur2008: posts big blind $3
*** HOLE CARDS ***
romarioro610: raises $3 to $6
elifnur2008: calls $3
*** FLOP *** [4s 4c As]
elifnur2008: checks
romarioro610: bets $3
elifnur2008: calls $3
*** TURN *** [4s 4c As] [Kc]
elifnur2008: checks
romarioro610: bets $6
elifnur2008: folds
Uncalled bet ($6) returned to romarioro610
romarioro610 collected $17.64 from pot
romarioro610: doesn't show hand
*** SUMMARY ***
Total pot $18 | Rake $0.36
Board [4s 4c As Kc]
Seat 1: romarioro610 (button) (small blind) collected ($17.64)
Seat 2: elifnur2008 (big blind) folded on the Turn


PokerStars Hand #144995584095:  Hold'em Limit ($3/$6 USD) - 2015/12/07 18:32:14 ET
Table 'Klymene' 2-max Seat #2 is the button
Seat 1: romarioro610 ($42.21 in chips)
Seat 2: elifnur2008 ($117 in chips)
elifnur2008: posts small blind $1
romarioro610: posts big blind $3
*** HOLE CARDS ***
elifnur2008: raises $3 to $6
romarioro610: raises $3 to $9
elifnur2008: raises $3 to $12
Betting is capped
romarioro610: calls $3
*** FLOP *** [Qc Jh Qs]
romarioro610: bets $3
elifnur2008: raises $3 to $6
romarioro610: calls $3
*** TURN *** [Qc Jh Qs] [Kc]
romarioro610: checks
elifnur2008: bets $6
romarioro610: calls $6
*** RIVER *** [Qc Jh Qs Kc] [6s]
romarioro610: checks
elifnur2008: bets $6
romarioro610: folds
Uncalled bet ($6) returned to elifnur2008
elifnur2008 collected $47.50 from pot
elifnur2008: doesn't show hand
*** SUMMARY ***
Total pot $48 | Rake $0.50
Board [Qc Jh Qs Kc 6s]
Seat 1: romarioro610 (big blind) folded on the River
Seat 2: elifnur2008 (button) (small blind) collected ($47.50)


PokerStars Hand #144995676633:  Hold'em Limit ($3/$6 USD) - 2015/12/07 18:34:08 ET
Table 'Klymene' 2-max Seat #2 is the button
Seat 1: romarioro610 ($17.36 in chips)
Seat 2: elifnur2008 ($139.65 in chips)
elifnur2008: posts small blind $1
romarioro610: posts big blind $3
*** HOLE CARDS ***
elifnur2008: folds
Uncalled bet ($2) returned to romarioro610
romarioro610 collected $2 from pot
romarioro610: doesn't show hand
*** SUMMARY ***
Total pot $2 | Rake $0
Seat 1: romarioro610 (big blind) collected ($2)
Seat 2: elifnur2008 (button) (small blind) folded before Flop


PokerStars Hand #144995671739:  Hold'em Limit ($3/$6 USD) - 2015/12/07 18:34:02 ET
Table 'Klymene' 2-max Seat #1 is the button
Seat 1: romarioro610 ($18.36 in chips)
Seat 2: elifnur2008 ($138.65 in chips)
romarioro610: posts small blind $1
elifnur2008: posts big blind $3
*** HOLE CARDS ***
romarioro610: folds
Uncalled bet ($2) returned to elifnur2008
elifnur2008 collected $2 from pot
elifnur2008: doesn't show hand
*** SUMMARY ***
Total pot $2 | Rake $0
Seat 1: romarioro610 (button) (small blind) folded before Flop
Seat 2: elifnur2008 (big blind) collected ($2)


PokerStars Hand #144995662862:  Hold'em Limit ($3/$6 USD) - 2015/12/07 18:33:51 ET
Table 'Klymene' 2-max Seat #2 is the button
Seat 1: romarioro610 ($21.36 in chips)
Seat 2: elifnur2008 ($135.77 in chips)
elifnur2008: posts small blind $1
romarioro610: posts big blind $3
*** HOLE CARDS ***
elifnur2008: calls $2
romarioro610: checks
*** FLOP *** [2c 8c 8s]
romarioro610: checks
elifnur2008: bets $3
romarioro610: folds
Uncalled bet ($3) returned to elifnur2008
elifnur2008 collected $5.88 from pot
elifnur2008: doesn't show hand
*** SUMMARY ***
Total pot $6 | Rake $0.12
Board [2c 8c 8s]
Seat 1: romarioro610 (big blind) folded on the Flop
Seat 2: elifnur2008 (button) (small blind) collected ($5.88)


PokerStars Hand #144995651145:  Hold'em Limit ($3/$6 USD) - 2015/12/07 18:33:37 ET
Table 'Klymene' 2-max Seat #1 is the button
Seat 1: romarioro610 ($15.60 in chips)
Seat 2: elifnur2008 ($141.77 in chips)
romarioro610: posts small blind $1
elifnur2008: posts big blind $3
*** HOLE CARDS ***
romarioro610: raises $3 to $6
elifnur2008: calls $3
*** FLOP *** [Js Th Ad]
elifnur2008: checks
romarioro610: checks
*** TURN *** [Js Th Ad] [Ks]
elifnur2008: checks
romarioro610: bets $6
elifnur2008: folds
Uncalled bet ($6) returned to romarioro610
romarioro610 collected $11.76 from pot
romarioro610: doesn't show hand
*** SUMMARY ***
Total pot $12 | Rake $0.24
Board [Js Th Ad Ks]
Seat 1: romarioro610 (button) (small blind) collected ($11.76)
Seat 2: elifnur2008 (big blind) folded on the Turn


PokerStars Hand #144995632115:  Hold'em Limit ($3/$6 USD) - 2015/12/07 18:33:13 ET
Table 'Klymene' 2-max Seat #1 is the button
Seat 1: romarioro610 ($14.85 in chips)
Seat 2: elifnur2008 ($143.02 in chips)
romarioro610: posts small blind $1
elifnur2008: posts big blind $3
*** HOLE CARDS ***
romarioro610: raises $3 to $6
elifnur2008: raises $3 to $9
romarioro610: calls $3
*** FLOP *** [7s 6d 8h]
elifnur2008: bets $3
romarioro610: raises $2.85 to $5.85 and is all-in
elifnur2008: calls $2.85
*** TURN *** [7s 6d 8h] [4s]
*** RIVER *** [7s 6d 8h 4s] [5d]
*** SHOW DOWN ***
elifnur2008: shows [Ah 6s] (a straight, Four to Eight)
romarioro610: shows [Qc 3s] (a straight, Four to Eight)
elifnur2008 collected $14.60 from pot
romarioro610 collected $14.60 from pot
*** SUMMARY ***
Total pot $29.70 | Rake $0.50
Board [7s 6d 8h 4s 5d]
Seat 1: romarioro610 (button) (small blind) showed [Qc 3s] and won ($14.60) with a straight, Four to Eight
Seat 2: elifnur2008 (big blind) showed [Ah 6s] and won ($14.60) with a straight, Four to Eight


PokerStars Hand #144995646470:  Hold'em Limit ($3/$6 USD) - 2015/12/07 18:33:31 ET
Table 'Klymene' 2-max Seat #2 is the button
Seat 1: romarioro610 ($14.60 in chips)
Seat 2: elifnur2008 ($142.77 in chips)
elifnur2008: posts small blind $1
romarioro610: posts big blind $3
*** HOLE CARDS ***
elifnur2008: folds
Uncalled bet ($2) returned to romarioro610
romarioro610 collected $2 from pot
romarioro610: doesn't show hand
*** SUMMARY ***
Total pot $2 | Rake $0
Seat 1: romarioro610 (big blind) collected ($2)
Seat 2: elifnur2008 (button) (small blind) folded before Flop


PokerStars Hand #144995681406:  Hold'em Limit ($3/$6 USD) - 2015/12/07 18:34:14 ET
Table 'Klymene' 2-max Seat #1 is the button
Seat 1: romarioro610 ($18.36 in chips)
Seat 2: elifnur2008 ($138.65 in chips)
romarioro610: posts small blind $1
elifnur2008: posts big blind $3
*** HOLE CARDS ***
romarioro610: raises $3 to $6
elifnur2008: calls $3
*** FLOP *** [Tc 6h 2d]
elifnur2008: checks
romarioro610: bets $3
elifnur2008: calls $3
*** TURN *** [Tc 6h 2d] [Ac]
elifnur2008: checks
romarioro610: bets $6
elifnur2008: raises $6 to $12
romarioro610: calls $3.36 and is all-in
Uncalled bet ($2.64) returned to elifnur2008
*** RIVER *** [Tc 6h 2d Ac] [Ts]
*** SHOW DOWN ***
elifnur2008: shows [5d 6d] (two pair, Tens and Sixes)
romarioro610: shows [Qd 4s] (a pair of Tens)
elifnur2008 collected $36.22 from pot
*** SUMMARY ***
Total pot $36.72 | Rake $0.50
Board [Tc 6h 2d Ac Ts]
Seat 1: romarioro610 (button) (small blind) showed [Qd 4s] and lost with a pair of Tens
Seat 2: elifnur2008 (big blind) showed [5d 6d] and won ($36.22) with two pair, Tens and Sixes


