PokerStars Hand #154051315878:  Hold'em Limit ($3/$6 USD) - 2016/05/30 11:56:36 ET
Table 'Klytia' 6-max Seat #1 is the button
Seat 1: Airbag999 ($120 in chips)
Seat 4: Actionni13 ($150 in chips)
Airbag999: posts small blind $1
Actionni13: posts big blind $3
*** HOLE CARDS ***
Airbag999: raises $3 to $6
Actionni13: folds
Uncalled bet ($3) returned to Airbag999
Airbag999 collected $6 from pot
Airbag999: doesn't show hand
*** SUMMARY ***
Total pot $6 | Rake $0
Seat 1: Airbag999 (button) (small blind) collected ($6)
Seat 4: Actionni13 (big blind) folded before Flop


PokerStars Hand #154051343365:  Hold'em Limit ($3/$6 USD) - 2016/05/30 11:57:23 ET
Table 'Klytia' 6-max Seat #1 is the button
Seat 1: Airbag999 ($136.50 in chips)
Seat 4: Actionni13 ($154 in chips)
Airbag999: posts small blind $1
Actionni13: posts big blind $3
*** HOLE CARDS ***
Airbag999: raises $3 to $6
Actionni13: calls $3
*** FLOP *** [7c 3c Ac]
Actionni13: checks
Airbag999: bets $3
Actionni13: raises $3 to $6
Airbag999: calls $3
*** TURN *** [7c 3c Ac] [Td]
Actionni13: checks
Airbag999: bets $6
Actionni13: calls $6
*** RIVER *** [7c 3c Ac Td] [8h]
Actionni13: checks
Airbag999: bets $6
Actionni13: calls $6
*** SHOW DOWN ***
Airbag999: shows [7s As] (two pair, Aces and Sevens)
Actionni13: mucks hand
Airbag999 collected $47.50 from pot
*** SUMMARY ***
Total pot $48 | Rake $0.50
Board [7c 3c Ac Td 8h]
Seat 1: Airbag999 (button) (small blind) showed [7s As] and won ($47.50) with two pair, Aces and Sevens
Seat 4: Actionni13 (big blind) mucked


PokerStars Hand #154051339637:  Hold'em Limit ($3/$6 USD) - 2016/05/30 11:57:16 ET
Table 'Klytia' 6-max Seat #4 is the button
Seat 1: Airbag999 ($139.50 in chips)
Seat 4: Actionni13 ($151 in chips)
Actionni13: posts small blind $1
Airbag999: posts big blind $3
*** HOLE CARDS ***
Actionni13: raises $3 to $6
Airbag999: folds
Uncalled bet ($3) returned to Actionni13
Actionni13 collected $6 from pot
Actionni13: doesn't show hand
*** SUMMARY ***
Total pot $6 | Rake $0
Seat 1: Airbag999 (big blind) folded before Flop
Seat 4: Actionni13 (button) (small blind) collected ($6)


PokerStars Hand #154051336121:  Hold'em Limit ($3/$6 USD) - 2016/05/30 11:57:10 ET
Table 'Klytia' 6-max Seat #1 is the button
Seat 1: Airbag999 ($140.50 in chips)
Seat 4: Actionni13 ($150 in chips)
Airbag999: posts small blind $1
Actionni13: posts big blind $3
*** HOLE CARDS ***
Airbag999: folds
Uncalled bet ($2) returned to Actionni13
Actionni13 collected $2 from pot
Actionni13: doesn't show hand
*** SUMMARY ***
Total pot $2 | Rake $0
Seat 1: Airbag999 (button) (small blind) folded before Flop
Seat 4: Actionni13 (big blind) collected ($2)


PokerStars Hand #154051320748:  Hold'em Limit ($3/$6 USD) - 2016/05/30 11:56:44 ET
Table 'Klytia' 6-max Seat #4 is the button
Seat 1: Airbag999 ($123 in chips)
Seat 4: Actionni13 ($150 in chips)
Actionni13: posts small blind $1
Airbag999: posts big blind $3
*** HOLE CARDS ***
Actionni13: raises $3 to $6
Airbag999: calls $3
*** FLOP *** [8c 6h 2d]
Airbag999: checks
Actionni13: checks
*** TURN *** [8c 6h 2d] [3d]
Airbag999: bets $6
Actionni13: calls $6
*** RIVER *** [8c 6h 2d 3d] [Qc]
Airbag999: bets $6
Actionni13: calls $6
*** SHOW DOWN ***
Airbag999: shows [6c Th] (a pair of Sixes)
Actionni13: mucks hand
Airbag999 collected $35.50 from pot
*** SUMMARY ***
Total pot $36 | Rake $0.50
Board [8c 6h 2d 3d Qc]
Seat 1: Airbag999 (big blind) showed [6c Th] and won ($35.50) with a pair of Sixes
Seat 4: Actionni13 (button) (small blind) mucked


PokerStars Hand #154051380935:  Hold'em Limit ($3/$6 USD) - 2016/05/30 11:58:27 ET
Table 'Klytia' 6-max Seat #4 is the button
Seat 1: Airbag999 ($177.28 in chips)
Seat 4: Actionni13 ($150 in chips)
Actionni13: posts small blind $1
Airbag999: posts big blind $3
*** HOLE CARDS ***
Actionni13: raises $3 to $6
Airbag999: raises $3 to $9
Actionni13: calls $3
*** FLOP *** [Qd Jd 3h]
Airbag999: bets $3
Actionni13: folds
Uncalled bet ($3) returned to Airbag999
Airbag999 collected $17.64 from pot
Airbag999: doesn't show hand
*** SUMMARY ***
Total pot $18 | Rake $0.36
Board [Qd Jd 3h]
Seat 1: Airbag999 (big blind) collected ($17.64)
Seat 4: Actionni13 (button) (small blind) folded on the Flop


PokerStars Hand #154051374427:  Hold'em Limit ($3/$6 USD) - 2016/05/30 11:58:16 ET
Table 'Klytia' 6-max Seat #1 is the button
Seat 1: Airbag999 ($171.52 in chips)
Seat 4: Actionni13 ($150 in chips)
Airbag999: posts small blind $1
Actionni13: posts big blind $3
*** HOLE CARDS ***
Airbag999: raises $3 to $6
Actionni13: calls $3
*** FLOP *** [5s Jh 6s]
Actionni13: checks
Airbag999: bets $3
Actionni13: folds
Uncalled bet ($3) returned to Airbag999
Airbag999 collected $11.76 from pot
Airbag999: doesn't show hand
*** SUMMARY ***
Total pot $12 | Rake $0.24
Board [5s Jh 6s]
Seat 1: Airbag999 (button) (small blind) collected ($11.76)
Seat 4: Actionni13 (big blind) folded on the Flop


PokerStars Hand #154051362234:  Hold'em Limit ($3/$6 USD) - 2016/05/30 11:57:55 ET
Table 'Klytia' 6-max Seat #4 is the button
Seat 1: Airbag999 ($160 in chips)
Seat 4: Actionni13 ($150 in chips)
Actionni13: posts small blind $1
Airbag999: posts big blind $3
*** HOLE CARDS ***
Actionni13: raises $3 to $6
Airbag999: calls $3
*** FLOP *** [9d 9h 8c]
Airbag999: checks
Actionni13: checks
*** TURN *** [9d 9h 8c] [9c]
Airbag999: checks
Actionni13: bets $6
Airbag999: calls $6
*** RIVER *** [9d 9h 8c 9c] [6c]
Airbag999: checks
Actionni13: checks
*** SHOW DOWN ***
Airbag999: shows [Kh 6h] (a full house, Nines full of Sixes)
Actionni13: mucks hand
Airbag999 collected $23.52 from pot
*** SUMMARY ***
Total pot $24 | Rake $0.48
Board [9d 9h 8c 9c 6c]
Seat 1: Airbag999 (big blind) showed [Kh 6h] and won ($23.52) with a full house, Nines full of Sixes
Seat 4: Actionni13 (button) (small blind) mucked


PokerStars Hand #154051424981:  Hold'em Limit ($3/$6 USD) - 2016/05/30 11:59:41 ET
Table 'Klytia' 6-max Seat #1 is the button
Seat 1: Airbag999 ($182.68 in chips)
Seat 4: Actionni13 ($152.64 in chips)
Airbag999: posts small blind $1
Actionni13: posts big blind $3
*** HOLE CARDS ***
Airbag999: raises $3 to $6
Actionni13: folds
Uncalled bet ($3) returned to Airbag999
Airbag999 collected $6 from pot
Airbag999: doesn't show hand
*** SUMMARY ***
Total pot $6 | Rake $0
Seat 1: Airbag999 (button) (small blind) collected ($6)
Seat 4: Actionni13 (big blind) folded before Flop


PokerStars Hand #154051411988:  Hold'em Limit ($3/$6 USD) - 2016/05/30 11:59:19 ET
Table 'Klytia' 6-max Seat #4 is the button
Seat 1: Airbag999 ($176.92 in chips)
Seat 4: Actionni13 ($158.64 in chips)
Actionni13: posts small blind $1
Airbag999: posts big blind $3
*** HOLE CARDS ***
Actionni13: raises $3 to $6
Airbag999: calls $3
*** FLOP *** [Qc 9d Tc]
Airbag999: checks
Actionni13: checks
*** TURN *** [Qc 9d Tc] [2c]
Airbag999: bets $6
Actionni13: folds
Uncalled bet ($6) returned to Airbag999
Airbag999 collected $11.76 from pot
Airbag999: doesn't show hand
*** SUMMARY ***
Total pot $12 | Rake $0.24
Board [Qc 9d Tc 2c]
Seat 1: Airbag999 (big blind) collected ($11.76)
Seat 4: Actionni13 (button) (small blind) folded on the Turn


PokerStars Hand #154051394072:  Hold'em Limit ($3/$6 USD) - 2016/05/30 11:58:49 ET
Table 'Klytia' 6-max Seat #1 is the button
Seat 1: Airbag999 ($185.92 in chips)
Seat 4: Actionni13 ($150 in chips)
Airbag999: posts small blind $1
Actionni13: posts big blind $3
*** HOLE CARDS ***
Airbag999: raises $3 to $6
Actionni13: calls $3
*** FLOP *** [Ts Ks 4s]
Actionni13: checks
Airbag999: bets $3
Actionni13: raises $3 to $6
Airbag999: folds
Uncalled bet ($3) returned to Actionni13
Actionni13 collected $17.64 from pot
Actionni13: doesn't show hand
*** SUMMARY ***
Total pot $18 | Rake $0.36
Board [Ts Ks 4s]
Seat 1: Airbag999 (button) (small blind) folded on the Flop
Seat 4: Actionni13 (big blind) collected ($17.64)


PokerStars Hand #154051462462:  Hold'em Limit ($3/$6 USD) - 2016/05/30 12:00:43 ET
Table 'Klytia' 6-max Seat #1 is the button
Seat 1: Airbag999 ($157.68 in chips)
Seat 4: Actionni13 ($177.26 in chips)
Airbag999: posts small blind $1
Actionni13: posts big blind $3
*** HOLE CARDS ***
Airbag999: folds
Uncalled bet ($2) returned to Actionni13
Actionni13 collected $2 from pot
Actionni13: doesn't show hand
*** SUMMARY ***
Total pot $2 | Rake $0
Seat 1: Airbag999 (button) (small blind) folded before Flop
Seat 4: Actionni13 (big blind) collected ($2)


PokerStars Hand #154051444806:  Hold'em Limit ($3/$6 USD) - 2016/05/30 12:00:14 ET
Table 'Klytia' 6-max Seat #4 is the button
Seat 1: Airbag999 ($178.68 in chips)
Seat 4: Actionni13 ($156.76 in chips)
Actionni13: posts small blind $1
Airbag999: posts big blind $3
*** HOLE CARDS ***
Actionni13: raises $3 to $6
Airbag999: calls $3
*** FLOP *** [7s Tc 5d]
Airbag999: checks
Actionni13: bets $3
Airbag999: calls $3
*** TURN *** [7s Tc 5d] [4s]
Airbag999: checks
Actionni13: bets $6
Airbag999: calls $6
*** RIVER *** [7s Tc 5d 4s] [Ad]
Airbag999: checks
Actionni13: bets $6
Airbag999: calls $6
*** SHOW DOWN ***
Actionni13: shows [Kc Td] (a pair of Tens)
Airbag999: mucks hand
Actionni13 collected $41.50 from pot
*** SUMMARY ***
Total pot $42 | Rake $0.50
Board [7s Tc 5d 4s Ad]
Seat 1: Airbag999 (big blind) mucked
Seat 4: Actionni13 (button) (small blind) showed [Kc Td] and won ($41.50) with a pair of Tens


PokerStars Hand #154051440918:  Hold'em Limit ($3/$6 USD) - 2016/05/30 12:00:08 ET
Table 'Klytia' 6-max Seat #1 is the button
Seat 1: Airbag999 ($179.68 in chips)
Seat 4: Actionni13 ($155.76 in chips)
Airbag999: posts small blind $1
Actionni13: posts big blind $3
*** HOLE CARDS ***
Airbag999: folds
Uncalled bet ($2) returned to Actionni13
Actionni13 collected $2 from pot
Actionni13: doesn't show hand
*** SUMMARY ***
Total pot $2 | Rake $0
Seat 1: Airbag999 (button) (small blind) folded before Flop
Seat 4: Actionni13 (big blind) collected ($2)


PokerStars Hand #154051431309:  Hold'em Limit ($3/$6 USD) - 2016/05/30 11:59:52 ET
Table 'Klytia' 6-max Seat #4 is the button
Seat 1: Airbag999 ($185.68 in chips)
Seat 4: Actionni13 ($150 in chips)
Actionni13: posts small blind $1
Airbag999: posts big blind $3
*** HOLE CARDS ***
Actionni13: raises $3 to $6
Airbag999: calls $3
*** FLOP *** [6c Kc Ts]
Airbag999: checks
Actionni13: bets $3
Airbag999: folds
Uncalled bet ($3) returned to Actionni13
Actionni13 collected $11.76 from pot
Actionni13: doesn't show hand
*** SUMMARY ***
Total pot $12 | Rake $0.24
Board [6c Kc Ts]
Seat 1: Airbag999 (big blind) folded on the Flop
Seat 4: Actionni13 (button) (small blind) collected ($11.76)


PokerStars Hand #154051497747:  Hold'em Limit ($3/$6 USD) - 2016/05/30 12:01:38 ET
Table 'Klytia' 6-max Seat #1 is the button
Seat 1: Airbag999 ($134.68 in chips)
Seat 4: Actionni13 ($199.76 in chips)
Airbag999: posts small blind $1
Actionni13: posts big blind $3
*** HOLE CARDS ***
Airbag999: raises $3 to $6
Actionni13: folds
Uncalled bet ($3) returned to Airbag999
Airbag999 collected $6 from pot
Airbag999: doesn't show hand
*** SUMMARY ***
Total pot $6 | Rake $0
Seat 1: Airbag999 (button) (small blind) collected ($6)
Seat 4: Actionni13 (big blind) folded before Flop


PokerStars Hand #154051491966:  Hold'em Limit ($3/$6 USD) - 2016/05/30 12:01:29 ET
Table 'Klytia' 6-max Seat #4 is the button
Seat 1: Airbag999 ($137.68 in chips)
Seat 4: Actionni13 ($196.76 in chips)
Actionni13: posts small blind $1
Airbag999: posts big blind $3
*** HOLE CARDS ***
Actionni13: raises $3 to $6
Airbag999: folds
Uncalled bet ($3) returned to Actionni13
Actionni13 collected $6 from pot
Actionni13: doesn't show hand
*** SUMMARY ***
Total pot $6 | Rake $0
Seat 1: Airbag999 (big blind) folded before Flop
Seat 4: Actionni13 (button) (small blind) collected ($6)


PokerStars Hand #154051487370:  Hold'em Limit ($3/$6 USD) - 2016/05/30 12:01:22 ET
Table 'Klytia' 6-max Seat #1 is the button
Seat 1: Airbag999 ($138.68 in chips)
Seat 4: Actionni13 ($195.76 in chips)
Airbag999: posts small blind $1
Actionni13: posts big blind $3
*** HOLE CARDS ***
Airbag999: folds
Uncalled bet ($2) returned to Actionni13
Actionni13 collected $2 from pot
Actionni13: doesn't show hand
*** SUMMARY ***
Total pot $2 | Rake $0
Seat 1: Airbag999 (button) (small blind) folded before Flop
Seat 4: Actionni13 (big blind) collected ($2)


PokerStars Hand #154051465545:  Hold'em Limit ($3/$6 USD) - 2016/05/30 12:00:48 ET
Table 'Klytia' 6-max Seat #4 is the button
Seat 1: Airbag999 ($156.68 in chips)
Seat 4: Actionni13 ($178.26 in chips)
Actionni13: posts small blind $1
Airbag999: posts big blind $3
*** HOLE CARDS ***
Actionni13: raises $3 to $6
Airbag999: raises $3 to $9
Actionni13: calls $3
*** FLOP *** [5h Jd 2s]
Airbag999: bets $3
Actionni13: calls $3
*** TURN *** [5h Jd 2s] [9d]
Airbag999: checks
Actionni13: bets $6
Airbag999: calls $6
*** RIVER *** [5h Jd 2s 9d] [6d]
Airbag999: checks
Actionni13: bets $6
Airbag999: folds
Uncalled bet ($6) returned to Actionni13
Actionni13 collected $35.50 from pot
Actionni13: doesn't show hand
*** SUMMARY ***
Total pot $36 | Rake $0.50
Board [5h Jd 2s 9d 6d]
Seat 1: Airbag999 (big blind) folded on the River
Seat 4: Actionni13 (button) (small blind) collected ($35.50)


PokerStars Hand #154051541369:  Hold'em Limit ($3/$6 USD) - 2016/05/30 12:02:42 ET
Table 'Klytia' 6-max Seat #1 is the button
Seat 1: Airbag999 ($146.32 in chips)
Seat 4: Actionni13 ($187.76 in chips)
Airbag999: posts small blind $1
Actionni13: posts big blind $3
*** HOLE CARDS ***
Airbag999: folds
Uncalled bet ($2) returned to Actionni13
Actionni13 collected $2 from pot
Actionni13: doesn't show hand
*** SUMMARY ***
Total pot $2 | Rake $0
Seat 1: Airbag999 (button) (small blind) folded before Flop
Seat 4: Actionni13 (big blind) collected ($2)


PokerStars Hand #154051532108:  Hold'em Limit ($3/$6 USD) - 2016/05/30 12:02:29 ET
Table 'Klytia' 6-max Seat #4 is the button
Seat 1: Airbag999 ($149.32 in chips)
Seat 4: Actionni13 ($184.76 in chips)
Actionni13: posts small blind $1
Airbag999: posts big blind $3
*** HOLE CARDS ***
Actionni13: raises $3 to $6
Airbag999: folds
Uncalled bet ($3) returned to Actionni13
Actionni13 collected $6 from pot
Actionni13: doesn't show hand
*** SUMMARY ***
Total pot $6 | Rake $0
Seat 1: Airbag999 (big blind) folded before Flop
Seat 4: Actionni13 (button) (small blind) collected ($6)


PokerStars Hand #154051523629:  Hold'em Limit ($3/$6 USD) - 2016/05/30 12:02:16 ET
Table 'Klytia' 6-max Seat #1 is the button
Seat 1: Airbag999 ($150.32 in chips)
Seat 4: Actionni13 ($183.76 in chips)
Airbag999: posts small blind $1
Actionni13: posts big blind $3
*** HOLE CARDS ***
Airbag999: folds
Uncalled bet ($2) returned to Actionni13
Actionni13 collected $2 from pot
Actionni13: doesn't show hand
*** SUMMARY ***
Total pot $2 | Rake $0
Seat 1: Airbag999 (button) (small blind) folded before Flop
Seat 4: Actionni13 (big blind) collected ($2)


PokerStars Hand #154051520151:  Hold'em Limit ($3/$6 USD) - 2016/05/30 12:02:11 ET
Table 'Klytia' 6-max Seat #4 is the button
Seat 1: Airbag999 ($149.32 in chips)
Seat 4: Actionni13 ($184.76 in chips)
Actionni13: posts small blind $1
Airbag999: posts big blind $3
*** HOLE CARDS ***
Actionni13: folds
Uncalled bet ($2) returned to Airbag999
Airbag999 collected $2 from pot
Airbag999: doesn't show hand
*** SUMMARY ***
Total pot $2 | Rake $0
Seat 1: Airbag999 (big blind) collected ($2)
Seat 4: Actionni13 (button) (small blind) folded before Flop


PokerStars Hand #154051515591:  Hold'em Limit ($3/$6 USD) - 2016/05/30 12:02:04 ET
Table 'Klytia' 6-max Seat #1 is the button
Seat 1: Airbag999 ($146.32 in chips)
Seat 4: Actionni13 ($187.76 in chips)
Airbag999: posts small blind $1
Actionni13: posts big blind $3
*** HOLE CARDS ***
Airbag999: raises $3 to $6
Actionni13: folds
Uncalled bet ($3) returned to Airbag999
Airbag999 collected $6 from pot
Airbag999: doesn't show hand
*** SUMMARY ***
Total pot $6 | Rake $0
Seat 1: Airbag999 (button) (small blind) collected ($6)
Seat 4: Actionni13 (big blind) folded before Flop


PokerStars Hand #154051502895:  Hold'em Limit ($3/$6 USD) - 2016/05/30 12:01:45 ET
Table 'Klytia' 6-max Seat #4 is the button
Seat 1: Airbag999 ($137.68 in chips)
Seat 4: Actionni13 ($196.76 in chips)
Actionni13: posts small blind $1
Airbag999: posts big blind $3
*** HOLE CARDS ***
Actionni13: raises $3 to $6
Airbag999: raises $3 to $9
Actionni13: calls $3
*** FLOP *** [Td 5s Kc]
Airbag999: bets $3
Actionni13: folds
Uncalled bet ($3) returned to Airbag999
Airbag999 collected $17.64 from pot
Airbag999: doesn't show hand
*** SUMMARY ***
Total pot $18 | Rake $0.36
Board [Td 5s Kc]
Seat 1: Airbag999 (big blind) collected ($17.64)
Seat 4: Actionni13 (button) (small blind) folded on the Flop


PokerStars Hand #154051569704:  Hold'em Limit ($3/$6 USD) - 2016/05/30 12:03:23 ET
Table 'Klytia' 6-max Seat #1 is the button
Seat 1: Airbag999 ($156.84 in chips)
Seat 4: Actionni13 ($176.76 in chips)
Airbag999: posts small blind $1
Actionni13: posts big blind $3
*** HOLE CARDS ***
Airbag999: raises $3 to $6
Actionni13: calls $3
*** FLOP *** [Ts 2c 4h]
Actionni13: checks
Airbag999: bets $3
Actionni13: raises $3 to $6
Airbag999: folds
Uncalled bet ($3) returned to Actionni13
Actionni13 collected $17.64 from pot
Actionni13: doesn't show hand
*** SUMMARY ***
Total pot $18 | Rake $0.36
Board [Ts 2c 4h]
Seat 1: Airbag999 (button) (small blind) folded on the Flop
Seat 4: Actionni13 (big blind) collected ($17.64)


PokerStars Hand #154051545955:  Hold'em Limit ($3/$6 USD) - 2016/05/30 12:02:48 ET
Table 'Klytia' 6-max Seat #4 is the button
Seat 1: Airbag999 ($145.32 in chips)
Seat 4: Actionni13 ($188.76 in chips)
Actionni13: posts small blind $1
Airbag999: posts big blind $3
*** HOLE CARDS ***
Actionni13: raises $3 to $6
Airbag999: raises $3 to $9
Actionni13: calls $3
*** FLOP *** [Th Ts 3h]
Airbag999: bets $3
Actionni13: calls $3
*** TURN *** [Th Ts 3h] [Ac]
Airbag999: checks
Actionni13: checks
*** RIVER *** [Th Ts 3h Ac] [Js]
Airbag999: checks
Actionni13: checks
*** SHOW DOWN ***
Airbag999: shows [As 9c] (two pair, Aces and Tens)
Actionni13: mucks hand
Airbag999 collected $23.52 from pot
*** SUMMARY ***
Total pot $24 | Rake $0.48
Board [Th Ts 3h Ac Js]
Seat 1: Airbag999 (big blind) showed [As 9c] and won ($23.52) with two pair, Aces and Tens
Seat 4: Actionni13 (button) (small blind) mucked


PokerStars Hand #154051602085:  Hold'em Limit ($3/$6 USD) - 2016/05/30 12:04:09 ET
Table 'Klytia' 6-max Seat #1 is the button
Seat 1: Airbag999 ($141.84 in chips)
Seat 4: Actionni13 ($191.16 in chips)
Airbag999: posts small blind $1
Actionni13: posts big blind $3
*** HOLE CARDS ***
Airbag999: raises $3 to $6
Actionni13: folds
Uncalled bet ($3) returned to Airbag999
Airbag999 collected $6 from pot
Airbag999: doesn't show hand
*** SUMMARY ***
Total pot $6 | Rake $0
Seat 1: Airbag999 (button) (small blind) collected ($6)
Seat 4: Actionni13 (big blind) folded before Flop


PokerStars Hand #154051586682:  Hold'em Limit ($3/$6 USD) - 2016/05/30 12:03:47 ET
Table 'Klytia' 6-max Seat #4 is the button
Seat 1: Airbag999 ($147.84 in chips)
Seat 4: Actionni13 ($185.40 in chips)
Actionni13: posts small blind $1
Airbag999: posts big blind $3
*** HOLE CARDS ***
Actionni13: raises $3 to $6
Airbag999: calls $3
*** FLOP *** [3d Ks 8d]
Airbag999: checks
Actionni13: bets $3
Airbag999: folds
Uncalled bet ($3) returned to Actionni13
Actionni13 collected $11.76 from pot
Actionni13: doesn't show hand
*** SUMMARY ***
Total pot $12 | Rake $0.24
Board [3d Ks 8d]
Seat 1: Airbag999 (big blind) folded on the Flop
Seat 4: Actionni13 (button) (small blind) collected ($11.76)


PokerStars Hand #154051609187:  Hold'em Limit ($3/$6 USD) - 2016/05/30 12:04:19 ET
Table 'Klytia' 6-max Seat #4 is the button
Seat 1: Airbag999 ($144.84 in chips)
Seat 4: Actionni13 ($188.16 in chips)
Actionni13: posts small blind $1
Airbag999: posts big blind $3
*** HOLE CARDS ***
Actionni13: raises $3 to $6
Airbag999: raises $3 to $9
Actionni13: calls $3
*** FLOP *** [8h 7h Td]
Airbag999: bets $3
Actionni13: raises $3 to $6
Airbag999: calls $3
*** TURN *** [8h 7h Td] [3d]
Airbag999: checks
Puzanchik 11 joins the table at seat #6
Actionni13: bets $6
Airbag999: calls $6
*** RIVER *** [8h 7h Td 3d] [2h]
Airbag999: checks
Actionni13: bets $6
Airbag999: calls $6
*** SHOW DOWN ***
Actionni13: shows [Ks Kd] (a pair of Kings)
Airbag999: mucks hand
Actionni13 collected $53.50 from pot
*** SUMMARY ***
Total pot $54 | Rake $0.50
Board [8h 7h Td 3d 2h]
Seat 1: Airbag999 (big blind) mucked
Seat 4: Actionni13 (button) (small blind) showed [Ks Kd] and won ($53.50) with a pair of Kings


PokerStars Hand #154051645911:  Hold'em Limit ($3/$6 USD) - 2016/05/30 12:05:12 ET
Table 'Klytia' 6-max Seat #1 is the button
Seat 1: Airbag999 ($117.84 in chips)
Seat 4: Actionni13 ($214.66 in chips)
Airbag999: posts small blind $1
Actionni13: posts big blind $3
*** HOLE CARDS ***
Airbag999: raises $3 to $6
Actionni13: calls $3
*** FLOP *** [7c Jd 3s]
Actionni13: checks
Airbag999: bets $3
Actionni13: raises $3 to $6
Airbag999: calls $3
*** TURN *** [7c Jd 3s] [4s]
Actionni13: bets $6
Airbag999: calls $6
*** RIVER *** [7c Jd 3s 4s] [9h]
Actionni13: bets $6
Airbag999: raises $6 to $12
Actionni13: calls $6
*** SHOW DOWN ***
Airbag999: shows [Js 9d] (two pair, Jacks and Nines)
Actionni13: mucks hand
Airbag999 collected $59.50 from pot
*** SUMMARY ***
Total pot $60 | Rake $0.50
Board [7c Jd 3s 4s 9h]
Seat 1: Airbag999 (button) (small blind) showed [Js 9d] and won ($59.50) with two pair, Jacks and Nines
Seat 4: Actionni13 (big blind) mucked


PokerStars Hand #154069375726:  Hold'em Limit ($3/$6 USD) - 2016/05/30 17:50:38 ET
Table 'Klytia' 6-max Seat #1 is the button
Seat 1: jama gama ($417.31 in chips)
Seat 6: Jefrey-AA ($276.98 in chips)
jama gama: posts small blind $1
ToDaFelt: is sitting out
Jefrey-AA: posts big blind $3
*** HOLE CARDS ***
ToDaFelt leaves the table
jama gama: raises $3 to $6
Jefrey-AA: calls $3
*** FLOP *** [2c 3s 6h]
Jefrey-AA: checks
jama gama: checks
*** TURN *** [2c 3s 6h] [5s]
Jefrey-AA: checks
jama gama: checks
*** RIVER *** [2c 3s 6h 5s] [8s]
Jefrey-AA: checks
jama gama: checks
*** SHOW DOWN ***
Jefrey-AA: shows [Td Ad] (high card Ace)
jama gama: mucks hand
Jefrey-AA collected $11.76 from pot
*** SUMMARY ***
Total pot $12 | Rake $0.24
Board [2c 3s 6h 5s 8s]
Seat 1: jama gama (button) (small blind) mucked
Seat 6: Jefrey-AA (big blind) showed [Td Ad] and won ($11.76) with high card Ace


