PokerStars Hand #149362598460:  Hold'em Limit ($3/$6 USD) - 2016/02/24 17:32:29 ET
Table 'Klytia' 6-max Seat #2 is the button
Seat 2: oliwan ($318.93 in chips)
Seat 4: Pandakey ($197.53 in chips)
oliwan: posts small blind $1
Pandakey: posts big blind $3
*** HOLE CARDS ***
oliwan: folds
Uncalled bet ($2) returned to Pandakey
VolkovDmitri leaves the table
Pandakey collected $2 from pot
Pandakey: doesn't show hand
*** SUMMARY ***
Total pot $2 | Rake $0
Seat 2: oliwan (button) (small blind) folded before Flop
Seat 4: Pandakey (big blind) collected ($2)


PokerStars Hand #149362631417:  Hold'em Limit ($3/$6 USD) - 2016/02/24 17:33:05 ET
Table 'Klytia' 6-max Seat #2 is the button
Seat 2: oliwan ($302.93 in chips)
Seat 4: Pandakey ($213.03 in chips)
oliwan: posts small blind $1
Pandakey: posts big blind $3
*** HOLE CARDS ***
oliwan: folds
Uncalled bet ($2) returned to Pandakey
Pandakey collected $2 from pot
Pandakey: doesn't show hand
*** SUMMARY ***
Total pot $2 | Rake $0
Seat 2: oliwan (button) (small blind) folded before Flop
Seat 4: Pandakey (big blind) collected ($2)


PokerStars Hand #149362603384:  Hold'em Limit ($3/$6 USD) - 2016/02/24 17:32:34 ET
Table 'Klytia' 6-max Seat #4 is the button
Seat 2: oliwan ($317.93 in chips)
Seat 4: Pandakey ($198.53 in chips)
Pandakey: posts small blind $1
oliwan: posts big blind $3
*** HOLE CARDS ***
Pandakey: raises $3 to $6
oliwan: calls $3
*** FLOP *** [2h 9s Qh]
oliwan: checks
Pandakey: bets $3
bugsbubble joins the table at seat #5
oliwan: calls $3
*** TURN *** [2h 9s Qh] [6h]
oliwan: checks
Pandakey: checks
*** RIVER *** [2h 9s Qh 6h] [3h]
oliwan: bets $6
Pandakey: calls $6
*** SHOW DOWN ***
oliwan: shows [Jd 3d] (a pair of Threes)
Pandakey: shows [Js 8h] (a flush, Queen high)
Pandakey collected $29.50 from pot
*** SUMMARY ***
Total pot $30 | Rake $0.50
Board [2h 9s Qh 6h 3h]
Seat 2: oliwan (big blind) showed [Jd 3d] and lost with a pair of Threes
Seat 4: Pandakey (button) (small blind) showed [Js 8h] and won ($29.50) with a flush, Queen high


PokerStars Hand #149365786455:  Hold'em Limit ($3/$6 USD) - 2016/02/24 18:35:19 ET
Table 'Klytia' 6-max Seat #2 is the button
Seat 2: oliwan ($430.15 in chips)
Seat 5: bugsbubble ($143.93 in chips)
oliwan: posts small blind $1
TinaTurner72: is sitting out
bugsbubble: posts big blind $3
*** HOLE CARDS ***
oliwan: raises $3 to $6
bugsbubble: calls $3
*** FLOP *** [6c 2h 2s]
bugsbubble: checks
oliwan: bets $3
TinaTurner72 leaves the table
bugsbubble: folds
Uncalled bet ($3) returned to oliwan
oliwan collected $11.76 from pot
*** SUMMARY ***
Total pot $12 | Rake $0.24
Board [6c 2h 2s]
Seat 2: oliwan (button) (small blind) collected ($11.76)
Seat 5: bugsbubble (big blind) folded on the Flop


PokerStars Hand #149365877590:  Hold'em Limit ($3/$6 USD) - 2016/02/24 18:37:17 ET
Table 'Klytia' 6-max Seat #5 is the button
Seat 2: oliwan ($426.41 in chips)
Seat 5: bugsbubble ($146.43 in chips)
bugsbubble: posts small blind $1
oliwan: posts big blind $3
*** HOLE CARDS ***
bugsbubble: folds
Uncalled bet ($2) returned to oliwan
oliwan collected $2 from pot
*** SUMMARY ***
Total pot $2 | Rake $0
Seat 2: oliwan (big blind) collected ($2)
Seat 5: bugsbubble (button) (small blind) folded before Flop


PokerStars Hand #149365844489:  Hold'em Limit ($3/$6 USD) - 2016/02/24 18:36:34 ET
Table 'Klytia' 6-max Seat #2 is the button
Seat 2: oliwan ($411.91 in chips)
Seat 5: bugsbubble ($161.43 in chips)
oliwan: posts small blind $1
bugsbubble: posts big blind $3
*** HOLE CARDS ***
oliwan said, "lol"
oliwan: raises $3 to $6
bugsbubble: calls $3
*** FLOP *** [9c Ac 3d]
bugsbubble: checks
oliwan: bets $3
bugsbubble: calls $3
*** TURN *** [9c Ac 3d] [Ks]
bugsbubble: checks
oliwan: bets $6
bugsbubble: calls $6
*** RIVER *** [9c Ac 3d Ks] [7c]
bugsbubble: checks
oliwan: checks
*** SHOW DOWN ***
bugsbubble: shows [3h Jd] (a pair of Threes)
oliwan: shows [7h Js] (a pair of Sevens)
oliwan collected $29.50 from pot
*** SUMMARY ***
Total pot $30 | Rake $0.50
Board [9c Ac 3d Ks 7c]
Seat 2: oliwan (button) (small blind) showed [7h Js] and won ($29.50) with a pair of Sevens
Seat 5: bugsbubble (big blind) showed [3h Jd] and lost with a pair of Threes


PokerStars Hand #149365805127:  Hold'em Limit ($3/$6 USD) - 2016/02/24 18:35:43 ET
Table 'Klytia' 6-max Seat #5 is the button
Seat 2: oliwan ($435.91 in chips)
Seat 5: bugsbubble ($137.93 in chips)
bugsbubble: posts small blind $1
oliwan: posts big blind $3
*** HOLE CARDS ***
bugsbubble: raises $3 to $6
oliwan: raises $3 to $9
bugsbubble: raises $3 to $12
Betting is capped
oliwan: calls $3
*** FLOP *** [Ts 3d 4s]
wuck249 leaves the table
oliwan: bets $3
bugsbubble: raises $3 to $6
oliwan: calls $3
*** TURN *** [Ts 3d 4s] [7c]
oliwan: checks
bugsbubble: bets $6
oliwan: calls $6
*** RIVER *** [Ts 3d 4s 7c] [6d]
oliwan: checks
bugsbubble: checks
*** SHOW DOWN ***
oliwan: shows [8h Ad] (high card Ace)
bugsbubble: shows [As Qc] (high card Ace - Queen kicker)
bugsbubble collected $47.50 from pot
*** SUMMARY ***
Total pot $48 | Rake $0.50
Board [Ts 3d 4s 7c 6d]
Seat 2: oliwan (big blind) showed [8h Ad] and lost with high card Ace
Seat 5: bugsbubble (button) (small blind) showed [As Qc] and won ($47.50) with high card Ace


