PokerStars Hand #156362102012:  Hold'em Limit ($3/$6 USD) - 2016/07/23 20:40:38 ET
Table 'Klytia' 10-max Seat #6 is the button
Seat 5: simper11 ($120 in chips)
Seat 6: ELSUPREMO999 ($131.27 in chips)
ELSUPREMO999: posts small blind $1
simper11: posts big blind $3
*** HOLE CARDS ***
ELSUPREMO999: calls $2
simper11: checks
*** FLOP *** [Ah 8d 7h]
simper11: checks
ELSUPREMO999: checks
*** TURN *** [Ah 8d 7h] [Jd]
simper11: checks
ELSUPREMO999: checks
*** RIVER *** [Ah 8d 7h Jd] [6d]
simper11: bets $6
ELSUPREMO999: calls $6
*** SHOW DOWN ***
simper11: shows [2d 8s] (a pair of Eights)
ELSUPREMO999: mucks hand
simper11 collected $17.64 from pot
*** SUMMARY ***
Total pot $18 | Rake $0.36
Board [Ah 8d 7h Jd 6d]
Seat 5: simper11 (big blind) showed [2d 8s] and won ($17.64) with a pair of Eights
Seat 6: ELSUPREMO999 (button) (small blind) mucked


PokerStars Hand #156362096056:  Hold'em Limit ($3/$6 USD) - 2016/07/23 20:40:24 ET
Table 'Klytia' 10-max Seat #5 is the button
Seat 5: simper11 ($120 in chips)
Seat 6: ELSUPREMO999 ($122.63 in chips)
simper11: posts small blind $1
ELSUPREMO999: posts big blind $3
*** HOLE CARDS ***
simper11: raises $3 to $6
ELSUPREMO999: calls $3
*** FLOP *** [Th 4h Ks]
ELSUPREMO999: checks
simper11: bets $3
ELSUPREMO999: calls $3
*** TURN *** [Th 4h Ks] [Qd]
ELSUPREMO999: checks
simper11: checks
*** RIVER *** [Th 4h Ks Qd] [Qc]
ELSUPREMO999: bets $6
simper11: folds
Uncalled bet ($6) returned to ELSUPREMO999
ELSUPREMO999 collected $17.64 from pot
ELSUPREMO999: doesn't show hand
*** SUMMARY ***
Total pot $18 | Rake $0.36
Board [Th 4h Ks Qd Qc]
Seat 5: simper11 (button) (small blind) folded on the River
Seat 6: ELSUPREMO999 (big blind) collected ($17.64)


PokerStars Hand #156362090369:  Hold'em Limit ($3/$6 USD) - 2016/07/23 20:40:11 ET
Table 'Klytia' 10-max Seat #6 is the button
Seat 5: simper11 ($120 in chips)
Seat 6: ELSUPREMO999 ($119.75 in chips)
ELSUPREMO999: posts small blind $1
simper11: posts big blind $3
*** HOLE CARDS ***
ELSUPREMO999: calls $2
simper11: checks
*** FLOP *** [7h 2c 5c]
simper11: checks
ELSUPREMO999: checks
*** TURN *** [7h 2c 5c] [Js]
simper11: checks
ELSUPREMO999: checks
*** RIVER *** [7h 2c 5c Js] [Jd]
simper11: checks
ELSUPREMO999: checks
*** SHOW DOWN ***
simper11: shows [4d 8c] (a pair of Jacks)
ELSUPREMO999: shows [8d Qs] (a pair of Jacks - Queen kicker)
ELSUPREMO999 collected $5.88 from pot
*** SUMMARY ***
Total pot $6 | Rake $0.12
Board [7h 2c 5c Js Jd]
Seat 5: simper11 (big blind) showed [4d 8c] and lost with a pair of Jacks
Seat 6: ELSUPREMO999 (button) (small blind) showed [8d Qs] and won ($5.88) with a pair of Jacks


PokerStars Hand #156362124501:  Hold'em Limit ($3/$6 USD) - 2016/07/23 20:41:29 ET
Table 'Klytia' 10-max Seat #5 is the button
Seat 5: simper11 ($125.76 in chips)
Seat 6: ELSUPREMO999 ($137.65 in chips)
simper11: posts small blind $1
ELSUPREMO999: posts big blind $3
*** HOLE CARDS ***
simper11: raises $3 to $6
ELSUPREMO999: calls $3
*** FLOP *** [Th 6d 2h]
ELSUPREMO999: checks
simper11: bets $3
ELSUPREMO999: folds
Uncalled bet ($3) returned to simper11
simper11 collected $11.76 from pot
simper11: doesn't show hand
*** SUMMARY ***
Total pot $12 | Rake $0.24
Board [Th 6d 2h]
Seat 5: simper11 (button) (small blind) collected ($11.76)
Seat 6: ELSUPREMO999 (big blind) folded on the Flop


PokerStars Hand #156362121098:  Hold'em Limit ($3/$6 USD) - 2016/07/23 20:41:22 ET
Table 'Klytia' 10-max Seat #6 is the button
Seat 5: simper11 ($120 in chips)
Seat 6: ELSUPREMO999 ($143.65 in chips)
ELSUPREMO999: posts small blind $1
simper11: posts big blind $3
*** HOLE CARDS ***
ELSUPREMO999: calls $2
simper11: raises $3 to $6
ELSUPREMO999: calls $3
*** FLOP *** [Td 2s Ad]
simper11: bets $3
ELSUPREMO999: folds
Uncalled bet ($3) returned to simper11
simper11 collected $11.76 from pot
simper11: doesn't show hand
*** SUMMARY ***
Total pot $12 | Rake $0.24
Board [Td 2s Ad]
Seat 5: simper11 (big blind) collected ($11.76)
Seat 6: ELSUPREMO999 (button) (small blind) folded on the Flop


PokerStars Hand #156362114332:  Hold'em Limit ($3/$6 USD) - 2016/07/23 20:41:06 ET
Table 'Klytia' 10-max Seat #5 is the button
Seat 5: simper11 ($124.64 in chips)
Seat 6: ELSUPREMO999 ($126.15 in chips)
simper11: posts small blind $1
ELSUPREMO999: posts big blind $3
*** HOLE CARDS ***
simper11: raises $3 to $6
ELSUPREMO999: raises $3 to $9
simper11: calls $3
*** FLOP *** [Js 8c 9d]
ELSUPREMO999: bets $3
simper11: calls $3
*** TURN *** [Js 8c 9d] [Qc]
ELSUPREMO999: checks
simper11: checks
*** RIVER *** [Js 8c 9d Qc] [7h]
ELSUPREMO999: bets $6
simper11: calls $6
*** SHOW DOWN ***
ELSUPREMO999: shows [Tc Qd] (a straight, Eight to Queen)
simper11: mucks hand
ELSUPREMO999 collected $35.50 from pot
*** SUMMARY ***
Total pot $36 | Rake $0.50
Board [Js 8c 9d Qc 7h]
Seat 5: simper11 (button) (small blind) mucked
Seat 6: ELSUPREMO999 (big blind) showed [Tc Qd] and won ($35.50) with a straight, Eight to Queen


PokerStars Hand #156362109397:  Hold'em Limit ($3/$6 USD) - 2016/07/23 20:40:55 ET
Table 'Klytia' 10-max Seat #6 is the button
Seat 5: simper11 ($127.64 in chips)
Seat 6: ELSUPREMO999 ($123.27 in chips)
ELSUPREMO999: posts small blind $1
simper11: posts big blind $3
*** HOLE CARDS ***
ELSUPREMO999: calls $2
simper11: checks
*** FLOP *** [Th Kc Kd]
simper11: checks
ELSUPREMO999: checks
*** TURN *** [Th Kc Kd] [5d]
simper11: checks
ELSUPREMO999: bets $6
simper11: folds
Uncalled bet ($6) returned to ELSUPREMO999
ELSUPREMO999 collected $5.88 from pot
ELSUPREMO999: doesn't show hand
*** SUMMARY ***
Total pot $6 | Rake $0.12
Board [Th Kc Kd 5d]
Seat 5: simper11 (big blind) folded on the Turn
Seat 6: ELSUPREMO999 (button) (small blind) collected ($5.88)


PokerStars Hand #156362107355:  Hold'em Limit ($3/$6 USD) - 2016/07/23 20:40:50 ET
Table 'Klytia' 10-max Seat #5 is the button
Seat 5: simper11 ($128.64 in chips)
Seat 6: ELSUPREMO999 ($122.27 in chips)
simper11: posts small blind $1
ELSUPREMO999: posts big blind $3
*** HOLE CARDS ***
simper11: folds
Uncalled bet ($2) returned to ELSUPREMO999
ELSUPREMO999 collected $2 from pot
ELSUPREMO999: doesn't show hand
*** SUMMARY ***
Total pot $2 | Rake $0
Seat 5: simper11 (button) (small blind) folded before Flop
Seat 6: ELSUPREMO999 (big blind) collected ($2)


PokerStars Hand #156362153595:  Hold'em Limit ($3/$6 USD) - 2016/07/23 20:42:37 ET
Table 'Klytia' 10-max Seat #6 is the button
Seat 5: simper11 ($141.26 in chips)
Seat 6: ELSUPREMO999 ($128.03 in chips)
ELSUPREMO999: posts small blind $1
simper11: posts big blind $3
*** HOLE CARDS ***
ELSUPREMO999: folds
Uncalled bet ($2) returned to simper11
simper11 collected $2 from pot
simper11: doesn't show hand
*** SUMMARY ***
Total pot $2 | Rake $0
Seat 5: simper11 (big blind) collected ($2)
Seat 6: ELSUPREMO999 (button) (small blind) folded before Flop


PokerStars Hand #156362150577:  Hold'em Limit ($3/$6 USD) - 2016/07/23 20:42:30 ET
Table 'Klytia' 10-max Seat #5 is the button
Seat 5: simper11 ($135.50 in chips)
Seat 6: ELSUPREMO999 ($134.03 in chips)
simper11: posts small blind $1
ELSUPREMO999: posts big blind $3
*** HOLE CARDS ***
simper11: raises $3 to $6
ELSUPREMO999: calls $3
*** FLOP *** [Qs Js Qh]
ELSUPREMO999: checks
simper11: bets $3
ELSUPREMO999: folds
Uncalled bet ($3) returned to simper11
simper11 collected $11.76 from pot
simper11: doesn't show hand
*** SUMMARY ***
Total pot $12 | Rake $0.24
Board [Qs Js Qh]
Seat 5: simper11 (button) (small blind) collected ($11.76)
Seat 6: ELSUPREMO999 (big blind) folded on the Flop


PokerStars Hand #156362148637:  Hold'em Limit ($3/$6 USD) - 2016/07/23 20:42:25 ET
Table 'Klytia' 10-max Seat #6 is the button
Seat 5: simper11 ($134.50 in chips)
Seat 6: ELSUPREMO999 ($135.03 in chips)
ELSUPREMO999: posts small blind $1
simper11: posts big blind $3
*** HOLE CARDS ***
ELSUPREMO999: folds
Uncalled bet ($2) returned to simper11
simper11 collected $2 from pot
simper11: doesn't show hand
*** SUMMARY ***
Total pot $2 | Rake $0
Seat 5: simper11 (big blind) collected ($2)
Seat 6: ELSUPREMO999 (button) (small blind) folded before Flop


PokerStars Hand #156362137887:  Hold'em Limit ($3/$6 USD) - 2016/07/23 20:42:01 ET
Table 'Klytia' 10-max Seat #6 is the button
Seat 5: simper11 ($120 in chips)
Seat 6: ELSUPREMO999 ($147.15 in chips)
ELSUPREMO999: posts small blind $1
simper11: posts big blind $3
*** HOLE CARDS ***
ELSUPREMO999: calls $2
simper11: checks
*** FLOP *** [Td 3c Ks]
simper11: checks
ELSUPREMO999: bets $3
simper11: folds
Uncalled bet ($3) returned to ELSUPREMO999
ELSUPREMO999 collected $5.88 from pot
ELSUPREMO999: doesn't show hand
*** SUMMARY ***
Total pot $6 | Rake $0.12
Board [Td 3c Ks]
Seat 5: simper11 (big blind) folded on the Flop
Seat 6: ELSUPREMO999 (button) (small blind) collected ($5.88)


PokerStars Hand #156362135950:  Hold'em Limit ($3/$6 USD) - 2016/07/23 20:41:56 ET
Table 'Klytia' 10-max Seat #5 is the button
Seat 5: simper11 ($120 in chips)
Seat 6: ELSUPREMO999 ($146.15 in chips)
simper11: posts small blind $1
ELSUPREMO999: posts big blind $3
*** HOLE CARDS ***
simper11: folds
Uncalled bet ($2) returned to ELSUPREMO999
ELSUPREMO999 collected $2 from pot
ELSUPREMO999: doesn't show hand
*** SUMMARY ***
Total pot $2 | Rake $0
Seat 5: simper11 (button) (small blind) folded before Flop
Seat 6: ELSUPREMO999 (big blind) collected ($2)


PokerStars Hand #156362129999:  Hold'em Limit ($3/$6 USD) - 2016/07/23 20:41:42 ET
Table 'Klytia' 10-max Seat #6 is the button
Seat 5: simper11 ($131.52 in chips)
Seat 6: ELSUPREMO999 ($131.65 in chips)
ELSUPREMO999: posts small blind $1
simper11: posts big blind $3
*** HOLE CARDS ***
ELSUPREMO999: calls $2
simper11: checks
*** FLOP *** [Ad 2c 3d]
simper11: checks
ELSUPREMO999: checks
*** TURN *** [Ad 2c 3d] [3c]
simper11: bets $6
ELSUPREMO999: calls $6
*** RIVER *** [Ad 2c 3d 3c] [8c]
simper11: bets $6
ELSUPREMO999: calls $6
*** SHOW DOWN ***
simper11: shows [4c Kh] (a pair of Threes)
ELSUPREMO999: shows [5c 8h] (two pair, Eights and Threes)
ELSUPREMO999 collected $29.50 from pot
*** SUMMARY ***
Total pot $30 | Rake $0.50
Board [Ad 2c 3d 3c 8c]
Seat 5: simper11 (big blind) showed [4c Kh] and lost with a pair of Threes
Seat 6: ELSUPREMO999 (button) (small blind) showed [5c 8h] and won ($29.50) with two pair, Eights and Threes


PokerStars Hand #156362180337:  Hold'em Limit ($3/$6 USD) - 2016/07/23 20:43:38 ET
Table 'Klytia' 10-max Seat #5 is the button
Seat 5: simper11 ($128.76 in chips)
Seat 6: ELSUPREMO999 ($139.05 in chips)
simper11: posts small blind $1
ELSUPREMO999: posts big blind $3
*** HOLE CARDS ***
simper11: raises $3 to $6
ELSUPREMO999: calls $3
*** FLOP *** [5h Qd 5c]
ELSUPREMO999: checks
simper11: bets $3
ELSUPREMO999: calls $3
*** TURN *** [5h Qd 5c] [4s]
ELSUPREMO999: checks
simper11: checks
*** RIVER *** [5h Qd 5c 4s] [4c]
ELSUPREMO999: bets $6
simper11: raises $6 to $12
ELSUPREMO999: calls $6
*** SHOW DOWN ***
simper11: shows [Qs Tc] (two pair, Queens and Fives)
ELSUPREMO999: mucks hand
simper11 collected $41.50 from pot
*** SUMMARY ***
Total pot $42 | Rake $0.50
Board [5h Qd 5c 4s 4c]
Seat 5: simper11 (button) (small blind) showed [Qs Tc] and won ($41.50) with two pair, Queens and Fives
Seat 6: ELSUPREMO999 (big blind) mucked


PokerStars Hand #156362178324:  Hold'em Limit ($3/$6 USD) - 2016/07/23 20:43:34 ET
Table 'Klytia' 10-max Seat #6 is the button
Seat 5: simper11 ($127.76 in chips)
Seat 6: ELSUPREMO999 ($140.05 in chips)
ELSUPREMO999: posts small blind $1
simper11: posts big blind $3
*** HOLE CARDS ***
ELSUPREMO999: folds
Uncalled bet ($2) returned to simper11
simper11 collected $2 from pot
simper11: doesn't show hand
*** SUMMARY ***
Total pot $2 | Rake $0
Seat 5: simper11 (big blind) collected ($2)
Seat 6: ELSUPREMO999 (button) (small blind) folded before Flop


PokerStars Hand #156362171983:  Hold'em Limit ($3/$6 USD) - 2016/07/23 20:43:19 ET
Table 'Klytia' 10-max Seat #5 is the button
Seat 5: simper11 ($160.76 in chips)
Seat 6: ELSUPREMO999 ($107.55 in chips)
simper11: posts small blind $1
ELSUPREMO999: posts big blind $3
*** HOLE CARDS ***
simper11: raises $3 to $6
ELSUPREMO999: raises $3 to $9
simper11: calls $3
*** FLOP *** [Ad Qd Ts]
ELSUPREMO999: checks
simper11: checks
*** TURN *** [Ad Qd Ts] [6h]
ELSUPREMO999: bets $6
simper11: raises $6 to $12
ELSUPREMO999: raises $6 to $18
simper11: calls $6
*** RIVER *** [Ad Qd Ts 6h] [5c]
ELSUPREMO999: bets $6
simper11: calls $6
*** SHOW DOWN ***
ELSUPREMO999: shows [Tc Th] (three of a kind, Tens)
simper11: mucks hand
ELSUPREMO999 collected $65.50 from pot
*** SUMMARY ***
Total pot $66 | Rake $0.50
Board [Ad Qd Ts 6h 5c]
Seat 5: simper11 (button) (small blind) mucked
Seat 6: ELSUPREMO999 (big blind) showed [Tc Th] and won ($65.50) with three of a kind, Tens


PokerStars Hand #156362170042:  Hold'em Limit ($3/$6 USD) - 2016/07/23 20:43:15 ET
Table 'Klytia' 10-max Seat #6 is the button
Seat 5: simper11 ($159.76 in chips)
Seat 6: ELSUPREMO999 ($108.55 in chips)
ELSUPREMO999: posts small blind $1
simper11: posts big blind $3
*** HOLE CARDS ***
ELSUPREMO999: folds
Uncalled bet ($2) returned to simper11
simper11 collected $2 from pot
simper11: doesn't show hand
*** SUMMARY ***
Total pot $2 | Rake $0
Seat 5: simper11 (big blind) collected ($2)
Seat 6: ELSUPREMO999 (button) (small blind) folded before Flop


PokerStars Hand #156362165822:  Hold'em Limit ($3/$6 USD) - 2016/07/23 20:43:05 ET
Table 'Klytia' 10-max Seat #5 is the button
Seat 5: simper11 ($168.76 in chips)
Seat 6: ELSUPREMO999 ($99.91 in chips)
simper11: posts small blind $1
ELSUPREMO999: posts big blind $3
*** HOLE CARDS ***
simper11: raises $3 to $6
ELSUPREMO999: calls $3
*** FLOP *** [Qh 3h Qs]
ELSUPREMO999: checks
simper11: bets $3
ELSUPREMO999: calls $3
*** TURN *** [Qh 3h Qs] [Js]
ELSUPREMO999: checks
simper11: checks
*** RIVER *** [Qh 3h Qs Js] [Ah]
ELSUPREMO999: bets $6
simper11: folds
Uncalled bet ($6) returned to ELSUPREMO999
ELSUPREMO999 collected $17.64 from pot
ELSUPREMO999: doesn't show hand
*** SUMMARY ***
Total pot $18 | Rake $0.36
Board [Qh 3h Qs Js Ah]
Seat 5: simper11 (button) (small blind) folded on the River
Seat 6: ELSUPREMO999 (big blind) collected ($17.64)


PokerStars Hand #156362161173:  Hold'em Limit ($3/$6 USD) - 2016/07/23 20:42:54 ET
Table 'Klytia' 10-max Seat #6 is the button
Seat 5: simper11 ($171.76 in chips)
Seat 6: ELSUPREMO999 ($97.03 in chips)
ELSUPREMO999: posts small blind $1
simper11: posts big blind $3
*** HOLE CARDS ***
ELSUPREMO999: calls $2
simper11: checks
*** FLOP *** [5h 9s Qc]
simper11: checks
ELSUPREMO999: checks
*** TURN *** [5h 9s Qc] [2s]
simper11: checks
ELSUPREMO999: bets $6
simper11: folds
Uncalled bet ($6) returned to ELSUPREMO999
ELSUPREMO999 collected $5.88 from pot
ELSUPREMO999: doesn't show hand
*** SUMMARY ***
Total pot $6 | Rake $0.12
Board [5h 9s Qc 2s]
Seat 5: simper11 (big blind) folded on the Turn
Seat 6: ELSUPREMO999 (button) (small blind) collected ($5.88)


PokerStars Hand #156362155551:  Hold'em Limit ($3/$6 USD) - 2016/07/23 20:42:41 ET
Table 'Klytia' 10-max Seat #5 is the button
Seat 5: simper11 ($142.26 in chips)
Seat 6: ELSUPREMO999 ($127.03 in chips)
simper11: posts small blind $1
ELSUPREMO999: posts big blind $3
*** HOLE CARDS ***
simper11: raises $3 to $6
ELSUPREMO999: raises $3 to $9
simper11: calls $3
*** FLOP *** [7s 6d 4s]
ELSUPREMO999: bets $3
simper11: calls $3
*** TURN *** [7s 6d 4s] [3s]
ELSUPREMO999: bets $6
simper11: raises $6 to $12
ELSUPREMO999: calls $6
*** RIVER *** [7s 6d 4s 3s] [Qd]
ELSUPREMO999: checks
simper11: bets $6
ELSUPREMO999: calls $6
*** SHOW DOWN ***
simper11: shows [9c Qh] (a pair of Queens)
ELSUPREMO999: mucks hand
simper11 collected $59.50 from pot
*** SUMMARY ***
Total pot $60 | Rake $0.50
Board [7s 6d 4s 3s Qd]
Seat 5: simper11 (button) (small blind) showed [9c Qh] and won ($59.50) with a pair of Queens
Seat 6: ELSUPREMO999 (big blind) mucked


PokerStars Hand #156362209296:  Hold'em Limit ($3/$6 USD) - 2016/07/23 20:44:45 ET
Table 'Klytia' 10-max Seat #5 is the button
Seat 5: simper11 ($121 in chips)
Seat 6: ELSUPREMO999 ($165.93 in chips)
simper11: posts small blind $1
ELSUPREMO999: posts big blind $3
*** HOLE CARDS ***
simper11: folds
Uncalled bet ($2) returned to ELSUPREMO999
ELSUPREMO999 collected $2 from pot
ELSUPREMO999: doesn't show hand
*** SUMMARY ***
Total pot $2 | Rake $0
Seat 5: simper11 (button) (small blind) folded before Flop
Seat 6: ELSUPREMO999 (big blind) collected ($2)


PokerStars Hand #156362207463:  Hold'em Limit ($3/$6 USD) - 2016/07/23 20:44:41 ET
Table 'Klytia' 10-max Seat #6 is the button
Seat 5: simper11 ($120 in chips)
Seat 6: ELSUPREMO999 ($166.93 in chips)
ELSUPREMO999: posts small blind $1
simper11: posts big blind $3
*** HOLE CARDS ***
ELSUPREMO999: folds
Uncalled bet ($2) returned to simper11
simper11 collected $2 from pot
simper11: doesn't show hand
*** SUMMARY ***
Total pot $2 | Rake $0
Seat 5: simper11 (big blind) collected ($2)
Seat 6: ELSUPREMO999 (button) (small blind) folded before Flop


PokerStars Hand #156362201390:  Hold'em Limit ($3/$6 USD) - 2016/07/23 20:44:27 ET
Table 'Klytia' 10-max Seat #5 is the button
Seat 5: simper11 ($120.26 in chips)
Seat 6: ELSUPREMO999 ($146.43 in chips)
simper11: posts small blind $1
ELSUPREMO999: posts big blind $3
*** HOLE CARDS ***
simper11: raises $3 to $6
ELSUPREMO999: calls $3
*** FLOP *** [Ts 3s 7h]
ELSUPREMO999: checks
simper11: bets $3
ELSUPREMO999: calls $3
*** TURN *** [Ts 3s 7h] [9c]
ELSUPREMO999: checks
simper11: bets $6
ELSUPREMO999: raises $6 to $12
simper11: calls $6
*** RIVER *** [Ts 3s 7h 9c] [5c]
ELSUPREMO999: bets $6
simper11: folds
Uncalled bet ($6) returned to ELSUPREMO999
ELSUPREMO999 collected $41.50 from pot
ELSUPREMO999: doesn't show hand
*** SUMMARY ***
Total pot $42 | Rake $0.50
Board [Ts 3s 7h 9c 5c]
Seat 5: simper11 (button) (small blind) folded on the River
Seat 6: ELSUPREMO999 (big blind) collected ($41.50)


PokerStars Hand #156362194325:  Hold'em Limit ($3/$6 USD) - 2016/07/23 20:44:10 ET
Table 'Klytia' 10-max Seat #6 is the button
Seat 5: simper11 ($123.26 in chips)
Seat 6: ELSUPREMO999 ($143.55 in chips)
ELSUPREMO999: posts small blind $1
simper11: posts big blind $3
*** HOLE CARDS ***
ELSUPREMO999: calls $2
simper11: checks
*** FLOP *** [Kh 2d 4c]
simper11: checks
ELSUPREMO999: checks
*** TURN *** [Kh 2d 4c] [Td]
simper11: checks
ELSUPREMO999: checks
*** RIVER *** [Kh 2d 4c Td] [6h]
simper11: checks
ELSUPREMO999: checks
*** SHOW DOWN ***
simper11: shows [9d Jh] (high card King)
ELSUPREMO999: shows [Ad 3h] (high card Ace)
ELSUPREMO999 collected $5.88 from pot
*** SUMMARY ***
Total pot $6 | Rake $0.12
Board [Kh 2d 4c Td 6h]
Seat 5: simper11 (big blind) showed [9d Jh] and lost with high card King
Seat 6: ELSUPREMO999 (button) (small blind) showed [Ad 3h] and won ($5.88) with high card Ace


PokerStars Hand #156362188144:  Hold'em Limit ($3/$6 USD) - 2016/07/23 20:43:56 ET
Table 'Klytia' 10-max Seat #5 is the button
Seat 5: simper11 ($150.26 in chips)
Seat 6: ELSUPREMO999 ($117.05 in chips)
simper11: posts small blind $1
ELSUPREMO999: posts big blind $3
*** HOLE CARDS ***
simper11: raises $3 to $6
ELSUPREMO999: calls $3
*** FLOP *** [7h 5s 5h]
ELSUPREMO999: checks
simper11: bets $3
ELSUPREMO999: calls $3
*** TURN *** [7h 5s 5h] [4s]
ELSUPREMO999: checks
simper11: bets $6
ELSUPREMO999: raises $6 to $12
simper11: calls $6
*** RIVER *** [7h 5s 5h 4s] [8c]
ELSUPREMO999: bets $6
simper11: calls $6
*** SHOW DOWN ***
ELSUPREMO999: shows [Kd 5d] (three of a kind, Fives)
simper11: mucks hand
ELSUPREMO999 collected $53.50 from pot
*** SUMMARY ***
Total pot $54 | Rake $0.50
Board [7h 5s 5h 4s 8c]
Seat 5: simper11 (button) (small blind) mucked
Seat 6: ELSUPREMO999 (big blind) showed [Kd 5d] and won ($53.50) with three of a kind, Fives


PokerStars Hand #156362186244:  Hold'em Limit ($3/$6 USD) - 2016/07/23 20:43:52 ET
Table 'Klytia' 10-max Seat #6 is the button
Seat 5: simper11 ($149.26 in chips)
Seat 6: ELSUPREMO999 ($118.05 in chips)
ELSUPREMO999: posts small blind $1
simper11: posts big blind $3
*** HOLE CARDS ***
ELSUPREMO999: folds
Uncalled bet ($2) returned to simper11
simper11 collected $2 from pot
simper11: doesn't show hand
*** SUMMARY ***
Total pot $2 | Rake $0
Seat 5: simper11 (big blind) collected ($2)
Seat 6: ELSUPREMO999 (button) (small blind) folded before Flop


PokerStars Hand #156362232308:  Hold'em Limit ($3/$6 USD) - 2016/07/23 20:45:39 ET
Table 'Klytia' 10-max Seat #6 is the button
Seat 5: simper11 ($162.02 in chips)
Seat 6: ELSUPREMO999 ($123.93 in chips)
ELSUPREMO999: posts small blind $1
simper11: posts big blind $3
*** HOLE CARDS ***
ELSUPREMO999: calls $2
simper11: checks
*** FLOP *** [9c 5s 3c]
simper11: checks
ELSUPREMO999: bets $3
simper11: calls $3
*** TURN *** [9c 5s 3c] [Jc]
simper11: checks
ELSUPREMO999: bets $6
simper11: folds
Uncalled bet ($6) returned to ELSUPREMO999
ELSUPREMO999 collected $11.76 from pot
ELSUPREMO999: doesn't show hand
*** SUMMARY ***
Total pot $12 | Rake $0.24
Board [9c 5s 3c Jc]
Seat 5: simper11 (big blind) folded on the Turn
Seat 6: ELSUPREMO999 (button) (small blind) collected ($11.76)


PokerStars Hand #156362225536:  Hold'em Limit ($3/$6 USD) - 2016/07/23 20:45:23 ET
Table 'Klytia' 10-max Seat #5 is the button
Seat 5: simper11 ($132.52 in chips)
Seat 6: ELSUPREMO999 ($153.93 in chips)
simper11: posts small blind $1
ELSUPREMO999: posts big blind $3
*** HOLE CARDS ***
simper11: raises $3 to $6
ELSUPREMO999: raises $3 to $9
simper11: calls $3
*** FLOP *** [4c 2d 5c]
ELSUPREMO999: bets $3
simper11: calls $3
*** TURN *** [4c 2d 5c] [Th]
ELSUPREMO999: bets $6
simper11: calls $6
*** RIVER *** [4c 2d 5c Th] [Kc]
ELSUPREMO999: bets $6
simper11: raises $6 to $12
ELSUPREMO999: calls $6
*** SHOW DOWN ***
simper11: shows [6h Kh] (a pair of Kings)
ELSUPREMO999: mucks hand
simper11 collected $59.50 from pot
*** SUMMARY ***
Total pot $60 | Rake $0.50
Board [4c 2d 5c Th Kc]
Seat 5: simper11 (button) (small blind) showed [6h Kh] and won ($59.50) with a pair of Kings
Seat 6: ELSUPREMO999 (big blind) mucked


PokerStars Hand #156362223735:  Hold'em Limit ($3/$6 USD) - 2016/07/23 20:45:19 ET
Table 'Klytia' 10-max Seat #6 is the button
Seat 5: simper11 ($131.52 in chips)
Seat 6: ELSUPREMO999 ($154.93 in chips)
ELSUPREMO999: posts small blind $1
simper11: posts big blind $3
*** HOLE CARDS ***
ELSUPREMO999: folds
Uncalled bet ($2) returned to simper11
simper11 collected $2 from pot
simper11: doesn't show hand
*** SUMMARY ***
Total pot $2 | Rake $0
Seat 5: simper11 (big blind) collected ($2)
Seat 6: ELSUPREMO999 (button) (small blind) folded before Flop


PokerStars Hand #156362219455:  Hold'em Limit ($3/$6 USD) - 2016/07/23 20:45:09 ET
Table 'Klytia' 10-max Seat #5 is the button
Seat 5: simper11 ($125.76 in chips)
Seat 6: ELSUPREMO999 ($160.93 in chips)
simper11: posts small blind $1
ELSUPREMO999: posts big blind $3
*** HOLE CARDS ***
simper11: raises $3 to $6
ELSUPREMO999: calls $3
*** FLOP *** [9d 9h 8s]
ELSUPREMO999: checks
simper11: bets $3
ELSUPREMO999: folds
Uncalled bet ($3) returned to simper11
simper11 collected $11.76 from pot
simper11: doesn't show hand
*** SUMMARY ***
Total pot $12 | Rake $0.24
Board [9d 9h 8s]
Seat 5: simper11 (button) (small blind) collected ($11.76)
Seat 6: ELSUPREMO999 (big blind) folded on the Flop


PokerStars Hand #156362217523:  Hold'em Limit ($3/$6 USD) - 2016/07/23 20:45:04 ET
Table 'Klytia' 10-max Seat #6 is the button
Seat 5: simper11 ($124.76 in chips)
Seat 6: ELSUPREMO999 ($161.93 in chips)
ELSUPREMO999: posts small blind $1
simper11: posts big blind $3
*** HOLE CARDS ***
ELSUPREMO999: folds
Uncalled bet ($2) returned to simper11
simper11 collected $2 from pot
simper11: doesn't show hand
*** SUMMARY ***
Total pot $2 | Rake $0
Seat 5: simper11 (big blind) collected ($2)
Seat 6: ELSUPREMO999 (button) (small blind) folded before Flop


PokerStars Hand #156362215602:  Hold'em Limit ($3/$6 USD) - 2016/07/23 20:45:00 ET
Table 'Klytia' 10-max Seat #5 is the button
Seat 5: simper11 ($125.76 in chips)
Seat 6: ELSUPREMO999 ($160.93 in chips)
simper11: posts small blind $1
ELSUPREMO999: posts big blind $3
*** HOLE CARDS ***
simper11: folds
Uncalled bet ($2) returned to ELSUPREMO999
ELSUPREMO999 collected $2 from pot
ELSUPREMO999: doesn't show hand
*** SUMMARY ***
Total pot $2 | Rake $0
Seat 5: simper11 (button) (small blind) folded before Flop
Seat 6: ELSUPREMO999 (big blind) collected ($2)


PokerStars Hand #156362211221:  Hold'em Limit ($3/$6 USD) - 2016/07/23 20:44:50 ET
Table 'Klytia' 10-max Seat #6 is the button
Seat 5: simper11 ($120 in chips)
Seat 6: ELSUPREMO999 ($166.93 in chips)
ELSUPREMO999: posts small blind $1
simper11: posts big blind $3
*** HOLE CARDS ***
ELSUPREMO999: calls $2
simper11: checks
*** FLOP *** [8s Js 7c]
simper11: bets $3
ELSUPREMO999: calls $3
*** TURN *** [8s Js 7c] [Kh]
simper11: bets $6
ELSUPREMO999: folds
Uncalled bet ($6) returned to simper11
simper11 collected $11.76 from pot
simper11: doesn't show hand
*** SUMMARY ***
Total pot $12 | Rake $0.24
Board [8s Js 7c Kh]
Seat 5: simper11 (big blind) collected ($11.76)
Seat 6: ELSUPREMO999 (button) (small blind) folded on the Turn


PokerStars Hand #156362256269:  Hold'em Limit ($3/$6 USD) - 2016/07/23 20:46:34 ET
Table 'Klytia' 10-max Seat #5 is the button
Seat 5: simper11 ($140.02 in chips)
Seat 6: ELSUPREMO999 ($145.09 in chips)
simper11: posts small blind $1
ELSUPREMO999: posts big blind $3
*** HOLE CARDS ***
simper11: folds
Uncalled bet ($2) returned to ELSUPREMO999
ELSUPREMO999 collected $2 from pot
ELSUPREMO999: doesn't show hand
*** SUMMARY ***
Total pot $2 | Rake $0
Seat 5: simper11 (button) (small blind) folded before Flop
Seat 6: ELSUPREMO999 (big blind) collected ($2)


PokerStars Hand #156362249725:  Hold'em Limit ($3/$6 USD) - 2016/07/23 20:46:19 ET
Table 'Klytia' 10-max Seat #6 is the button
Seat 5: simper11 ($143.02 in chips)
Seat 6: ELSUPREMO999 ($142.21 in chips)
ELSUPREMO999: posts small blind $1
simper11: posts big blind $3
*** HOLE CARDS ***
ELSUPREMO999: calls $2
simper11: checks
*** FLOP *** [Td Jc Qs]
simper11: checks
ELSUPREMO999: checks
*** TURN *** [Td Jc Qs] [Qd]
simper11: checks
ELSUPREMO999: checks
*** RIVER *** [Td Jc Qs Qd] [5h]
simper11: checks
ELSUPREMO999: bets $6
simper11: folds
Uncalled bet ($6) returned to ELSUPREMO999
ELSUPREMO999 collected $5.88 from pot
ELSUPREMO999: doesn't show hand
*** SUMMARY ***
Total pot $6 | Rake $0.12
Board [Td Jc Qs Qd 5h]
Seat 5: simper11 (big blind) folded on the River
Seat 6: ELSUPREMO999 (button) (small blind) collected ($5.88)


PokerStars Hand #156362247549:  Hold'em Limit ($3/$6 USD) - 2016/07/23 20:46:14 ET
Table 'Klytia' 10-max Seat #5 is the button
Seat 5: simper11 ($144.02 in chips)
Seat 6: ELSUPREMO999 ($141.21 in chips)
simper11: posts small blind $1
ELSUPREMO999: posts big blind $3
*** HOLE CARDS ***
simper11: folds
Uncalled bet ($2) returned to ELSUPREMO999
ELSUPREMO999 collected $2 from pot
ELSUPREMO999: doesn't show hand
*** SUMMARY ***
Total pot $2 | Rake $0
Seat 5: simper11 (button) (small blind) folded before Flop
Seat 6: ELSUPREMO999 (big blind) collected ($2)


PokerStars Hand #156362242190:  Hold'em Limit ($3/$6 USD) - 2016/07/23 20:46:02 ET
Table 'Klytia' 10-max Seat #6 is the button
Seat 5: simper11 ($147.02 in chips)
Seat 6: ELSUPREMO999 ($138.33 in chips)
ELSUPREMO999: posts small blind $1
simper11: posts big blind $3
*** HOLE CARDS ***
ELSUPREMO999: calls $2
simper11: checks
*** FLOP *** [4s Td Th]
simper11: checks
ELSUPREMO999: checks
*** TURN *** [4s Td Th] [5s]
simper11: checks
ELSUPREMO999: checks
*** RIVER *** [4s Td Th 5s] [2s]
simper11: checks
ELSUPREMO999: bets $6
simper11: folds
Uncalled bet ($6) returned to ELSUPREMO999
ELSUPREMO999 collected $5.88 from pot
ELSUPREMO999: doesn't show hand
*** SUMMARY ***
Total pot $6 | Rake $0.12
Board [4s Td Th 5s 2s]
Seat 5: simper11 (big blind) folded on the River
Seat 6: ELSUPREMO999 (button) (small blind) collected ($5.88)


PokerStars Hand #156362237081:  Hold'em Limit ($3/$6 USD) - 2016/07/23 20:45:50 ET
Table 'Klytia' 10-max Seat #5 is the button
Seat 5: simper11 ($156.02 in chips)
Seat 6: ELSUPREMO999 ($129.69 in chips)
simper11: posts small blind $1
ELSUPREMO999: posts big blind $3
*** HOLE CARDS ***
simper11: raises $3 to $6
ELSUPREMO999: calls $3
*** FLOP *** [Js 2s 6c]
ELSUPREMO999: checks
simper11: bets $3
ELSUPREMO999: calls $3
*** TURN *** [Js 2s 6c] [7c]
ELSUPREMO999: checks
simper11: checks
*** RIVER *** [Js 2s 6c 7c] [7h]
ELSUPREMO999: bets $6
simper11: folds
Uncalled bet ($6) returned to ELSUPREMO999
ELSUPREMO999 collected $17.64 from pot
ELSUPREMO999: doesn't show hand
*** SUMMARY ***
Total pot $18 | Rake $0.36
Board [Js 2s 6c 7c 7h]
Seat 5: simper11 (button) (small blind) folded on the River
Seat 6: ELSUPREMO999 (big blind) collected ($17.64)


PokerStars Hand #156362281587:  Hold'em Limit ($3/$6 USD) - 2016/07/23 20:47:33 ET
Table 'Klytia' 10-max Seat #5 is the button
Seat 5: simper11 ($120 in chips)
Seat 6: ELSUPREMO999 ($196.73 in chips)
simper11: posts small blind $1
ELSUPREMO999: posts big blind $3
*** HOLE CARDS ***
simper11: raises $3 to $6
ELSUPREMO999: calls $3
*** FLOP *** [Jd 2s Kc]
ELSUPREMO999: checks
simper11: checks
*** TURN *** [Jd 2s Kc] [6s]
ELSUPREMO999: checks
simper11: checks
*** RIVER *** [Jd 2s Kc 6s] [2c]
ELSUPREMO999: bets $6
simper11: folds
Uncalled bet ($6) returned to ELSUPREMO999
ELSUPREMO999 collected $11.76 from pot
ELSUPREMO999: doesn't show hand
*** SUMMARY ***
Total pot $12 | Rake $0.24
Board [Jd 2s Kc 6s 2c]
Seat 5: simper11 (button) (small blind) folded on the River
Seat 6: ELSUPREMO999 (big blind) collected ($11.76)


PokerStars Hand #156362277244:  Hold'em Limit ($3/$6 USD) - 2016/07/23 20:47:24 ET
Table 'Klytia' 10-max Seat #6 is the button
Seat 5: simper11 ($120 in chips)
Seat 6: ELSUPREMO999 ($193.85 in chips)
ELSUPREMO999: posts small blind $1
simper11: posts big blind $3
*** HOLE CARDS ***
ELSUPREMO999: calls $2
simper11: checks
*** FLOP *** [3c 8d 7h]
simper11: checks
ELSUPREMO999: checks
*** TURN *** [3c 8d 7h] [3d]
simper11: checks
ELSUPREMO999: checks
*** RIVER *** [3c 8d 7h 3d] [7s]
simper11: checks
ELSUPREMO999: checks
*** SHOW DOWN ***
simper11: shows [5c 4h] (two pair, Sevens and Threes)
ELSUPREMO999: shows [Jh Ts] (two pair, Sevens and Threes - Jack kicker)
ELSUPREMO999 collected $5.88 from pot
*** SUMMARY ***
Total pot $6 | Rake $0.12
Board [3c 8d 7h 3d 7s]
Seat 5: simper11 (big blind) showed [5c 4h] and lost with two pair, Sevens and Threes
Seat 6: ELSUPREMO999 (button) (small blind) showed [Jh Ts] and won ($5.88) with two pair, Sevens and Threes


PokerStars Hand #156362275328:  Hold'em Limit ($3/$6 USD) - 2016/07/23 20:47:19 ET
Table 'Klytia' 10-max Seat #5 is the button
Seat 5: simper11 ($120 in chips)
Seat 6: ELSUPREMO999 ($192.85 in chips)
simper11: posts small blind $1
ELSUPREMO999: posts big blind $3
*** HOLE CARDS ***
simper11: folds
Uncalled bet ($2) returned to ELSUPREMO999
ELSUPREMO999 collected $2 from pot
ELSUPREMO999: doesn't show hand
*** SUMMARY ***
Total pot $2 | Rake $0
Seat 5: simper11 (button) (small blind) folded before Flop
Seat 6: ELSUPREMO999 (big blind) collected ($2)


PokerStars Hand #156362270490:  Hold'em Limit ($3/$6 USD) - 2016/07/23 20:47:08 ET
Table 'Klytia' 10-max Seat #6 is the button
Seat 5: simper11 ($120 in chips)
Seat 6: ELSUPREMO999 ($187.09 in chips)
ELSUPREMO999: posts small blind $1
simper11: posts big blind $3
*** HOLE CARDS ***
ELSUPREMO999: raises $3 to $6
simper11: calls $3
*** FLOP *** [2d 6s Ts]
simper11: checks
ELSUPREMO999: checks
*** TURN *** [2d 6s Ts] [3h]
simper11: checks
ELSUPREMO999: checks
*** RIVER *** [2d 6s Ts 3h] [Kc]
simper11: checks
ELSUPREMO999: bets $6
simper11: folds
Uncalled bet ($6) returned to ELSUPREMO999
ELSUPREMO999 collected $11.76 from pot
ELSUPREMO999: doesn't show hand
*** SUMMARY ***
Total pot $12 | Rake $0.24
Board [2d 6s Ts 3h Kc]
Seat 5: simper11 (big blind) folded on the River
Seat 6: ELSUPREMO999 (button) (small blind) collected ($11.76)


PokerStars Hand #156362264297:  Hold'em Limit ($3/$6 USD) - 2016/07/23 20:46:53 ET
Table 'Klytia' 10-max Seat #5 is the button
Seat 5: simper11 ($120 in chips)
Seat 6: ELSUPREMO999 ($166.59 in chips)
simper11: posts small blind $1
ELSUPREMO999: posts big blind $3
*** HOLE CARDS ***
simper11: raises $3 to $6
ELSUPREMO999: calls $3
*** FLOP *** [3d 3h 5c]
ELSUPREMO999: checks
simper11: bets $3
ELSUPREMO999: calls $3
*** TURN *** [3d 3h 5c] [6h]
ELSUPREMO999: checks
simper11: bets $6
ELSUPREMO999: raises $6 to $12
simper11: calls $6
*** RIVER *** [3d 3h 5c 6h] [2d]
ELSUPREMO999: bets $6
simper11: folds
Uncalled bet ($6) returned to ELSUPREMO999
ELSUPREMO999 collected $41.50 from pot
ELSUPREMO999: doesn't show hand
*** SUMMARY ***
Total pot $42 | Rake $0.50
Board [3d 3h 5c 6h 2d]
Seat 5: simper11 (button) (small blind) folded on the River
Seat 6: ELSUPREMO999 (big blind) collected ($41.50)


PokerStars Hand #156362258230:  Hold'em Limit ($3/$6 USD) - 2016/07/23 20:46:39 ET
Table 'Klytia' 10-max Seat #6 is the button
Seat 5: simper11 ($139.02 in chips)
Seat 6: ELSUPREMO999 ($146.09 in chips)
ELSUPREMO999: posts small blind $1
simper11: posts big blind $3
*** HOLE CARDS ***
ELSUPREMO999: raises $3 to $6
simper11: calls $3
*** FLOP *** [Tc 7h 5h]
simper11: checks
ELSUPREMO999: bets $3
simper11: calls $3
*** TURN *** [Tc 7h 5h] [9d]
simper11: checks
ELSUPREMO999: bets $6
simper11: calls $6
*** RIVER *** [Tc 7h 5h 9d] [3c]
simper11: checks
ELSUPREMO999: bets $6
simper11: calls $6
*** SHOW DOWN ***
ELSUPREMO999: shows [Js Jd] (a pair of Jacks)
simper11: mucks hand
ELSUPREMO999 collected $41.50 from pot
*** SUMMARY ***
Total pot $42 | Rake $0.50
Board [Tc 7h 5h 9d 3c]
Seat 5: simper11 (big blind) mucked
Seat 6: ELSUPREMO999 (button) (small blind) showed [Js Jd] and won ($41.50) with a pair of Jacks


PokerStars Hand #156362309380:  Hold'em Limit ($3/$6 USD) - 2016/07/23 20:48:34 ET
Table 'Klytia' 10-max Seat #6 is the button
Seat 5: simper11 ($122.63 in chips)
Seat 6: ELSUPREMO999 ($225.74 in chips)
ELSUPREMO999: posts small blind $1
simper11: posts big blind $3
*** HOLE CARDS ***
ELSUPREMO999: calls $2
simper11: checks
*** FLOP *** [9s 4s Qc]
simper11: checks
ELSUPREMO999: checks
*** TURN *** [9s 4s Qc] [3h]
simper11: checks
ELSUPREMO999: checks
*** RIVER *** [9s 4s Qc 3h] [Qd]
simper11: checks
ELSUPREMO999: bets $6
simper11: folds
Uncalled bet ($6) returned to ELSUPREMO999
ELSUPREMO999 collected $5.88 from pot
ELSUPREMO999: doesn't show hand
*** SUMMARY ***
Total pot $6 | Rake $0.12
Board [9s 4s Qc 3h Qd]
Seat 5: simper11 (big blind) folded on the River
Seat 6: ELSUPREMO999 (button) (small blind) collected ($5.88)


PokerStars Hand #156362304155:  Hold'em Limit ($3/$6 USD) - 2016/07/23 20:48:22 ET
Table 'Klytia' 10-max Seat #5 is the button
Seat 5: simper11 ($122.88 in chips)
Seat 6: ELSUPREMO999 ($225.99 in chips)
simper11: posts small blind $1
ELSUPREMO999: posts big blind $3
*** HOLE CARDS ***
simper11: raises $3 to $6
ELSUPREMO999: calls $3
*** FLOP *** [9c 2s 2h]
ELSUPREMO999: checks
simper11: bets $3
ELSUPREMO999: calls $3
*** TURN *** [9c 2s 2h] [2d]
ELSUPREMO999: checks
simper11: bets $6
ELSUPREMO999: calls $6
*** RIVER *** [9c 2s 2h 2d] [5d]
ELSUPREMO999: checks
simper11: bets $6
ELSUPREMO999: calls $6
*** SHOW DOWN ***
simper11: shows [Ad 7d] (three of a kind, Deuces)
ELSUPREMO999: shows [3c Ah] (three of a kind, Deuces)
ELSUPREMO999 collected $20.75 from pot
simper11 collected $20.75 from pot
*** SUMMARY ***
Total pot $42 | Rake $0.50
Board [9c 2s 2h 2d 5d]
Seat 5: simper11 (button) (small blind) showed [Ad 7d] and won ($20.75) with three of a kind, Deuces
Seat 6: ELSUPREMO999 (big blind) showed [3c Ah] and won ($20.75) with three of a kind, Deuces


PokerStars Hand #156362299016:  Hold'em Limit ($3/$6 USD) - 2016/07/23 20:48:10 ET
Table 'Klytia' 10-max Seat #6 is the button
Seat 5: simper11 ($120 in chips)
Seat 6: ELSUPREMO999 ($228.99 in chips)
ELSUPREMO999: posts small blind $1
simper11: posts big blind $3
*** HOLE CARDS ***
ELSUPREMO999: calls $2
simper11: checks
*** FLOP *** [3s 3d 9h]
simper11: checks
ELSUPREMO999: checks
*** TURN *** [3s 3d 9h] [7h]
simper11: bets $6
ELSUPREMO999: folds
Uncalled bet ($6) returned to simper11
simper11 collected $5.88 from pot
simper11: doesn't show hand
*** SUMMARY ***
Total pot $6 | Rake $0.12
Board [3s 3d 9h 7h]
Seat 5: simper11 (big blind) collected ($5.88)
Seat 6: ELSUPREMO999 (button) (small blind) folded on the Turn


PokerStars Hand #156362292510:  Hold'em Limit ($3/$6 USD) - 2016/07/23 20:47:55 ET
Table 'Klytia' 10-max Seat #5 is the button
Seat 5: simper11 ($122.88 in chips)
Seat 6: ELSUPREMO999 ($199.49 in chips)
simper11: posts small blind $1
ELSUPREMO999: posts big blind $3
*** HOLE CARDS ***
simper11: raises $3 to $6
ELSUPREMO999: raises $3 to $9
simper11: calls $3
*** FLOP *** [Ks 7h 6d]
ELSUPREMO999: bets $3
simper11: calls $3
*** TURN *** [Ks 7h 6d] [Qd]
ELSUPREMO999: checks
simper11: bets $6
ELSUPREMO999: raises $6 to $12
simper11: calls $6
*** RIVER *** [Ks 7h 6d Qd] [5c]
ELSUPREMO999: bets $6
simper11: calls $6
*** SHOW DOWN ***
ELSUPREMO999: shows [Qs Kd] (two pair, Kings and Queens)
simper11: mucks hand
ELSUPREMO999 collected $59.50 from pot
*** SUMMARY ***
Total pot $60 | Rake $0.50
Board [Ks 7h 6d Qd 5c]
Seat 5: simper11 (button) (small blind) mucked
Seat 6: ELSUPREMO999 (big blind) showed [Qs Kd] and won ($59.50) with two pair, Kings and Queens


PokerStars Hand #156362286372:  Hold'em Limit ($3/$6 USD) - 2016/07/23 20:47:45 ET
Table 'Klytia' 10-max Seat #6 is the button
Seat 5: simper11 ($120 in chips)
Seat 6: ELSUPREMO999 ($202.49 in chips)
ELSUPREMO999: posts small blind $1
simper11: posts big blind $3
*** HOLE CARDS ***
ELSUPREMO999: calls $2
simper11: checks
*** FLOP *** [Qd 5h Jc]
simper11: checks
ELSUPREMO999: checks
*** TURN *** [Qd 5h Jc] [Tc]
simper11: bets $6
ELSUPREMO999: folds
Uncalled bet ($6) returned to simper11
simper11 collected $5.88 from pot
simper11: doesn't show hand
*** SUMMARY ***
Total pot $6 | Rake $0.12
Board [Qd 5h Jc Tc]
Seat 5: simper11 (big blind) collected ($5.88)
Seat 6: ELSUPREMO999 (button) (small blind) folded on the Turn


PokerStars Hand #156362337748:  Hold'em Limit ($3/$6 USD) - 2016/07/23 20:49:41 ET
Table 'Klytia' 10-max Seat #6 is the button
Seat 5: simper11 ($159.02 in chips)
Seat 6: ELSUPREMO999 ($188.38 in chips)
ELSUPREMO999: posts small blind $1
simper11: posts big blind $3
*** HOLE CARDS ***
ELSUPREMO999: calls $2
simper11: checks
*** FLOP *** [7d 4s 9h]
simper11: checks
ELSUPREMO999: checks
*** TURN *** [7d 4s 9h] [Td]
simper11: checks
ELSUPREMO999: checks
*** RIVER *** [7d 4s 9h Td] [Ad]
simper11: checks
ELSUPREMO999: checks
*** SHOW DOWN ***
simper11: shows [5c Ks] (high card Ace)
ELSUPREMO999: mucks hand
simper11 collected $5.88 from pot
*** SUMMARY ***
Total pot $6 | Rake $0.12
Board [7d 4s 9h Td Ad]
Seat 5: simper11 (big blind) showed [5c Ks] and won ($5.88) with high card Ace
Seat 6: ELSUPREMO999 (button) (small blind) mucked


PokerStars Hand #156362332274:  Hold'em Limit ($3/$6 USD) - 2016/07/23 20:49:28 ET
Table 'Klytia' 10-max Seat #5 is the button
Seat 5: simper11 ($126.52 in chips)
Seat 6: ELSUPREMO999 ($221.38 in chips)
simper11: posts small blind $1
ELSUPREMO999: posts big blind $3
*** HOLE CARDS ***
simper11: raises $3 to $6
ELSUPREMO999: calls $3
*** FLOP *** [5s 3d 8s]
ELSUPREMO999: checks
simper11: bets $3
ELSUPREMO999: calls $3
*** TURN *** [5s 3d 8s] [7d]
ELSUPREMO999: checks
simper11: bets $6
ELSUPREMO999: calls $6
*** RIVER *** [5s 3d 8s 7d] [5h]
ELSUPREMO999: checks
simper11: bets $6
ELSUPREMO999: raises $6 to $12
simper11: raises $6 to $18
ELSUPREMO999: calls $6
*** SHOW DOWN ***
simper11: shows [3c 3h] (a full house, Threes full of Fives)
ELSUPREMO999: mucks hand
simper11 collected $65.50 from pot
*** SUMMARY ***
Total pot $66 | Rake $0.50
Board [5s 3d 8s 7d 5h]
Seat 5: simper11 (button) (small blind) showed [3c 3h] and won ($65.50) with a full house, Threes full of Fives
Seat 6: ELSUPREMO999 (big blind) mucked


PokerStars Hand #156362328230:  Hold'em Limit ($3/$6 USD) - 2016/07/23 20:49:19 ET
Table 'Klytia' 10-max Seat #6 is the button
Seat 5: simper11 ($132.52 in chips)
Seat 6: ELSUPREMO999 ($215.62 in chips)
ELSUPREMO999: posts small blind $1
simper11: posts big blind $3
*** HOLE CARDS ***
ELSUPREMO999: raises $3 to $6
simper11: calls $3
*** FLOP *** [2d 3h As]
simper11: checks
ELSUPREMO999: bets $3
simper11: folds
Uncalled bet ($3) returned to ELSUPREMO999
ELSUPREMO999 collected $11.76 from pot
ELSUPREMO999: doesn't show hand
*** SUMMARY ***
Total pot $12 | Rake $0.24
Board [2d 3h As]
Seat 5: simper11 (big blind) folded on the Flop
Seat 6: ELSUPREMO999 (button) (small blind) collected ($11.76)


PokerStars Hand #156362325746:  Hold'em Limit ($3/$6 USD) - 2016/07/23 20:49:13 ET
Table 'Klytia' 10-max Seat #5 is the button
Seat 5: simper11 ($133.52 in chips)
Seat 6: ELSUPREMO999 ($214.62 in chips)
simper11: posts small blind $1
ELSUPREMO999: posts big blind $3
*** HOLE CARDS ***
simper11: folds
Uncalled bet ($2) returned to ELSUPREMO999
ELSUPREMO999 collected $2 from pot
ELSUPREMO999: doesn't show hand
*** SUMMARY ***
Total pot $2 | Rake $0
Seat 5: simper11 (button) (small blind) folded before Flop
Seat 6: ELSUPREMO999 (big blind) collected ($2)


PokerStars Hand #156362323882:  Hold'em Limit ($3/$6 USD) - 2016/07/23 20:49:08 ET
Table 'Klytia' 10-max Seat #6 is the button
Seat 5: simper11 ($132.52 in chips)
Seat 6: ELSUPREMO999 ($215.62 in chips)
ELSUPREMO999: posts small blind $1
simper11: posts big blind $3
*** HOLE CARDS ***
ELSUPREMO999: folds
Uncalled bet ($2) returned to simper11
simper11 collected $2 from pot
simper11: doesn't show hand
*** SUMMARY ***
Total pot $2 | Rake $0
Seat 5: simper11 (big blind) collected ($2)
Seat 6: ELSUPREMO999 (button) (small blind) folded before Flop


PokerStars Hand #156362320408:  Hold'em Limit ($3/$6 USD) - 2016/07/23 20:49:00 ET
Table 'Klytia' 10-max Seat #5 is the button
Seat 5: simper11 ($126.76 in chips)
Seat 6: ELSUPREMO999 ($221.62 in chips)
simper11: posts small blind $1
ELSUPREMO999: posts big blind $3
*** HOLE CARDS ***
simper11: raises $3 to $6
ELSUPREMO999: calls $3
*** FLOP *** [8c 4h Kc]
ELSUPREMO999: checks
simper11: bets $3
ELSUPREMO999: folds
Uncalled bet ($3) returned to simper11
simper11 collected $11.76 from pot
simper11: doesn't show hand
*** SUMMARY ***
Total pot $12 | Rake $0.24
Board [8c 4h Kc]
Seat 5: simper11 (button) (small blind) collected ($11.76)
Seat 6: ELSUPREMO999 (big blind) folded on the Flop


PokerStars Hand #156362318501:  Hold'em Limit ($3/$6 USD) - 2016/07/23 20:48:56 ET
Table 'Klytia' 10-max Seat #6 is the button
Seat 5: simper11 ($125.76 in chips)
Seat 6: ELSUPREMO999 ($222.62 in chips)
ELSUPREMO999: posts small blind $1
simper11: posts big blind $3
*** HOLE CARDS ***
ELSUPREMO999: folds
Uncalled bet ($2) returned to simper11
simper11 collected $2 from pot
simper11: doesn't show hand
*** SUMMARY ***
Total pot $2 | Rake $0
Seat 5: simper11 (big blind) collected ($2)
Seat 6: ELSUPREMO999 (button) (small blind) folded before Flop


PokerStars Hand #156362315204:  Hold'em Limit ($3/$6 USD) - 2016/07/23 20:48:48 ET
Table 'Klytia' 10-max Seat #5 is the button
Seat 5: simper11 ($120 in chips)
Seat 6: ELSUPREMO999 ($228.62 in chips)
simper11: posts small blind $1
ELSUPREMO999: posts big blind $3
*** HOLE CARDS ***
simper11: raises $3 to $6
ELSUPREMO999: calls $3
*** FLOP *** [Kd Ts 4c]
ELSUPREMO999: checks
simper11: bets $3
ELSUPREMO999: folds
Uncalled bet ($3) returned to simper11
simper11 collected $11.76 from pot
simper11: doesn't show hand
*** SUMMARY ***
Total pot $12 | Rake $0.24
Board [Kd Ts 4c]
Seat 5: simper11 (button) (small blind) collected ($11.76)
Seat 6: ELSUPREMO999 (big blind) folded on the Flop


PokerStars Hand #156362361185:  Hold'em Limit ($3/$6 USD) - 2016/07/23 20:50:37 ET
Table 'Klytia' 10-max Seat #6 is the button
Seat 5: simper11 ($186.80 in chips)
Seat 6: ELSUPREMO999 ($159.14 in chips)
ELSUPREMO999: posts small blind $1
simper11: posts big blind $3
*** HOLE CARDS ***
ELSUPREMO999: raises $3 to $6
simper11: raises $3 to $9
ELSUPREMO999: calls $3
*** FLOP *** [6s Th 9c]
simper11: bets $3
ELSUPREMO999: calls $3
*** TURN *** [6s Th 9c] [4h]
simper11: bets $6
ELSUPREMO999: calls $6
*** RIVER *** [6s Th 9c 4h] [9h]
simper11: bets $6
ELSUPREMO999: raises $6 to $12
simper11: calls $6
*** SHOW DOWN ***
ELSUPREMO999: shows [2h Ah] (a flush, Ace high)
simper11: mucks hand
ELSUPREMO999 collected $59.50 from pot
*** SUMMARY ***
Total pot $60 | Rake $0.50
Board [6s Th 9c 4h 9h]
Seat 5: simper11 (big blind) mucked
Seat 6: ELSUPREMO999 (button) (small blind) showed [2h Ah] and won ($59.50) with a flush, Ace high


PokerStars Hand #156362359386:  Hold'em Limit ($3/$6 USD) - 2016/07/23 20:50:32 ET
Table 'Klytia' 10-max Seat #5 is the button
Seat 5: simper11 ($187.80 in chips)
Seat 6: ELSUPREMO999 ($158.14 in chips)
simper11: posts small blind $1
ELSUPREMO999: posts big blind $3
*** HOLE CARDS ***
simper11: folds
Uncalled bet ($2) returned to ELSUPREMO999
ELSUPREMO999 collected $2 from pot
ELSUPREMO999: doesn't show hand
*** SUMMARY ***
Total pot $2 | Rake $0
Seat 5: simper11 (button) (small blind) folded before Flop
Seat 6: ELSUPREMO999 (big blind) collected ($2)


PokerStars Hand #156362355320:  Hold'em Limit ($3/$6 USD) - 2016/07/23 20:50:23 ET
Table 'Klytia' 10-max Seat #6 is the button
Seat 5: simper11 ($182.04 in chips)
Seat 6: ELSUPREMO999 ($164.14 in chips)
ELSUPREMO999: posts small blind $1
simper11: posts big blind $3
*** HOLE CARDS ***
ELSUPREMO999: calls $2
simper11: checks
*** FLOP *** [Qc Ad 9h]
simper11: checks
ELSUPREMO999: bets $3
simper11: raises $3 to $6
ELSUPREMO999: folds
Uncalled bet ($3) returned to simper11
simper11 collected $11.76 from pot
simper11: doesn't show hand
*** SUMMARY ***
Total pot $12 | Rake $0.24
Board [Qc Ad 9h]
Seat 5: simper11 (big blind) collected ($11.76)
Seat 6: ELSUPREMO999 (button) (small blind) folded on the Flop


PokerStars Hand #156362351700:  Hold'em Limit ($3/$6 USD) - 2016/07/23 20:50:14 ET
Table 'Klytia' 10-max Seat #5 is the button
Seat 5: simper11 ($173.40 in chips)
Seat 6: ELSUPREMO999 ($173.14 in chips)
simper11: posts small blind $1
ELSUPREMO999: posts big blind $3
*** HOLE CARDS ***
simper11: raises $3 to $6
ELSUPREMO999: calls $3
*** FLOP *** [9s Ks 4c]
ELSUPREMO999: checks
simper11: bets $3
ELSUPREMO999: calls $3
*** TURN *** [9s Ks 4c] [Th]
ELSUPREMO999: checks
simper11: bets $6
ELSUPREMO999: folds
Uncalled bet ($6) returned to simper11
simper11 collected $17.64 from pot
simper11: doesn't show hand
*** SUMMARY ***
Total pot $18 | Rake $0.36
Board [9s Ks 4c Th]
Seat 5: simper11 (button) (small blind) collected ($17.64)
Seat 6: ELSUPREMO999 (big blind) folded on the Turn


PokerStars Hand #156362348460:  Hold'em Limit ($3/$6 USD) - 2016/07/23 20:50:06 ET
Table 'Klytia' 10-max Seat #6 is the button
Seat 5: simper11 ($179.40 in chips)
Seat 6: ELSUPREMO999 ($167.38 in chips)
ELSUPREMO999: posts small blind $1
simper11: posts big blind $3
*** HOLE CARDS ***
ELSUPREMO999: raises $3 to $6
simper11: calls $3
*** FLOP *** [Qc Ad Th]
simper11: checks
ELSUPREMO999: bets $3
simper11: folds
Uncalled bet ($3) returned to ELSUPREMO999
ELSUPREMO999 collected $11.76 from pot
ELSUPREMO999: doesn't show hand
*** SUMMARY ***
Total pot $12 | Rake $0.24
Board [Qc Ad Th]
Seat 5: simper11 (big blind) folded on the Flop
Seat 6: ELSUPREMO999 (button) (small blind) collected ($11.76)


PokerStars Hand #156362342442:  Hold'em Limit ($3/$6 USD) - 2016/07/23 20:49:52 ET
Table 'Klytia' 10-max Seat #5 is the button
Seat 5: simper11 ($161.90 in chips)
Seat 6: ELSUPREMO999 ($185.38 in chips)
simper11: posts small blind $1
ELSUPREMO999: posts big blind $3
*** HOLE CARDS ***
simper11: raises $3 to $6
ELSUPREMO999: raises $3 to $9
simper11: calls $3
*** FLOP *** [2d Qh 5c]
ELSUPREMO999: checks
simper11: bets $3
ELSUPREMO999: calls $3
*** TURN *** [2d Qh 5c] [5d]
ELSUPREMO999: checks
simper11: bets $6
ELSUPREMO999: calls $6
*** RIVER *** [2d Qh 5c 5d] [8c]
ELSUPREMO999: checks
simper11: bets $6
ELSUPREMO999: folds
Uncalled bet ($6) returned to simper11
simper11 collected $35.50 from pot
simper11: doesn't show hand
*** SUMMARY ***
Total pot $36 | Rake $0.50
Board [2d Qh 5c 5d 8c]
Seat 5: simper11 (button) (small blind) collected ($35.50)
Seat 6: ELSUPREMO999 (big blind) folded on the River


PokerStars Hand #156362382604:  Hold'em Limit ($3/$6 USD) - 2016/07/23 20:51:28 ET
Table 'Klytia' 10-max Seat #5 is the button
Seat 5: simper11 ($228.56 in chips)
Seat 6: ELSUPREMO999 ($115.64 in chips)
simper11: posts small blind $1
ELSUPREMO999: posts big blind $3
*** HOLE CARDS ***
simper11: raises $3 to $6
ELSUPREMO999: calls $3
*** FLOP *** [6h 2c 3c]
ELSUPREMO999: checks
simper11: bets $3
ELSUPREMO999: calls $3
*** TURN *** [6h 2c 3c] [2s]
ELSUPREMO999: checks
simper11: bets $6
ELSUPREMO999: raises $6 to $12
simper11: raises $6 to $18
ELSUPREMO999: raises $6 to $24
Betting is capped
simper11: calls $6
*** RIVER *** [6h 2c 3c 2s] [Ts]
ELSUPREMO999: bets $6
simper11: raises $6 to $12
ELSUPREMO999: calls $6
*** SHOW DOWN ***
simper11: shows [Jd Js] (two pair, Jacks and Deuces)
ELSUPREMO999: mucks hand
simper11 collected $89.50 from pot
*** SUMMARY ***
Total pot $90 | Rake $0.50
Board [6h 2c 3c 2s Ts]
Seat 5: simper11 (button) (small blind) showed [Jd Js] and won ($89.50) with two pair, Jacks and Deuces
Seat 6: ELSUPREMO999 (big blind) mucked


PokerStars Hand #156362376779:  Hold'em Limit ($3/$6 USD) - 2016/07/23 20:51:14 ET
Table 'Klytia' 10-max Seat #6 is the button
Seat 5: simper11 ($184.06 in chips)
Seat 6: ELSUPREMO999 ($160.64 in chips)
ELSUPREMO999: posts small blind $1
simper11: posts big blind $3
*** HOLE CARDS ***
ELSUPREMO999: calls $2
simper11: raises $3 to $6
ELSUPREMO999: calls $3
*** FLOP *** [9s Kh 3d]
simper11: bets $3
ELSUPREMO999: calls $3
*** TURN *** [9s Kh 3d] [7d]
simper11: bets $6
ELSUPREMO999: raises $6 to $12
simper11: raises $6 to $18
ELSUPREMO999: raises $6 to $24
Betting is capped
simper11: calls $6
*** RIVER *** [9s Kh 3d 7d] [Tc]
simper11: checks
ELSUPREMO999: bets $6
simper11: raises $6 to $12
ELSUPREMO999: calls $6
*** SHOW DOWN ***
simper11: shows [Qh Ks] (a pair of Kings)
ELSUPREMO999: mucks hand
simper11 collected $89.50 from pot
*** SUMMARY ***
Total pot $90 | Rake $0.50
Board [9s Kh 3d 7d Tc]
Seat 5: simper11 (big blind) showed [Qh Ks] and won ($89.50) with a pair of Kings
Seat 6: ELSUPREMO999 (button) (small blind) mucked


PokerStars Hand #156362371953:  Hold'em Limit ($3/$6 USD) - 2016/07/23 20:51:02 ET
Table 'Klytia' 10-max Seat #5 is the button
Seat 5: simper11 ($163.56 in chips)
Seat 6: ELSUPREMO999 ($181.64 in chips)
simper11: posts small blind $1
ELSUPREMO999: posts big blind $3
*** HOLE CARDS ***
simper11: raises $3 to $6
ELSUPREMO999: calls $3
*** FLOP *** [9h Ad 8s]
ELSUPREMO999: checks
simper11: bets $3
ELSUPREMO999: calls $3
*** TURN *** [9h Ad 8s] [9s]
ELSUPREMO999: checks
simper11: bets $6
ELSUPREMO999: calls $6
*** RIVER *** [9h Ad 8s 9s] [5s]
ELSUPREMO999: checks
simper11: bets $6
ELSUPREMO999: calls $6
*** SHOW DOWN ***
simper11: shows [Ah Td] (two pair, Aces and Nines)
ELSUPREMO999: mucks hand
simper11 collected $41.50 from pot
*** SUMMARY ***
Total pot $42 | Rake $0.50
Board [9h Ad 8s 9s 5s]
Seat 5: simper11 (button) (small blind) showed [Ah Td] and won ($41.50) with two pair, Aces and Nines
Seat 6: ELSUPREMO999 (big blind) mucked


PokerStars Hand #156362369673:  Hold'em Limit ($3/$6 USD) - 2016/07/23 20:50:57 ET
Table 'Klytia' 10-max Seat #6 is the button
Seat 5: simper11 ($162.56 in chips)
Seat 6: ELSUPREMO999 ($182.64 in chips)
ELSUPREMO999: posts small blind $1
simper11: posts big blind $3
*** HOLE CARDS ***
ELSUPREMO999: folds
Uncalled bet ($2) returned to simper11
simper11 collected $2 from pot
simper11: doesn't show hand
*** SUMMARY ***
Total pot $2 | Rake $0
Seat 5: simper11 (big blind) collected ($2)
Seat 6: ELSUPREMO999 (button) (small blind) folded before Flop


PokerStars Hand #156362366002:  Hold'em Limit ($3/$6 USD) - 2016/07/23 20:50:48 ET
Table 'Klytia' 10-max Seat #5 is the button
Seat 5: simper11 ($156.80 in chips)
Seat 6: ELSUPREMO999 ($188.64 in chips)
simper11: posts small blind $1
ELSUPREMO999: posts big blind $3
*** HOLE CARDS ***
simper11: raises $3 to $6
ELSUPREMO999: calls $3
*** FLOP *** [Qs Qh 7c]
ELSUPREMO999: checks
simper11: bets $3
ELSUPREMO999: folds
Uncalled bet ($3) returned to simper11
simper11 collected $11.76 from pot
simper11: doesn't show hand
*** SUMMARY ***
Total pot $12 | Rake $0.24
Board [Qs Qh 7c]
Seat 5: simper11 (button) (small blind) collected ($11.76)
Seat 6: ELSUPREMO999 (big blind) folded on the Flop


PokerStars Hand #156362417445:  Hold'em Limit ($3/$6 USD) - 2016/07/23 20:52:51 ET
Table 'Klytia' 10-max Seat #6 is the button
Seat 5: simper11 ($245.44 in chips)
Seat 6: ELSUPREMO999 ($95.78 in chips)
ELSUPREMO999: posts small blind $1
simper11: posts big blind $3
*** HOLE CARDS ***
ELSUPREMO999: calls $2
simper11: checks
*** FLOP *** [Kd Ks 7d]
simper11: checks
ELSUPREMO999: bets $3
simper11: folds
Uncalled bet ($3) returned to ELSUPREMO999
ELSUPREMO999 collected $5.88 from pot
ELSUPREMO999: doesn't show hand
*** SUMMARY ***
Total pot $6 | Rake $0.12
Board [Kd Ks 7d]
Seat 5: simper11 (big blind) folded on the Flop
Seat 6: ELSUPREMO999 (button) (small blind) collected ($5.88)


PokerStars Hand #156362429264:  Hold'em Limit ($3/$6 USD) - 2016/07/23 20:53:19 ET
Table 'Klytia' 10-max Seat #5 is the button
Seat 5: simper11 ($227.20 in chips)
Seat 6: ELSUPREMO999 ($113.16 in chips)
simper11: posts small blind $1
ELSUPREMO999: posts big blind $3
*** HOLE CARDS ***
simper11: raises $3 to $6
ELSUPREMO999: calls $3
*** FLOP *** [Qs As 4s]
ELSUPREMO999: checks
simper11: bets $3
ELSUPREMO999: calls $3
*** TURN *** [Qs As 4s] [2h]
ELSUPREMO999: checks
simper11: bets $6
ELSUPREMO999: folds
Uncalled bet ($6) returned to simper11
simper11 collected $17.64 from pot
simper11: doesn't show hand
*** SUMMARY ***
Total pot $18 | Rake $0.36
Board [Qs As 4s 2h]
Seat 5: simper11 (button) (small blind) collected ($17.64)
Seat 6: ELSUPREMO999 (big blind) folded on the Turn


PokerStars Hand #156362438789:  Hold'em Limit ($3/$6 USD) - 2016/07/23 20:53:42 ET
Table 'Klytia' 10-max Seat #5 is the button
Seat 5: simper11 ($214.84 in chips)
Seat 6: ELSUPREMO999 ($124.66 in chips)
simper11: posts small blind $1
ELSUPREMO999: posts big blind $3
*** HOLE CARDS ***
simper11: raises $3 to $6
ELSUPREMO999: folds
Uncalled bet ($3) returned to simper11
simper11 collected $6 from pot
simper11: doesn't show hand
*** SUMMARY ***
Total pot $6 | Rake $0
Seat 5: simper11 (button) (small blind) collected ($6)
Seat 6: ELSUPREMO999 (big blind) folded before Flop


PokerStars Hand #156362433298:  Hold'em Limit ($3/$6 USD) - 2016/07/23 20:53:29 ET
Table 'Klytia' 10-max Seat #6 is the button
Seat 5: simper11 ($235.84 in chips)
Seat 6: ELSUPREMO999 ($104.16 in chips)
ELSUPREMO999: posts small blind $1
simper11: posts big blind $3
*** HOLE CARDS ***
ELSUPREMO999: raises $3 to $6
simper11: calls $3
*** FLOP *** [As 9d 6h]
simper11: checks
ELSUPREMO999: bets $3
simper11: calls $3
*** TURN *** [As 9d 6h] [7d]
simper11: checks
ELSUPREMO999: bets $6
simper11: calls $6
*** RIVER *** [As 9d 6h 7d] [4d]
simper11: checks
ELSUPREMO999: bets $6
simper11: calls $6
*** SHOW DOWN ***
ELSUPREMO999: shows [Kh Kd] (a pair of Kings)
simper11: mucks hand
ELSUPREMO999 collected $41.50 from pot
*** SUMMARY ***
Total pot $42 | Rake $0.50
Board [As 9d 6h 7d 4d]
Seat 5: simper11 (big blind) mucked
Seat 6: ELSUPREMO999 (button) (small blind) showed [Kh Kd] and won ($41.50) with a pair of Kings


PokerStars Hand #156362426324:  Hold'em Limit ($3/$6 USD) - 2016/07/23 20:53:12 ET
Table 'Klytia' 10-max Seat #6 is the button
Seat 5: simper11 ($221.44 in chips)
Seat 6: ELSUPREMO999 ($119.16 in chips)
ELSUPREMO999: posts small blind $1
simper11: posts big blind $3
*** HOLE CARDS ***
ELSUPREMO999: calls $2
simper11: raises $3 to $6
ELSUPREMO999: calls $3
*** FLOP *** [6h Jc Ah]
simper11: bets $3
ELSUPREMO999: folds
Uncalled bet ($3) returned to simper11
simper11 collected $11.76 from pot
simper11: doesn't show hand
*** SUMMARY ***
Total pot $12 | Rake $0.24
Board [6h Jc Ah]
Seat 5: simper11 (big blind) collected ($11.76)
Seat 6: ELSUPREMO999 (button) (small blind) folded on the Flop


PokerStars Hand #156362421084:  Hold'em Limit ($3/$6 USD) - 2016/07/23 20:52:59 ET
Table 'Klytia' 10-max Seat #5 is the button
Seat 5: simper11 ($242.44 in chips)
Seat 6: ELSUPREMO999 ($98.66 in chips)
simper11: posts small blind $1
ELSUPREMO999: posts big blind $3
*** HOLE CARDS ***
simper11: raises $3 to $6
ELSUPREMO999: calls $3
*** FLOP *** [Js 2h 3d]
ELSUPREMO999: checks
simper11: bets $3
ELSUPREMO999: calls $3
*** TURN *** [Js 2h 3d] [9c]
ELSUPREMO999: checks
simper11: bets $6
ELSUPREMO999: calls $6
*** RIVER *** [Js 2h 3d 9c] [Jc]
ELSUPREMO999: checks
simper11: bets $6
ELSUPREMO999: raises $6 to $12
simper11: folds
Uncalled bet ($6) returned to ELSUPREMO999
ELSUPREMO999 collected $41.50 from pot
ELSUPREMO999: doesn't show hand
*** SUMMARY ***
Total pot $42 | Rake $0.50
Board [Js 2h 3d 9c Jc]
Seat 5: simper11 (button) (small blind) folded on the River
Seat 6: ELSUPREMO999 (big blind) collected ($41.50)


PokerStars Hand #156362461468:  Hold'em Limit ($3/$6 USD) - 2016/07/23 20:54:25 ET
Table 'Klytia' 10-max Seat #5 is the button
Seat 5: simper11 ($258.60 in chips)
Seat 6: ELSUPREMO999 ($79.66 in chips)
simper11: posts small blind $1
ELSUPREMO999: posts big blind $3
*** HOLE CARDS ***
simper11: raises $3 to $6
ELSUPREMO999: raises $3 to $9
simper11: calls $3
*** FLOP *** [4s Jc Js]
ELSUPREMO999: bets $3
simper11: calls $3
*** TURN *** [4s Jc Js] [7h]
ELSUPREMO999: bets $6
simper11: folds
Uncalled bet ($6) returned to ELSUPREMO999
ELSUPREMO999 collected $23.52 from pot
ELSUPREMO999: doesn't show hand
*** SUMMARY ***
Total pot $24 | Rake $0.48
Board [4s Jc Js 7h]
Seat 5: simper11 (button) (small blind) folded on the Turn
Seat 6: ELSUPREMO999 (big blind) collected ($23.52)


PokerStars Hand #156362465244:  Hold'em Limit ($3/$6 USD) - 2016/07/23 20:54:34 ET
Table 'Klytia' 10-max Seat #6 is the button
Seat 5: simper11 ($246.60 in chips)
Seat 6: ELSUPREMO999 ($91.18 in chips)
ELSUPREMO999: posts small blind $1
simper11: posts big blind $3
*** HOLE CARDS ***
ELSUPREMO999: calls $2
simper11: checks
*** FLOP *** [Ad 3c 2s]
simper11: checks
ELSUPREMO999: checks
*** TURN *** [Ad 3c 2s] [5s]
simper11: checks
ELSUPREMO999: checks
*** RIVER *** [Ad 3c 2s 5s] [Td]
simper11: checks
ELSUPREMO999: checks
*** SHOW DOWN ***
simper11: shows [Js 8h] (high card Ace)
ELSUPREMO999: shows [9s Kd] (high card Ace - King kicker)
ELSUPREMO999 collected $5.88 from pot
*** SUMMARY ***
Total pot $6 | Rake $0.12
Board [Ad 3c 2s 5s Td]
Seat 5: simper11 (big blind) showed [Js 8h] and lost with high card Ace
Seat 6: ELSUPREMO999 (button) (small blind) showed [9s Kd] and won ($5.88) with high card Ace


PokerStars Hand #156362456695:  Hold'em Limit ($3/$6 USD) - 2016/07/23 20:54:14 ET
Table 'Klytia' 10-max Seat #6 is the button
Seat 5: simper11 ($244.10 in chips)
Seat 6: ELSUPREMO999 ($94.66 in chips)
ELSUPREMO999: posts small blind $1
simper11: posts big blind $3
*** HOLE CARDS ***
ELSUPREMO999: calls $2
simper11: checks
*** FLOP *** [7h Kh 5h]
simper11: checks
ELSUPREMO999: checks
*** TURN *** [7h Kh 5h] [9d]
simper11: bets $6
ELSUPREMO999: calls $6
*** RIVER *** [7h Kh 5h 9d] [6s]
simper11: bets $6
ELSUPREMO999: calls $6
*** SHOW DOWN ***
simper11: shows [9c Js] (a pair of Nines)
ELSUPREMO999: mucks hand
simper11 collected $29.50 from pot
*** SUMMARY ***
Total pot $30 | Rake $0.50
Board [7h Kh 5h 9d 6s]
Seat 5: simper11 (big blind) showed [9c Js] and won ($29.50) with a pair of Nines
Seat 6: ELSUPREMO999 (button) (small blind) mucked


PokerStars Hand #156362440968:  Hold'em Limit ($3/$6 USD) - 2016/07/23 20:53:47 ET
Table 'Klytia' 10-max Seat #6 is the button
Seat 5: simper11 ($217.84 in chips)
Seat 6: ELSUPREMO999 ($121.66 in chips)
ELSUPREMO999: posts small blind $1
simper11: posts big blind $3
*** HOLE CARDS ***
ELSUPREMO999: calls $2
simper11: raises $3 to $6
ELSUPREMO999: calls $3
*** FLOP *** [2c Qc Ks]
simper11: bets $3
ELSUPREMO999: folds
Uncalled bet ($3) returned to simper11
simper11 collected $11.76 from pot
simper11: doesn't show hand
*** SUMMARY ***
Total pot $12 | Rake $0.24
Board [2c Qc Ks]
Seat 5: simper11 (big blind) collected ($11.76)
Seat 6: ELSUPREMO999 (button) (small blind) folded on the Flop


PokerStars Hand #156362443850:  Hold'em Limit ($3/$6 USD) - 2016/07/23 20:53:54 ET
Table 'Klytia' 10-max Seat #5 is the button
Seat 5: simper11 ($223.60 in chips)
Seat 6: ELSUPREMO999 ($115.66 in chips)
simper11: posts small blind $1
ELSUPREMO999: posts big blind $3
*** HOLE CARDS ***
simper11: raises $3 to $6
ELSUPREMO999: calls $3
*** FLOP *** [9h 4h 3d]
ELSUPREMO999: checks
simper11: bets $3
ELSUPREMO999: calls $3
*** TURN *** [9h 4h 3d] [6c]
ELSUPREMO999: checks
simper11: bets $6
ELSUPREMO999: calls $6
*** RIVER *** [9h 4h 3d 6c] [Td]
ELSUPREMO999: checks
simper11: bets $6
ELSUPREMO999: calls $6
*** SHOW DOWN ***
simper11: shows [Ts 9s] (two pair, Tens and Nines)
ELSUPREMO999: mucks hand
simper11 collected $41.50 from pot
*** SUMMARY ***
Total pot $42 | Rake $0.50
Board [9h 4h 3d 6c Td]
Seat 5: simper11 (button) (small blind) showed [Ts 9s] and won ($41.50) with two pair, Tens and Nines
Seat 6: ELSUPREMO999 (big blind) mucked


PokerStars Hand #156362454765:  Hold'em Limit ($3/$6 USD) - 2016/07/23 20:54:09 ET
Table 'Klytia' 10-max Seat #5 is the button
Seat 5: simper11 ($245.10 in chips)
Seat 6: ELSUPREMO999 ($93.66 in chips)
simper11: posts small blind $1
ELSUPREMO999: posts big blind $3
*** HOLE CARDS ***
simper11: folds
Uncalled bet ($2) returned to ELSUPREMO999
ELSUPREMO999 collected $2 from pot
ELSUPREMO999: doesn't show hand
*** SUMMARY ***
Total pot $2 | Rake $0
Seat 5: simper11 (button) (small blind) folded before Flop
Seat 6: ELSUPREMO999 (big blind) collected ($2)


PokerStars Hand #156362453093:  Hold'em Limit ($3/$6 USD) - 2016/07/23 20:54:05 ET
Table 'Klytia' 10-max Seat #6 is the button
Seat 5: simper11 ($244.10 in chips)
Seat 6: ELSUPREMO999 ($94.66 in chips)
ELSUPREMO999: posts small blind $1
simper11: posts big blind $3
*** HOLE CARDS ***
ELSUPREMO999: folds
Uncalled bet ($2) returned to simper11
simper11 collected $2 from pot
simper11: doesn't show hand
*** SUMMARY ***
Total pot $2 | Rake $0
Seat 5: simper11 (big blind) collected ($2)
Seat 6: ELSUPREMO999 (button) (small blind) folded before Flop


PokerStars Hand #156362487255:  Hold'em Limit ($3/$6 USD) - 2016/07/23 20:55:31 ET
Table 'Klytia' 10-max Seat #6 is the button
Seat 5: simper11 ($228.48 in chips)
Seat 6: ELSUPREMO999 ($108.44 in chips)
ELSUPREMO999: posts small blind $1
simper11: posts big blind $3
*** HOLE CARDS ***
ELSUPREMO999: folds
Uncalled bet ($2) returned to simper11
simper11 collected $2 from pot
simper11: doesn't show hand
*** SUMMARY ***
Total pot $2 | Rake $0
Seat 5: simper11 (big blind) collected ($2)
Seat 6: ELSUPREMO999 (button) (small blind) folded before Flop


PokerStars Hand #156362485431:  Hold'em Limit ($3/$6 USD) - 2016/07/23 20:55:26 ET
Table 'Klytia' 10-max Seat #5 is the button
Seat 5: simper11 ($225.48 in chips)
Seat 6: ELSUPREMO999 ($111.44 in chips)
simper11: posts small blind $1
ELSUPREMO999: posts big blind $3
*** HOLE CARDS ***
simper11: raises $3 to $6
ELSUPREMO999: folds
Uncalled bet ($3) returned to simper11
simper11 collected $6 from pot
simper11: doesn't show hand
*** SUMMARY ***
Total pot $6 | Rake $0
Seat 5: simper11 (button) (small blind) collected ($6)
Seat 6: ELSUPREMO999 (big blind) folded before Flop


PokerStars Hand #156362471853:  Hold'em Limit ($3/$6 USD) - 2016/07/23 20:54:50 ET
Table 'Klytia' 10-max Seat #6 is the button
Seat 5: simper11 ($242.60 in chips)
Seat 6: ELSUPREMO999 ($95.06 in chips)
ELSUPREMO999: posts small blind $1
simper11: posts big blind $3
*** HOLE CARDS ***
ELSUPREMO999: calls $2
simper11: checks
*** FLOP *** [Kh Jd 4h]
simper11: checks
ELSUPREMO999: bets $3
simper11: folds
Uncalled bet ($3) returned to ELSUPREMO999
ELSUPREMO999 collected $5.88 from pot
ELSUPREMO999: doesn't show hand
*** SUMMARY ***
Total pot $6 | Rake $0.12
Board [Kh Jd 4h]
Seat 5: simper11 (big blind) folded on the Flop
Seat 6: ELSUPREMO999 (button) (small blind) collected ($5.88)


PokerStars Hand #156362469993:  Hold'em Limit ($3/$6 USD) - 2016/07/23 20:54:45 ET
Table 'Klytia' 10-max Seat #5 is the button
Seat 5: simper11 ($243.60 in chips)
Seat 6: ELSUPREMO999 ($94.06 in chips)
simper11: posts small blind $1
ELSUPREMO999: posts big blind $3
*** HOLE CARDS ***
simper11: folds
Uncalled bet ($2) returned to ELSUPREMO999
ELSUPREMO999 collected $2 from pot
ELSUPREMO999: doesn't show hand
*** SUMMARY ***
Total pot $2 | Rake $0
Seat 5: simper11 (button) (small blind) folded before Flop
Seat 6: ELSUPREMO999 (big blind) collected ($2)


PokerStars Hand #156362475096:  Hold'em Limit ($3/$6 USD) - 2016/07/23 20:54:57 ET
Table 'Klytia' 10-max Seat #5 is the button
Seat 5: simper11 ($239.60 in chips)
Seat 6: ELSUPREMO999 ($97.94 in chips)
simper11: posts small blind $1
ELSUPREMO999: posts big blind $3
*** HOLE CARDS ***
simper11: folds
Uncalled bet ($2) returned to ELSUPREMO999
ELSUPREMO999 collected $2 from pot
ELSUPREMO999: doesn't show hand
*** SUMMARY ***
Total pot $2 | Rake $0
Seat 5: simper11 (button) (small blind) folded before Flop
Seat 6: ELSUPREMO999 (big blind) collected ($2)


PokerStars Hand #156362480357:  Hold'em Limit ($3/$6 USD) - 2016/07/23 20:55:11 ET
Table 'Klytia' 10-max Seat #5 is the button
Seat 5: simper11 ($241.48 in chips)
Seat 6: ELSUPREMO999 ($95.94 in chips)
simper11: posts small blind $1
ELSUPREMO999: posts big blind $3
*** HOLE CARDS ***
simper11: folds
Uncalled bet ($2) returned to ELSUPREMO999
ELSUPREMO999 collected $2 from pot
ELSUPREMO999: doesn't show hand
*** SUMMARY ***
Total pot $2 | Rake $0
Seat 5: simper11 (button) (small blind) folded before Flop
Seat 6: ELSUPREMO999 (big blind) collected ($2)


PokerStars Hand #156362477029:  Hold'em Limit ($3/$6 USD) - 2016/07/23 20:55:02 ET
Table 'Klytia' 10-max Seat #6 is the button
Seat 5: simper11 ($238.60 in chips)
Seat 6: ELSUPREMO999 ($98.94 in chips)
ELSUPREMO999: posts small blind $1
simper11: posts big blind $3
*** HOLE CARDS ***
ELSUPREMO999: calls $2
simper11: checks
*** FLOP *** [As 4c Kc]
simper11: checks
ELSUPREMO999: checks
*** TURN *** [As 4c Kc] [8c]
simper11: bets $6
ELSUPREMO999: folds
Uncalled bet ($6) returned to simper11
simper11 collected $5.88 from pot
simper11: doesn't show hand
*** SUMMARY ***
Total pot $6 | Rake $0.12
Board [As 4c Kc 8c]
Seat 5: simper11 (big blind) collected ($5.88)
Seat 6: ELSUPREMO999 (button) (small blind) folded on the Turn


PokerStars Hand #156362488741:  Hold'em Limit ($3/$6 USD) - 2016/07/23 20:55:35 ET
Table 'Klytia' 10-max Seat #5 is the button
Seat 5: simper11 ($229.48 in chips)
Seat 6: ELSUPREMO999 ($107.44 in chips)
simper11: posts small blind $1
ELSUPREMO999: posts big blind $3
*** HOLE CARDS ***
simper11: raises $3 to $6
ELSUPREMO999: raises $3 to $9
simper11: calls $3
*** FLOP *** [3c 8s 3s]
ELSUPREMO999: bets $3
simper11: calls $3
*** TURN *** [3c 8s 3s] [6c]
ELSUPREMO999: bets $6
simper11: calls $6
*** RIVER *** [3c 8s 3s 6c] [Ks]
ELSUPREMO999: bets $6
simper11: folds
Uncalled bet ($6) returned to ELSUPREMO999
ELSUPREMO999 collected $35.50 from pot
ELSUPREMO999: doesn't show hand
*** SUMMARY ***
Total pot $36 | Rake $0.50
Board [3c 8s 3s 6c Ks]
Seat 5: simper11 (button) (small blind) folded on the River
Seat 6: ELSUPREMO999 (big blind) collected ($35.50)


PokerStars Hand #156362481986:  Hold'em Limit ($3/$6 USD) - 2016/07/23 20:55:16 ET
Table 'Klytia' 10-max Seat #6 is the button
Seat 5: simper11 ($240.48 in chips)
Seat 6: ELSUPREMO999 ($96.94 in chips)
ELSUPREMO999: posts small blind $1
simper11: posts big blind $3
*** HOLE CARDS ***
ELSUPREMO999: calls $2
simper11: raises $3 to $6
ELSUPREMO999: calls $3
*** FLOP *** [As Kd 3h]
simper11: bets $3
ELSUPREMO999: calls $3
*** TURN *** [As Kd 3h] [4s]
simper11: bets $6
ELSUPREMO999: raises $6 to $12
simper11: folds
Uncalled bet ($6) returned to ELSUPREMO999
ELSUPREMO999 collected $29.50 from pot
ELSUPREMO999: doesn't show hand
*** SUMMARY ***
Total pot $30 | Rake $0.50
Board [As Kd 3h 4s]
Seat 5: simper11 (big blind) folded on the Turn
Seat 6: ELSUPREMO999 (button) (small blind) collected ($29.50)


PokerStars Hand #156362498109:  Hold'em Limit ($3/$6 USD) - 2016/07/23 20:56:02 ET
Table 'Klytia' 10-max Seat #6 is the button
Seat 5: simper11 ($197.48 in chips)
Seat 6: ELSUPREMO999 ($138.44 in chips)
ELSUPREMO999: posts small blind $1
simper11: posts big blind $3
*** HOLE CARDS ***
ELSUPREMO999: calls $2
simper11: checks
*** FLOP *** [3d 9s Qh]
simper11: checks
ELSUPREMO999: checks
*** TURN *** [3d 9s Qh] [Kd]
simper11: checks
ELSUPREMO999: checks
*** RIVER *** [3d 9s Qh Kd] [Qs]
simper11: checks
ELSUPREMO999: bets $6
simper11: folds
Uncalled bet ($6) returned to ELSUPREMO999
ELSUPREMO999 collected $5.88 from pot
ELSUPREMO999: doesn't show hand
*** SUMMARY ***
Total pot $6 | Rake $0.12
Board [3d 9s Qh Kd Qs]
Seat 5: simper11 (big blind) folded on the River
Seat 6: ELSUPREMO999 (button) (small blind) collected ($5.88)


PokerStars Hand #156362494019:  Hold'em Limit ($3/$6 USD) - 2016/07/23 20:55:50 ET
Table 'Klytia' 10-max Seat #5 is the button
Seat 5: simper11 ($212.48 in chips)
Seat 6: ELSUPREMO999 ($123.94 in chips)
simper11: posts small blind $1
ELSUPREMO999: posts big blind $3
*** HOLE CARDS ***
simper11: raises $3 to $6
ELSUPREMO999: calls $3
*** FLOP *** [Qd 6c As]
ELSUPREMO999: checks
simper11: bets $3
ELSUPREMO999: calls $3
*** TURN *** [Qd 6c As] [7s]
ELSUPREMO999: checks
simper11: bets $6
ELSUPREMO999: calls $6
*** RIVER *** [Qd 6c As 7s] [Ah]
ELSUPREMO999: checks
simper11: checks
*** SHOW DOWN ***
ELSUPREMO999: shows [3c 3h] (two pair, Aces and Threes)
simper11: mucks hand
ELSUPREMO999 collected $29.50 from pot
*** SUMMARY ***
Total pot $30 | Rake $0.50
Board [Qd 6c As 7s Ah]
Seat 5: simper11 (button) (small blind) mucked
Seat 6: ELSUPREMO999 (big blind) showed [3c 3h] and won ($29.50) with two pair, Aces and Threes


PokerStars Hand #156362505887:  Hold'em Limit ($3/$6 USD) - 2016/07/23 20:56:24 ET
Table 'Klytia' 10-max Seat #6 is the button
Seat 5: simper11 ($203.12 in chips)
Seat 6: ELSUPREMO999 ($132.32 in chips)
ELSUPREMO999: posts small blind $1
simper11: posts big blind $3
*** HOLE CARDS ***
ELSUPREMO999: folds
Uncalled bet ($2) returned to simper11
simper11 collected $2 from pot
simper11: doesn't show hand
*** SUMMARY ***
Total pot $2 | Rake $0
Seat 5: simper11 (big blind) collected ($2)
Seat 6: ELSUPREMO999 (button) (small blind) folded before Flop


PokerStars Hand #156362502115:  Hold'em Limit ($3/$6 USD) - 2016/07/23 20:56:13 ET
Table 'Klytia' 10-max Seat #5 is the button
Seat 5: simper11 ($194.48 in chips)
Seat 6: ELSUPREMO999 ($141.32 in chips)
simper11: posts small blind $1
ELSUPREMO999: posts big blind $3
*** HOLE CARDS ***
simper11: raises $3 to $6
ELSUPREMO999: calls $3
*** FLOP *** [3h 3s Ks]
ELSUPREMO999: checks
simper11: bets $3
ELSUPREMO999: calls $3
*** TURN *** [3h 3s Ks] [Tc]
ELSUPREMO999: checks
simper11: bets $6
ELSUPREMO999: folds
Uncalled bet ($6) returned to simper11
simper11 collected $17.64 from pot
simper11: doesn't show hand
*** SUMMARY ***
Total pot $18 | Rake $0.36
Board [3h 3s Ks Tc]
Seat 5: simper11 (button) (small blind) collected ($17.64)
Seat 6: ELSUPREMO999 (big blind) folded on the Turn


PokerStars Hand #156362507473:  Hold'em Limit ($3/$6 USD) - 2016/07/23 20:56:28 ET
Table 'Klytia' 10-max Seat #5 is the button
Seat 5: simper11 ($204.12 in chips)
Seat 6: ELSUPREMO999 ($131.32 in chips)
simper11: posts small blind $1
ELSUPREMO999: posts big blind $3
*** HOLE CARDS ***
simper11: raises $3 to $6
ELSUPREMO999: calls $3
*** FLOP *** [4s 6c Tc]
ELSUPREMO999: checks
simper11: bets $3
ELSUPREMO999: calls $3
*** TURN *** [4s 6c Tc] [Ks]
ELSUPREMO999: checks
simper11: checks
*** RIVER *** [4s 6c Tc Ks] [3h]
ELSUPREMO999: checks
simper11: checks
*** SHOW DOWN ***
ELSUPREMO999: shows [9h 8d] (high card King)
simper11: shows [Js Ah] (high card Ace)
simper11 collected $17.64 from pot
*** SUMMARY ***
Total pot $18 | Rake $0.36
Board [4s 6c Tc Ks 3h]
Seat 5: simper11 (button) (small blind) showed [Js Ah] and won ($17.64) with high card Ace
Seat 6: ELSUPREMO999 (big blind) showed [9h 8d] and lost with high card King


PokerStars Hand #156362492459:  Hold'em Limit ($3/$6 USD) - 2016/07/23 20:55:45 ET
Table 'Klytia' 10-max Seat #6 is the button
Seat 5: simper11 ($211.48 in chips)
Seat 6: ELSUPREMO999 ($124.94 in chips)
ELSUPREMO999: posts small blind $1
simper11: posts big blind $3
*** HOLE CARDS ***
ELSUPREMO999: folds
Uncalled bet ($2) returned to simper11
simper11 collected $2 from pot
simper11: doesn't show hand
*** SUMMARY ***
Total pot $2 | Rake $0
Seat 5: simper11 (big blind) collected ($2)
Seat 6: ELSUPREMO999 (button) (small blind) folded before Flop


PokerStars Hand #156362534296:  Hold'em Limit ($3/$6 USD) - 2016/07/23 20:57:44 ET
Table 'Klytia' 10-max Seat #5 is the button
Seat 5: simper11 ($192.26 in chips)
Seat 6: ELSUPREMO999 ($141.08 in chips)
simper11: posts small blind $1
ELSUPREMO999: posts big blind $3
*** HOLE CARDS ***
simper11: raises $3 to $6
ELSUPREMO999: calls $3
*** FLOP *** [2s Ac 2d]
ELSUPREMO999: checks
simper11: bets $3
ELSUPREMO999: calls $3
*** TURN *** [2s Ac 2d] [6d]
ELSUPREMO999: checks
simper11: bets $6
ELSUPREMO999: folds
Uncalled bet ($6) returned to simper11
simper11 collected $17.64 from pot
simper11: doesn't show hand
*** SUMMARY ***
Total pot $18 | Rake $0.36
Board [2s Ac 2d 6d]
Seat 5: simper11 (button) (small blind) collected ($17.64)
Seat 6: ELSUPREMO999 (big blind) folded on the Turn


PokerStars Hand #156362531092:  Hold'em Limit ($3/$6 USD) - 2016/07/23 20:57:35 ET
Table 'Klytia' 10-max Seat #6 is the button
Seat 5: simper11 ($207.26 in chips)
Seat 6: ELSUPREMO999 ($126.58 in chips)
ELSUPREMO999: posts small blind $1
simper11: posts big blind $3
*** HOLE CARDS ***
ELSUPREMO999: calls $2
simper11: raises $3 to $6
ELSUPREMO999: calls $3
*** FLOP *** [Ts 4d Td]
simper11: bets $3
ELSUPREMO999: calls $3
*** TURN *** [Ts 4d Td] [4c]
simper11: bets $6
ELSUPREMO999: raises $6 to $12
simper11: folds
Uncalled bet ($6) returned to ELSUPREMO999
ELSUPREMO999 collected $29.50 from pot
ELSUPREMO999: doesn't show hand
*** SUMMARY ***
Total pot $30 | Rake $0.50
Board [Ts 4d Td 4c]
Seat 5: simper11 (big blind) folded on the Turn
Seat 6: ELSUPREMO999 (button) (small blind) collected ($29.50)


PokerStars Hand #156362526957:  Hold'em Limit ($3/$6 USD) - 2016/07/23 20:57:23 ET
Table 'Klytia' 10-max Seat #5 is the button
Seat 5: simper11 ($225.26 in chips)
Seat 6: ELSUPREMO999 ($109.08 in chips)
simper11: posts small blind $1
ELSUPREMO999: posts big blind $3
*** HOLE CARDS ***
simper11: raises $3 to $6
ELSUPREMO999: raises $3 to $9
simper11: calls $3
*** FLOP *** [Js 2d Kd]
ELSUPREMO999: bets $3
simper11: calls $3
*** TURN *** [Js 2d Kd] [9h]
ELSUPREMO999: bets $6
simper11: calls $6
*** RIVER *** [Js 2d Kd 9h] [8h]
ELSUPREMO999: bets $6
simper11: folds
Uncalled bet ($6) returned to ELSUPREMO999
ELSUPREMO999 collected $35.50 from pot
ELSUPREMO999: doesn't show hand
*** SUMMARY ***
Total pot $36 | Rake $0.50
Board [Js 2d Kd 9h 8h]
Seat 5: simper11 (button) (small blind) folded on the River
Seat 6: ELSUPREMO999 (big blind) collected ($35.50)


PokerStars Hand #156362522819:  Hold'em Limit ($3/$6 USD) - 2016/07/23 20:57:11 ET
Table 'Klytia' 10-max Seat #6 is the button
Seat 5: simper11 ($228.26 in chips)
Seat 6: ELSUPREMO999 ($106.20 in chips)
ELSUPREMO999: posts small blind $1
simper11: posts big blind $3
*** HOLE CARDS ***
ELSUPREMO999: calls $2
simper11: checks
*** FLOP *** [Jc 4s 3h]
simper11: checks
ELSUPREMO999: checks
*** TURN *** [Jc 4s 3h] [9c]
simper11: checks
ELSUPREMO999: bets $6
simper11: folds
Uncalled bet ($6) returned to ELSUPREMO999
ELSUPREMO999 collected $5.88 from pot
ELSUPREMO999: doesn't show hand
*** SUMMARY ***
Total pot $6 | Rake $0.12
Board [Jc 4s 3h 9c]
Seat 5: simper11 (big blind) folded on the Turn
Seat 6: ELSUPREMO999 (button) (small blind) collected ($5.88)


PokerStars Hand #156362518870:  Hold'em Limit ($3/$6 USD) - 2016/07/23 20:57:00 ET
Table 'Klytia' 10-max Seat #5 is the button
Seat 5: simper11 ($213.76 in chips)
Seat 6: ELSUPREMO999 ($121.20 in chips)
simper11: posts small blind $1
ELSUPREMO999: posts big blind $3
*** HOLE CARDS ***
simper11: raises $3 to $6
ELSUPREMO999: calls $3
*** FLOP *** [6s Jd 3d]
ELSUPREMO999: checks
simper11: bets $3
ELSUPREMO999: calls $3
*** TURN *** [6s Jd 3d] [Kc]
ELSUPREMO999: checks
simper11: checks
*** RIVER *** [6s Jd 3d Kc] [9d]
ELSUPREMO999: checks
simper11: bets $6
ELSUPREMO999: calls $6
*** SHOW DOWN ***
simper11: shows [6h 8s] (a pair of Sixes)
ELSUPREMO999: mucks hand
simper11 collected $29.50 from pot
*** SUMMARY ***
Total pot $30 | Rake $0.50
Board [6s Jd 3d Kc 9d]
Seat 5: simper11 (button) (small blind) showed [6h 8s] and won ($29.50) with a pair of Sixes
Seat 6: ELSUPREMO999 (big blind) mucked


PokerStars Hand #156362517384:  Hold'em Limit ($3/$6 USD) - 2016/07/23 20:56:56 ET
Table 'Klytia' 10-max Seat #6 is the button
Seat 5: simper11 ($212.76 in chips)
Seat 6: ELSUPREMO999 ($122.20 in chips)
ELSUPREMO999: posts small blind $1
simper11: posts big blind $3
*** HOLE CARDS ***
ELSUPREMO999: folds
Uncalled bet ($2) returned to simper11
simper11 collected $2 from pot
simper11: doesn't show hand
*** SUMMARY ***
Total pot $2 | Rake $0
Seat 5: simper11 (big blind) collected ($2)
Seat 6: ELSUPREMO999 (button) (small blind) folded before Flop


PokerStars Hand #156362515411:  Hold'em Limit ($3/$6 USD) - 2016/07/23 20:56:50 ET
Table 'Klytia' 10-max Seat #5 is the button
Seat 5: simper11 ($209.76 in chips)
Seat 6: ELSUPREMO999 ($125.20 in chips)
simper11: posts small blind $1
ELSUPREMO999: posts big blind $3
*** HOLE CARDS ***
simper11: raises $3 to $6
ELSUPREMO999: folds
Uncalled bet ($3) returned to simper11
simper11 collected $6 from pot
simper11: doesn't show hand
*** SUMMARY ***
Total pot $6 | Rake $0
Seat 5: simper11 (button) (small blind) collected ($6)
Seat 6: ELSUPREMO999 (big blind) folded before Flop


PokerStars Hand #156362511484:  Hold'em Limit ($3/$6 USD) - 2016/07/23 20:56:39 ET
Table 'Klytia' 10-max Seat #6 is the button
Seat 5: simper11 ($212.76 in chips)
Seat 6: ELSUPREMO999 ($122.32 in chips)
ELSUPREMO999: posts small blind $1
simper11: posts big blind $3
*** HOLE CARDS ***
ELSUPREMO999: calls $2
simper11: checks
*** FLOP *** [As 6s 7s]
simper11: checks
ELSUPREMO999: checks
*** TURN *** [As 6s 7s] [Qs]
simper11: checks
ELSUPREMO999: checks
*** RIVER *** [As 6s 7s Qs] [9d]
simper11: checks
ELSUPREMO999: checks
*** SHOW DOWN ***
simper11: shows [Jd 8h] (high card Ace)
ELSUPREMO999: shows [7c Kc] (a pair of Sevens)
ELSUPREMO999 collected $5.88 from pot
*** SUMMARY ***
Total pot $6 | Rake $0.12
Board [As 6s 7s Qs 9d]
Seat 5: simper11 (big blind) showed [Jd 8h] and lost with high card Ace
Seat 6: ELSUPREMO999 (button) (small blind) showed [7c Kc] and won ($5.88) with a pair of Sevens


PokerStars Hand #156362556972:  Hold'em Limit ($3/$6 USD) - 2016/07/23 20:58:47 ET
Table 'Klytia' 10-max Seat #5 is the button
Seat 5: simper11 ($241.78 in chips)
Seat 6: ELSUPREMO999 ($89.60 in chips)
simper11: posts small blind $1
ELSUPREMO999: posts big blind $3
*** HOLE CARDS ***
simper11: raises $3 to $6
ELSUPREMO999: raises $3 to $9
simper11: calls $3
*** FLOP *** [6h Qd 6d]
ELSUPREMO999: bets $3
simper11: folds
Uncalled bet ($3) returned to ELSUPREMO999
ELSUPREMO999 collected $17.64 from pot
ELSUPREMO999: doesn't show hand
*** SUMMARY ***
Total pot $18 | Rake $0.36
Board [6h Qd 6d]
Seat 5: simper11 (button) (small blind) folded on the Flop
Seat 6: ELSUPREMO999 (big blind) collected ($17.64)


PokerStars Hand #156362553025:  Hold'em Limit ($3/$6 USD) - 2016/07/23 20:58:36 ET
Table 'Klytia' 10-max Seat #6 is the button
Seat 5: simper11 ($221.28 in chips)
Seat 6: ELSUPREMO999 ($110.60 in chips)
ELSUPREMO999: posts small blind $1
simper11: posts big blind $3
*** HOLE CARDS ***
ELSUPREMO999: calls $2
simper11: raises $3 to $6
ELSUPREMO999: calls $3
*** FLOP *** [4s 3d 8c]
simper11: bets $3
ELSUPREMO999: calls $3
*** TURN *** [4s 3d 8c] [9d]
simper11: bets $6
ELSUPREMO999: calls $6
*** RIVER *** [4s 3d 8c 9d] [7d]
simper11: bets $6
ELSUPREMO999: calls $6
*** SHOW DOWN ***
simper11: shows [5c 8h] (a pair of Eights)
ELSUPREMO999: mucks hand
simper11 collected $41.50 from pot
*** SUMMARY ***
Total pot $42 | Rake $0.50
Board [4s 3d 8c 9d 7d]
Seat 5: simper11 (big blind) showed [5c 8h] and won ($41.50) with a pair of Eights
Seat 6: ELSUPREMO999 (button) (small blind) mucked


PokerStars Hand #156362549400:  Hold'em Limit ($3/$6 USD) - 2016/07/23 20:58:26 ET
Table 'Klytia' 10-max Seat #5 is the button
Seat 5: simper11 ($230.28 in chips)
Seat 6: ELSUPREMO999 ($101.96 in chips)
simper11: posts small blind $1
ELSUPREMO999: posts big blind $3
*** HOLE CARDS ***
simper11: raises $3 to $6
ELSUPREMO999: raises $3 to $9
simper11: calls $3
*** FLOP *** [3h 4c 5s]
ELSUPREMO999: checks
simper11: checks
*** TURN *** [3h 4c 5s] [7c]
ELSUPREMO999: bets $6
simper11: folds
Uncalled bet ($6) returned to ELSUPREMO999
ELSUPREMO999 collected $17.64 from pot
ELSUPREMO999: doesn't show hand
*** SUMMARY ***
Total pot $18 | Rake $0.36
Board [3h 4c 5s 7c]
Seat 5: simper11 (button) (small blind) folded on the Turn
Seat 6: ELSUPREMO999 (big blind) collected ($17.64)


PokerStars Hand #156362545819:  Hold'em Limit ($3/$6 USD) - 2016/07/23 20:58:16 ET
Table 'Klytia' 10-max Seat #6 is the button
Seat 5: simper11 ($233.28 in chips)
Seat 6: ELSUPREMO999 ($99.08 in chips)
ELSUPREMO999: posts small blind $1
simper11: posts big blind $3
*** HOLE CARDS ***
ELSUPREMO999: calls $2
simper11: checks
*** FLOP *** [2d 4s 7c]
simper11: checks
ELSUPREMO999: checks
*** TURN *** [2d 4s 7c] [3c]
simper11: checks
ELSUPREMO999: bets $6
simper11: folds
Uncalled bet ($6) returned to ELSUPREMO999
ELSUPREMO999 collected $5.88 from pot
ELSUPREMO999: doesn't show hand
*** SUMMARY ***
Total pot $6 | Rake $0.12
Board [2d 4s 7c 3c]
Seat 5: simper11 (big blind) folded on the Turn
Seat 6: ELSUPREMO999 (button) (small blind) collected ($5.88)


PokerStars Hand #156362541444:  Hold'em Limit ($3/$6 USD) - 2016/07/23 20:58:04 ET
Table 'Klytia' 10-max Seat #5 is the button
Seat 5: simper11 ($203.78 in chips)
Seat 6: ELSUPREMO999 ($129.08 in chips)
simper11: posts small blind $1
ELSUPREMO999: posts big blind $3
*** HOLE CARDS ***
simper11: raises $3 to $6
ELSUPREMO999: raises $3 to $9
simper11: calls $3
*** FLOP *** [7c As 3s]
ELSUPREMO999: bets $3
simper11: calls $3
*** TURN *** [7c As 3s] [Kc]
ELSUPREMO999: bets $6
simper11: raises $6 to $12
ELSUPREMO999: calls $6
*** RIVER *** [7c As 3s Kc] [9c]
ELSUPREMO999: checks
simper11: bets $6
ELSUPREMO999: calls $6
*** SHOW DOWN ***
simper11: shows [Ad 3c] (two pair, Aces and Threes)
ELSUPREMO999: mucks hand
simper11 collected $59.50 from pot
*** SUMMARY ***
Total pot $60 | Rake $0.50
Board [7c As 3s Kc 9c]
Seat 5: simper11 (button) (small blind) showed [Ad 3c] and won ($59.50) with two pair, Aces and Threes
Seat 6: ELSUPREMO999 (big blind) mucked


PokerStars Hand #156362537523:  Hold'em Limit ($3/$6 USD) - 2016/07/23 20:57:53 ET
Table 'Klytia' 10-max Seat #6 is the button
Seat 5: simper11 ($200.90 in chips)
Seat 6: ELSUPREMO999 ($132.08 in chips)
ELSUPREMO999: posts small blind $1
simper11: posts big blind $3
*** HOLE CARDS ***
ELSUPREMO999: calls $2
simper11: checks
*** FLOP *** [4s Kh 7c]
simper11: checks
ELSUPREMO999: checks
*** TURN *** [4s Kh 7c] [Kd]
simper11: bets $6
ELSUPREMO999: folds
Uncalled bet ($6) returned to simper11
simper11 collected $5.88 from pot
simper11: doesn't show hand
*** SUMMARY ***
Total pot $6 | Rake $0.12
Board [4s Kh 7c Kd]
Seat 5: simper11 (big blind) collected ($5.88)
Seat 6: ELSUPREMO999 (button) (small blind) folded on the Turn


PokerStars Hand #156362559689:  Hold'em Limit ($3/$6 USD) - 2016/07/23 20:58:54 ET
Table 'Klytia' 10-max Seat #6 is the button
Seat 5: simper11 ($232.78 in chips)
Seat 6: ELSUPREMO999 ($98.24 in chips)
ELSUPREMO999: posts small blind $1
simper11: posts big blind $3
*** HOLE CARDS ***
ELSUPREMO999: raises $3 to $6
simper11: calls $3
*** FLOP *** [4s 5d Qc]
simper11: checks
ELSUPREMO999: bets $3
simper11: calls $3
*** TURN *** [4s 5d Qc] [Kd]
simper11: checks
ELSUPREMO999: bets $6
simper11: raises $6 to $12
ELSUPREMO999: calls $6
*** RIVER *** [4s 5d Qc Kd] [Jd]
simper11: bets $6
ELSUPREMO999: raises $6 to $12
simper11: calls $6
*** SHOW DOWN ***
ELSUPREMO999: shows [Jh Qs] (two pair, Queens and Jacks)
simper11: mucks hand
ELSUPREMO999 collected $65.50 from pot
*** SUMMARY ***
Total pot $66 | Rake $0.50
Board [4s 5d Qc Kd Jd]
Seat 5: simper11 (big blind) mucked
Seat 6: ELSUPREMO999 (button) (small blind) showed [Jh Qs] and won ($65.50) with two pair, Queens and Jacks


PokerStars Hand #156362565633:  Hold'em Limit ($3/$6 USD) - 2016/07/23 20:59:12 ET
Table 'Klytia' 10-max Seat #6 is the button
Seat 5: simper11 ($198.78 in chips)
Seat 6: ELSUPREMO999 ($131.74 in chips)
ELSUPREMO999: posts small blind $1
simper11: posts big blind $3
*** HOLE CARDS ***
ELSUPREMO999: raises $3 to $6
simper11: raises $3 to $9
ELSUPREMO999: raises $3 to $12
Betting is capped
simper11: calls $3
*** FLOP *** [4h 5d 2h]
simper11: checks
ELSUPREMO999: bets $3
simper11: calls $3
*** TURN *** [4h 5d 2h] [Js]
simper11: checks
ELSUPREMO999: bets $6
simper11: calls $6
*** RIVER *** [4h 5d 2h Js] [Ks]
simper11: checks
ELSUPREMO999: bets $6
simper11: raises $6 to $12
ELSUPREMO999: raises $6 to $18
simper11: calls $6
*** SHOW DOWN ***
ELSUPREMO999: shows [Ad Ac] (a pair of Aces)
simper11: mucks hand
ELSUPREMO999 collected $77.50 from pot
*** SUMMARY ***
Total pot $78 | Rake $0.50
Board [4h 5d 2h Js Ks]
Seat 5: simper11 (big blind) mucked
Seat 6: ELSUPREMO999 (button) (small blind) showed [Ad Ac] and won ($77.50) with a pair of Aces


PokerStars Hand #156362563298:  Hold'em Limit ($3/$6 USD) - 2016/07/23 20:59:07 ET
Table 'Klytia' 10-max Seat #5 is the button
Seat 5: simper11 ($199.78 in chips)
Seat 6: ELSUPREMO999 ($130.74 in chips)
simper11: posts small blind $1
ELSUPREMO999: posts big blind $3
*** HOLE CARDS ***
simper11: folds
Uncalled bet ($2) returned to ELSUPREMO999
ELSUPREMO999 collected $2 from pot
ELSUPREMO999: doesn't show hand
*** SUMMARY ***
Total pot $2 | Rake $0
Seat 5: simper11 (button) (small blind) folded before Flop
Seat 6: ELSUPREMO999 (big blind) collected ($2)


PokerStars Hand #156362570887:  Hold'em Limit ($3/$6 USD) - 2016/07/23 20:59:27 ET
Table 'Klytia' 10-max Seat #5 is the button
Seat 5: simper11 ($159.78 in chips)
Seat 6: ELSUPREMO999 ($170.24 in chips)
simper11: posts small blind $1
ELSUPREMO999: posts big blind $3
*** HOLE CARDS ***
simper11: raises $3 to $6
ELSUPREMO999: calls $3
*** FLOP *** [Kh 2c Qc]
ELSUPREMO999: checks
simper11: bets $3
ELSUPREMO999: calls $3
*** TURN *** [Kh 2c Qc] [8d]
ELSUPREMO999: checks
simper11: bets $6
ELSUPREMO999: folds
Uncalled bet ($6) returned to simper11
simper11 collected $17.64 from pot
simper11: doesn't show hand
*** SUMMARY ***
Total pot $18 | Rake $0.36
Board [Kh 2c Qc 8d]
Seat 5: simper11 (button) (small blind) collected ($17.64)
Seat 6: ELSUPREMO999 (big blind) folded on the Turn


PokerStars Hand #156362592797:  Hold'em Limit ($3/$6 USD) - 2016/07/23 21:00:28 ET
Table 'Klytia' 10-max Seat #5 is the button
Seat 5: simper11 ($167.94 in chips)
Seat 6: ELSUPREMO999 ($160.76 in chips)
simper11: posts small blind $1
ELSUPREMO999: posts big blind $3
*** HOLE CARDS ***
simper11: raises $3 to $6
ELSUPREMO999: calls $3
*** FLOP *** [9h 3d Ts]
ELSUPREMO999: checks
simper11: bets $3
ELSUPREMO999: calls $3
*** TURN *** [9h 3d Ts] [5c]
ELSUPREMO999: checks
simper11: checks
*** RIVER *** [9h 3d Ts 5c] [7s]
ELSUPREMO999: bets $6
simper11: folds
Uncalled bet ($6) returned to ELSUPREMO999
anetkaapro joins the table at seat #7
ELSUPREMO999 collected $17.64 from pot
ELSUPREMO999: doesn't show hand
*** SUMMARY ***
Total pot $18 | Rake $0.36
Board [9h 3d Ts 5c 7s]
Seat 5: simper11 (button) (small blind) folded on the River
Seat 6: ELSUPREMO999 (big blind) collected ($17.64)


PokerStars Hand #156362589539:  Hold'em Limit ($3/$6 USD) - 2016/07/23 21:00:19 ET
Table 'Klytia' 10-max Seat #6 is the button
Seat 5: simper11 ($165.06 in chips)
Seat 6: ELSUPREMO999 ($163.76 in chips)
ELSUPREMO999: posts small blind $1
simper11: posts big blind $3
*** HOLE CARDS ***
ELSUPREMO999: calls $2
simper11: checks
*** FLOP *** [Qs 7d 8c]
simper11: checks
ELSUPREMO999: checks
*** TURN *** [Qs 7d 8c] [5h]
simper11: bets $6
ELSUPREMO999: folds
Uncalled bet ($6) returned to simper11
simper11 collected $5.88 from pot
simper11: doesn't show hand
*** SUMMARY ***
Total pot $6 | Rake $0.12
Board [Qs 7d 8c 5h]
Seat 5: simper11 (big blind) collected ($5.88)
Seat 6: ELSUPREMO999 (button) (small blind) folded on the Turn


PokerStars Hand #156362586686:  Hold'em Limit ($3/$6 USD) - 2016/07/23 21:00:11 ET
Table 'Klytia' 10-max Seat #5 is the button
Seat 5: simper11 ($159.30 in chips)
Seat 6: ELSUPREMO999 ($169.76 in chips)
simper11: posts small blind $1
ELSUPREMO999: posts big blind $3
*** HOLE CARDS ***
simper11: raises $3 to $6
ELSUPREMO999: calls $3
*** FLOP *** [9c 6s 5d]
ELSUPREMO999: checks
simper11: bets $3
ELSUPREMO999: folds
Uncalled bet ($3) returned to simper11
simper11 collected $11.76 from pot
simper11: doesn't show hand
*** SUMMARY ***
Total pot $12 | Rake $0.24
Board [9c 6s 5d]
Seat 5: simper11 (button) (small blind) collected ($11.76)
Seat 6: ELSUPREMO999 (big blind) folded on the Flop


PokerStars Hand #156362582899:  Hold'em Limit ($3/$6 USD) - 2016/07/23 21:00:01 ET
Table 'Klytia' 10-max Seat #6 is the button
Seat 5: simper11 ($162.30 in chips)
Seat 6: ELSUPREMO999 ($166.88 in chips)
ELSUPREMO999: posts small blind $1
simper11: posts big blind $3
*** HOLE CARDS ***
ELSUPREMO999: calls $2
simper11: checks
*** FLOP *** [As 7h Qh]
simper11: checks
ELSUPREMO999: checks
*** TURN *** [As 7h Qh] [3h]
simper11: checks
ELSUPREMO999: checks
*** RIVER *** [As 7h Qh 3h] [7s]
simper11: checks
ELSUPREMO999: checks
*** SHOW DOWN ***
simper11: shows [5d Jh] (a pair of Sevens)
ELSUPREMO999: shows [Kh 6c] (a pair of Sevens - Ace+King kicker)
ELSUPREMO999 collected $5.88 from pot
*** SUMMARY ***
Total pot $6 | Rake $0.12
Board [As 7h Qh 3h 7s]
Seat 5: simper11 (big blind) showed [5d Jh] and lost with a pair of Sevens
Seat 6: ELSUPREMO999 (button) (small blind) showed [Kh 6c] and won ($5.88) with a pair of Sevens


PokerStars Hand #156362575432:  Hold'em Limit ($3/$6 USD) - 2016/07/23 20:59:40 ET
Table 'Klytia' 10-max Seat #6 is the button
Seat 5: simper11 ($168.42 in chips)
Seat 6: ELSUPREMO999 ($161.24 in chips)
ELSUPREMO999: posts small blind $1
simper11: posts big blind $3
*** HOLE CARDS ***
ELSUPREMO999: calls $2
simper11: checks
*** FLOP *** [Th 2s As]
simper11: checks
ELSUPREMO999: checks
*** TURN *** [Th 2s As] [5c]
simper11: checks
ELSUPREMO999: checks
*** RIVER *** [Th 2s As 5c] [Jd]
simper11: checks
ELSUPREMO999: checks
*** SHOW DOWN ***
simper11: shows [5d 9h] (a pair of Fives)
ELSUPREMO999: mucks hand
simper11 collected $5.88 from pot
*** SUMMARY ***
Total pot $6 | Rake $0.12
Board [Th 2s As 5c Jd]
Seat 5: simper11 (big blind) showed [5d 9h] and won ($5.88) with a pair of Fives
Seat 6: ELSUPREMO999 (button) (small blind) mucked


PokerStars Hand #156365703597:  Hold'em Limit ($3/$6 USD) - 2016/07/23 23:31:16 ET
Table 'Klytia' 10-max Seat #8 is the button
Seat 6: SonneUndMond ($144.03 in chips)
Seat 8: Masqb ($135.09 in chips)
Masqb: posts small blind $1
SonneUndMond: posts big blind $3
*** HOLE CARDS ***
Masqb: raises $3 to $6
SonneUndMond: calls $3
*** FLOP *** [Ac Ks Ad]
SonneUndMond: checks
Masqb: bets $3
SonneUndMond: folds
Uncalled bet ($3) returned to Masqb
Masqb collected $11.76 from pot
Masqb: doesn't show hand
*** SUMMARY ***
Total pot $12 | Rake $0.24
Board [Ac Ks Ad]
Seat 6: SonneUndMond (big blind) folded on the Flop
Seat 8: Masqb (button) (small blind) collected ($11.76)


PokerStars Hand #156365696876:  Hold'em Limit ($3/$6 USD) - 2016/07/23 23:30:52 ET
Table 'Klytia' 10-max Seat #6 is the button
Seat 6: SonneUndMond ($138.27 in chips)
Seat 8: Masqb ($141.09 in chips)
SonneUndMond: posts small blind $1
Masqb: posts big blind $3
*** HOLE CARDS ***
SonneUndMond: raises $3 to $6
ZinnurovZak leaves the table
Masqb: calls $3
*** FLOP *** [Kc 8c 4h]
Masqb: checks
SonneUndMond: bets $3
Masqb: folds
Uncalled bet ($3) returned to SonneUndMond
SonneUndMond collected $11.76 from pot
SonneUndMond: doesn't show hand
*** SUMMARY ***
Total pot $12 | Rake $0.24
Board [Kc 8c 4h]
Seat 6: SonneUndMond (button) (small blind) collected ($11.76)
Seat 8: Masqb (big blind) folded on the Flop


