PokerStars Hand #145697717864:  Hold'em Limit ($3/$6 USD) - 2015/12/21 13:41:38 ET
Table 'Kniertje' 2-max Seat #1 is the button
Seat 1: Alex119387 ($168.54 in chips)
Seat 2: punkrott ($111.14 in chips)
Alex119387: posts small blind $1
punkrott: posts big blind $3
*** HOLE CARDS ***
Alex119387: raises $3 to $6
punkrott: calls $3
*** FLOP *** [6h Jh 3d]
punkrott: checks
Alex119387: bets $3
punkrott: calls $3
*** TURN *** [6h Jh 3d] [8c]
punkrott: checks
Alex119387: checks
*** RIVER *** [6h Jh 3d 8c] [Th]
punkrott: bets $6
Alex119387: calls $6
*** SHOW DOWN ***
punkrott: shows [7c 5s] (high card Jack)
Alex119387: shows [Kc As] (high card Ace)
Alex119387 collected $29.50 from pot
*** SUMMARY ***
Total pot $30 | Rake $0.50
Board [6h Jh 3d 8c Th]
Seat 1: Alex119387 (button) (small blind) showed [Kc As] and won ($29.50) with high card Ace
Seat 2: punkrott (big blind) showed [7c 5s] and lost with high card Jack


PokerStars Hand #145697707103:  Hold'em Limit ($3/$6 USD) - 2015/12/21 13:41:26 ET
Table 'Kniertje' 2-max Seat #2 is the button
Seat 1: Alex119387 ($183.54 in chips)
Seat 2: punkrott ($96.64 in chips)
punkrott: posts small blind $1
Alex119387: posts big blind $3
*** HOLE CARDS ***
punkrott: raises $3 to $6
Alex119387: raises $3 to $9
punkrott: calls $3
*** FLOP *** [7s 5h Ts]
Alex119387: checks
punkrott: checks
*** TURN *** [7s 5h Ts] [7h]
Alex119387: checks
punkrott: bets $6
Alex119387: calls $6
*** RIVER *** [7s 5h Ts 7h] [2h]
Alex119387: checks
punkrott: checks
*** SHOW DOWN ***
Alex119387: shows [Ad Qs] (a pair of Sevens)
punkrott: shows [2s Ac] (two pair, Sevens and Deuces)
punkrott collected $29.50 from pot
*** SUMMARY ***
Total pot $30 | Rake $0.50
Board [7s 5h Ts 7h 2h]
Seat 1: Alex119387 (big blind) showed [Ad Qs] and lost with a pair of Sevens
Seat 2: punkrott (button) (small blind) showed [2s Ac] and won ($29.50) with two pair, Sevens and Deuces


PokerStars Hand #145697699503:  Hold'em Limit ($3/$6 USD) - 2015/12/21 13:41:17 ET
Table 'Kniertje' 2-max Seat #1 is the button
Seat 1: Alex119387 ($192.54 in chips)
Seat 2: punkrott ($88 in chips)
Alex119387: posts small blind $1
punkrott: posts big blind $3
*** HOLE CARDS ***
Alex119387: raises $3 to $6
punkrott: calls $3
*** FLOP *** [Kc 3c 2c]
punkrott: checks
Alex119387: bets $3
punkrott: raises $3 to $6
Alex119387: folds
Uncalled bet ($3) returned to punkrott
punkrott collected $17.64 from pot
punkrott: doesn't show hand
*** SUMMARY ***
Total pot $18 | Rake $0.36
Board [Kc 3c 2c]
Seat 1: Alex119387 (button) (small blind) folded on the Flop
Seat 2: punkrott (big blind) collected ($17.64)


PokerStars Hand #145697695479:  Hold'em Limit ($3/$6 USD) - 2015/12/21 13:41:13 ET
Table 'Kniertje' 2-max Seat #2 is the button
Seat 1: Alex119387 ($195.54 in chips)
Seat 2: punkrott ($85 in chips)
punkrott: posts small blind $1
Alex119387: posts big blind $3
*** HOLE CARDS ***
punkrott: raises $3 to $6
Alex119387: folds
Uncalled bet ($3) returned to punkrott
punkrott collected $6 from pot
punkrott: doesn't show hand
*** SUMMARY ***
Total pot $6 | Rake $0
Seat 1: Alex119387 (big blind) folded before Flop
Seat 2: punkrott (button) (small blind) collected ($6)


PokerStars Hand #145697782221:  Hold'em Limit ($3/$6 USD) - 2015/12/21 13:42:47 ET
Table 'Kniertje' 2-max Seat #1 is the button
Seat 1: Alex119387 ($172.06 in chips)
Seat 2: punkrott ($105.16 in chips)
Alex119387: posts small blind $1
punkrott: posts big blind $3
*** HOLE CARDS ***
Alex119387: folds
Uncalled bet ($2) returned to punkrott
punkrott collected $2 from pot
punkrott: doesn't show hand
*** SUMMARY ***
Total pot $2 | Rake $0
Seat 1: Alex119387 (button) (small blind) folded before Flop
Seat 2: punkrott (big blind) collected ($2)


PokerStars Hand #145697772239:  Hold'em Limit ($3/$6 USD) - 2015/12/21 13:42:37 ET
Table 'Kniertje' 2-max Seat #2 is the button
Seat 1: Alex119387 ($148.56 in chips)
Seat 2: punkrott ($129.16 in chips)
punkrott: posts small blind $1
Alex119387: posts big blind $3
*** HOLE CARDS ***
punkrott: raises $3 to $6
Alex119387: raises $3 to $9
punkrott: calls $3
*** FLOP *** [9d 5d Kh]
Alex119387: bets $3
punkrott: calls $3
*** TURN *** [9d 5d Kh] [8s]
Alex119387: bets $6
punkrott: calls $6
*** RIVER *** [9d 5d Kh 8s] [Tc]
Alex119387: bets $6
punkrott: calls $6
*** SHOW DOWN ***
Alex119387: shows [6s Kc] (a pair of Kings)
punkrott: mucks hand
Alex119387 collected $47.50 from pot
*** SUMMARY ***
Total pot $48 | Rake $0.50
Board [9d 5d Kh 8s Tc]
Seat 1: Alex119387 (big blind) showed [6s Kc] and won ($47.50) with a pair of Kings
Seat 2: punkrott (button) (small blind) mucked


PokerStars Hand #145697760956:  Hold'em Limit ($3/$6 USD) - 2015/12/21 13:42:24 ET
Table 'Kniertje' 2-max Seat #1 is the button
Seat 1: Alex119387 ($181.56 in chips)
Seat 2: punkrott ($96.66 in chips)
Alex119387: posts small blind $1
punkrott: posts big blind $3
*** HOLE CARDS ***
Alex119387: raises $3 to $6
punkrott: calls $3
*** FLOP *** [8c 6s 2d]
punkrott: checks
Alex119387: bets $3
punkrott: calls $3
*** TURN *** [8c 6s 2d] [4s]
punkrott: checks
Alex119387: bets $6
punkrott: raises $6 to $12
Alex119387: raises $6 to $18
punkrott: calls $6
*** RIVER *** [8c 6s 2d 4s] [9d]
punkrott: checks
Alex119387: bets $6
punkrott: calls $6
*** SHOW DOWN ***
Alex119387: shows [8s Ts] (a pair of Eights)
punkrott: shows [6d 2c] (two pair, Sixes and Deuces)
punkrott collected $65.50 from pot
*** SUMMARY ***
Total pot $66 | Rake $0.50
Board [8c 6s 2d 4s 9d]
Seat 1: Alex119387 (button) (small blind) showed [8s Ts] and lost with a pair of Eights
Seat 2: punkrott (big blind) showed [6d 2c] and won ($65.50) with two pair, Sixes and Deuces


PokerStars Hand #145697752788:  Hold'em Limit ($3/$6 USD) - 2015/12/21 13:42:15 ET
Table 'Kniertje' 2-max Seat #2 is the button
Seat 1: Alex119387 ($187.56 in chips)
Seat 2: punkrott ($90.90 in chips)
punkrott: posts small blind $1
Alex119387: posts big blind $3
*** HOLE CARDS ***
punkrott: raises $3 to $6
Alex119387: calls $3
*** FLOP *** [9h Jh 2d]
Alex119387: checks
punkrott: checks
*** TURN *** [9h Jh 2d] [8c]
Alex119387: checks
punkrott: bets $6
Alex119387: folds
Uncalled bet ($6) returned to punkrott
punkrott collected $11.76 from pot
punkrott: doesn't show hand
*** SUMMARY ***
Total pot $12 | Rake $0.24
Board [9h Jh 2d 8c]
Seat 1: Alex119387 (big blind) folded on the Turn
Seat 2: punkrott (button) (small blind) collected ($11.76)


PokerStars Hand #145697748741:  Hold'em Limit ($3/$6 USD) - 2015/12/21 13:42:10 ET
Table 'Kniertje' 2-max Seat #1 is the button
Seat 1: Alex119387 ($188.56 in chips)
Seat 2: punkrott ($89.90 in chips)
Alex119387: posts small blind $1
punkrott: posts big blind $3
*** HOLE CARDS ***
Alex119387: folds
Uncalled bet ($2) returned to punkrott
punkrott collected $2 from pot
punkrott: doesn't show hand
*** SUMMARY ***
Total pot $2 | Rake $0
Seat 1: Alex119387 (button) (small blind) folded before Flop
Seat 2: punkrott (big blind) collected ($2)


PokerStars Hand #145697742726:  Hold'em Limit ($3/$6 USD) - 2015/12/21 13:42:04 ET
Table 'Kniertje' 2-max Seat #2 is the button
Seat 1: Alex119387 ($194.56 in chips)
Seat 2: punkrott ($84.14 in chips)
punkrott: posts small blind $1
Alex119387: posts big blind $3
*** HOLE CARDS ***
punkrott: raises $3 to $6
Alex119387: calls $3
*** FLOP *** [Jd Ks Kh]
Alex119387: checks
punkrott: bets $3
Alex119387: folds
Uncalled bet ($3) returned to punkrott
punkrott collected $11.76 from pot
punkrott: doesn't show hand
*** SUMMARY ***
Total pot $12 | Rake $0.24
Board [Jd Ks Kh]
Seat 1: Alex119387 (big blind) folded on the Flop
Seat 2: punkrott (button) (small blind) collected ($11.76)


PokerStars Hand #145697733503:  Hold'em Limit ($3/$6 USD) - 2015/12/21 13:41:55 ET
Table 'Kniertje' 2-max Seat #1 is the button
Seat 1: Alex119387 ($191.68 in chips)
Seat 2: punkrott ($87.14 in chips)
Alex119387: posts small blind $1
punkrott: posts big blind $3
*** HOLE CARDS ***
Alex119387: calls $2
punkrott: checks
*** FLOP *** [Js Qh 8h]
punkrott: checks
Alex119387: checks
*** TURN *** [Js Qh 8h] [Ks]
punkrott: checks
Alex119387: bets $6
punkrott: folds
Uncalled bet ($6) returned to Alex119387
Alex119387 collected $5.88 from pot
Alex119387: doesn't show hand
*** SUMMARY ***
Total pot $6 | Rake $0.12
Board [Js Qh 8h Ks]
Seat 1: Alex119387 (button) (small blind) collected ($5.88)
Seat 2: punkrott (big blind) folded on the Turn


PokerStars Hand #145697726740:  Hold'em Limit ($3/$6 USD) - 2015/12/21 13:41:48 ET
Table 'Kniertje' 2-max Seat #2 is the button
Seat 1: Alex119387 ($183.04 in chips)
Seat 2: punkrott ($96.14 in chips)
punkrott: posts small blind $1
Alex119387: posts big blind $3
*** HOLE CARDS ***
punkrott: raises $3 to $6
Alex119387: raises $3 to $9
punkrott: calls $3
*** FLOP *** [3d Qd 2d]
Alex119387: bets $3
punkrott: folds
Uncalled bet ($3) returned to Alex119387
Alex119387 collected $17.64 from pot
Alex119387: doesn't show hand
*** SUMMARY ***
Total pot $18 | Rake $0.36
Board [3d Qd 2d]
Seat 1: Alex119387 (big blind) collected ($17.64)
Seat 2: punkrott (button) (small blind) folded on the Flop


PokerStars Hand #145697828983:  Hold'em Limit ($3/$6 USD) - 2015/12/21 13:43:37 ET
Table 'Kniertje' 2-max Seat #2 is the button
Seat 1: Alex119387 ($217.06 in chips)
Seat 2: punkrott ($118.66 in chips)
punkrott: posts small blind $1
Alex119387: posts big blind $3
*** HOLE CARDS ***
punkrott: raises $3 to $6
Alex119387: calls $3
*** FLOP *** [6d 3c Js]
Alex119387: checks
punkrott: checks
*** TURN *** [6d 3c Js] [9d]
Alex119387: checks
punkrott: checks
*** RIVER *** [6d 3c Js 9d] [8d]
Alex119387: bets $6
punkrott: folds
Uncalled bet ($6) returned to Alex119387
Alex119387 collected $11.76 from pot
Alex119387: doesn't show hand
*** SUMMARY ***
Total pot $12 | Rake $0.24
Board [6d 3c Js 9d 8d]
Seat 1: Alex119387 (big blind) collected ($11.76)
Seat 2: punkrott (button) (small blind) folded on the River


PokerStars Hand #145697824612:  Hold'em Limit ($3/$6 USD) - 2015/12/21 13:43:33 ET
Table 'Kniertje' 2-max Seat #1 is the button
Seat 1: Alex119387 ($218.06 in chips)
Seat 2: punkrott ($57.66 in chips)
Alex119387: posts small blind $1
punkrott: posts big blind $3
*** HOLE CARDS ***
Alex119387: folds
Uncalled bet ($2) returned to punkrott
punkrott collected $2 from pot
punkrott: doesn't show hand
*** SUMMARY ***
Total pot $2 | Rake $0
Seat 1: Alex119387 (button) (small blind) folded before Flop
Seat 2: punkrott (big blind) collected ($2)


PokerStars Hand #145697810515:  Hold'em Limit ($3/$6 USD) - 2015/12/21 13:43:18 ET
Table 'Kniertje' 2-max Seat #2 is the button
Seat 1: Alex119387 ($182.56 in chips)
Seat 2: punkrott ($93.66 in chips)
punkrott: posts small blind $1
Alex119387: posts big blind $3
*** HOLE CARDS ***
punkrott: raises $3 to $6
Alex119387: calls $3
*** FLOP *** [Js 8h 2s]
Alex119387: checks
punkrott: checks
*** TURN *** [Js 8h 2s] [6h]
Alex119387: bets $6
punkrott: raises $6 to $12
Alex119387: raises $6 to $18
punkrott: raises $6 to $24
Betting is capped
Alex119387: calls $6
*** RIVER *** [Js 8h 2s 6h] [Ad]
Alex119387: checks
punkrott: bets $6
Alex119387: calls $6
*** SHOW DOWN ***
punkrott: shows [2d 6d] (two pair, Sixes and Deuces)
Alex119387: shows [Jc 6s] (two pair, Jacks and Sixes)
Alex119387 collected $71.50 from pot
*** SUMMARY ***
Total pot $72 | Rake $0.50
Board [Js 8h 2s 6h Ad]
Seat 1: Alex119387 (big blind) showed [Jc 6s] and won ($71.50) with two pair, Jacks and Sixes
Seat 2: punkrott (button) (small blind) showed [2d 6d] and lost with two pair, Sixes and Deuces


PokerStars Hand #145697798957:  Hold'em Limit ($3/$6 USD) - 2015/12/21 13:43:05 ET
Table 'Kniertje' 2-max Seat #1 is the button
Seat 1: Alex119387 ($156.06 in chips)
Seat 2: punkrott ($120.66 in chips)
Alex119387: posts small blind $1
punkrott: posts big blind $3
*** HOLE CARDS ***
Alex119387: raises $3 to $6
punkrott: calls $3
*** FLOP *** [5c Ad Qd]
punkrott: checks
Alex119387: bets $3
punkrott: raises $3 to $6
Alex119387: raises $3 to $9
punkrott: calls $3
*** TURN *** [5c Ad Qd] [4h]
punkrott: checks
Alex119387: checks
*** RIVER *** [5c Ad Qd 4h] [Th]
punkrott: bets $6
Alex119387: raises $6 to $12
punkrott: calls $6
*** SHOW DOWN ***
Alex119387: shows [Kd Jd] (a straight, Ten to Ace)
punkrott: mucks hand
Alex119387 collected $53.50 from pot
*** SUMMARY ***
Total pot $54 | Rake $0.50
Board [5c Ad Qd 4h Th]
Seat 1: Alex119387 (button) (small blind) showed [Kd Jd] and won ($53.50) with a straight, Ten to Ace
Seat 2: punkrott (big blind) mucked


PokerStars Hand #145697786226:  Hold'em Limit ($3/$6 USD) - 2015/12/21 13:42:52 ET
Table 'Kniertje' 2-max Seat #2 is the button
Seat 1: Alex119387 ($171.06 in chips)
Seat 2: punkrott ($106.16 in chips)
punkrott: posts small blind $1
Alex119387: posts big blind $3
*** HOLE CARDS ***
punkrott: raises $3 to $6
Alex119387: calls $3
*** FLOP *** [5c 4s 5h]
Alex119387: checks
punkrott: bets $3
Alex119387: calls $3
*** TURN *** [5c 4s 5h] [8h]
Alex119387: bets $6
punkrott: calls $6
*** RIVER *** [5c 4s 5h 8h] [4c]
Alex119387: checks
punkrott: bets $6
Alex119387: folds
Uncalled bet ($6) returned to punkrott
punkrott collected $29.50 from pot
punkrott: doesn't show hand
*** SUMMARY ***
Total pot $30 | Rake $0.50
Board [5c 4s 5h 8h 4c]
Seat 1: Alex119387 (big blind) folded on the River
Seat 2: punkrott (button) (small blind) collected ($29.50)


PokerStars Hand #145697891891:  Hold'em Limit ($3/$6 USD) - 2015/12/21 13:44:45 ET
Table 'Kniertje' 2-max Seat #1 is the button
Seat 1: Alex119387 ($212.98 in chips)
Seat 2: punkrott ($120.58 in chips)
Alex119387: posts small blind $1
punkrott: posts big blind $3
*** HOLE CARDS ***
Alex119387: raises $3 to $6
punkrott: folds
Uncalled bet ($3) returned to Alex119387
Alex119387 collected $6 from pot
Alex119387: doesn't show hand
*** SUMMARY ***
Total pot $6 | Rake $0
Seat 1: Alex119387 (button) (small blind) collected ($6)
Seat 2: punkrott (big blind) folded before Flop


PokerStars Hand #145697882033:  Hold'em Limit ($3/$6 USD) - 2015/12/21 13:44:34 ET
Table 'Kniertje' 2-max Seat #2 is the button
Seat 1: Alex119387 ($221.98 in chips)
Seat 2: punkrott ($111.94 in chips)
punkrott: posts small blind $1
Alex119387: posts big blind $3
*** HOLE CARDS ***
punkrott: raises $3 to $6
Alex119387: calls $3
*** FLOP *** [3d 6s Jc]
Alex119387: bets $3
punkrott: calls $3
*** TURN *** [3d 6s Jc] [9h]
Alex119387: checks
punkrott: bets $6
Alex119387: folds
Uncalled bet ($6) returned to punkrott
punkrott collected $17.64 from pot
punkrott: doesn't show hand
*** SUMMARY ***
Total pot $18 | Rake $0.36
Board [3d 6s Jc 9h]
Seat 1: Alex119387 (big blind) folded on the Turn
Seat 2: punkrott (button) (small blind) collected ($17.64)


PokerStars Hand #145697873800:  Hold'em Limit ($3/$6 USD) - 2015/12/21 13:44:26 ET
Table 'Kniertje' 2-max Seat #1 is the button
Seat 1: Alex119387 ($213.34 in chips)
Seat 2: punkrott ($120.94 in chips)
Alex119387: posts small blind $1
punkrott: posts big blind $3
*** HOLE CARDS ***
Alex119387: raises $3 to $6
punkrott: calls $3
*** FLOP *** [7s 3h Ac]
punkrott: checks
Alex119387: bets $3
punkrott: calls $3
*** TURN *** [7s 3h Ac] [Jd]
punkrott: checks
Alex119387: bets $6
punkrott: folds
Uncalled bet ($6) returned to Alex119387
Alex119387 collected $17.64 from pot
Alex119387: doesn't show hand
*** SUMMARY ***
Total pot $18 | Rake $0.36
Board [7s 3h Ac Jd]
Seat 1: Alex119387 (button) (small blind) collected ($17.64)
Seat 2: punkrott (big blind) folded on the Turn


PokerStars Hand #145697869753:  Hold'em Limit ($3/$6 USD) - 2015/12/21 13:44:21 ET
Table 'Kniertje' 2-max Seat #2 is the button
Seat 1: Alex119387 ($216.34 in chips)
Seat 2: punkrott ($117.94 in chips)
punkrott: posts small blind $1
Alex119387: posts big blind $3
*** HOLE CARDS ***
punkrott: raises $3 to $6
Alex119387: folds
Uncalled bet ($3) returned to punkrott
punkrott collected $6 from pot
punkrott: doesn't show hand
*** SUMMARY ***
Total pot $6 | Rake $0
Seat 1: Alex119387 (big blind) folded before Flop
Seat 2: punkrott (button) (small blind) collected ($6)


PokerStars Hand #145697856758:  Hold'em Limit ($3/$6 USD) - 2015/12/21 13:44:07 ET
Table 'Kniertje' 2-max Seat #1 is the button
Seat 1: Alex119387 ($228.34 in chips)
Seat 2: punkrott ($106.42 in chips)
Alex119387: posts small blind $1
punkrott: posts big blind $3
*** HOLE CARDS ***
Alex119387: raises $3 to $6
punkrott: calls $3
*** FLOP *** [2h 6s 5h]
punkrott: checks
Alex119387: bets $3
punkrott: raises $3 to $6
Alex119387: calls $3
*** TURN *** [2h 6s 5h] [4h]
punkrott: checks
Alex119387: checks
*** RIVER *** [2h 6s 5h 4h] [Tc]
punkrott: checks
Alex119387: checks
*** SHOW DOWN ***
punkrott: shows [Qd 5s] (a pair of Fives)
Alex119387: mucks hand
punkrott collected $23.52 from pot
*** SUMMARY ***
Total pot $24 | Rake $0.48
Board [2h 6s 5h 4h Tc]
Seat 1: Alex119387 (button) (small blind) mucked
Seat 2: punkrott (big blind) showed [Qd 5s] and won ($23.52) with a pair of Fives


PokerStars Hand #145697847619:  Hold'em Limit ($3/$6 USD) - 2015/12/21 13:43:57 ET
Table 'Kniertje' 2-max Seat #2 is the button
Seat 1: Alex119387 ($216.82 in chips)
Seat 2: punkrott ($118.42 in chips)
punkrott: posts small blind $1
Alex119387: posts big blind $3
*** HOLE CARDS ***
punkrott: raises $3 to $6
Alex119387: calls $3
*** FLOP *** [4c 9h 7s]
Alex119387: checks
punkrott: checks
*** TURN *** [4c 9h 7s] [6d]
Alex119387: bets $6
punkrott: calls $6
*** RIVER *** [4c 9h 7s 6d] [Ad]
Alex119387: checks
punkrott: checks
*** SHOW DOWN ***
Alex119387: shows [Jd 7c] (a pair of Sevens)
punkrott: mucks hand
Alex119387 collected $23.52 from pot
*** SUMMARY ***
Total pot $24 | Rake $0.48
Board [4c 9h 7s 6d Ad]
Seat 1: Alex119387 (big blind) showed [Jd 7c] and won ($23.52) with a pair of Sevens
Seat 2: punkrott (button) (small blind) mucked


PokerStars Hand #145697837704:  Hold'em Limit ($3/$6 USD) - 2015/12/21 13:43:47 ET
Table 'Kniertje' 2-max Seat #1 is the button
Seat 1: Alex119387 ($222.82 in chips)
Seat 2: punkrott ($112.66 in chips)
Alex119387: posts small blind $1
punkrott: posts big blind $3
*** HOLE CARDS ***
Alex119387: raises $3 to $6
punkrott: calls $3
*** FLOP *** [8d Jd 7s]
punkrott: checks
Alex119387: checks
*** TURN *** [8d Jd 7s] [9c]
punkrott: checks
Alex119387: checks
*** RIVER *** [8d Jd 7s 9c] [6h]
punkrott: bets $6
Alex119387: folds
Uncalled bet ($6) returned to punkrott
punkrott collected $11.76 from pot
punkrott: doesn't show hand
*** SUMMARY ***
Total pot $12 | Rake $0.24
Board [8d Jd 7s 9c 6h]
Seat 1: Alex119387 (button) (small blind) folded on the River
Seat 2: punkrott (big blind) collected ($11.76)


PokerStars Hand #145697934728:  Hold'em Limit ($3/$6 USD) - 2015/12/21 13:45:31 ET
Table 'Kniertje' 2-max Seat #1 is the button
Seat 1: Alex119387 ($176.98 in chips)
Seat 2: punkrott ($156.08 in chips)
Alex119387: posts small blind $1
punkrott: posts big blind $3
*** HOLE CARDS ***
Alex119387: raises $3 to $6
punkrott: calls $3
*** FLOP *** [7c 3d 2h]
punkrott: checks
Alex119387: bets $3
punkrott: folds
Uncalled bet ($3) returned to Alex119387
Alex119387 collected $11.76 from pot
Alex119387: doesn't show hand
*** SUMMARY ***
Total pot $12 | Rake $0.24
Board [7c 3d 2h]
Seat 1: Alex119387 (button) (small blind) collected ($11.76)
Seat 2: punkrott (big blind) folded on the Flop


PokerStars Hand #145697930277:  Hold'em Limit ($3/$6 USD) - 2015/12/21 13:45:26 ET
Table 'Kniertje' 2-max Seat #2 is the button
Seat 1: Alex119387 ($179.98 in chips)
Seat 2: punkrott ($153.08 in chips)
punkrott: posts small blind $1
Alex119387: posts big blind $3
*** HOLE CARDS ***
punkrott: raises $3 to $6
Alex119387: folds
Uncalled bet ($3) returned to punkrott
punkrott collected $6 from pot
punkrott: doesn't show hand
*** SUMMARY ***
Total pot $6 | Rake $0
Seat 1: Alex119387 (big blind) folded before Flop
Seat 2: punkrott (button) (small blind) collected ($6)


PokerStars Hand #145697925865:  Hold'em Limit ($3/$6 USD) - 2015/12/21 13:45:21 ET
Table 'Kniertje' 2-max Seat #1 is the button
Seat 1: Alex119387 ($180.98 in chips)
Seat 2: punkrott ($152.08 in chips)
Alex119387: posts small blind $1
punkrott: posts big blind $3
*** HOLE CARDS ***
Alex119387: folds
Uncalled bet ($2) returned to punkrott
punkrott collected $2 from pot
punkrott: doesn't show hand
*** SUMMARY ***
Total pot $2 | Rake $0
Seat 1: Alex119387 (button) (small blind) folded before Flop
Seat 2: punkrott (big blind) collected ($2)


PokerStars Hand #145697922169:  Hold'em Limit ($3/$6 USD) - 2015/12/21 13:45:18 ET
Table 'Kniertje' 2-max Seat #2 is the button
Seat 1: Alex119387 ($179.98 in chips)
Seat 2: punkrott ($153.08 in chips)
punkrott: posts small blind $1
Alex119387: posts big blind $3
*** HOLE CARDS ***
punkrott: folds
Uncalled bet ($2) returned to Alex119387
Alex119387 collected $2 from pot
Alex119387: doesn't show hand
*** SUMMARY ***
Total pot $2 | Rake $0
Seat 1: Alex119387 (big blind) collected ($2)
Seat 2: punkrott (button) (small blind) folded before Flop


PokerStars Hand #145697908320:  Hold'em Limit ($3/$6 USD) - 2015/12/21 13:45:02 ET
Table 'Kniertje' 2-max Seat #1 is the button
Seat 1: Alex119387 ($212.98 in chips)
Seat 2: punkrott ($120.58 in chips)
Alex119387: posts small blind $1
punkrott: posts big blind $3
*** HOLE CARDS ***
Alex119387: raises $3 to $6
punkrott: calls $3
*** FLOP *** [Td 5s Jh]
punkrott: checks
Alex119387: bets $3
punkrott: raises $3 to $6
Alex119387: raises $3 to $9
punkrott: calls $3
*** TURN *** [Td 5s Jh] [2s]
punkrott: checks
Alex119387: bets $6
punkrott: raises $6 to $12
Alex119387: calls $6
*** RIVER *** [Td 5s Jh 2s] [Ah]
punkrott: bets $6
Alex119387: calls $6
*** SHOW DOWN ***
punkrott: shows [2h Js] (two pair, Jacks and Deuces)
Alex119387: mucks hand
punkrott collected $65.50 from pot
*** SUMMARY ***
Total pot $66 | Rake $0.50
Board [Td 5s Jh 2s Ah]
Seat 1: Alex119387 (button) (small blind) mucked
Seat 2: punkrott (big blind) showed [2h Js] and won ($65.50) with two pair, Jacks and Deuces


PokerStars Hand #145697904640:  Hold'em Limit ($3/$6 USD) - 2015/12/21 13:44:59 ET
Table 'Kniertje' 2-max Seat #2 is the button
Seat 1: Alex119387 ($211.98 in chips)
Seat 2: punkrott ($121.58 in chips)
punkrott: posts small blind $1
Alex119387: posts big blind $3
*** HOLE CARDS ***
punkrott: folds
Uncalled bet ($2) returned to Alex119387
Alex119387 collected $2 from pot
Alex119387: doesn't show hand
*** SUMMARY ***
Total pot $2 | Rake $0
Seat 1: Alex119387 (big blind) collected ($2)
Seat 2: punkrott (button) (small blind) folded before Flop


PokerStars Hand #145697900948:  Hold'em Limit ($3/$6 USD) - 2015/12/21 13:44:55 ET
Table 'Kniertje' 2-max Seat #1 is the button
Seat 1: Alex119387 ($212.98 in chips)
Seat 2: punkrott ($120.58 in chips)
Alex119387: posts small blind $1
punkrott: posts big blind $3
*** HOLE CARDS ***
Alex119387: folds
Uncalled bet ($2) returned to punkrott
punkrott collected $2 from pot
punkrott: doesn't show hand
*** SUMMARY ***
Total pot $2 | Rake $0
Seat 1: Alex119387 (button) (small blind) folded before Flop
Seat 2: punkrott (big blind) collected ($2)


PokerStars Hand #145697896218:  Hold'em Limit ($3/$6 USD) - 2015/12/21 13:44:50 ET
Table 'Kniertje' 2-max Seat #2 is the button
Seat 1: Alex119387 ($215.98 in chips)
Seat 2: punkrott ($117.58 in chips)
punkrott: posts small blind $1
Alex119387: posts big blind $3
*** HOLE CARDS ***
punkrott: raises $3 to $6
Alex119387: folds
Uncalled bet ($3) returned to punkrott
punkrott collected $6 from pot
punkrott: doesn't show hand
*** SUMMARY ***
Total pot $6 | Rake $0
Seat 1: Alex119387 (big blind) folded before Flop
Seat 2: punkrott (button) (small blind) collected ($6)


PokerStars Hand #145697990739:  Hold'em Limit ($3/$6 USD) - 2015/12/21 13:46:31 ET
Table 'Kniertje' 2-max Seat #1 is the button
Seat 1: Alex119387 ($220.16 in chips)
Seat 2: punkrott ($111.08 in chips)
Alex119387: posts small blind $1
punkrott: posts big blind $3
*** HOLE CARDS ***
Alex119387: raises $3 to $6
punkrott: calls $3
*** FLOP *** [7c Qs 2s]
punkrott: checks
Alex119387: bets $3
punkrott: raises $3 to $6
Alex119387: calls $3
*** TURN *** [7c Qs 2s] [6h]
punkrott: bets $6
Alex119387: folds
Uncalled bet ($6) returned to punkrott
punkrott collected $23.52 from pot
punkrott: doesn't show hand
Alex119387 leaves the table
*** SUMMARY ***
Total pot $24 | Rake $0.48
Board [7c Qs 2s 6h]
Seat 1: Alex119387 (button) (small blind) folded on the Turn
Seat 2: punkrott (big blind) collected ($23.52)


PokerStars Hand #145697986662:  Hold'em Limit ($3/$6 USD) - 2015/12/21 13:46:27 ET
Table 'Kniertje' 2-max Seat #2 is the button
Seat 1: Alex119387 ($223.16 in chips)
Seat 2: punkrott ($108.08 in chips)
punkrott: posts small blind $1
Alex119387: posts big blind $3
*** HOLE CARDS ***
punkrott: raises $3 to $6
Alex119387: folds
Uncalled bet ($3) returned to punkrott
punkrott collected $6 from pot
punkrott: doesn't show hand
*** SUMMARY ***
Total pot $6 | Rake $0
Seat 1: Alex119387 (big blind) folded before Flop
Seat 2: punkrott (button) (small blind) collected ($6)


PokerStars Hand #145697977134:  Hold'em Limit ($3/$6 USD) - 2015/12/21 13:46:16 ET
Table 'Kniertje' 2-max Seat #1 is the button
Seat 1: Alex119387 ($211.64 in chips)
Seat 2: punkrott ($120.08 in chips)
Alex119387: posts small blind $1
punkrott: posts big blind $3
*** HOLE CARDS ***
Alex119387: raises $3 to $6
punkrott: calls $3
*** FLOP *** [7s Js As]
punkrott: checks
Alex119387: checks
*** TURN *** [7s Js As] [9c]
punkrott: checks
Alex119387: checks
*** RIVER *** [7s Js As 9c] [Ad]
punkrott: bets $6
Alex119387: calls $6
*** SHOW DOWN ***
punkrott: shows [6c 7h] (two pair, Aces and Sevens)
Alex119387: shows [Tc Th] (two pair, Aces and Tens)
Alex119387 collected $23.52 from pot
*** SUMMARY ***
Total pot $24 | Rake $0.48
Board [7s Js As 9c Ad]
Seat 1: Alex119387 (button) (small blind) showed [Tc Th] and won ($23.52) with two pair, Aces and Tens
Seat 2: punkrott (big blind) showed [6c 7h] and lost with two pair, Aces and Sevens


PokerStars Hand #145697969325:  Hold'em Limit ($3/$6 USD) - 2015/12/21 13:46:08 ET
Table 'Kniertje' 2-max Seat #2 is the button
Seat 1: Alex119387 ($205.88 in chips)
Seat 2: punkrott ($126.08 in chips)
punkrott: posts small blind $1
Alex119387: posts big blind $3
*** HOLE CARDS ***
punkrott: raises $3 to $6
Alex119387: calls $3
*** FLOP *** [9s Jc 3d]
Alex119387: checks
punkrott: checks
*** TURN *** [9s Jc 3d] [5s]
Alex119387: bets $6
punkrott: folds
Uncalled bet ($6) returned to Alex119387
Alex119387 collected $11.76 from pot
Alex119387: doesn't show hand
*** SUMMARY ***
Total pot $12 | Rake $0.24
Board [9s Jc 3d 5s]
Seat 1: Alex119387 (big blind) collected ($11.76)
Seat 2: punkrott (button) (small blind) folded on the Turn


PokerStars Hand #145697959214:  Hold'em Limit ($3/$6 USD) - 2015/12/21 13:45:57 ET
Table 'Kniertje' 2-max Seat #1 is the button
Seat 1: Alex119387 ($197.24 in chips)
Seat 2: punkrott ($135.08 in chips)
Alex119387: posts small blind $1
punkrott: posts big blind $3
*** HOLE CARDS ***
Alex119387: raises $3 to $6
punkrott: calls $3
*** FLOP *** [Ac Jd Ks]
punkrott: checks
Alex119387: bets $3
punkrott: calls $3
*** TURN *** [Ac Jd Ks] [6d]
punkrott: checks
Alex119387: checks
*** RIVER *** [Ac Jd Ks 6d] [Ts]
punkrott: checks
Alex119387: checks
*** SHOW DOWN ***
punkrott: shows [Th 5h] (a pair of Tens)
Alex119387: shows [Js 9h] (a pair of Jacks)
Alex119387 collected $17.64 from pot
*** SUMMARY ***
Total pot $18 | Rake $0.36
Board [Ac Jd Ks 6d Ts]
Seat 1: Alex119387 (button) (small blind) showed [Js 9h] and won ($17.64) with a pair of Jacks
Seat 2: punkrott (big blind) showed [Th 5h] and lost with a pair of Tens


PokerStars Hand #145697941757:  Hold'em Limit ($3/$6 USD) - 2015/12/21 13:45:38 ET
Table 'Kniertje' 2-max Seat #2 is the button
Seat 1: Alex119387 ($182.74 in chips)
Seat 2: punkrott ($150.08 in chips)
punkrott: posts small blind $1
Alex119387: posts big blind $3
*** HOLE CARDS ***
punkrott: raises $3 to $6
Alex119387: calls $3
*** FLOP *** [6d Kd 8c]
Alex119387: checks
punkrott: bets $3
Alex119387: calls $3
*** TURN *** [6d Kd 8c] [5h]
Alex119387: checks
punkrott: checks
*** RIVER *** [6d Kd 8c 5h] [Tc]
Alex119387: bets $6
punkrott: calls $6
*** SHOW DOWN ***
Alex119387: shows [8d Qc] (a pair of Eights)
punkrott: mucks hand
Alex119387 collected $29.50 from pot
*** SUMMARY ***
Total pot $30 | Rake $0.50
Board [6d Kd 8c 5h Tc]
Seat 1: Alex119387 (big blind) showed [8d Qc] and won ($29.50) with a pair of Eights
Seat 2: punkrott (button) (small blind) mucked


