PokerStars Hand #166224121241:  Hold'em Limit ($3/$6 USD) - 2017/02/14 19:00:28 ET
Table 'Kniertje' 6-max Seat #4 is the button
Seat 4: ashtar 516 ($35.03 in chips)
Seat 5: B_loJkl ($204.34 in chips)
ashtar 516: posts small blind $1
B_loJkl: posts big blind $3
*** HOLE CARDS ***
ashtar 516: folds
Uncalled bet ($2) returned to B_loJkl
B_loJkl collected $2 from pot
B_loJkl: doesn't show hand
*** SUMMARY ***
Total pot $2 | Rake $0
Seat 4: ashtar 516 (button) (small blind) folded before Flop
Seat 5: B_loJkl (big blind) collected ($2)


PokerStars Hand #166224117928:  Hold'em Limit ($3/$6 USD) - 2017/02/14 19:00:22 ET
Table 'Kniertje' 6-max Seat #5 is the button
Seat 4: ashtar 516 ($34.03 in chips)
Seat 5: B_loJkl ($205.34 in chips)
B_loJkl: posts small blind $1
JonnyCashBo: is sitting out
JonnyCashBo leaves the table
ashtar 516: posts big blind $3
*** HOLE CARDS ***
B_loJkl: folds
Uncalled bet ($2) returned to ashtar 516
ashtar 516 collected $2 from pot
millon joins the table at seat #3
ashtar 516: doesn't show hand
*** SUMMARY ***
Total pot $2 | Rake $0
Seat 4: ashtar 516 (big blind) collected ($2)
Seat 5: B_loJkl (button) (small blind) folded before Flop


PokerStars Hand #166227412672:  Hold'em Limit ($3/$6 USD) - 2017/02/14 20:38:47 ET
Table 'Kniertje' 6-max Seat #5 is the button
Seat 3: Mike_Denton ($105.36 in chips)
Seat 5: krytalex ($121.37 in chips)
krytalex: posts small blind $1
Mike_Denton: posts big blind $3
*** HOLE CARDS ***
krytalex: raises $3 to $6
Mike_Denton: folds
Uncalled bet ($3) returned to krytalex
krytalex collected $6 from pot
*** SUMMARY ***
Total pot $6 | Rake $0
Seat 3: Mike_Denton (big blind) folded before Flop
Seat 5: krytalex (button) (small blind) collected ($6)


PokerStars Hand #166227417450:  Hold'em Limit ($3/$6 USD) - 2017/02/14 20:38:57 ET
Table 'Kniertje' 6-max Seat #3 is the button
Seat 3: Mike_Denton ($102.36 in chips)
Seat 5: krytalex ($124.37 in chips)
Mike_Denton: posts small blind $1
krytalex: posts big blind $3
*** HOLE CARDS ***
Mike_Denton: raises $3 to $6
krytalex: calls $3
*** FLOP *** [7c 6h 9s]
krytalex: bets $3
Mike_Denton: calls $3
*** TURN *** [7c 6h 9s] [8d]
krytalex: bets $6
Mike_Denton: folds
Uncalled bet ($6) returned to krytalex
krytalex collected $17.64 from pot
*** SUMMARY ***
Total pot $18 | Rake $0.36
Board [7c 6h 9s 8d]
Seat 3: Mike_Denton (button) (small blind) folded on the Turn
Seat 5: krytalex (big blind) collected ($17.64)


PokerStars Hand #166227449663:  Hold'em Limit ($3/$6 USD) - 2017/02/14 20:40:05 ET
Table 'Kniertje' 6-max Seat #3 is the button
Seat 3: Mike_Denton ($87.36 in chips)
Seat 5: krytalex ($138.77 in chips)
Mike_Denton: posts small blind $1
krytalex: posts big blind $3
*** HOLE CARDS ***
Mike_Denton: raises $3 to $6
krytalex: folds
Uncalled bet ($3) returned to Mike_Denton
Mike_Denton collected $6 from pot
Mike_Denton: doesn't show hand
*** SUMMARY ***
Total pot $6 | Rake $0
Seat 3: Mike_Denton (button) (small blind) collected ($6)
Seat 5: krytalex (big blind) folded before Flop


PokerStars Hand #166227442055:  Hold'em Limit ($3/$6 USD) - 2017/02/14 20:39:49 ET
Table 'Kniertje' 6-max Seat #5 is the button
Seat 3: Mike_Denton ($93.36 in chips)
Seat 5: krytalex ($133.01 in chips)
krytalex: posts small blind $1
Mike_Denton: posts big blind $3
*** HOLE CARDS ***
krytalex: raises $3 to $6
Mike_Denton: calls $3
*** FLOP *** [5c Tc Td]
Mike_Denton: checks
krytalex: bets $3
Mike_Denton: folds
Uncalled bet ($3) returned to krytalex
krytalex collected $11.76 from pot
*** SUMMARY ***
Total pot $12 | Rake $0.24
Board [5c Tc Td]
Seat 3: Mike_Denton (big blind) folded on the Flop
Seat 5: krytalex (button) (small blind) collected ($11.76)


PokerStars Hand #166227453180:  Hold'em Limit ($3/$6 USD) - 2017/02/14 20:40:12 ET
Table 'Kniertje' 6-max Seat #5 is the button
Seat 3: Mike_Denton ($90.36 in chips)
Seat 5: krytalex ($135.77 in chips)
krytalex: posts small blind $1
Mike_Denton: posts big blind $3
*** HOLE CARDS ***
krytalex: raises $3 to $6
Mike_Denton: calls $3
*** FLOP *** [Ad Jd Th]
Mike_Denton: checks
krytalex: bets $3
Mike_Denton: raises $3 to $6
krytalex: calls $3
*** TURN *** [Ad Jd Th] [Kd]
Mike_Denton: bets $6
krytalex: folds
Uncalled bet ($6) returned to Mike_Denton
Mike_Denton collected $23.52 from pot
Mike_Denton: doesn't show hand
*** SUMMARY ***
Total pot $24 | Rake $0.48
Board [Ad Jd Th Kd]
Seat 3: Mike_Denton (big blind) collected ($23.52)
Seat 5: krytalex (button) (small blind) folded on the Turn


PokerStars Hand #166227476562:  Hold'em Limit ($3/$6 USD) - 2017/02/14 20:41:02 ET
Table 'Kniertje' 6-max Seat #3 is the button
Seat 3: Mike_Denton ($101.88 in chips)
Seat 5: krytalex ($123.77 in chips)
Mike_Denton: posts small blind $1
krytalex: posts big blind $3
*** HOLE CARDS ***
Mike_Denton: raises $3 to $6
krytalex: calls $3
*** FLOP *** [3d 6s 8h]
krytalex: checks
Mike_Denton: bets $3
krytalex: calls $3
*** TURN *** [3d 6s 8h] [4h]
krytalex: checks
Mike_Denton: bets $6
krytalex: calls $6
*** RIVER *** [3d 6s 8h 4h] [Ts]
krytalex: checks
Mike_Denton: bets $6
krytalex: folds
Uncalled bet ($6) returned to Mike_Denton
Mike_Denton collected $29.50 from pot
Mike_Denton: doesn't show hand
*** SUMMARY ***
Total pot $30 | Rake $0.50
Board [3d 6s 8h 4h Ts]
Seat 3: Mike_Denton (button) (small blind) collected ($29.50)
Seat 5: krytalex (big blind) folded on the River


PokerStars Hand #166227508650:  Hold'em Limit ($3/$6 USD) - 2017/02/14 20:42:10 ET
Table 'Kniertje' 6-max Seat #5 is the button
Seat 3: Mike_Denton ($116.38 in chips)
Seat 5: krytalex ($108.77 in chips)
krytalex: posts small blind $1
Mike_Denton: posts big blind $3
*** HOLE CARDS ***
krytalex: raises $3 to $6
Mike_Denton: calls $3
*** FLOP *** [Jc 3d As]
Mike_Denton: checks
krytalex: bets $3
Mike_Denton: folds
Uncalled bet ($3) returned to krytalex
krytalex collected $11.76 from pot
*** SUMMARY ***
Total pot $12 | Rake $0.24
Board [Jc 3d As]
Seat 3: Mike_Denton (big blind) folded on the Flop
Seat 5: krytalex (button) (small blind) collected ($11.76)


PokerStars Hand #166227525021:  Hold'em Limit ($3/$6 USD) - 2017/02/14 20:42:45 ET
Table 'Kniertje' 6-max Seat #5 is the button
Seat 3: Mike_Denton ($101.38 in chips)
Seat 5: krytalex ($123.17 in chips)
krytalex: posts small blind $1
Mike_Denton: posts big blind $3
*** HOLE CARDS ***
krytalex: folds
Uncalled bet ($2) returned to Mike_Denton
Mike_Denton collected $2 from pot
Mike_Denton: doesn't show hand
*** SUMMARY ***
Total pot $2 | Rake $0
Seat 3: Mike_Denton (big blind) collected ($2)
Seat 5: krytalex (button) (small blind) folded before Flop


PokerStars Hand #166227513770:  Hold'em Limit ($3/$6 USD) - 2017/02/14 20:42:21 ET
Table 'Kniertje' 6-max Seat #3 is the button
Seat 3: Mike_Denton ($110.38 in chips)
Seat 5: krytalex ($114.53 in chips)
Mike_Denton: posts small blind $1
krytalex: posts big blind $3
*** HOLE CARDS ***
Mike_Denton: raises $3 to $6
krytalex: calls $3
*** FLOP *** [5c 3h Jd]
krytalex: checks
Mike_Denton: bets $3
krytalex: calls $3
*** TURN *** [5c 3h Jd] [4h]
krytalex: checks
Mike_Denton: checks
*** RIVER *** [5c 3h Jd 4h] [6c]
krytalex: bets $6
Mike_Denton: folds
Uncalled bet ($6) returned to krytalex
krytalex collected $17.64 from pot
*** SUMMARY ***
Total pot $18 | Rake $0.36
Board [5c 3h Jd 4h 6c]
Seat 3: Mike_Denton (button) (small blind) folded on the River
Seat 5: krytalex (big blind) collected ($17.64)


PokerStars Hand #166227549785:  Hold'em Limit ($3/$6 USD) - 2017/02/14 20:43:37 ET
Table 'Kniertje' 6-max Seat #3 is the button
Seat 3: Mike_Denton ($110.90 in chips)
Seat 5: krytalex ($113.17 in chips)
Mike_Denton: posts small blind $1
krytalex: posts big blind $3
*** HOLE CARDS ***
Mike_Denton: folds
Uncalled bet ($2) returned to krytalex
krytalex collected $2 from pot
*** SUMMARY ***
Total pot $2 | Rake $0
Seat 3: Mike_Denton (button) (small blind) folded before Flop
Seat 5: krytalex (big blind) collected ($2)


PokerStars Hand #166227547304:  Hold'em Limit ($3/$6 USD) - 2017/02/14 20:43:32 ET
Table 'Kniertje' 6-max Seat #5 is the button
Seat 3: Mike_Denton ($113.90 in chips)
Seat 5: krytalex ($110.17 in chips)
krytalex: posts small blind $1
Mike_Denton: posts big blind $3
*** HOLE CARDS ***
krytalex: raises $3 to $6
Mike_Denton: folds
Uncalled bet ($3) returned to krytalex
krytalex collected $6 from pot
*** SUMMARY ***
Total pot $6 | Rake $0
Seat 3: Mike_Denton (big blind) folded before Flop
Seat 5: krytalex (button) (small blind) collected ($6)


PokerStars Hand #166227552065:  Hold'em Limit ($3/$6 USD) - 2017/02/14 20:43:42 ET
Table 'Kniertje' 6-max Seat #5 is the button
Seat 3: Mike_Denton ($109.90 in chips)
Seat 5: krytalex ($114.17 in chips)
krytalex: posts small blind $1
Mike_Denton: posts big blind $3
*** HOLE CARDS ***
krytalex: raises $3 to $6
Mike_Denton: calls $3
*** FLOP *** [8d Ah Qs]
Mike_Denton: checks
krytalex: bets $3
Mike_Denton: folds
Uncalled bet ($3) returned to krytalex
krytalex collected $11.76 from pot
*** SUMMARY ***
Total pot $12 | Rake $0.24
Board [8d Ah Qs]
Seat 3: Mike_Denton (big blind) folded on the Flop
Seat 5: krytalex (button) (small blind) collected ($11.76)


PokerStars Hand #166227570813:  Hold'em Limit ($3/$6 USD) - 2017/02/14 20:44:14 ET
Table 'Kniertje' 6-max Seat #5 is the button
Seat 3: Mike_Denton ($109.66 in chips)
Seat 5: krytalex ($113.93 in chips)
krytalex: posts small blind $1
Mike_Denton: posts big blind $3
*** HOLE CARDS ***
krytalex: raises $3 to $6
Mike_Denton: folds
Uncalled bet ($3) returned to krytalex
krytalex collected $6 from pot
*** SUMMARY ***
Total pot $6 | Rake $0
Seat 3: Mike_Denton (big blind) folded before Flop
Seat 5: krytalex (button) (small blind) collected ($6)


PokerStars Hand #166227556405:  Hold'em Limit ($3/$6 USD) - 2017/02/14 20:43:51 ET
Table 'Kniertje' 6-max Seat #3 is the button
Seat 3: Mike_Denton ($103.90 in chips)
Seat 5: krytalex ($119.93 in chips)
Mike_Denton: posts small blind $1
krytalex: posts big blind $3
*** HOLE CARDS ***
Mike_Denton: raises $3 to $6
krytalex: calls $3
*** FLOP *** [7c Qd 3s]
krytalex: checks
Mike_Denton: bets $3
krytalex: folds
Uncalled bet ($3) returned to Mike_Denton
Mike_Denton collected $11.76 from pot
Mike_Denton: doesn't show hand
*** SUMMARY ***
Total pot $12 | Rake $0.24
Board [7c Qd 3s]
Seat 3: Mike_Denton (button) (small blind) collected ($11.76)
Seat 5: krytalex (big blind) folded on the Flop


PokerStars Hand #166227529109:  Hold'em Limit ($3/$6 USD) - 2017/02/14 20:42:53 ET
Table 'Kniertje' 6-max Seat #3 is the button
Seat 3: Mike_Denton ($102.38 in chips)
Seat 5: krytalex ($122.17 in chips)
Mike_Denton: posts small blind $1
krytalex: posts big blind $3
*** HOLE CARDS ***
Mike_Denton: raises $3 to $6
krytalex: calls $3
*** FLOP *** [5s Qs 5h]
krytalex: checks
Mike_Denton: bets $3
krytalex: raises $3 to $6
Mike_Denton: calls $3
*** TURN *** [5s Qs 5h] [Qd]
krytalex: checks
Mike_Denton: bets $6
krytalex: folds
Uncalled bet ($6) returned to Mike_Denton
Mike_Denton collected $23.52 from pot
Mike_Denton: doesn't show hand
*** SUMMARY ***
Total pot $24 | Rake $0.48
Board [5s Qs 5h Qd]
Seat 3: Mike_Denton (button) (small blind) collected ($23.52)
Seat 5: krytalex (big blind) folded on the Turn


PokerStars Hand #166227574571:  Hold'em Limit ($3/$6 USD) - 2017/02/14 20:44:22 ET
Table 'Kniertje' 6-max Seat #3 is the button
Seat 3: Mike_Denton ($106.66 in chips)
Seat 5: krytalex ($116.93 in chips)
Mike_Denton: posts small blind $1
krytalex: posts big blind $3
*** HOLE CARDS ***
Mike_Denton: folds
Uncalled bet ($2) returned to krytalex
krytalex collected $2 from pot
*** SUMMARY ***
Total pot $2 | Rake $0
Seat 3: Mike_Denton (button) (small blind) folded before Flop
Seat 5: krytalex (big blind) collected ($2)


PokerStars Hand #166227576856:  Hold'em Limit ($3/$6 USD) - 2017/02/14 20:44:27 ET
Table 'Kniertje' 6-max Seat #5 is the button
Seat 3: Mike_Denton ($105.66 in chips)
Seat 5: krytalex ($117.93 in chips)
krytalex: posts small blind $1
Mike_Denton: posts big blind $3
*** HOLE CARDS ***
krytalex: raises $3 to $6
Mike_Denton: calls $3
*** FLOP *** [Js 4c Ks]
Mike_Denton: checks
krytalex: bets $3
Mike_Denton: folds
Uncalled bet ($3) returned to krytalex
krytalex collected $11.76 from pot
*** SUMMARY ***
Total pot $12 | Rake $0.24
Board [Js 4c Ks]
Seat 3: Mike_Denton (big blind) folded on the Flop
Seat 5: krytalex (button) (small blind) collected ($11.76)


PokerStars Hand #166227607789:  Hold'em Limit ($3/$6 USD) - 2017/02/14 20:45:33 ET
Table 'Kniertje' 6-max Seat #5 is the button
Seat 3: Mike_Denton ($105.42 in chips)
Seat 5: krytalex ($117.69 in chips)
krytalex: posts small blind $1
Mike_Denton: posts big blind $3
*** HOLE CARDS ***
krytalex: raises $3 to $6
Mike_Denton: raises $3 to $9
krytalex: calls $3
*** FLOP *** [2s Ts Jh]
Mike_Denton: bets $3
krytalex: raises $3 to $6
Mike_Denton: calls $3
*** TURN *** [2s Ts Jh] [5h]
Mike_Denton: checks
krytalex: bets $6
Mike_Denton: folds
Uncalled bet ($6) returned to krytalex
krytalex collected $29.50 from pot
*** SUMMARY ***
Total pot $30 | Rake $0.50
Board [2s Ts Jh 5h]
Seat 3: Mike_Denton (big blind) folded on the Turn
Seat 5: krytalex (button) (small blind) collected ($29.50)


PokerStars Hand #166227626290:  Hold'em Limit ($3/$6 USD) - 2017/02/14 20:46:13 ET
Table 'Kniertje' 6-max Seat #3 is the button
Seat 3: Mike_Denton ($90.42 in chips)
Seat 5: krytalex ($132.19 in chips)
Mike_Denton: posts small blind $1
krytalex: posts big blind $3
*** HOLE CARDS ***
Mike_Denton: folds
Uncalled bet ($2) returned to krytalex
krytalex collected $2 from pot
*** SUMMARY ***
Total pot $2 | Rake $0
Seat 3: Mike_Denton (button) (small blind) folded before Flop
Seat 5: krytalex (big blind) collected ($2)


PokerStars Hand #166227593719:  Hold'em Limit ($3/$6 USD) - 2017/02/14 20:45:03 ET
Table 'Kniertje' 6-max Seat #3 is the button
Seat 3: Mike_Denton ($99.66 in chips)
Seat 5: krytalex ($123.69 in chips)
Mike_Denton: posts small blind $1
krytalex: posts big blind $3
*** HOLE CARDS ***
Mike_Denton: raises $3 to $6
krytalex: calls $3
*** FLOP *** [Qc 8d 4h]
krytalex: checks
Mike_Denton: bets $3
krytalex: folds
Uncalled bet ($3) returned to Mike_Denton
Mike_Denton collected $11.76 from pot
Mike_Denton: doesn't show hand
*** SUMMARY ***
Total pot $12 | Rake $0.24
Board [Qc 8d 4h]
Seat 3: Mike_Denton (button) (small blind) collected ($11.76)
Seat 5: krytalex (big blind) folded on the Flop


PokerStars Hand #166227628430:  Hold'em Limit ($3/$6 USD) - 2017/02/14 20:46:18 ET
Table 'Kniertje' 6-max Seat #5 is the button
Seat 3: Mike_Denton ($89.42 in chips)
Seat 5: krytalex ($133.19 in chips)
krytalex: posts small blind $1
Mike_Denton: posts big blind $3
*** HOLE CARDS ***
krytalex: raises $3 to $6
Mike_Denton: raises $3 to $9
krytalex: calls $3
*** FLOP *** [3d 7h 8h]
Mike_Denton: bets $3
krytalex: folds
Uncalled bet ($3) returned to Mike_Denton
Mike_Denton collected $17.64 from pot
Mike_Denton: doesn't show hand
*** SUMMARY ***
Total pot $18 | Rake $0.36
Board [3d 7h 8h]
Seat 3: Mike_Denton (big blind) collected ($17.64)
Seat 5: krytalex (button) (small blind) folded on the Flop


PokerStars Hand #166227639428:  Hold'em Limit ($3/$6 USD) - 2017/02/14 20:46:41 ET
Table 'Kniertje' 6-max Seat #3 is the button
Seat 3: Mike_Denton ($98.06 in chips)
Seat 5: krytalex ($124.19 in chips)
Mike_Denton: posts small blind $1
krytalex: posts big blind $3
*** HOLE CARDS ***
Mike_Denton: raises $3 to $6
krytalex: calls $3
*** FLOP *** [9d 8s Kh]
krytalex: checks
Mike_Denton: bets $3
krytalex: folds
Uncalled bet ($3) returned to Mike_Denton
Mike_Denton collected $11.76 from pot
Mike_Denton: doesn't show hand
*** SUMMARY ***
Total pot $12 | Rake $0.24
Board [9d 8s Kh]
Seat 3: Mike_Denton (button) (small blind) collected ($11.76)
Seat 5: krytalex (big blind) folded on the Flop


PokerStars Hand #166227647072:  Hold'em Limit ($3/$6 USD) - 2017/02/14 20:46:58 ET
Table 'Kniertje' 6-max Seat #5 is the button
Seat 3: Mike_Denton ($103.82 in chips)
Seat 5: krytalex ($118.19 in chips)
krytalex: posts small blind $1
Mike_Denton: posts big blind $3
*** HOLE CARDS ***
krytalex: folds
Uncalled bet ($2) returned to Mike_Denton
Mike_Denton collected $2 from pot
Mike_Denton: doesn't show hand
*** SUMMARY ***
Total pot $2 | Rake $0
Seat 3: Mike_Denton (big blind) collected ($2)
Seat 5: krytalex (button) (small blind) folded before Flop


PokerStars Hand #166227659519:  Hold'em Limit ($3/$6 USD) - 2017/02/14 20:47:25 ET
Table 'Kniertje' 6-max Seat #5 is the button
Seat 3: Mike_Denton ($86.82 in chips)
Seat 5: krytalex ($134.69 in chips)
krytalex: posts small blind $1
Mike_Denton: posts big blind $3
*** HOLE CARDS ***
Rednaxela05 joins the table at seat #4
krytalex: raises $3 to $6
Mike_Denton: folds
Uncalled bet ($3) returned to krytalex
krytalex collected $6 from pot
*** SUMMARY ***
Total pot $6 | Rake $0
Seat 3: Mike_Denton (big blind) folded before Flop
Seat 5: krytalex (button) (small blind) collected ($6)


PokerStars Hand #166227651167:  Hold'em Limit ($3/$6 USD) - 2017/02/14 20:47:07 ET
Table 'Kniertje' 6-max Seat #3 is the button
Seat 3: Mike_Denton ($104.82 in chips)
Seat 5: krytalex ($117.19 in chips)
Mike_Denton: posts small blind $1
krytalex: posts big blind $3
*** HOLE CARDS ***
Mike_Denton: raises $3 to $6
krytalex: calls $3
*** FLOP *** [9c Tc 9s]
krytalex: checks
Mike_Denton: bets $3
krytalex: raises $3 to $6
Mike_Denton: raises $3 to $9
krytalex: raises $3 to $12
Betting is capped
Mike_Denton: calls $3
*** TURN *** [9c Tc 9s] [Jd]
krytalex: bets $6
Mike_Denton: folds
Uncalled bet ($6) returned to krytalex
krytalex collected $35.50 from pot
*** SUMMARY ***
Total pot $36 | Rake $0.50
Board [9c Tc 9s Jd]
Seat 3: Mike_Denton (button) (small blind) folded on the Turn
Seat 5: krytalex (big blind) collected ($35.50)


PokerStars Hand #166227994048:  Hold'em Limit ($3/$6 USD) - 2017/02/14 21:00:09 ET
Table 'Kniertje' 6-max Seat #5 is the button
Seat 4: Rednaxela05 ($92.01 in chips)
Seat 5: krytalex ($232.98 in chips)
krytalex: posts small blind $1
JonnyCashBo: is sitting out
Rednaxela05: posts big blind $3
JonnyCashBo leaves the table
*** HOLE CARDS ***
krytalex: raises $3 to $6
Rednaxela05: raises $3 to $9
krytalex: raises $3 to $12
Betting is capped
Rednaxela05: calls $3
*** FLOP *** [3h 9c Qc]
Rednaxela05: checks
krytalex: bets $3
Rednaxela05: calls $3
*** TURN *** [3h 9c Qc] [Qd]
Rednaxela05: checks
krytalex: bets $6
Rednaxela05: calls $6
*** RIVER *** [3h 9c Qc Qd] [Th]
Rednaxela05: checks
krytalex: checks
*** SHOW DOWN ***
Rednaxela05: shows [5d 5s] (two pair, Queens and Fives)
krytalex: mucks hand
Rednaxela05 collected $41.50 from pot
*** SUMMARY ***
Total pot $42 | Rake $0.50
Board [3h 9c Qc Qd Th]
Seat 4: Rednaxela05 (big blind) showed [5d 5s] and won ($41.50) with two pair, Queens and Fives
Seat 5: krytalex (button) (small blind) mucked


