PokerStars Hand #145329299277:  Hold'em Limit ($3/$6 USD) - 2015/12/14 10:00:02 ET
Table 'Kniertje' 2-max Seat #2 is the button
Seat 1: caritasest ($37.03 in chips)
Seat 2: Actionni13 ($166.26 in chips)
Actionni13: posts small blind $1
caritasest: posts big blind $3
*** HOLE CARDS ***
Actionni13: raises $3 to $6
caritasest: raises $3 to $9
Actionni13: calls $3
*** FLOP *** [Td As Kc]
caritasest: bets $3
Actionni13: folds
Uncalled bet ($3) returned to caritasest
caritasest collected $17.64 from pot
*** SUMMARY ***
Total pot $18 | Rake $0.36
Board [Td As Kc]
Seat 1: caritasest (big blind) collected ($17.64)
Seat 2: Actionni13 (button) (small blind) folded on the Flop


PokerStars Hand #145329309677:  Hold'em Limit ($3/$6 USD) - 2015/12/14 10:00:20 ET
Table 'Kniertje' 2-max Seat #1 is the button
Seat 1: caritasest ($45.67 in chips)
Seat 2: Actionni13 ($157.26 in chips)
caritasest: posts small blind $1
Actionni13: posts big blind $3
*** HOLE CARDS ***
caritasest: calls $2
Actionni13: checks
*** FLOP *** [Ac 7h Kd]
Actionni13: checks
caritasest: checks
*** TURN *** [Ac 7h Kd] [6c]
Actionni13: checks
caritasest: bets $6
Actionni13: folds
Uncalled bet ($6) returned to caritasest
caritasest collected $5.88 from pot
*** SUMMARY ***
Total pot $6 | Rake $0.12
Board [Ac 7h Kd 6c]
Seat 1: caritasest (button) (small blind) collected ($5.88)
Seat 2: Actionni13 (big blind) folded on the Turn


PokerStars Hand #145329319528:  Hold'em Limit ($3/$6 USD) - 2015/12/14 10:00:34 ET
Table 'Kniertje' 2-max Seat #2 is the button
Seat 1: caritasest ($48.55 in chips)
Seat 2: Actionni13 ($154.26 in chips)
Actionni13: posts small blind $1
caritasest: posts big blind $3
*** HOLE CARDS ***
Actionni13: raises $3 to $6
caritasest: calls $3
*** FLOP *** [2h 9s 8h]
caritasest: checks
Actionni13: checks
*** TURN *** [2h 9s 8h] [Kd]
caritasest: checks
Actionni13: bets $6
caritasest: folds
Uncalled bet ($6) returned to Actionni13
Actionni13 collected $11.76 from pot
Actionni13: doesn't show hand
*** SUMMARY ***
Total pot $12 | Rake $0.24
Board [2h 9s 8h Kd]
Seat 1: caritasest (big blind) folded on the Turn
Seat 2: Actionni13 (button) (small blind) collected ($11.76)


PokerStars Hand #145329327588:  Hold'em Limit ($3/$6 USD) - 2015/12/14 10:00:47 ET
Table 'Kniertje' 2-max Seat #1 is the button
Seat 1: caritasest ($42.55 in chips)
Seat 2: Actionni13 ($160.02 in chips)
caritasest: posts small blind $1
Actionni13: posts big blind $3
*** HOLE CARDS ***
caritasest: raises $3 to $6
Actionni13: calls $3
*** FLOP *** [Td Tc 2s]
Actionni13: checks
caritasest: bets $3
Actionni13: calls $3
*** TURN *** [Td Tc 2s] [2c]
Actionni13: bets $6
caritasest: calls $6
*** RIVER *** [Td Tc 2s 2c] [5c]
Actionni13: bets $6
caritasest: calls $6
*** SHOW DOWN ***
Actionni13: shows [Ac 5d] (two pair, Tens and Fives)
caritasest: mucks hand
Actionni13 collected $41.50 from pot
*** SUMMARY ***
Total pot $42 | Rake $0.50
Board [Td Tc 2s 2c 5c]
Seat 1: caritasest (button) (small blind) mucked
Seat 2: Actionni13 (big blind) showed [Ac 5d] and won ($41.50) with two pair, Tens and Fives


PokerStars Hand #145329339597:  Hold'em Limit ($3/$6 USD) - 2015/12/14 10:01:06 ET
Table 'Kniertje' 2-max Seat #2 is the button
Seat 1: caritasest ($21.55 in chips)
Seat 2: Actionni13 ($180.52 in chips)
Actionni13: posts small blind $1
caritasest: posts big blind $3
*** HOLE CARDS ***
Actionni13: folds
Uncalled bet ($2) returned to caritasest
caritasest collected $2 from pot
*** SUMMARY ***
Total pot $2 | Rake $0
Seat 1: caritasest (big blind) collected ($2)
Seat 2: Actionni13 (button) (small blind) folded before Flop


PokerStars Hand #145329344382:  Hold'em Limit ($3/$6 USD) - 2015/12/14 10:01:14 ET
Table 'Kniertje' 2-max Seat #1 is the button
Seat 1: caritasest ($22.55 in chips)
Seat 2: Actionni13 ($179.52 in chips)
caritasest: posts small blind $1
Actionni13: posts big blind $3
*** HOLE CARDS ***
caritasest: raises $3 to $6
Actionni13: raises $3 to $9
caritasest: calls $3
*** FLOP *** [9s Jd Tc]
Actionni13: bets $3
caritasest: raises $3 to $6
Actionni13: calls $3
*** TURN *** [9s Jd Tc] [3c]
Actionni13: checks
caritasest: bets $6
Actionni13: raises $6 to $12
caritasest: calls $1.55 and is all-in
Uncalled bet ($4.45) returned to Actionni13
*** RIVER *** [9s Jd Tc 3c] [3d]
*** SHOW DOWN ***
Actionni13: shows [9h As] (two pair, Nines and Threes)
caritasest: shows [7h Js] (two pair, Jacks and Threes)
caritasest collected $44.60 from pot
*** SUMMARY ***
Total pot $45.10 | Rake $0.50
Board [9s Jd Tc 3c 3d]
Seat 1: caritasest (button) (small blind) showed [7h Js] and won ($44.60) with two pair, Jacks and Threes
Seat 2: Actionni13 (big blind) showed [9h As] and lost with two pair, Nines and Threes


PokerStars Hand #145329357216:  Hold'em Limit ($3/$6 USD) - 2015/12/14 10:01:33 ET
Table 'Kniertje' 2-max Seat #2 is the button
Seat 1: caritasest ($44.60 in chips)
Seat 2: Actionni13 ($156.97 in chips)
Actionni13: posts small blind $1
caritasest: posts big blind $3
*** HOLE CARDS ***
Actionni13: raises $3 to $6
caritasest: calls $3
*** FLOP *** [8c 3c 5s]
caritasest: checks
Actionni13: checks
*** TURN *** [8c 3c 5s] [As]
caritasest: bets $6
Actionni13: folds
Uncalled bet ($6) returned to caritasest
caritasest collected $11.76 from pot
*** SUMMARY ***
Total pot $12 | Rake $0.24
Board [8c 3c 5s As]
Seat 1: caritasest (big blind) collected ($11.76)
Seat 2: Actionni13 (button) (small blind) folded on the Turn


PokerStars Hand #145329365413:  Hold'em Limit ($3/$6 USD) - 2015/12/14 10:01:45 ET
Table 'Kniertje' 2-max Seat #1 is the button
Seat 1: caritasest ($50.36 in chips)
Seat 2: Actionni13 ($150.97 in chips)
caritasest: posts small blind $1
Actionni13: posts big blind $3
*** HOLE CARDS ***
caritasest: calls $2
Actionni13: checks
*** FLOP *** [8s Tc Th]
Actionni13: checks
caritasest: checks
*** TURN *** [8s Tc Th] [6c]
Actionni13: checks
caritasest: bets $6
Actionni13: raises $6 to $12
caritasest: raises $6 to $18
Actionni13: calls $6
*** RIVER *** [8s Tc Th 6c] [Ks]
Actionni13: checks
caritasest: bets $6
Actionni13: calls $6
*** SHOW DOWN ***
caritasest: shows [7c 9s] (a straight, Six to Ten)
Actionni13: mucks hand
caritasest collected $53.50 from pot
*** SUMMARY ***
Total pot $54 | Rake $0.50
Board [8s Tc Th 6c Ks]
Seat 1: caritasest (button) (small blind) showed [7c 9s] and won ($53.50) with a straight, Six to Ten
Seat 2: Actionni13 (big blind) mucked


PokerStars Hand #145329379071:  Hold'em Limit ($3/$6 USD) - 2015/12/14 10:02:04 ET
Table 'Kniertje' 2-max Seat #2 is the button
Seat 1: caritasest ($76.86 in chips)
Seat 2: Actionni13 ($150 in chips)
Actionni13: posts small blind $1
caritasest: posts big blind $3
*** HOLE CARDS ***
Actionni13: raises $3 to $6
caritasest: calls $3
*** FLOP *** [7c 7h 5c]
caritasest: checks
Actionni13: bets $3
caritasest: folds
Uncalled bet ($3) returned to Actionni13
Actionni13 collected $11.76 from pot
Actionni13: doesn't show hand
*** SUMMARY ***
Total pot $12 | Rake $0.24
Board [7c 7h 5c]
Seat 1: caritasest (big blind) folded on the Flop
Seat 2: Actionni13 (button) (small blind) collected ($11.76)


PokerStars Hand #145329385793:  Hold'em Limit ($3/$6 USD) - 2015/12/14 10:02:14 ET
Table 'Kniertje' 2-max Seat #1 is the button
Seat 1: caritasest ($70.86 in chips)
Seat 2: Actionni13 ($155.76 in chips)
caritasest: posts small blind $1
Actionni13: posts big blind $3
*** HOLE CARDS ***
caritasest: raises $3 to $6
Actionni13: raises $3 to $9
caritasest: calls $3
*** FLOP *** [8h 9s 3s]
Actionni13: bets $3
caritasest: raises $3 to $6
Actionni13: raises $3 to $9
caritasest: calls $3
*** TURN *** [8h 9s 3s] [5s]
Actionni13: bets $6
caritasest: calls $6
*** RIVER *** [8h 9s 3s 5s] [2d]
Actionni13: bets $6
caritasest: calls $6
*** SHOW DOWN ***
Actionni13: shows [Qd Qs] (a pair of Queens)
caritasest: mucks hand
Actionni13 collected $59.50 from pot
*** SUMMARY ***
Total pot $60 | Rake $0.50
Board [8h 9s 3s 5s 2d]
Seat 1: caritasest (button) (small blind) mucked
Seat 2: Actionni13 (big blind) showed [Qd Qs] and won ($59.50) with a pair of Queens


PokerStars Hand #145329399308:  Hold'em Limit ($3/$6 USD) - 2015/12/14 10:02:34 ET
Table 'Kniertje' 2-max Seat #2 is the button
Seat 1: caritasest ($40.86 in chips)
Seat 2: Actionni13 ($185.26 in chips)
Actionni13: posts small blind $1
caritasest: posts big blind $3
*** HOLE CARDS ***
Actionni13: raises $3 to $6
caritasest: raises $3 to $9
Actionni13: calls $3
*** FLOP *** [2d 8s 9c]
caritasest: bets $3
Actionni13: calls $3
*** TURN *** [2d 8s 9c] [Ks]
caritasest: bets $6
Actionni13: folds
Uncalled bet ($6) returned to caritasest
caritasest collected $23.52 from pot
*** SUMMARY ***
Total pot $24 | Rake $0.48
Board [2d 8s 9c Ks]
Seat 1: caritasest (big blind) collected ($23.52)
Seat 2: Actionni13 (button) (small blind) folded on the Turn


PokerStars Hand #145329416300:  Hold'em Limit ($3/$6 USD) - 2015/12/14 10:02:57 ET
Table 'Kniertje' 2-max Seat #2 is the button
Seat 1: caritasest ($58.14 in chips)
Seat 2: Actionni13 ($167.26 in chips)
Actionni13: posts small blind $1
caritasest: posts big blind $3
*** HOLE CARDS ***
Actionni13: raises $3 to $6
caritasest: calls $3
*** FLOP *** [4d 7s 4s]
caritasest: checks
Actionni13: bets $3
caritasest: raises $3 to $6
Actionni13: calls $3
*** TURN *** [4d 7s 4s] [Ad]
caritasest: bets $6
Actionni13: folds
Uncalled bet ($6) returned to caritasest
caritasest collected $23.52 from pot
*** SUMMARY ***
Total pot $24 | Rake $0.48
Board [4d 7s 4s Ad]
Seat 1: caritasest (big blind) collected ($23.52)
Seat 2: Actionni13 (button) (small blind) folded on the Turn


PokerStars Hand #145329409457:  Hold'em Limit ($3/$6 USD) - 2015/12/14 10:02:47 ET
Table 'Kniertje' 2-max Seat #1 is the button
Seat 1: caritasest ($52.38 in chips)
Seat 2: Actionni13 ($173.26 in chips)
caritasest: posts small blind $1
Actionni13: posts big blind $3
*** HOLE CARDS ***
caritasest: raises $3 to $6
Actionni13: calls $3
*** FLOP *** [Qd 6c 3d]
Actionni13: checks
caritasest: bets $3
Actionni13: folds
Uncalled bet ($3) returned to caritasest
caritasest collected $11.76 from pot
*** SUMMARY ***
Total pot $12 | Rake $0.24
Board [Qd 6c 3d]
Seat 1: caritasest (button) (small blind) collected ($11.76)
Seat 2: Actionni13 (big blind) folded on the Flop


PokerStars Hand #145329435235:  Hold'em Limit ($3/$6 USD) - 2015/12/14 10:03:24 ET
Table 'Kniertje' 2-max Seat #2 is the button
Seat 1: caritasest ($72.54 in chips)
Seat 2: Actionni13 ($152.26 in chips)
Actionni13: posts small blind $1
caritasest: posts big blind $3
*** HOLE CARDS ***
Actionni13: folds
Uncalled bet ($2) returned to caritasest
caritasest collected $2 from pot
*** SUMMARY ***
Total pot $2 | Rake $0
Seat 1: caritasest (big blind) collected ($2)
Seat 2: Actionni13 (button) (small blind) folded before Flop


PokerStars Hand #145329425743:  Hold'em Limit ($3/$6 USD) - 2015/12/14 10:03:11 ET
Table 'Kniertje' 2-max Seat #1 is the button
Seat 1: caritasest ($69.66 in chips)
Seat 2: Actionni13 ($155.26 in chips)
caritasest: posts small blind $1
Actionni13: posts big blind $3
*** HOLE CARDS ***
caritasest: calls $2
Actionni13: checks
*** FLOP *** [Ks Qh Kh]
Actionni13: checks
caritasest: checks
*** TURN *** [Ks Qh Kh] [8d]
Actionni13: checks
caritasest: bets $6
Actionni13: folds
Uncalled bet ($6) returned to caritasest
caritasest collected $5.88 from pot
*** SUMMARY ***
Total pot $6 | Rake $0.12
Board [Ks Qh Kh 8d]
Seat 1: caritasest (button) (small blind) collected ($5.88)
Seat 2: Actionni13 (big blind) folded on the Turn


PokerStars Hand #145329438713:  Hold'em Limit ($3/$6 USD) - 2015/12/14 10:03:29 ET
Table 'Kniertje' 2-max Seat #1 is the button
Seat 1: caritasest ($73.54 in chips)
Seat 2: Actionni13 ($151.26 in chips)
caritasest: posts small blind $1
Actionni13: posts big blind $3
*** HOLE CARDS ***
caritasest: calls $2
Actionni13: checks
*** FLOP *** [6s Kd 4h]
Actionni13: checks
caritasest: checks
*** TURN *** [6s Kd 4h] [Kh]
Actionni13: checks
caritasest: checks
*** RIVER *** [6s Kd 4h Kh] [8h]
Actionni13: checks
caritasest: checks
*** SHOW DOWN ***
Actionni13: shows [4s 5h] (two pair, Kings and Fours)
caritasest: mucks hand
Actionni13 collected $5.88 from pot
*** SUMMARY ***
Total pot $6 | Rake $0.12
Board [6s Kd 4h Kh 8h]
Seat 1: caritasest (button) (small blind) mucked
Seat 2: Actionni13 (big blind) showed [4s 5h] and won ($5.88) with two pair, Kings and Fours


PokerStars Hand #145329485652:  Hold'em Limit ($3/$6 USD) - 2015/12/14 10:04:35 ET
Table 'Kniertje' 2-max Seat #1 is the button
Seat 1: caritasest ($71.06 in chips)
Seat 2: Actionni13 ($152.54 in chips)
caritasest: posts small blind $1
Actionni13: posts big blind $3
*** HOLE CARDS ***
caritasest: raises $3 to $6
Actionni13: calls $3
*** FLOP *** [8d 2c 9h]
Actionni13: checks
caritasest: checks
*** TURN *** [8d 2c 9h] [Kd]
Actionni13: checks
caritasest: bets $6
Actionni13: folds
Uncalled bet ($6) returned to caritasest
caritasest collected $11.76 from pot
*** SUMMARY ***
Total pot $12 | Rake $0.24
Board [8d 2c 9h Kd]
Seat 1: caritasest (button) (small blind) collected ($11.76)
Seat 2: Actionni13 (big blind) folded on the Turn


PokerStars Hand #145329482241:  Hold'em Limit ($3/$6 USD) - 2015/12/14 10:04:31 ET
Table 'Kniertje' 2-max Seat #2 is the button
Seat 1: caritasest ($70.06 in chips)
Seat 2: Actionni13 ($153.54 in chips)
Actionni13: posts small blind $1
caritasest: posts big blind $3
*** HOLE CARDS ***
Actionni13: folds
Uncalled bet ($2) returned to caritasest
caritasest collected $2 from pot
*** SUMMARY ***
Total pot $2 | Rake $0
Seat 1: caritasest (big blind) collected ($2)
Seat 2: Actionni13 (button) (small blind) folded before Flop


PokerStars Hand #145329478495:  Hold'em Limit ($3/$6 USD) - 2015/12/14 10:04:25 ET
Table 'Kniertje' 2-max Seat #1 is the button
Seat 1: caritasest ($67.06 in chips)
Seat 2: Actionni13 ($156.54 in chips)
caritasest: posts small blind $1
Actionni13: posts big blind $3
*** HOLE CARDS ***
caritasest: raises $3 to $6
Actionni13: folds
Uncalled bet ($3) returned to caritasest
caritasest collected $6 from pot
*** SUMMARY ***
Total pot $6 | Rake $0
Seat 1: caritasest (button) (small blind) collected ($6)
Seat 2: Actionni13 (big blind) folded before Flop


PokerStars Hand #145329470168:  Hold'em Limit ($3/$6 USD) - 2015/12/14 10:04:13 ET
Table 'Kniertje' 2-max Seat #2 is the button
Seat 1: caritasest ($55.54 in chips)
Seat 2: Actionni13 ($168.54 in chips)
Actionni13: posts small blind $1
caritasest: posts big blind $3
*** HOLE CARDS ***
Actionni13: raises $3 to $6
caritasest: raises $3 to $9
Actionni13: calls $3
*** FLOP *** [7c 2c 9s]
caritasest: bets $3
Actionni13: calls $3
*** TURN *** [7c 2c 9s] [9h]
caritasest: bets $6
Actionni13: folds
Uncalled bet ($6) returned to caritasest
caritasest collected $23.52 from pot
*** SUMMARY ***
Total pot $24 | Rake $0.48
Board [7c 2c 9s 9h]
Seat 1: caritasest (big blind) collected ($23.52)
Seat 2: Actionni13 (button) (small blind) folded on the Turn


PokerStars Hand #145329454932:  Hold'em Limit ($3/$6 USD) - 2015/12/14 10:03:52 ET
Table 'Kniertje' 2-max Seat #1 is the button
Seat 1: caritasest ($64.54 in chips)
Seat 2: Actionni13 ($159.90 in chips)
caritasest: posts small blind $1
Actionni13: posts big blind $3
*** HOLE CARDS ***
caritasest: raises $3 to $6
Actionni13: calls $3
*** FLOP *** [Jc Ks 5h]
Actionni13: checks
caritasest: bets $3
Actionni13: calls $3
*** TURN *** [Jc Ks 5h] [Qh]
Actionni13: checks
caritasest: checks
*** RIVER *** [Jc Ks 5h Qh] [3h]
Actionni13: bets $6
caritasest: folds
Uncalled bet ($6) returned to Actionni13
Actionni13 collected $17.64 from pot
Actionni13: doesn't show hand
*** SUMMARY ***
Total pot $18 | Rake $0.36
Board [Jc Ks 5h Qh 3h]
Seat 1: caritasest (button) (small blind) folded on the River
Seat 2: Actionni13 (big blind) collected ($17.64)


PokerStars Hand #145329449413:  Hold'em Limit ($3/$6 USD) - 2015/12/14 10:03:44 ET
Table 'Kniertje' 2-max Seat #2 is the button
Seat 1: caritasest ($70.54 in chips)
Seat 2: Actionni13 ($154.14 in chips)
Actionni13: posts small blind $1
caritasest: posts big blind $3
*** HOLE CARDS ***
Actionni13: raises $3 to $6
caritasest: calls $3
*** FLOP *** [9c Th Qc]
caritasest: checks
Actionni13: bets $3
caritasest: folds
Uncalled bet ($3) returned to Actionni13
Actionni13 collected $11.76 from pot
Actionni13: doesn't show hand
*** SUMMARY ***
Total pot $12 | Rake $0.24
Board [9c Th Qc]
Seat 1: caritasest (big blind) folded on the Flop
Seat 2: Actionni13 (button) (small blind) collected ($11.76)


PokerStars Hand #145329522426:  Hold'em Limit ($3/$6 USD) - 2015/12/14 10:05:27 ET
Table 'Kniertje' 2-max Seat #1 is the button
Seat 1: caritasest ($92.32 in chips)
Seat 2: Actionni13 ($150 in chips)
caritasest: posts small blind $1
Actionni13: posts big blind $3
*** HOLE CARDS ***
caritasest: folds
Uncalled bet ($2) returned to Actionni13
Actionni13 collected $2 from pot
Actionni13: doesn't show hand
*** SUMMARY ***
Total pot $2 | Rake $0
Seat 1: caritasest (button) (small blind) folded before Flop
Seat 2: Actionni13 (big blind) collected ($2)


PokerStars Hand #145329511407:  Hold'em Limit ($3/$6 USD) - 2015/12/14 10:05:11 ET
Table 'Kniertje' 2-max Seat #2 is the button
Seat 1: caritasest ($65.82 in chips)
Seat 2: Actionni13 ($161.52 in chips)
Actionni13: posts small blind $1
caritasest: posts big blind $3
*** HOLE CARDS ***
Actionni13: raises $3 to $6
caritasest: calls $3
*** FLOP *** [8h 8c Jc]
caritasest: checks
Actionni13: bets $3
caritasest: calls $3
*** TURN *** [8h 8c Jc] [6s]
caritasest: checks
Actionni13: bets $6
caritasest: raises $6 to $12
Actionni13: calls $6
*** RIVER *** [8h 8c Jc 6s] [2d]
caritasest: bets $6
Actionni13: calls $6
*** SHOW DOWN ***
caritasest: shows [8s Kh] (three of a kind, Eights)
Actionni13: mucks hand
caritasest collected $53.50 from pot
*** SUMMARY ***
Total pot $54 | Rake $0.50
Board [8h 8c Jc 6s 2d]
Seat 1: caritasest (big blind) showed [8s Kh] and won ($53.50) with three of a kind, Eights
Seat 2: Actionni13 (button) (small blind) mucked


PokerStars Hand #145329494955:  Hold'em Limit ($3/$6 USD) - 2015/12/14 10:04:48 ET
Table 'Kniertje' 2-max Seat #2 is the button
Seat 1: caritasest ($76.82 in chips)
Seat 2: Actionni13 ($150 in chips)
Actionni13: posts small blind $1
caritasest: posts big blind $3
*** HOLE CARDS ***
Actionni13: folds
Uncalled bet ($2) returned to caritasest
caritasest collected $2 from pot
*** SUMMARY ***
Total pot $2 | Rake $0
Seat 1: caritasest (big blind) collected ($2)
Seat 2: Actionni13 (button) (small blind) folded before Flop


PokerStars Hand #145329563221:  Hold'em Limit ($3/$6 USD) - 2015/12/14 10:06:24 ET
Table 'Kniertje' 2-max Seat #1 is the button
Seat 1: caritasest ($98.60 in chips)
Seat 2: Actionni13 ($153.76 in chips)
caritasest: posts small blind $1
Actionni13: posts big blind $3
*** HOLE CARDS ***
caritasest: calls $2
Actionni13: checks
*** FLOP *** [Ad As Js]
Actionni13: checks
caritasest: checks
*** TURN *** [Ad As Js] [Jc]
Actionni13: checks
caritasest: bets $6
Actionni13: calls $6
*** RIVER *** [Ad As Js Jc] [Th]
Actionni13: checks
caritasest: checks
*** SHOW DOWN ***
Actionni13: shows [Kc 5s] (two pair, Aces and Jacks)
caritasest: mucks hand
Actionni13 collected $17.64 from pot
*** SUMMARY ***
Total pot $18 | Rake $0.36
Board [Ad As Js Jc Th]
Seat 1: caritasest (button) (small blind) mucked
Seat 2: Actionni13 (big blind) showed [Kc 5s] and won ($17.64) with two pair, Aces and Jacks


PokerStars Hand #145329554775:  Hold'em Limit ($3/$6 USD) - 2015/12/14 10:06:13 ET
Table 'Kniertje' 2-max Seat #2 is the button
Seat 1: caritasest ($92.84 in chips)
Seat 2: Actionni13 ($159.76 in chips)
Actionni13: posts small blind $1
caritasest: posts big blind $3
*** HOLE CARDS ***
Actionni13: raises $3 to $6
caritasest: calls $3
*** FLOP *** [8s 4d 3h]
caritasest: checks
Actionni13: checks
*** TURN *** [8s 4d 3h] [7s]
caritasest: bets $6
Actionni13: folds
Uncalled bet ($6) returned to caritasest
caritasest collected $11.76 from pot
*** SUMMARY ***
Total pot $12 | Rake $0.24
Board [8s 4d 3h 7s]
Seat 1: caritasest (big blind) collected ($11.76)
Seat 2: Actionni13 (button) (small blind) folded on the Turn


PokerStars Hand #145329546816:  Hold'em Limit ($3/$6 USD) - 2015/12/14 10:06:01 ET
Table 'Kniertje' 2-max Seat #1 is the button
Seat 1: caritasest ($98.84 in chips)
Seat 2: Actionni13 ($154 in chips)
caritasest: posts small blind $1
Actionni13: posts big blind $3
*** HOLE CARDS ***
caritasest: raises $3 to $6
Actionni13: calls $3
*** FLOP *** [Kd 3s 9d]
Actionni13: checks
caritasest: checks
*** TURN *** [Kd 3s 9d] [4d]
Actionni13: bets $6
caritasest: folds
Uncalled bet ($6) returned to Actionni13
Actionni13 collected $11.76 from pot
Actionni13: doesn't show hand
*** SUMMARY ***
Total pot $12 | Rake $0.24
Board [Kd 3s 9d 4d]
Seat 1: caritasest (button) (small blind) folded on the Turn
Seat 2: Actionni13 (big blind) collected ($11.76)


PokerStars Hand #145329539264:  Hold'em Limit ($3/$6 USD) - 2015/12/14 10:05:51 ET
Table 'Kniertje' 2-max Seat #1 is the button
Seat 1: caritasest ($102.84 in chips)
Seat 2: Actionni13 ($150 in chips)
caritasest: posts small blind $1
Actionni13: posts big blind $3
*** HOLE CARDS ***
caritasest: folds
Uncalled bet ($2) returned to Actionni13
Actionni13 collected $2 from pot
Actionni13: doesn't show hand
*** SUMMARY ***
Total pot $2 | Rake $0
Seat 1: caritasest (button) (small blind) folded before Flop
Seat 2: Actionni13 (big blind) collected ($2)


PokerStars Hand #145329613145:  Hold'em Limit ($3/$6 USD) - 2015/12/14 10:07:35 ET
Table 'Kniertje' 2-max Seat #2 is the button
Seat 1: caritasest ($109.51 in chips)
Seat 2: Actionni13 ($150 in chips)
Actionni13: posts small blind $1
caritasest: posts big blind $3
*** HOLE CARDS ***
Actionni13: raises $3 to $6
caritasest: calls $3
*** FLOP *** [2h Ah 9d]
caritasest: checks
Actionni13: bets $3
caritasest: folds
Uncalled bet ($3) returned to Actionni13
Actionni13 collected $11.76 from pot
Actionni13: doesn't show hand
*** SUMMARY ***
Total pot $12 | Rake $0.24
Board [2h Ah 9d]
Seat 1: caritasest (big blind) folded on the Flop
Seat 2: Actionni13 (button) (small blind) collected ($11.76)


PokerStars Hand #145329603837:  Hold'em Limit ($3/$6 USD) - 2015/12/14 10:07:22 ET
Table 'Kniertje' 2-max Seat #1 is the button
Seat 1: caritasest ($103.75 in chips)
Seat 2: Actionni13 ($150 in chips)
caritasest: posts small blind $1
Actionni13: posts big blind $3
*** HOLE CARDS ***
caritasest: calls $2
Actionni13: checks
*** FLOP *** [Qc 9d 3c]
Actionni13: bets $3
caritasest: calls $3
*** TURN *** [Qc 9d 3c] [7c]
Actionni13: checks
caritasest: bets $6
Actionni13: folds
Uncalled bet ($6) returned to caritasest
caritasest collected $11.76 from pot
*** SUMMARY ***
Total pot $12 | Rake $0.24
Board [Qc 9d 3c 7c]
Seat 1: caritasest (button) (small blind) collected ($11.76)
Seat 2: Actionni13 (big blind) folded on the Turn


PokerStars Hand #145329596775:  Hold'em Limit ($3/$6 USD) - 2015/12/14 10:07:12 ET
Table 'Kniertje' 2-max Seat #2 is the button
Seat 1: caritasest ($97.99 in chips)
Seat 2: Actionni13 ($153.15 in chips)
Actionni13: posts small blind $1
caritasest: posts big blind $3
*** HOLE CARDS ***
Actionni13: raises $3 to $6
caritasest: calls $3
*** FLOP *** [9h Ks Jc]
caritasest: checks
Actionni13: checks
*** TURN *** [9h Ks Jc] [Td]
caritasest: bets $6
Actionni13: folds
Uncalled bet ($6) returned to caritasest
caritasest collected $11.76 from pot
*** SUMMARY ***
Total pot $12 | Rake $0.24
Board [9h Ks Jc Td]
Seat 1: caritasest (big blind) collected ($11.76)
Seat 2: Actionni13 (button) (small blind) folded on the Turn


PokerStars Hand #145329587625:  Hold'em Limit ($3/$6 USD) - 2015/12/14 10:06:59 ET
Table 'Kniertje' 2-max Seat #1 is the button
Seat 1: caritasest ($98.24 in chips)
Seat 2: Actionni13 ($153.40 in chips)
caritasest: posts small blind $1
Actionni13: posts big blind $3
*** HOLE CARDS ***
caritasest: calls $2
Actionni13: checks
*** FLOP *** [6c 6h 3s]
Actionni13: checks
caritasest: checks
*** TURN *** [6c 6h 3s] [Qs]
Actionni13: bets $6
caritasest: calls $6
*** RIVER *** [6c 6h 3s Qs] [9h]
Actionni13: bets $6
caritasest: calls $6
*** SHOW DOWN ***
Actionni13: shows [2s Qc] (two pair, Queens and Sixes)
caritasest: shows [2d Qd] (two pair, Queens and Sixes)
Actionni13 collected $14.75 from pot
caritasest collected $14.75 from pot
*** SUMMARY ***
Total pot $30 | Rake $0.50
Board [6c 6h 3s Qs 9h]
Seat 1: caritasest (button) (small blind) showed [2d Qd] and won ($14.75) with two pair, Queens and Sixes
Seat 2: Actionni13 (big blind) showed [2s Qc] and won ($14.75) with two pair, Queens and Sixes


PokerStars Hand #145329575769:  Hold'em Limit ($3/$6 USD) - 2015/12/14 10:06:42 ET
Table 'Kniertje' 2-max Seat #2 is the button
Seat 1: caritasest ($89.60 in chips)
Seat 2: Actionni13 ($162.40 in chips)
Actionni13: posts small blind $1
caritasest: posts big blind $3
*** HOLE CARDS ***
Actionni13: raises $3 to $6
caritasest: calls $3
*** FLOP *** [Qd Kc 6h]
caritasest: checks
Actionni13: bets $3
caritasest: calls $3
*** TURN *** [Qd Kc 6h] [Ts]
caritasest: checks
Actionni13: checks
*** RIVER *** [Qd Kc 6h Ts] [Kh]
caritasest: bets $6
Actionni13: folds
Uncalled bet ($6) returned to caritasest
caritasest collected $17.64 from pot
*** SUMMARY ***
Total pot $18 | Rake $0.36
Board [Qd Kc 6h Ts Kh]
Seat 1: caritasest (big blind) collected ($17.64)
Seat 2: Actionni13 (button) (small blind) folded on the River


PokerStars Hand #145329654533:  Hold'em Limit ($3/$6 USD) - 2015/12/14 10:08:32 ET
Table 'Kniertje' 2-max Seat #2 is the button
Seat 1: caritasest ($100.91 in chips)
Seat 2: Actionni13 ($167.28 in chips)
Actionni13: posts small blind $1
caritasest: posts big blind $3
*** HOLE CARDS ***
Actionni13: raises $3 to $6
caritasest: calls $3
*** FLOP *** [Ah 5s 2s]
caritasest: checks
Actionni13: bets $3
caritasest: raises $3 to $6
Actionni13: calls $3
*** TURN *** [Ah 5s 2s] [Ts]
caritasest: bets $6
Actionni13: folds
Uncalled bet ($6) returned to caritasest
caritasest collected $23.52 from pot
*** SUMMARY ***
Total pot $24 | Rake $0.48
Board [Ah 5s 2s Ts]
Seat 1: caritasest (big blind) collected ($23.52)
Seat 2: Actionni13 (button) (small blind) folded on the Turn


PokerStars Hand #145329645409:  Hold'em Limit ($3/$6 USD) - 2015/12/14 10:08:20 ET
Table 'Kniertje' 2-max Seat #1 is the button
Seat 1: caritasest ($112.91 in chips)
Seat 2: Actionni13 ($155.76 in chips)
caritasest: posts small blind $1
Actionni13: posts big blind $3
*** HOLE CARDS ***
caritasest: raises $3 to $6
Actionni13: raises $3 to $9
caritasest: calls $3
*** FLOP *** [9c Ah 7s]
Actionni13: bets $3
caritasest: calls $3
*** TURN *** [9c Ah 7s] [5s]
Actionni13: bets $6
caritasest: folds
Uncalled bet ($6) returned to Actionni13
Actionni13 collected $23.52 from pot
Actionni13: doesn't show hand
*** SUMMARY ***
Total pot $24 | Rake $0.48
Board [9c Ah 7s 5s]
Seat 1: caritasest (button) (small blind) folded on the Turn
Seat 2: Actionni13 (big blind) collected ($23.52)


PokerStars Hand #145329640149:  Hold'em Limit ($3/$6 USD) - 2015/12/14 10:08:12 ET
Table 'Kniertje' 2-max Seat #2 is the button
Seat 1: caritasest ($118.91 in chips)
Seat 2: Actionni13 ($150 in chips)
Actionni13: posts small blind $1
caritasest: posts big blind $3
*** HOLE CARDS ***
Actionni13: raises $3 to $6
caritasest: calls $3
*** FLOP *** [8c Ad Qs]
caritasest: checks
Actionni13: bets $3
caritasest: folds
Uncalled bet ($3) returned to Actionni13
Actionni13 collected $11.76 from pot
Actionni13: doesn't show hand
*** SUMMARY ***
Total pot $12 | Rake $0.24
Board [8c Ad Qs]
Seat 1: caritasest (big blind) folded on the Flop
Seat 2: Actionni13 (button) (small blind) collected ($11.76)


PokerStars Hand #145329631731:  Hold'em Limit ($3/$6 USD) - 2015/12/14 10:08:00 ET
Table 'Kniertje' 2-max Seat #1 is the button
Seat 1: caritasest ($113.15 in chips)
Seat 2: Actionni13 ($150 in chips)
caritasest: posts small blind $1
Actionni13: posts big blind $3
*** HOLE CARDS ***
caritasest: raises $3 to $6
Actionni13: calls $3
*** FLOP *** [4c Kc Jd]
Actionni13: checks
caritasest: checks
*** TURN *** [4c Kc Jd] [4s]
Actionni13: checks
caritasest: bets $6
Actionni13: folds
Uncalled bet ($6) returned to caritasest
caritasest collected $11.76 from pot
*** SUMMARY ***
Total pot $12 | Rake $0.24
Board [4c Kc Jd 4s]
Seat 1: caritasest (button) (small blind) collected ($11.76)
Seat 2: Actionni13 (big blind) folded on the Turn


PokerStars Hand #145329628362:  Hold'em Limit ($3/$6 USD) - 2015/12/14 10:07:56 ET
Table 'Kniertje' 2-max Seat #2 is the button
Seat 1: caritasest ($112.15 in chips)
Seat 2: Actionni13 ($150 in chips)
Actionni13: posts small blind $1
caritasest: posts big blind $3
*** HOLE CARDS ***
Actionni13: folds
Uncalled bet ($2) returned to caritasest
caritasest collected $2 from pot
*** SUMMARY ***
Total pot $2 | Rake $0
Seat 1: caritasest (big blind) collected ($2)
Seat 2: Actionni13 (button) (small blind) folded before Flop


PokerStars Hand #145329678329:  Hold'em Limit ($3/$6 USD) - 2015/12/14 10:09:05 ET
Table 'Kniertje' 2-max Seat #1 is the button
Seat 1: caritasest ($101.43 in chips)
Seat 2: Actionni13 ($165.80 in chips)
caritasest: posts small blind $1
Actionni13: posts big blind $3
*** HOLE CARDS ***
caritasest: raises $3 to $6
Actionni13: calls $3
*** FLOP *** [2d 7s 4h]
Actionni13: checks
caritasest: bets $3
Actionni13: calls $3
*** TURN *** [2d 7s 4h] [Ks]
Actionni13: checks
caritasest: checks
*** RIVER *** [2d 7s 4h Ks] [As]
Actionni13: checks
caritasest: checks
*** SHOW DOWN ***
Actionni13: shows [Kd 9c] (a pair of Kings)
caritasest: mucks hand
Actionni13 collected $17.64 from pot
*** SUMMARY ***
Total pot $18 | Rake $0.36
Board [2d 7s 4h Ks As]
Seat 1: caritasest (button) (small blind) mucked
Seat 2: Actionni13 (big blind) showed [Kd 9c] and won ($17.64) with a pair of Kings


PokerStars Hand #145329674895:  Hold'em Limit ($3/$6 USD) - 2015/12/14 10:09:00 ET
Table 'Kniertje' 2-max Seat #2 is the button
Seat 1: caritasest ($100.43 in chips)
Seat 2: Actionni13 ($166.80 in chips)
Actionni13: posts small blind $1
caritasest: posts big blind $3
*** HOLE CARDS ***
Actionni13: folds
Uncalled bet ($2) returned to caritasest
caritasest collected $2 from pot
*** SUMMARY ***
Total pot $2 | Rake $0
Seat 1: caritasest (big blind) collected ($2)
Seat 2: Actionni13 (button) (small blind) folded before Flop


PokerStars Hand #145329663522:  Hold'em Limit ($3/$6 USD) - 2015/12/14 10:08:45 ET
Table 'Kniertje' 2-max Seat #1 is the button
Seat 1: caritasest ($112.43 in chips)
Seat 2: Actionni13 ($155.28 in chips)
caritasest: posts small blind $1
Actionni13: posts big blind $3
*** HOLE CARDS ***
caritasest: raises $3 to $6
Actionni13: calls $3
*** FLOP *** [2h Ac 6h]
Actionni13: checks
caritasest: checks
*** TURN *** [2h Ac 6h] [Jc]
Actionni13: checks
caritasest: checks
*** RIVER *** [2h Ac 6h Jc] [Ks]
Actionni13: checks
caritasest: bets $6
Actionni13: calls $6
*** SHOW DOWN ***
caritasest: shows [Jh 7c] (a pair of Jacks)
Actionni13: shows [7h Kd] (a pair of Kings)
Actionni13 collected $23.52 from pot
*** SUMMARY ***
Total pot $24 | Rake $0.48
Board [2h Ac 6h Jc Ks]
Seat 1: caritasest (button) (small blind) showed [Jh 7c] and lost with a pair of Jacks
Seat 2: Actionni13 (big blind) showed [7h Kd] and won ($23.52) with a pair of Kings


PokerStars Hand #145329692003:  Hold'em Limit ($3/$6 USD) - 2015/12/14 10:09:24 ET
Table 'Kniertje' 2-max Seat #2 is the button
Seat 1: caritasest ($92.43 in chips)
Seat 2: Actionni13 ($174.44 in chips)
Actionni13: posts small blind $1
caritasest: posts big blind $3
*** HOLE CARDS ***
Actionni13: raises $3 to $6
caritasest: calls $3
*** FLOP *** [3c Ad Tc]
caritasest: checks
Actionni13: bets $3
caritasest: raises $3 to $6
Actionni13: folds
Uncalled bet ($3) returned to caritasest
caritasest collected $17.64 from pot
*** SUMMARY ***
Total pot $18 | Rake $0.36
Board [3c Ad Tc]
Seat 1: caritasest (big blind) collected ($17.64)
Seat 2: Actionni13 (button) (small blind) folded on the Flop


PokerStars Hand #145329698676:  Hold'em Limit ($3/$6 USD) - 2015/12/14 10:09:33 ET
Table 'Kniertje' 2-max Seat #1 is the button
Seat 1: caritasest ($101.07 in chips)
Seat 2: Actionni13 ($165.44 in chips)
caritasest: posts small blind $1
Actionni13: posts big blind $3
*** HOLE CARDS ***
caritasest: calls $2
Actionni13: checks
*** FLOP *** [9c Td 6d]
Actionni13: checks
caritasest: bets $3
Actionni13: calls $3
*** TURN *** [9c Td 6d] [5s]
Actionni13: checks
caritasest: bets $6
Actionni13: folds
Uncalled bet ($6) returned to caritasest
caritasest collected $11.76 from pot
*** SUMMARY ***
Total pot $12 | Rake $0.24
Board [9c Td 6d 5s]
Seat 1: caritasest (button) (small blind) collected ($11.76)
Seat 2: Actionni13 (big blind) folded on the Turn


PokerStars Hand #145329708829:  Hold'em Limit ($3/$6 USD) - 2015/12/14 10:09:48 ET
Table 'Kniertje' 2-max Seat #2 is the button
Seat 1: caritasest ($106.83 in chips)
Seat 2: Actionni13 ($159.44 in chips)
Actionni13: posts small blind $1
caritasest: posts big blind $3
*** HOLE CARDS ***
Actionni13: folds
Uncalled bet ($2) returned to caritasest
caritasest collected $2 from pot
*** SUMMARY ***
Total pot $2 | Rake $0
Seat 1: caritasest (big blind) collected ($2)
Seat 2: Actionni13 (button) (small blind) folded before Flop


PokerStars Hand #145329712169:  Hold'em Limit ($3/$6 USD) - 2015/12/14 10:09:52 ET
Table 'Kniertje' 2-max Seat #1 is the button
Seat 1: caritasest ($107.83 in chips)
Seat 2: Actionni13 ($158.44 in chips)
caritasest: posts small blind $1
Actionni13: posts big blind $3
*** HOLE CARDS ***
caritasest: raises $3 to $6
Actionni13: raises $3 to $9
caritasest: raises $3 to $12
Betting is capped
Actionni13: calls $3
*** FLOP *** [3c 5s 3h]
Actionni13: checks
caritasest: checks
*** TURN *** [3c 5s 3h] [Jd]
Actionni13: bets $6
caritasest: calls $6
*** RIVER *** [3c 5s 3h Jd] [6h]
Actionni13: bets $6
caritasest: calls $6
*** SHOW DOWN ***
Actionni13: shows [8s 8d] (two pair, Eights and Threes)
caritasest: mucks hand
Actionni13 collected $47.50 from pot
*** SUMMARY ***
Total pot $48 | Rake $0.50
Board [3c 5s 3h Jd 6h]
Seat 1: caritasest (button) (small blind) mucked
Seat 2: Actionni13 (big blind) showed [8s 8d] and won ($47.50) with two pair, Eights and Threes


PokerStars Hand #145329724719:  Hold'em Limit ($3/$6 USD) - 2015/12/14 10:10:10 ET
Table 'Kniertje' 2-max Seat #2 is the button
Seat 1: caritasest ($83.83 in chips)
Seat 2: Actionni13 ($181.94 in chips)
Actionni13: posts small blind $1
caritasest: posts big blind $3
*** HOLE CARDS ***
Actionni13: raises $3 to $6
caritasest: raises $3 to $9
Actionni13: calls $3
*** FLOP *** [7c 9c Ks]
caritasest: bets $3
Actionni13: raises $3 to $6
caritasest: calls $3
*** TURN *** [7c 9c Ks] [Kh]
caritasest: checks
Actionni13: bets $6
caritasest: folds
Uncalled bet ($6) returned to Actionni13
Actionni13 collected $29.50 from pot
Actionni13: doesn't show hand
*** SUMMARY ***
Total pot $30 | Rake $0.50
Board [7c 9c Ks Kh]
Seat 1: caritasest (big blind) folded on the Turn
Seat 2: Actionni13 (button) (small blind) collected ($29.50)


PokerStars Hand #145329735453:  Hold'em Limit ($3/$6 USD) - 2015/12/14 10:10:25 ET
Table 'Kniertje' 2-max Seat #1 is the button
Seat 1: caritasest ($68.83 in chips)
Seat 2: Actionni13 ($196.44 in chips)
caritasest: posts small blind $1
Actionni13: posts big blind $3
*** HOLE CARDS ***
caritasest: calls $2
Actionni13: checks
*** FLOP *** [9h 4s Ac]
Actionni13: checks
caritasest: bets $3
Actionni13: raises $3 to $6
caritasest: calls $3
*** TURN *** [9h 4s Ac] [Qd]
Actionni13: bets $6
caritasest: calls $6
*** RIVER *** [9h 4s Ac Qd] [Js]
Actionni13: bets $6
caritasest: raises $6 to $12
Actionni13: calls $6
*** SHOW DOWN ***
caritasest: shows [Kc Td] (a straight, Ten to Ace)
Actionni13: mucks hand
caritasest collected $53.50 from pot
*** SUMMARY ***
Total pot $54 | Rake $0.50
Board [9h 4s Ac Qd Js]
Seat 1: caritasest (button) (small blind) showed [Kc Td] and won ($53.50) with a straight, Ten to Ace
Seat 2: Actionni13 (big blind) mucked


PokerStars Hand #145329748224:  Hold'em Limit ($3/$6 USD) - 2015/12/14 10:10:43 ET
Table 'Kniertje' 2-max Seat #2 is the button
Seat 1: caritasest ($95.33 in chips)
Seat 2: Actionni13 ($169.44 in chips)
Actionni13: posts small blind $1
caritasest: posts big blind $3
*** HOLE CARDS ***
Actionni13: raises $3 to $6
caritasest: calls $3
*** FLOP *** [2h Jd 2d]
caritasest: checks
Actionni13: checks
*** TURN *** [2h Jd 2d] [3h]
caritasest: bets $6
Actionni13: calls $6
*** RIVER *** [2h Jd 2d 3h] [Qh]
caritasest: checks
Actionni13: bets $6
caritasest: folds
Uncalled bet ($6) returned to Actionni13
Actionni13 collected $23.52 from pot
Actionni13: doesn't show hand
*** SUMMARY ***
Total pot $24 | Rake $0.48
Board [2h Jd 2d 3h Qh]
Seat 1: caritasest (big blind) folded on the River
Seat 2: Actionni13 (button) (small blind) collected ($23.52)


PokerStars Hand #145329758726:  Hold'em Limit ($3/$6 USD) - 2015/12/14 10:10:58 ET
Table 'Kniertje' 2-max Seat #1 is the button
Seat 1: caritasest ($83.33 in chips)
Seat 2: Actionni13 ($180.96 in chips)
caritasest: posts small blind $1
Actionni13: posts big blind $3
*** HOLE CARDS ***
caritasest: raises $3 to $6
Actionni13: calls $3
*** FLOP *** [Th Qh 5d]
Actionni13: bets $3
caritasest: calls $3
*** TURN *** [Th Qh 5d] [4h]
Actionni13: bets $6
caritasest: folds
Uncalled bet ($6) returned to Actionni13
Actionni13 collected $17.64 from pot
Actionni13: doesn't show hand
*** SUMMARY ***
Total pot $18 | Rake $0.36
Board [Th Qh 5d 4h]
Seat 1: caritasest (button) (small blind) folded on the Turn
Seat 2: Actionni13 (big blind) collected ($17.64)


PokerStars Hand #145329769692:  Hold'em Limit ($3/$6 USD) - 2015/12/14 10:11:13 ET
Table 'Kniertje' 2-max Seat #2 is the button
Seat 1: caritasest ($74.33 in chips)
Seat 2: Actionni13 ($189.60 in chips)
Actionni13: posts small blind $1
caritasest: posts big blind $3
*** HOLE CARDS ***
Actionni13: folds
Uncalled bet ($2) returned to caritasest
caritasest collected $2 from pot
*** SUMMARY ***
Total pot $2 | Rake $0
Seat 1: caritasest (big blind) collected ($2)
Seat 2: Actionni13 (button) (small blind) folded before Flop


PokerStars Hand #145329773129:  Hold'em Limit ($3/$6 USD) - 2015/12/14 10:11:18 ET
Table 'Kniertje' 2-max Seat #1 is the button
Seat 1: caritasest ($75.33 in chips)
Seat 2: Actionni13 ($188.60 in chips)
caritasest: posts small blind $1
Actionni13: posts big blind $3
*** HOLE CARDS ***
caritasest: raises $3 to $6
Actionni13: calls $3
*** FLOP *** [7c 5c Ks]
Actionni13: bets $3
caritasest: calls $3
*** TURN *** [7c 5c Ks] [Qh]
Actionni13: bets $6
caritasest: calls $6
*** RIVER *** [7c 5c Ks Qh] [2d]
Actionni13: bets $6
caritasest: calls $6
*** SHOW DOWN ***
Actionni13: shows [7d 5s] (two pair, Sevens and Fives)
caritasest: mucks hand
Actionni13 collected $41.50 from pot
*** SUMMARY ***
Total pot $42 | Rake $0.50
Board [7c 5c Ks Qh 2d]
Seat 1: caritasest (button) (small blind) mucked
Seat 2: Actionni13 (big blind) showed [7d 5s] and won ($41.50) with two pair, Sevens and Fives


PokerStars Hand #145329787605:  Hold'em Limit ($3/$6 USD) - 2015/12/14 10:11:38 ET
Table 'Kniertje' 2-max Seat #1 is the button
Seat 1: caritasest ($55.33 in chips)
Seat 2: Actionni13 ($208.10 in chips)
caritasest: posts small blind $1
Actionni13: posts big blind $3
*** HOLE CARDS ***
caritasest: raises $3 to $6
Actionni13: folds
Uncalled bet ($3) returned to caritasest
caritasest collected $6 from pot
*** SUMMARY ***
Total pot $6 | Rake $0
Seat 1: caritasest (button) (small blind) collected ($6)
Seat 2: Actionni13 (big blind) folded before Flop


PokerStars Hand #145329784060:  Hold'em Limit ($3/$6 USD) - 2015/12/14 10:11:33 ET
Table 'Kniertje' 2-max Seat #2 is the button
Seat 1: caritasest ($54.33 in chips)
Seat 2: Actionni13 ($209.10 in chips)
Actionni13: posts small blind $1
caritasest: posts big blind $3
*** HOLE CARDS ***
Actionni13: folds
Uncalled bet ($2) returned to caritasest
caritasest collected $2 from pot
*** SUMMARY ***
Total pot $2 | Rake $0
Seat 1: caritasest (big blind) collected ($2)
Seat 2: Actionni13 (button) (small blind) folded before Flop


PokerStars Hand #145329791614:  Hold'em Limit ($3/$6 USD) - 2015/12/14 10:11:44 ET
Table 'Kniertje' 2-max Seat #2 is the button
Seat 1: caritasest ($58.33 in chips)
Seat 2: Actionni13 ($205.10 in chips)
Actionni13: posts small blind $1
caritasest: posts big blind $3
*** HOLE CARDS ***
Actionni13: raises $3 to $6
caritasest: raises $3 to $9
Actionni13: calls $3
*** FLOP *** [Jc Th Qc]
caritasest: bets $3
Actionni13: calls $3
*** TURN *** [Jc Th Qc] [3h]
caritasest: bets $6
Actionni13: calls $6
*** RIVER *** [Jc Th Qc 3h] [6c]
caritasest: bets $6
Actionni13: folds
Uncalled bet ($6) returned to caritasest
caritasest collected $35.50 from pot
*** SUMMARY ***
Total pot $36 | Rake $0.50
Board [Jc Th Qc 3h 6c]
Seat 1: caritasest (big blind) collected ($35.50)
Seat 2: Actionni13 (button) (small blind) folded on the River


PokerStars Hand #145329801111:  Hold'em Limit ($3/$6 USD) - 2015/12/14 10:11:57 ET
Table 'Kniertje' 2-max Seat #1 is the button
Seat 1: caritasest ($75.83 in chips)
Seat 2: Actionni13 ($187.10 in chips)
caritasest: posts small blind $1
Actionni13: posts big blind $3
*** HOLE CARDS ***
caritasest: raises $3 to $6
Actionni13: calls $3
*** FLOP *** [6s 8c 2d]
Actionni13: bets $3
caritasest: calls $3
*** TURN *** [6s 8c 2d] [6h]
Actionni13: bets $6
caritasest: folds
Uncalled bet ($6) returned to Actionni13
Actionni13 collected $17.64 from pot
Actionni13: doesn't show hand
*** SUMMARY ***
Total pot $18 | Rake $0.36
Board [6s 8c 2d 6h]
Seat 1: caritasest (button) (small blind) folded on the Turn
Seat 2: Actionni13 (big blind) collected ($17.64)


PokerStars Hand #145329815785:  Hold'em Limit ($3/$6 USD) - 2015/12/14 10:12:17 ET
Table 'Kniertje' 2-max Seat #1 is the button
Seat 1: caritasest ($75.47 in chips)
Seat 2: Actionni13 ($186.74 in chips)
caritasest: posts small blind $1
Actionni13: posts big blind $3
*** HOLE CARDS ***
caritasest: raises $3 to $6
Actionni13: folds
Uncalled bet ($3) returned to caritasest
caritasest collected $6 from pot
*** SUMMARY ***
Total pot $6 | Rake $0
Seat 1: caritasest (button) (small blind) collected ($6)
Seat 2: Actionni13 (big blind) folded before Flop


PokerStars Hand #145329809370:  Hold'em Limit ($3/$6 USD) - 2015/12/14 10:12:08 ET
Table 'Kniertje' 2-max Seat #2 is the button
Seat 1: caritasest ($66.83 in chips)
Seat 2: Actionni13 ($195.74 in chips)
Actionni13: posts small blind $1
caritasest: posts big blind $3
*** HOLE CARDS ***
Actionni13: raises $3 to $6
caritasest: raises $3 to $9
Actionni13: calls $3
*** FLOP *** [8d Qs Kh]
caritasest: bets $3
Actionni13: folds
Uncalled bet ($3) returned to caritasest
caritasest collected $17.64 from pot
*** SUMMARY ***
Total pot $18 | Rake $0.36
Board [8d Qs Kh]
Seat 1: caritasest (big blind) collected ($17.64)
Seat 2: Actionni13 (button) (small blind) folded on the Flop


PokerStars Hand #145329819609:  Hold'em Limit ($3/$6 USD) - 2015/12/14 10:12:22 ET
Table 'Kniertje' 2-max Seat #2 is the button
Seat 1: caritasest ($78.47 in chips)
Seat 2: Actionni13 ($183.74 in chips)
Actionni13: posts small blind $1
caritasest: posts big blind $3
*** HOLE CARDS ***
Actionni13: raises $3 to $6
caritasest: calls $3
*** FLOP *** [Qs Ts 2h]
caritasest: checks
Actionni13: bets $3
caritasest: calls $3
*** TURN *** [Qs Ts 2h] [8h]
caritasest: checks
Actionni13: bets $6
caritasest: calls $6
*** RIVER *** [Qs Ts 2h 8h] [Kd]
caritasest: checks
Actionni13: bets $6
caritasest: calls $6
*** SHOW DOWN ***
Actionni13: shows [4d Qd] (a pair of Queens)
caritasest: mucks hand
Actionni13 collected $41.50 from pot
*** SUMMARY ***
Total pot $42 | Rake $0.50
Board [Qs Ts 2h 8h Kd]
Seat 1: caritasest (big blind) mucked
Seat 2: Actionni13 (button) (small blind) showed [4d Qd] and won ($41.50) with a pair of Queens


PokerStars Hand #145329845824:  Hold'em Limit ($3/$6 USD) - 2015/12/14 10:12:59 ET
Table 'Kniertje' 2-max Seat #2 is the button
Seat 1: caritasest ($77.97 in chips)
Seat 2: Actionni13 ($183.24 in chips)
Actionni13: posts small blind $1
caritasest: posts big blind $3
*** HOLE CARDS ***
Actionni13: raises $3 to $6
caritasest: calls $3
*** FLOP *** [7c Td Ks]
caritasest: checks
Actionni13: bets $3
caritasest: raises $3 to $6
Actionni13: calls $3
*** TURN *** [7c Td Ks] [7h]
caritasest: bets $6
Actionni13: calls $6
*** RIVER *** [7c Td Ks 7h] [Qc]
caritasest: bets $6
Actionni13: calls $6
*** SHOW DOWN ***
caritasest: shows [9c 7d] (three of a kind, Sevens)
Actionni13: mucks hand
caritasest collected $47.50 from pot
*** SUMMARY ***
Total pot $48 | Rake $0.50
Board [7c Td Ks 7h Qc]
Seat 1: caritasest (big blind) showed [9c 7d] and won ($47.50) with three of a kind, Sevens
Seat 2: Actionni13 (button) (small blind) mucked


PokerStars Hand #145329857524:  Hold'em Limit ($3/$6 USD) - 2015/12/14 10:13:16 ET
Table 'Kniertje' 2-max Seat #1 is the button
Seat 1: caritasest ($101.47 in chips)
Seat 2: Actionni13 ($159.24 in chips)
caritasest: posts small blind $1
Actionni13: posts big blind $3
*** HOLE CARDS ***
caritasest: calls $2
Actionni13: checks
*** FLOP *** [Jc 5h 6c]
Actionni13: checks
caritasest: checks
*** TURN *** [Jc 5h 6c] [2d]
Actionni13: checks
caritasest: bets $6
Actionni13: raises $6 to $12
caritasest: calls $6
*** RIVER *** [Jc 5h 6c 2d] [Qh]
Actionni13: bets $6
caritasest: calls $6
*** SHOW DOWN ***
Actionni13: shows [Jd 2s] (two pair, Jacks and Deuces)
caritasest: mucks hand
Actionni13 collected $41.50 from pot
*** SUMMARY ***
Total pot $42 | Rake $0.50
Board [Jc 5h 6c 2d Qh]
Seat 1: caritasest (button) (small blind) mucked
Seat 2: Actionni13 (big blind) showed [Jd 2s] and won ($41.50) with two pair, Jacks and Deuces


PokerStars Hand #145329832855:  Hold'em Limit ($3/$6 USD) - 2015/12/14 10:12:41 ET
Table 'Kniertje' 2-max Seat #1 is the button
Seat 1: caritasest ($57.47 in chips)
Seat 2: Actionni13 ($204.24 in chips)
caritasest: posts small blind $1
Actionni13: posts big blind $3
*** HOLE CARDS ***
caritasest: raises $3 to $6
Actionni13: calls $3
*** FLOP *** [Jh 9d 3h]
Actionni13: bets $3
caritasest: calls $3
*** TURN *** [Jh 9d 3h] [Ac]
Actionni13: bets $6
caritasest: calls $6
*** RIVER *** [Jh 9d 3h Ac] [2h]
Actionni13: bets $6
caritasest: raises $6 to $12
Actionni13: folds
Uncalled bet ($6) returned to caritasest
caritasest collected $41.50 from pot
*** SUMMARY ***
Total pot $42 | Rake $0.50
Board [Jh 9d 3h Ac 2h]
Seat 1: caritasest (button) (small blind) collected ($41.50)
Seat 2: Actionni13 (big blind) folded on the River


PokerStars Hand #145329908934:  Hold'em Limit ($3/$6 USD) - 2015/12/14 10:14:27 ET
Table 'Kniertje' 2-max Seat #1 is the button
Seat 1: caritasest ($106.97 in chips)
Seat 2: Actionni13 ($164.52 in chips)
caritasest: posts small blind $1
Actionni13: posts big blind $3
*** HOLE CARDS ***
caritasest: raises $3 to $6
Actionni13: calls $3
*** FLOP *** [Qh 8c 2s]
Actionni13: bets $3
caritasest: raises $3 to $6
Actionni13: calls $3
*** TURN *** [Qh 8c 2s] [3c]
Actionni13: checks
caritasest: checks
*** RIVER *** [Qh 8c 2s 3c] [Tc]
Actionni13: bets $6
caritasest: calls $6
*** SHOW DOWN ***
Actionni13: shows [5s 8h] (a pair of Eights)
caritasest: mucks hand
Actionni13 collected $35.50 from pot
*** SUMMARY ***
Total pot $36 | Rake $0.50
Board [Qh 8c 2s 3c Tc]
Seat 1: caritasest (button) (small blind) mucked
Seat 2: Actionni13 (big blind) showed [5s 8h] and won ($35.50) with a pair of Eights


PokerStars Hand #145329904927:  Hold'em Limit ($3/$6 USD) - 2015/12/14 10:14:22 ET
Table 'Kniertje' 2-max Seat #2 is the button
Seat 1: caritasest ($109.97 in chips)
Seat 2: Actionni13 ($161.52 in chips)
Actionni13: posts small blind $1
caritasest: posts big blind $3
*** HOLE CARDS ***
Actionni13: raises $3 to $6
caritasest: folds
Uncalled bet ($3) returned to Actionni13
Actionni13 collected $6 from pot
Actionni13: doesn't show hand
*** SUMMARY ***
Total pot $6 | Rake $0
Seat 1: caritasest (big blind) folded before Flop
Seat 2: Actionni13 (button) (small blind) collected ($6)


PokerStars Hand #145329888373:  Hold'em Limit ($3/$6 USD) - 2015/12/14 10:13:59 ET
Table 'Kniertje' 2-max Seat #1 is the button
Seat 1: caritasest ($121.97 in chips)
Seat 2: Actionni13 ($150 in chips)
caritasest: posts small blind $1
Actionni13: posts big blind $3
*** HOLE CARDS ***
caritasest: raises $3 to $6
Actionni13: calls $3
*** FLOP *** [9c 7h Ks]
Actionni13: checks
caritasest: checks
*** TURN *** [9c 7h Ks] [3h]
Actionni13: bets $6
caritasest: calls $6
*** RIVER *** [9c 7h Ks 3h] [6c]
Actionni13: checks
caritasest: checks
*** SHOW DOWN ***
Actionni13: shows [4d 5d] (a straight, Three to Seven)
caritasest: mucks hand
Actionni13 collected $23.52 from pot
*** SUMMARY ***
Total pot $24 | Rake $0.48
Board [9c 7h Ks 3h 6c]
Seat 1: caritasest (button) (small blind) mucked
Seat 2: Actionni13 (big blind) showed [4d 5d] and won ($23.52) with a straight, Three to Seven


PokerStars Hand #145329870493:  Hold'em Limit ($3/$6 USD) - 2015/12/14 10:13:34 ET
Table 'Kniertje' 2-max Seat #2 is the button
Seat 1: caritasest ($80.47 in chips)
Seat 2: Actionni13 ($179.74 in chips)
Actionni13: posts small blind $1
caritasest: posts big blind $3
*** HOLE CARDS ***
Actionni13: raises $3 to $6
caritasest: raises $3 to $9
Actionni13: raises $3 to $12
Betting is capped
caritasest: calls $3
*** FLOP *** [2c Ah Th]
caritasest: checks
Actionni13: bets $3
caritasest: raises $3 to $6
Actionni13: calls $3
*** TURN *** [2c Ah Th] [5c]
caritasest: bets $6
Actionni13: raises $6 to $12
caritasest: calls $6
*** RIVER *** [2c Ah Th 5c] [3s]
caritasest: checks
Actionni13: bets $6
caritasest: raises $6 to $12
Actionni13: calls $6
*** SHOW DOWN ***
caritasest: shows [4d 6s] (a straight, Deuce to Six)
Actionni13: mucks hand
caritasest collected $83.50 from pot
*** SUMMARY ***
Total pot $84 | Rake $0.50
Board [2c Ah Th 5c 3s]
Seat 1: caritasest (big blind) showed [4d 6s] and won ($83.50) with a straight, Deuce to Six
Seat 2: Actionni13 (button) (small blind) mucked


PokerStars Hand #145329952003:  Hold'em Limit ($3/$6 USD) - 2015/12/14 10:15:28 ET
Table 'Kniertje' 2-max Seat #2 is the button
Seat 1: caritasest ($52.97 in chips)
Seat 2: Actionni13 ($217.04 in chips)
Actionni13: posts small blind $1
caritasest: posts big blind $3
*** HOLE CARDS ***
Actionni13: raises $3 to $6
caritasest: raises $3 to $9
Actionni13: calls $3
*** FLOP *** [Jd Ac 5h]
caritasest: bets $3
Actionni13: calls $3
*** TURN *** [Jd Ac 5h] [2s]
caritasest: bets $6
Actionni13: raises $6 to $12
caritasest: folds
Uncalled bet ($6) returned to Actionni13
Actionni13 collected $35.50 from pot
Actionni13: doesn't show hand
*** SUMMARY ***
Total pot $36 | Rake $0.50
Board [Jd Ac 5h 2s]
Seat 1: caritasest (big blind) folded on the Turn
Seat 2: Actionni13 (button) (small blind) collected ($35.50)


PokerStars Hand #145329941073:  Hold'em Limit ($3/$6 USD) - 2015/12/14 10:15:12 ET
Table 'Kniertje' 2-max Seat #1 is the button
Seat 1: caritasest ($64.97 in chips)
Seat 2: Actionni13 ($205.52 in chips)
caritasest: posts small blind $1
Actionni13: posts big blind $3
*** HOLE CARDS ***
caritasest: raises $3 to $6
Actionni13: calls $3
*** FLOP *** [2d 3s Jd]
Actionni13: checks
caritasest: checks
*** TURN *** [2d 3s Jd] [4s]
Actionni13: checks
caritasest: checks
*** RIVER *** [2d 3s Jd 4s] [7d]
Actionni13: bets $6
caritasest: calls $6
*** SHOW DOWN ***
Actionni13: shows [Ah 5c] (a straight, Ace to Five)
caritasest: mucks hand
Actionni13 collected $23.52 from pot
*** SUMMARY ***
Total pot $24 | Rake $0.48
Board [2d 3s Jd 4s 7d]
Seat 1: caritasest (button) (small blind) mucked
Seat 2: Actionni13 (big blind) showed [Ah 5c] and won ($23.52) with a straight, Ace to Five


PokerStars Hand #145329922000:  Hold'em Limit ($3/$6 USD) - 2015/12/14 10:14:46 ET
Table 'Kniertje' 2-max Seat #2 is the button
Seat 1: caritasest ($88.97 in chips)
Seat 2: Actionni13 ($182.02 in chips)
Actionni13: posts small blind $1
caritasest: posts big blind $3
*** HOLE CARDS ***
Actionni13: raises $3 to $6
caritasest: calls $3
*** FLOP *** [Th 8c Kc]
caritasest: checks
Actionni13: bets $3
caritasest: raises $3 to $6
Actionni13: calls $3
*** TURN *** [Th 8c Kc] [Jd]
caritasest: bets $6
Actionni13: calls $6
*** RIVER *** [Th 8c Kc Jd] [7s]
caritasest: checks
Actionni13: bets $6
caritasest: calls $6
*** SHOW DOWN ***
Actionni13: shows [3c Kd] (a pair of Kings)
caritasest: mucks hand
Actionni13 collected $47.50 from pot
*** SUMMARY ***
Total pot $48 | Rake $0.50
Board [Th 8c Kc Jd 7s]
Seat 1: caritasest (big blind) mucked
Seat 2: Actionni13 (button) (small blind) showed [3c Kd] and won ($47.50) with a pair of Kings


PokerStars Hand #145329999734:  Hold'em Limit ($3/$6 USD) - 2015/12/14 10:16:34 ET
Table 'Kniertje' 2-max Seat #1 is the button
Seat 1: caritasest ($28.49 in chips)
Seat 2: Actionni13 ($239.80 in chips)
caritasest: posts small blind $1
Actionni13: posts big blind $3
*** HOLE CARDS ***
caritasest: raises $3 to $6
Actionni13: calls $3
*** FLOP *** [Jc As Qd]
Actionni13: bets $3
caritasest: calls $3
*** TURN *** [Jc As Qd] [2s]
Actionni13: checks
caritasest: bets $6
Actionni13: calls $6
*** RIVER *** [Jc As Qd 2s] [7c]
Actionni13: checks
caritasest: bets $6
Actionni13: folds
Uncalled bet ($6) returned to caritasest
caritasest collected $29.50 from pot
*** SUMMARY ***
Total pot $30 | Rake $0.50
Board [Jc As Qd 2s 7c]
Seat 1: caritasest (button) (small blind) collected ($29.50)
Seat 2: Actionni13 (big blind) folded on the River


PokerStars Hand #145329994127:  Hold'em Limit ($3/$6 USD) - 2015/12/14 10:16:27 ET
Table 'Kniertje' 2-max Seat #2 is the button
Seat 1: caritasest ($34.49 in chips)
Seat 2: Actionni13 ($234.04 in chips)
Actionni13: posts small blind $1
caritasest: posts big blind $3
*** HOLE CARDS ***
Actionni13: raises $3 to $6
caritasest: calls $3
*** FLOP *** [Kd 5d Ks]
caritasest: checks
Actionni13: bets $3
caritasest: folds
Uncalled bet ($3) returned to Actionni13
Actionni13 collected $11.76 from pot
Actionni13: doesn't show hand
*** SUMMARY ***
Total pot $12 | Rake $0.24
Board [Kd 5d Ks]
Seat 1: caritasest (big blind) folded on the Flop
Seat 2: Actionni13 (button) (small blind) collected ($11.76)


PokerStars Hand #145329990538:  Hold'em Limit ($3/$6 USD) - 2015/12/14 10:16:22 ET
Table 'Kniertje' 2-max Seat #1 is the button
Seat 1: caritasest ($31.49 in chips)
Seat 2: Actionni13 ($237.04 in chips)
caritasest: posts small blind $1
Actionni13: posts big blind $3
*** HOLE CARDS ***
caritasest: raises $3 to $6
Actionni13: folds
Uncalled bet ($3) returned to caritasest
caritasest collected $6 from pot
*** SUMMARY ***
Total pot $6 | Rake $0
Seat 1: caritasest (button) (small blind) collected ($6)
Seat 2: Actionni13 (big blind) folded before Flop


PokerStars Hand #145329980857:  Hold'em Limit ($3/$6 USD) - 2015/12/14 10:16:08 ET
Table 'Kniertje' 2-max Seat #2 is the button
Seat 1: caritasest ($19.97 in chips)
Seat 2: Actionni13 ($249.04 in chips)
Actionni13: posts small blind $1
caritasest: posts big blind $3
*** HOLE CARDS ***
Actionni13: raises $3 to $6
caritasest: raises $3 to $9
Actionni13: calls $3
*** FLOP *** [Td 7h Qd]
caritasest: bets $3
Actionni13: calls $3
*** TURN *** [Td 7h Qd] [7s]
caritasest: bets $6
Actionni13: folds
Uncalled bet ($6) returned to caritasest
caritasest collected $23.52 from pot
*** SUMMARY ***
Total pot $24 | Rake $0.48
Board [Td 7h Qd 7s]
Seat 1: caritasest (big blind) collected ($23.52)
Seat 2: Actionni13 (button) (small blind) folded on the Turn


PokerStars Hand #145329969350:  Hold'em Limit ($3/$6 USD) - 2015/12/14 10:15:52 ET
Table 'Kniertje' 2-max Seat #1 is the button
Seat 1: caritasest ($34.97 in chips)
Seat 2: Actionni13 ($234.54 in chips)
caritasest: posts small blind $1
Actionni13: posts big blind $3
*** HOLE CARDS ***
caritasest: raises $3 to $6
Actionni13: calls $3
*** FLOP *** [9s Td Ah]
Actionni13: bets $3
caritasest: calls $3
*** TURN *** [9s Td Ah] [3c]
Actionni13: checks
caritasest: checks
*** RIVER *** [9s Td Ah 3c] [8d]
Actionni13: bets $6
caritasest: calls $6
*** SHOW DOWN ***
Actionni13: shows [4c As] (a pair of Aces)
caritasest: mucks hand
Actionni13 collected $29.50 from pot
*** SUMMARY ***
Total pot $30 | Rake $0.50
Board [9s Td Ah 3c 8d]
Seat 1: caritasest (button) (small blind) mucked
Seat 2: Actionni13 (big blind) showed [4c As] and won ($29.50) with a pair of Aces


PokerStars Hand #145330011703:  Hold'em Limit ($3/$6 USD) - 2015/12/14 10:16:51 ET
Table 'Kniertje' 2-max Seat #2 is the button
Seat 1: caritasest ($42.99 in chips)
Seat 2: Actionni13 ($224.80 in chips)
Actionni13: posts small blind $1
caritasest: posts big blind $3
*** HOLE CARDS ***
Actionni13: raises $3 to $6
caritasest: calls $3
*** FLOP *** [4c Ts 7c]
caritasest: checks
Actionni13: bets $3
caritasest: folds
Uncalled bet ($3) returned to Actionni13
Actionni13 collected $11.76 from pot
Actionni13: doesn't show hand
*** SUMMARY ***
Total pot $12 | Rake $0.24
Board [4c Ts 7c]
Seat 1: caritasest (big blind) folded on the Flop
Seat 2: Actionni13 (button) (small blind) collected ($11.76)


PokerStars Hand #145330037652:  Hold'em Limit ($3/$6 USD) - 2015/12/14 10:17:28 ET
Table 'Kniertje' 2-max Seat #2 is the button
Seat 1: caritasest ($31.87 in chips)
Seat 2: Actionni13 ($235.20 in chips)
Actionni13: posts small blind $1
caritasest: posts big blind $3
*** HOLE CARDS ***
Actionni13: raises $3 to $6
caritasest: raises $3 to $9
Actionni13: calls $3
*** FLOP *** [3c 2d Th]
caritasest: bets $3
Actionni13: calls $3
*** TURN *** [3c 2d Th] [7h]
caritasest: bets $6
Actionni13: calls $6
*** RIVER *** [3c 2d Th 7h] [Qs]
caritasest: bets $6
Actionni13: calls $6
*** SHOW DOWN ***
caritasest: shows [Kc 7c] (a pair of Sevens)
Actionni13: mucks hand
caritasest collected $47.50 from pot
*** SUMMARY ***
Total pot $48 | Rake $0.50
Board [3c 2d Th 7h Qs]
Seat 1: caritasest (big blind) showed [Kc 7c] and won ($47.50) with a pair of Sevens
Seat 2: Actionni13 (button) (small blind) mucked


PokerStars Hand #145330030612:  Hold'em Limit ($3/$6 USD) - 2015/12/14 10:17:18 ET
Table 'Kniertje' 2-max Seat #1 is the button
Seat 1: caritasest ($40.87 in chips)
Seat 2: Actionni13 ($226.56 in chips)
caritasest: posts small blind $1
Actionni13: posts big blind $3
*** HOLE CARDS ***
caritasest: raises $3 to $6
Actionni13: raises $3 to $9
caritasest: calls $3
*** FLOP *** [6h 5d As]
Actionni13: bets $3
caritasest: folds
Uncalled bet ($3) returned to Actionni13
Actionni13 collected $17.64 from pot
Actionni13: doesn't show hand
*** SUMMARY ***
Total pot $18 | Rake $0.36
Board [6h 5d As]
Seat 1: caritasest (button) (small blind) folded on the Flop
Seat 2: Actionni13 (big blind) collected ($17.64)


PokerStars Hand #145330027323:  Hold'em Limit ($3/$6 USD) - 2015/12/14 10:17:13 ET
Table 'Kniertje' 2-max Seat #2 is the button
Seat 1: caritasest ($39.87 in chips)
Seat 2: Actionni13 ($227.56 in chips)
Actionni13: posts small blind $1
caritasest: posts big blind $3
*** HOLE CARDS ***
Actionni13: folds
Uncalled bet ($2) returned to caritasest
caritasest collected $2 from pot
*** SUMMARY ***
Total pot $2 | Rake $0
Seat 1: caritasest (big blind) collected ($2)
Seat 2: Actionni13 (button) (small blind) folded before Flop


PokerStars Hand #145330018423:  Hold'em Limit ($3/$6 USD) - 2015/12/14 10:17:00 ET
Table 'Kniertje' 2-max Seat #1 is the button
Seat 1: caritasest ($36.99 in chips)
Seat 2: Actionni13 ($230.56 in chips)
caritasest: posts small blind $1
Actionni13: posts big blind $3
*** HOLE CARDS ***
caritasest: calls $2
Actionni13: checks
*** FLOP *** [5c 9c 2s]
Actionni13: checks
caritasest: bets $3
Actionni13: folds
Uncalled bet ($3) returned to caritasest
caritasest collected $5.88 from pot
*** SUMMARY ***
Total pot $6 | Rake $0.12
Board [5c 9c 2s]
Seat 1: caritasest (button) (small blind) collected ($5.88)
Seat 2: Actionni13 (big blind) folded on the Flop


PokerStars Hand #145330082720:  Hold'em Limit ($3/$6 USD) - 2015/12/14 10:18:30 ET
Table 'Kniertje' 2-max Seat #2 is the button
Seat 1: caritasest ($59.89 in chips)
Seat 2: Actionni13 ($205.84 in chips)
Actionni13: posts small blind $1
caritasest: posts big blind $3
*** HOLE CARDS ***
Actionni13: raises $3 to $6
caritasest: calls $3
*** FLOP *** [8h 9c 5c]
caritasest: checks
Actionni13: bets $3
caritasest: calls $3
*** TURN *** [8h 9c 5c] [3c]
caritasest: checks
Actionni13: bets $6
caritasest: calls $6
*** RIVER *** [8h 9c 5c 3c] [Th]
caritasest: checks
Actionni13: bets $6
caritasest: folds
Uncalled bet ($6) returned to Actionni13
Actionni13 collected $29.50 from pot
Actionni13: doesn't show hand
*** SUMMARY ***
Total pot $30 | Rake $0.50
Board [8h 9c 5c 3c Th]
Seat 1: caritasest (big blind) folded on the River
Seat 2: Actionni13 (button) (small blind) collected ($29.50)


PokerStars Hand #145330093554:  Hold'em Limit ($3/$6 USD) - 2015/12/14 10:18:45 ET
Table 'Kniertje' 2-max Seat #1 is the button
Seat 1: caritasest ($44.89 in chips)
Seat 2: Actionni13 ($220.34 in chips)
caritasest: posts small blind $1
Actionni13: posts big blind $3
*** HOLE CARDS ***
caritasest: raises $3 to $6
Actionni13: raises $3 to $9
caritasest: calls $3
*** FLOP *** [Td 2s 2d]
Actionni13: bets $3
caritasest: calls $3
*** TURN *** [Td 2s 2d] [Ks]
Actionni13: bets $6
caritasest: folds
Uncalled bet ($6) returned to Actionni13
Actionni13 collected $23.52 from pot
Actionni13: doesn't show hand
*** SUMMARY ***
Total pot $24 | Rake $0.48
Board [Td 2s 2d Ks]
Seat 1: caritasest (button) (small blind) folded on the Turn
Seat 2: Actionni13 (big blind) collected ($23.52)


PokerStars Hand #145330063302:  Hold'em Limit ($3/$6 USD) - 2015/12/14 10:18:03 ET
Table 'Kniertje' 2-max Seat #2 is the button
Seat 1: caritasest ($46.37 in chips)
Seat 2: Actionni13 ($219.84 in chips)
Actionni13: posts small blind $1
caritasest: posts big blind $3
*** HOLE CARDS ***
Actionni13: folds
Uncalled bet ($2) returned to caritasest
caritasest collected $2 from pot
*** SUMMARY ***
Total pot $2 | Rake $0
Seat 1: caritasest (big blind) collected ($2)
Seat 2: Actionni13 (button) (small blind) folded before Flop


PokerStars Hand #145330052127:  Hold'em Limit ($3/$6 USD) - 2015/12/14 10:17:47 ET
Table 'Kniertje' 2-max Seat #1 is the button
Seat 1: caritasest ($55.37 in chips)
Seat 2: Actionni13 ($211.20 in chips)
caritasest: posts small blind $1
Actionni13: posts big blind $3
*** HOLE CARDS ***
caritasest: calls $2
Actionni13: checks
*** FLOP *** [Ah 9s As]
Actionni13: bets $3
caritasest: raises $3 to $6
Actionni13: raises $3 to $9
caritasest: folds
Uncalled bet ($3) returned to Actionni13
Actionni13 collected $17.64 from pot
Actionni13: doesn't show hand
*** SUMMARY ***
Total pot $18 | Rake $0.36
Board [Ah 9s As]
Seat 1: caritasest (button) (small blind) folded on the Flop
Seat 2: Actionni13 (big blind) collected ($17.64)


PokerStars Hand #145330076230:  Hold'em Limit ($3/$6 USD) - 2015/12/14 10:18:21 ET
Table 'Kniertje' 2-max Seat #1 is the button
Seat 1: caritasest ($54.13 in chips)
Seat 2: Actionni13 ($211.84 in chips)
caritasest: posts small blind $1
Actionni13: posts big blind $3
*** HOLE CARDS ***
caritasest: raises $3 to $6
Actionni13: calls $3
*** FLOP *** [7s 5h As]
Actionni13: checks
caritasest: bets $3
Actionni13: folds
Uncalled bet ($3) returned to caritasest
caritasest collected $11.76 from pot
*** SUMMARY ***
Total pot $12 | Rake $0.24
Board [7s 5h As]
Seat 1: caritasest (button) (small blind) collected ($11.76)
Seat 2: Actionni13 (big blind) folded on the Flop


PokerStars Hand #145330072584:  Hold'em Limit ($3/$6 USD) - 2015/12/14 10:18:16 ET
Table 'Kniertje' 2-max Seat #2 is the button
Seat 1: caritasest ($53.13 in chips)
Seat 2: Actionni13 ($212.84 in chips)
Actionni13: posts small blind $1
caritasest: posts big blind $3
*** HOLE CARDS ***
Actionni13: folds
Uncalled bet ($2) returned to caritasest
caritasest collected $2 from pot
*** SUMMARY ***
Total pot $2 | Rake $0
Seat 1: caritasest (big blind) collected ($2)
Seat 2: Actionni13 (button) (small blind) folded before Flop


PokerStars Hand #145330066522:  Hold'em Limit ($3/$6 USD) - 2015/12/14 10:18:07 ET
Table 'Kniertje' 2-max Seat #1 is the button
Seat 1: caritasest ($47.37 in chips)
Seat 2: Actionni13 ($218.84 in chips)
caritasest: posts small blind $1
Actionni13: posts big blind $3
*** HOLE CARDS ***
caritasest: raises $3 to $6
Actionni13: calls $3
*** FLOP *** [Ah 2h 3h]
Actionni13: checks
caritasest: bets $3
Actionni13: folds
Uncalled bet ($3) returned to caritasest
caritasest collected $11.76 from pot
*** SUMMARY ***
Total pot $12 | Rake $0.24
Board [Ah 2h 3h]
Seat 1: caritasest (button) (small blind) collected ($11.76)
Seat 2: Actionni13 (big blind) folded on the Flop


PokerStars Hand #145330112830:  Hold'em Limit ($3/$6 USD) - 2015/12/14 10:19:12 ET
Table 'Kniertje' 2-max Seat #1 is the button
Seat 1: caritasest ($8.89 in chips)
Seat 2: Actionni13 ($255.36 in chips)
caritasest: posts small blind $1
Actionni13: posts big blind $3
*** HOLE CARDS ***
caritasest: raises $3 to $6
Actionni13: folds
Uncalled bet ($3) returned to caritasest
caritasest collected $6 from pot
*** SUMMARY ***
Total pot $6 | Rake $0
Seat 1: caritasest (button) (small blind) collected ($6)
Seat 2: Actionni13 (big blind) folded before Flop


PokerStars Hand #145330101747:  Hold'em Limit ($3/$6 USD) - 2015/12/14 10:18:57 ET
Table 'Kniertje' 2-max Seat #2 is the button
Seat 1: caritasest ($32.89 in chips)
Seat 2: Actionni13 ($231.86 in chips)
Actionni13: posts small blind $1
caritasest: posts big blind $3
*** HOLE CARDS ***
Actionni13: raises $3 to $6
caritasest: calls $3
*** FLOP *** [5h 8c Tc]
caritasest: checks
Actionni13: checks
*** TURN *** [5h 8c Tc] [Js]
caritasest: bets $6
Actionni13: raises $6 to $12
caritasest: calls $6
*** RIVER *** [5h 8c Tc Js] [Ah]
caritasest: checks
Actionni13: bets $6
caritasest: calls $6
*** SHOW DOWN ***
Actionni13: shows [Jc 6s] (a pair of Jacks)
caritasest: mucks hand
Actionni13 collected $47.50 from pot
*** SUMMARY ***
Total pot $48 | Rake $0.50
Board [5h 8c Tc Js Ah]
Seat 1: caritasest (big blind) mucked
Seat 2: Actionni13 (button) (small blind) showed [Jc 6s] and won ($47.50) with a pair of Jacks


PokerStars Hand #145330116698:  Hold'em Limit ($3/$6 USD) - 2015/12/14 10:19:18 ET
Table 'Kniertje' 2-max Seat #2 is the button
Seat 1: caritasest ($11.89 in chips)
Seat 2: Actionni13 ($252.36 in chips)
Actionni13: posts small blind $1
caritasest: posts big blind $3
*** HOLE CARDS ***
Actionni13: raises $3 to $6
caritasest: raises $3 to $9
Actionni13: calls $3
*** FLOP *** [6h 8h 7s]
caritasest: bets $2.89 and is all-in
Actionni13: calls $2.89
*** TURN *** [6h 8h 7s] [9c]
*** RIVER *** [6h 8h 7s 9c] [2d]
*** SHOW DOWN ***
caritasest: shows [As Qc] (high card Ace)
Actionni13: shows [Kc 2c] (a pair of Deuces)
Actionni13 collected $23.30 from pot
*** SUMMARY ***
Total pot $23.78 | Rake $0.48
Board [6h 8h 7s 9c 2d]
Seat 1: caritasest (big blind) showed [As Qc] and lost with high card Ace
Seat 2: Actionni13 (button) (small blind) showed [Kc 2c] and won ($23.30) with a pair of Deuces


