PokerStars Hand #165963495368:  Hold'em Limit ($3/$6 USD) - 2017/02/09 19:39:04 ET
Table 'Kniertje' 6-max Seat #2 is the button
Seat 2: RaisemyNut$ ($150.86 in chips)
Seat 3: wobetting ($102.56 in chips)
RaisemyNut$: posts small blind $1
wobetting: posts big blind $3
*** HOLE CARDS ***
RaisemyNut$: raises $3 to $6
buggien leaves the table
wobetting: calls $3
*** FLOP *** [Qc 2h Qd]
wobetting: checks
RaisemyNut$: bets $3
wobetting: raises $3 to $6
RaisemyNut$: folds
Uncalled bet ($3) returned to wobetting
wobetting collected $17.64 from pot
wobetting: doesn't show hand
*** SUMMARY ***
Total pot $18 | Rake $0.36
Board [Qc 2h Qd]
Seat 2: RaisemyNut$ (button) (small blind) folded on the Flop
Seat 3: wobetting (big blind) collected ($17.64)


PokerStars Hand #165963505943:  Hold'em Limit ($3/$6 USD) - 2017/02/09 19:39:21 ET
Table 'Kniertje' 6-max Seat #3 is the button
Seat 2: RaisemyNut$ ($141.86 in chips)
Seat 3: wobetting ($111.20 in chips)
wobetting: posts small blind $1
RaisemyNut$: posts big blind $3
*** HOLE CARDS ***
wobetting: raises $3 to $6
RaisemyNut$: folds
Uncalled bet ($3) returned to wobetting
wobetting collected $6 from pot
wobetting: doesn't show hand
*** SUMMARY ***
Total pot $6 | Rake $0
Seat 2: RaisemyNut$ (big blind) folded before Flop
Seat 3: wobetting (button) (small blind) collected ($6)


