PokerStars Hand #166219464038:  Hold'em Limit ($3/$6 USD) - 2017/02/14 17:16:12 ET
Table 'Kniertje' 6-max Seat #6 is the button
Seat 2: belik555 ($145.71 in chips)
Seat 6: LR491 ($40.61 in chips)
JonnyCashBo will be allowed to play after the button
ashtar 516 will be allowed to play after the button
LR491: posts small blind $1
belik555: posts big blind $3
*** HOLE CARDS ***
LR491: folds
Uncalled bet ($2) returned to belik555
belik555 collected $2 from pot
belik555: doesn't show hand
*** SUMMARY ***
Total pot $2 | Rake $0
Seat 2: belik555 (big blind) collected ($2)
Seat 6: LR491 (button) (small blind) folded before Flop


PokerStars Hand #166223932320:  Hold'em Limit ($3/$6 USD) - 2017/02/14 18:54:54 ET
Table 'Kniertje' 6-max Seat #3 is the button
Seat 3: JonnyCashBo ($245.95 in chips)
Seat 4: ashtar 516 ($36.68 in chips)
JonnyCashBo: posts small blind $1
ashtar 516: posts big blind $3
*** HOLE CARDS ***
JonnyCashBo: folds
Uncalled bet ($2) returned to ashtar 516
ashtar 516 collected $2 from pot
ashtar 516: doesn't show hand
*** SUMMARY ***
Total pot $2 | Rake $0
Seat 3: JonnyCashBo (button) (small blind) folded before Flop
Seat 4: ashtar 516 (big blind) collected ($2)


PokerStars Hand #166223925284:  Hold'em Limit ($3/$6 USD) - 2017/02/14 18:54:43 ET
Table 'Kniertje' 6-max Seat #4 is the button
Seat 3: JonnyCashBo ($248.95 in chips)
Seat 4: ashtar 516 ($33.68 in chips)
ashtar 516: posts small blind $1
B_loJkl: is sitting out
JonnyCashBo: posts big blind $3
*** HOLE CARDS ***
B_loJkl leaves the table
B_loJkl joins the table at seat #5
ashtar 516: raises $3 to $6
JonnyCashBo: folds
Uncalled bet ($3) returned to ashtar 516
ashtar 516 collected $6 from pot
ashtar 516: doesn't show hand
*** SUMMARY ***
Total pot $6 | Rake $0
Seat 3: JonnyCashBo (big blind) folded before Flop
Seat 4: ashtar 516 (button) (small blind) collected ($6)


