PokerStars Hand #169058825246:  Hold'em Limit ($3/$6 USD) - 2017/04/15 1:04:59 ET
Table 'Kniertje' 6-max Seat #3 is the button
Seat 3: mbr1977 ($114 in chips)
Seat 4: Agrotait ($77.76 in chips)
mbr1977: posts small blind $1
Agrotait: posts big blind $3
*** HOLE CARDS ***
mbr1977: calls $2
Agrotait: checks
*** FLOP *** [Qh Kd 9d]
Agrotait: checks
mbr1977: bets $3
Agrotait: folds
Uncalled bet ($3) returned to mbr1977
mbr1977 collected $5.88 from pot
mbr1977: doesn't show hand
*** SUMMARY ***
Total pot $6 | Rake $0.12
Board [Qh Kd 9d]
Seat 3: mbr1977 (button) (small blind) collected ($5.88)
Seat 4: Agrotait (big blind) folded on the Flop


PokerStars Hand #169058812071:  Hold'em Limit ($3/$6 USD) - 2017/04/15 1:04:13 ET
Table 'Kniertje' 6-max Seat #4 is the button
Seat 3: mbr1977 ($120 in chips)
Seat 4: Agrotait ($72 in chips)
Agrotait: posts small blind $1
TbIP-TbIP 88: is sitting out
mbr1977: posts big blind $3
*** HOLE CARDS ***
Agrotait: raises $3 to $6
mbr1977: calls $3
*** FLOP *** [Kd 3d Ad]
mbr1977: checks
Agrotait: bets $3
mbr1977: folds
Uncalled bet ($3) returned to Agrotait
Agrotait collected $11.76 from pot
Agrotait: doesn't show hand
*** SUMMARY ***
Total pot $12 | Rake $0.24
Board [Kd 3d Ad]
Seat 3: mbr1977 (big blind) folded on the Flop
Seat 4: Agrotait (button) (small blind) collected ($11.76)


