PokerStars Hand #154877788451:  Hold'em Limit ($3/$6 USD) - 2016/06/18 0:34:24 ET
Table 'Knopfia' 6-max Seat #2 is the button
Seat 2: RJF1943 ($122.76 in chips)
Seat 4: Agrotait ($69 in chips)
RJF1943: posts small blind $1
Agrotait: posts big blind $3
*** HOLE CARDS ***
RJF1943: calls $2
Agrotait: checks
*** FLOP *** [6h Ah Jh]
Agrotait: bets $3
RJF1943: calls $3
*** TURN *** [6h Ah Jh] [9d]
Agrotait: bets $6
RJF1943: calls $6
*** RIVER *** [6h Ah Jh 9d] [Ts]
Agrotait: bets $6
RJF1943: calls $6
*** SHOW DOWN ***
Agrotait: shows [3h 5h] (a flush, Ace high)
RJF1943: mucks hand
Agrotait collected $35.50 from pot
*** SUMMARY ***
Total pot $36 | Rake $0.50
Board [6h Ah Jh 9d Ts]
Seat 2: RJF1943 (button) (small blind) mucked
Seat 4: Agrotait (big blind) showed [3h 5h] and won ($35.50) with a flush, Ace high


PokerStars Hand #154877785187:  Hold'em Limit ($3/$6 USD) - 2016/06/18 0:34:11 ET
Table 'Knopfia' 6-max Seat #4 is the button
Seat 2: RJF1943 ($125.76 in chips)
Seat 4: Agrotait ($66 in chips)
Agrotait: posts small blind $1
RJF1943: posts big blind $3
*** HOLE CARDS ***
Agrotait: raises $3 to $6
RJF1943: folds
Uncalled bet ($3) returned to Agrotait
Agrotait collected $6 from pot
Agrotait: doesn't show hand
*** SUMMARY ***
Total pot $6 | Rake $0
Seat 2: RJF1943 (big blind) folded before Flop
Seat 4: Agrotait (button) (small blind) collected ($6)


PokerStars Hand #154877774347:  Hold'em Limit ($3/$6 USD) - 2016/06/18 0:33:31 ET
Table 'Knopfia' 6-max Seat #2 is the button
Seat 2: RJF1943 ($120 in chips)
Seat 4: Agrotait ($72 in chips)
RJF1943: posts small blind $1
Agrotait: posts big blind $3
*** HOLE CARDS ***
RJF1943: raises $3 to $6
Agrotait: calls $3
*** FLOP *** [Qd 5h 7s]
Agrotait: checks
RJF1943: bets $3
Agrotait: folds
Uncalled bet ($3) returned to RJF1943
RJF1943 collected $11.76 from pot
RJF1943: doesn't show hand
*** SUMMARY ***
Total pot $12 | Rake $0.24
Board [Qd 5h 7s]
Seat 2: RJF1943 (button) (small blind) collected ($11.76)
Seat 4: Agrotait (big blind) folded on the Flop


PokerStars Hand #154877810395:  Hold'em Limit ($3/$6 USD) - 2016/06/18 0:35:47 ET
Table 'Knopfia' 6-max Seat #4 is the button
Seat 2: RJF1943 ($100.76 in chips)
Seat 4: Agrotait ($90.50 in chips)
Agrotait: posts small blind $1
RJF1943: posts big blind $3
*** HOLE CARDS ***
Agrotait: raises $3 to $6
RJF1943: folds
Uncalled bet ($3) returned to Agrotait
Agrotait collected $6 from pot
Agrotait: doesn't show hand
*** SUMMARY ***
Total pot $6 | Rake $0
Seat 2: RJF1943 (big blind) folded before Flop
Seat 4: Agrotait (button) (small blind) collected ($6)


PokerStars Hand #154877803502:  Hold'em Limit ($3/$6 USD) - 2016/06/18 0:35:21 ET
Table 'Knopfia' 6-max Seat #2 is the button
Seat 2: RJF1943 ($101.76 in chips)
Seat 4: Agrotait ($89.50 in chips)
RJF1943: posts small blind $1
Agrotait: posts big blind $3
*** HOLE CARDS ***
RJF1943: folds
Uncalled bet ($2) returned to Agrotait
Agrotait collected $2 from pot
Agrotait: doesn't show hand
*** SUMMARY ***
Total pot $2 | Rake $0
Seat 2: RJF1943 (button) (small blind) folded before Flop
Seat 4: Agrotait (big blind) collected ($2)


PokerStars Hand #154877798244:  Hold'em Limit ($3/$6 USD) - 2016/06/18 0:35:01 ET
Table 'Knopfia' 6-max Seat #4 is the button
Seat 2: RJF1943 ($104.76 in chips)
Seat 4: Agrotait ($86.50 in chips)
Agrotait: posts small blind $1
RJF1943: posts big blind $3
*** HOLE CARDS ***
Agrotait: raises $3 to $6
RJF1943: folds
Uncalled bet ($3) returned to Agrotait
Agrotait collected $6 from pot
Agrotait: doesn't show hand
*** SUMMARY ***
Total pot $6 | Rake $0
Seat 2: RJF1943 (big blind) folded before Flop
Seat 4: Agrotait (button) (small blind) collected ($6)


PokerStars Hand #154877812113:  Hold'em Limit ($3/$6 USD) - 2016/06/18 0:35:53 ET
Table 'Knopfia' 6-max Seat #2 is the button
Seat 2: RJF1943 ($97.76 in chips)
Seat 4: Agrotait ($93.50 in chips)
RJF1943: posts small blind $1
Agrotait: posts big blind $3
*** HOLE CARDS ***
RJF1943: calls $2
Agrotait: raises $3 to $6
RJF1943: calls $3
*** FLOP *** [8s 8h 9s]
Agrotait: bets $3
RJF1943: calls $3
*** TURN *** [8s 8h 9s] [Jh]
Agrotait: checks
RJF1943: checks
*** RIVER *** [8s 8h 9s Jh] [7h]
Agrotait: bets $6
RJF1943: calls $6
*** SHOW DOWN ***
Agrotait: shows [Ac Th] (a straight, Seven to Jack)
RJF1943: mucks hand
Agrotait collected $29.50 from pot
*** SUMMARY ***
Total pot $30 | Rake $0.50
Board [8s 8h 9s Jh 7h]
Seat 2: RJF1943 (button) (small blind) mucked
Seat 4: Agrotait (big blind) showed [Ac Th] and won ($29.50) with a straight, Seven to Jack


PokerStars Hand #154877825103:  Hold'em Limit ($3/$6 USD) - 2016/06/18 0:36:42 ET
Table 'Knopfia' 6-max Seat #2 is the button
Seat 2: RJF1943 ($83.76 in chips)
Seat 4: Agrotait ($107 in chips)
RJF1943: posts small blind $1
Agrotait: posts big blind $3
*** HOLE CARDS ***
RJF1943: folds
Uncalled bet ($2) returned to Agrotait
Agrotait collected $2 from pot
Agrotait: doesn't show hand
*** SUMMARY ***
Total pot $2 | Rake $0
Seat 2: RJF1943 (button) (small blind) folded before Flop
Seat 4: Agrotait (big blind) collected ($2)


PokerStars Hand #154877822421:  Hold'em Limit ($3/$6 USD) - 2016/06/18 0:36:32 ET
Table 'Knopfia' 6-max Seat #4 is the button
Seat 2: RJF1943 ($82.76 in chips)
Seat 4: Agrotait ($108 in chips)
Agrotait: posts small blind $1
RJF1943: posts big blind $3
*** HOLE CARDS ***
Agrotait: folds
Uncalled bet ($2) returned to RJF1943
RJF1943 collected $2 from pot
RJF1943: doesn't show hand
*** SUMMARY ***
Total pot $2 | Rake $0
Seat 2: RJF1943 (big blind) collected ($2)
Seat 4: Agrotait (button) (small blind) folded before Flop


PokerStars Hand #154877840288:  Hold'em Limit ($3/$6 USD) - 2016/06/18 0:37:40 ET
Table 'Knopfia' 6-max Seat #2 is the button
Seat 2: RJF1943 ($69.76 in chips)
Seat 4: Agrotait ($120.64 in chips)
RJF1943: posts small blind $1
Agrotait: posts big blind $3
*** HOLE CARDS ***
RJF1943: folds
Uncalled bet ($2) returned to Agrotait
Agrotait collected $2 from pot
Agrotait: doesn't show hand
*** SUMMARY ***
Total pot $2 | Rake $0
Seat 2: RJF1943 (button) (small blind) folded before Flop
Seat 4: Agrotait (big blind) collected ($2)


PokerStars Hand #154877838638:  Hold'em Limit ($3/$6 USD) - 2016/06/18 0:37:33 ET
Table 'Knopfia' 6-max Seat #4 is the button
Seat 2: RJF1943 ($72.76 in chips)
Seat 4: Agrotait ($117.64 in chips)
Agrotait: posts small blind $1
RJF1943: posts big blind $3
*** HOLE CARDS ***
Agrotait: raises $3 to $6
RJF1943: folds
Uncalled bet ($3) returned to Agrotait
Agrotait collected $6 from pot
Agrotait: doesn't show hand
*** SUMMARY ***
Total pot $6 | Rake $0
Seat 2: RJF1943 (big blind) folded before Flop
Seat 4: Agrotait (button) (small blind) collected ($6)


PokerStars Hand #154877836649:  Hold'em Limit ($3/$6 USD) - 2016/06/18 0:37:26 ET
Table 'Knopfia' 6-max Seat #2 is the button
Seat 2: RJF1943 ($73.76 in chips)
Seat 4: Agrotait ($116.64 in chips)
RJF1943: posts small blind $1
Agrotait: posts big blind $3
*** HOLE CARDS ***
RJF1943: folds
Uncalled bet ($2) returned to Agrotait
Agrotait collected $2 from pot
Agrotait: doesn't show hand
*** SUMMARY ***
Total pot $2 | Rake $0
Seat 2: RJF1943 (button) (small blind) folded before Flop
Seat 4: Agrotait (big blind) collected ($2)


PokerStars Hand #154877827167:  Hold'em Limit ($3/$6 USD) - 2016/06/18 0:36:50 ET
Table 'Knopfia' 6-max Seat #4 is the button
Seat 2: RJF1943 ($82.76 in chips)
Seat 4: Agrotait ($108 in chips)
Agrotait: posts small blind $1
RJF1943: posts big blind $3
*** HOLE CARDS ***
Agrotait: raises $3 to $6
RJF1943: calls $3
*** FLOP *** [6d Tc 9c]
RJF1943: checks
Agrotait: bets $3
RJF1943: calls $3
*** TURN *** [6d Tc 9c] [9s]
RJF1943: checks
Agrotait: bets $6
RJF1943: folds
Uncalled bet ($6) returned to Agrotait
Agrotait collected $17.64 from pot
Agrotait: doesn't show hand
*** SUMMARY ***
Total pot $18 | Rake $0.36
Board [6d Tc 9c 9s]
Seat 2: RJF1943 (big blind) folded on the Turn
Seat 4: Agrotait (button) (small blind) collected ($17.64)


PokerStars Hand #154877857951:  Hold'em Limit ($3/$6 USD) - 2016/06/18 0:38:47 ET
Table 'Knopfia' 6-max Seat #2 is the button
Seat 2: RJF1943 ($55.76 in chips)
Seat 4: Agrotait ($134.16 in chips)
RJF1943: posts small blind $1
Agrotait: posts big blind $3
*** HOLE CARDS ***
RJF1943: raises $3 to $6
Agrotait: folds
Uncalled bet ($3) returned to RJF1943
RJF1943 collected $6 from pot
RJF1943: doesn't show hand
*** SUMMARY ***
Total pot $6 | Rake $0
Seat 2: RJF1943 (button) (small blind) collected ($6)
Seat 4: Agrotait (big blind) folded before Flop


PokerStars Hand #154877850850:  Hold'em Limit ($3/$6 USD) - 2016/06/18 0:38:20 ET
Table 'Knopfia' 6-max Seat #4 is the button
Seat 2: RJF1943 ($61.76 in chips)
Seat 4: Agrotait ($128.40 in chips)
Agrotait: posts small blind $1
RJF1943: posts big blind $3
*** HOLE CARDS ***
Agrotait: raises $3 to $6
RJF1943: calls $3
*** FLOP *** [6h Qc 9s]
RJF1943: checks
Agrotait: bets $3
RJF1943: folds
Uncalled bet ($3) returned to Agrotait
Agrotait collected $11.76 from pot
Agrotait: doesn't show hand
*** SUMMARY ***
Total pot $12 | Rake $0.24
Board [6h Qc 9s]
Seat 2: RJF1943 (big blind) folded on the Flop
Seat 4: Agrotait (button) (small blind) collected ($11.76)


PokerStars Hand #154877848952:  Hold'em Limit ($3/$6 USD) - 2016/06/18 0:38:12 ET
Table 'Knopfia' 6-max Seat #2 is the button
Seat 2: RJF1943 ($62.76 in chips)
Seat 4: Agrotait ($127.40 in chips)
RJF1943: posts small blind $1
Agrotait: posts big blind $3
*** HOLE CARDS ***
RJF1943: folds
Uncalled bet ($2) returned to Agrotait
Agrotait collected $2 from pot
Agrotait: doesn't show hand
*** SUMMARY ***
Total pot $2 | Rake $0
Seat 2: RJF1943 (button) (small blind) folded before Flop
Seat 4: Agrotait (big blind) collected ($2)


PokerStars Hand #154877841817:  Hold'em Limit ($3/$6 USD) - 2016/06/18 0:37:45 ET
Table 'Knopfia' 6-max Seat #4 is the button
Seat 2: RJF1943 ($68.76 in chips)
Seat 4: Agrotait ($121.64 in chips)
Agrotait: posts small blind $1
RJF1943: posts big blind $3
*** HOLE CARDS ***
Agrotait: raises $3 to $6
RJF1943: calls $3
*** FLOP *** [Kd Jh Td]
RJF1943: checks
Agrotait: bets $3
RJF1943: folds
Uncalled bet ($3) returned to Agrotait
Agrotait collected $11.76 from pot
Agrotait: doesn't show hand
*** SUMMARY ***
Total pot $12 | Rake $0.24
Board [Kd Jh Td]
Seat 2: RJF1943 (big blind) folded on the Flop
Seat 4: Agrotait (button) (small blind) collected ($11.76)


PokerStars Hand #154877866338:  Hold'em Limit ($3/$6 USD) - 2016/06/18 0:39:18 ET
Table 'Knopfia' 6-max Seat #2 is the button
Seat 2: RJF1943 ($55.76 in chips)
Seat 4: Agrotait ($134.16 in chips)
RJF1943: posts small blind $1
Agrotait: posts big blind $3
*** HOLE CARDS ***
RJF1943: folds
Uncalled bet ($2) returned to Agrotait
Agrotait collected $2 from pot
Agrotait: doesn't show hand
*** SUMMARY ***
Total pot $2 | Rake $0
Seat 2: RJF1943 (button) (small blind) folded before Flop
Seat 4: Agrotait (big blind) collected ($2)


PokerStars Hand #154877868816:  Hold'em Limit ($3/$6 USD) - 2016/06/18 0:39:27 ET
Table 'Knopfia' 6-max Seat #4 is the button
Seat 2: RJF1943 ($54.76 in chips)
Seat 4: Agrotait ($135.16 in chips)
Agrotait: posts small blind $1
RJF1943: posts big blind $3
*** HOLE CARDS ***
Agrotait: raises $3 to $6
RJF1943: folds
Uncalled bet ($3) returned to Agrotait
Agrotait collected $6 from pot
Agrotait: doesn't show hand
*** SUMMARY ***
Total pot $6 | Rake $0
Seat 2: RJF1943 (big blind) folded before Flop
Seat 4: Agrotait (button) (small blind) collected ($6)


PokerStars Hand #154877860269:  Hold'em Limit ($3/$6 USD) - 2016/06/18 0:38:55 ET
Table 'Knopfia' 6-max Seat #4 is the button
Seat 2: RJF1943 ($58.76 in chips)
Seat 4: Agrotait ($131.16 in chips)
Agrotait: posts small blind $1
RJF1943: posts big blind $3
*** HOLE CARDS ***
Agrotait: raises $3 to $6
RJF1943: folds
Uncalled bet ($3) returned to Agrotait
Agrotait collected $6 from pot
Agrotait: doesn't show hand
*** SUMMARY ***
Total pot $6 | Rake $0
Seat 2: RJF1943 (big blind) folded before Flop
Seat 4: Agrotait (button) (small blind) collected ($6)


PokerStars Hand #154877881366:  Hold'em Limit ($3/$6 USD) - 2016/06/18 0:40:15 ET
Table 'Knopfia' 6-max Seat #4 is the button
Seat 2: RJF1943 ($57.52 in chips)
Seat 4: Agrotait ($132.16 in chips)
Agrotait: posts small blind $1
RJF1943: posts big blind $3
*** HOLE CARDS ***
Agrotait: raises $3 to $6
RJF1943: calls $3
*** FLOP *** [Tc 5c 9s]
RJF1943: bets $3
Agrotait: calls $3
*** TURN *** [Tc 5c 9s] [8d]
RJF1943: bets $6
Agrotait: raises $6 to $12
RJF1943: calls $6
*** RIVER *** [Tc 5c 9s 8d] [Ac]
RJF1943: checks
Agrotait: bets $6
RJF1943: calls $6
*** SHOW DOWN ***
Agrotait: shows [Qh Jc] (a straight, Eight to Queen)
RJF1943: mucks hand
Agrotait collected $53.50 from pot
*** SUMMARY ***
Total pot $54 | Rake $0.50
Board [Tc 5c 9s 8d Ac]
Seat 2: RJF1943 (big blind) mucked
Seat 4: Agrotait (button) (small blind) showed [Qh Jc] and won ($53.50) with a straight, Eight to Queen


PokerStars Hand #154877871765:  Hold'em Limit ($3/$6 USD) - 2016/06/18 0:39:39 ET
Table 'Knopfia' 6-max Seat #2 is the button
Seat 2: RJF1943 ($51.76 in chips)
Seat 4: Agrotait ($138.16 in chips)
RJF1943: posts small blind $1
Agrotait: posts big blind $3
*** HOLE CARDS ***
RJF1943: calls $2
Agrotait: checks
*** FLOP *** [Tc 6d 7s]
Agrotait: bets $3
RJF1943: raises $3 to $6
Agrotait: folds
Uncalled bet ($3) returned to RJF1943
RJF1943 collected $11.76 from pot
RJF1943: doesn't show hand
*** SUMMARY ***
Total pot $12 | Rake $0.24
Board [Tc 6d 7s]
Seat 2: RJF1943 (button) (small blind) collected ($11.76)
Seat 4: Agrotait (big blind) folded on the Flop


PokerStars Hand #154877893049:  Hold'em Limit ($3/$6 USD) - 2016/06/18 0:41:00 ET
Table 'Knopfia' 6-max Seat #2 is the button
Seat 2: RJF1943 ($30.52 in chips)
Seat 4: Agrotait ($158.66 in chips)
RJF1943: posts small blind $1
Agrotait: posts big blind $3
*** HOLE CARDS ***
RJF1943: raises $3 to $6
Agrotait: raises $3 to $9
RJF1943: raises $3 to $12
Betting is capped
Agrotait: calls $3
*** FLOP *** [3s As Jh]
Agrotait: checks
RJF1943: bets $3
Agrotait: calls $3
*** TURN *** [3s As Jh] [Jd]
Agrotait: checks
RJF1943: bets $6
Agrotait: calls $6
*** RIVER *** [3s As Jh Jd] [Ts]
Agrotait: checks
RJF1943: bets $6
Agrotait: folds
Uncalled bet ($6) returned to RJF1943
RJF1943 collected $41.50 from pot
RJF1943: doesn't show hand
*** SUMMARY ***
Total pot $42 | Rake $0.50
Board [3s As Jh Jd Ts]
Seat 2: RJF1943 (button) (small blind) collected ($41.50)
Seat 4: Agrotait (big blind) folded on the River


PokerStars Hand #154877909262:  Hold'em Limit ($3/$6 USD) - 2016/06/18 0:42:02 ET
Table 'Knopfia' 6-max Seat #4 is the button
Seat 2: RJF1943 ($51.02 in chips)
Seat 4: Agrotait ($137.66 in chips)
Agrotait: posts small blind $1
RJF1943: posts big blind $3
*** HOLE CARDS ***
Agrotait: raises $3 to $6
RJF1943: folds
Uncalled bet ($3) returned to Agrotait
Agrotait collected $6 from pot
Agrotait: doesn't show hand
*** SUMMARY ***
Total pot $6 | Rake $0
Seat 2: RJF1943 (big blind) folded before Flop
Seat 4: Agrotait (button) (small blind) collected ($6)


PokerStars Hand #154877911053:  Hold'em Limit ($3/$6 USD) - 2016/06/18 0:42:10 ET
Table 'Knopfia' 6-max Seat #2 is the button
Seat 2: RJF1943 ($48.02 in chips)
Seat 4: Agrotait ($140.66 in chips)
RJF1943: posts small blind $1
Agrotait: posts big blind $3
*** HOLE CARDS ***
RJF1943: raises $3 to $6
Agrotait: calls $3
*** FLOP *** [5h 3s 5s]
Agrotait: checks
RJF1943: checks
*** TURN *** [5h 3s 5s] [Jc]
Agrotait: bets $6
RJF1943: folds
Uncalled bet ($6) returned to Agrotait
Agrotait collected $11.76 from pot
Agrotait: doesn't show hand
*** SUMMARY ***
Total pot $12 | Rake $0.24
Board [5h 3s 5s Jc]
Seat 2: RJF1943 (button) (small blind) folded on the Turn
Seat 4: Agrotait (big blind) collected ($11.76)


PokerStars Hand #154877920412:  Hold'em Limit ($3/$6 USD) - 2016/06/18 0:42:45 ET
Table 'Knopfia' 6-max Seat #4 is the button
Seat 2: RJF1943 ($42.02 in chips)
Seat 4: Agrotait ($146.42 in chips)
Agrotait: posts small blind $1
RJF1943: posts big blind $3
*** HOLE CARDS ***
Agrotait: raises $3 to $6
RJF1943: calls $3
*** FLOP *** [Ad 9c 2h]
RJF1943: bets $3
Agrotait: folds
Uncalled bet ($3) returned to RJF1943
RJF1943 collected $11.76 from pot
RJF1943: doesn't show hand
*** SUMMARY ***
Total pot $12 | Rake $0.24
Board [Ad 9c 2h]
Seat 2: RJF1943 (big blind) collected ($11.76)
Seat 4: Agrotait (button) (small blind) folded on the Flop


PokerStars Hand #154877937193:  Hold'em Limit ($3/$6 USD) - 2016/06/18 0:43:49 ET
Table 'Knopfia' 6-max Seat #4 is the button
Seat 2: RJF1943 ($23.78 in chips)
Seat 4: Agrotait ($163.92 in chips)
Agrotait: posts small blind $1
RJF1943: posts big blind $3
*** HOLE CARDS ***
Agrotait: folds
Uncalled bet ($2) returned to RJF1943
RJF1943 collected $2 from pot
RJF1943: doesn't show hand
*** SUMMARY ***
Total pot $2 | Rake $0
Seat 2: RJF1943 (big blind) collected ($2)
Seat 4: Agrotait (button) (small blind) folded before Flop


PokerStars Hand #154877927805:  Hold'em Limit ($3/$6 USD) - 2016/06/18 0:43:13 ET
Table 'Knopfia' 6-max Seat #2 is the button
Seat 2: RJF1943 ($47.78 in chips)
Seat 4: Agrotait ($140.42 in chips)
RJF1943: posts small blind $1
Agrotait: posts big blind $3
*** HOLE CARDS ***
RJF1943: raises $3 to $6
Agrotait: calls $3
*** FLOP *** [6d 7s 7h]
Agrotait: checks
RJF1943: bets $3
Agrotait: raises $3 to $6
RJF1943: calls $3
*** TURN *** [6d 7s 7h] [4d]
Agrotait: bets $6
RJF1943: calls $6
*** RIVER *** [6d 7s 7h 4d] [6s]
Agrotait: bets $6
RJF1943: calls $6
*** SHOW DOWN ***
Agrotait: shows [8d 6h] (a full house, Sixes full of Sevens)
RJF1943: mucks hand
Agrotait collected $47.50 from pot
*** SUMMARY ***
Total pot $48 | Rake $0.50
Board [6d 7s 7h 4d 6s]
Seat 2: RJF1943 (button) (small blind) mucked
Seat 4: Agrotait (big blind) showed [8d 6h] and won ($47.50) with a full house, Sixes full of Sevens


PokerStars Hand #154877938901:  Hold'em Limit ($3/$6 USD) - 2016/06/18 0:43:55 ET
Table 'Knopfia' 6-max Seat #2 is the button
Seat 2: RJF1943 ($24.78 in chips)
Seat 4: Agrotait ($162.92 in chips)
RJF1943: posts small blind $1
Agrotait: posts big blind $3
*** HOLE CARDS ***
RJF1943: calls $2
Agrotait: checks
*** FLOP *** [9c 4h 9d]
Agrotait: checks
RJF1943: checks
*** TURN *** [9c 4h 9d] [Js]
Agrotait: bets $6
RJF1943: folds
Uncalled bet ($6) returned to Agrotait
Agrotait collected $5.88 from pot
Agrotait: doesn't show hand
*** SUMMARY ***
Total pot $6 | Rake $0.12
Board [9c 4h 9d Js]
Seat 2: RJF1943 (button) (small blind) folded on the Turn
Seat 4: Agrotait (big blind) collected ($5.88)


PokerStars Hand #154877951820:  Hold'em Limit ($3/$6 USD) - 2016/06/18 0:44:43 ET
Table 'Knopfia' 6-max Seat #4 is the button
Seat 2: RJF1943 ($21.78 in chips)
Seat 4: Agrotait ($165.80 in chips)
Agrotait: posts small blind $1
RJF1943: posts big blind $3
*** HOLE CARDS ***
Agrotait: raises $3 to $6
RJF1943: calls $3
*** FLOP *** [7c 9d 4c]
RJF1943: bets $3
Agrotait: raises $3 to $6
RJF1943: calls $3
*** TURN *** [7c 9d 4c] [9s]
RJF1943: checks
Agrotait: bets $6
RJF1943: calls $6
*** RIVER *** [7c 9d 4c 9s] [Ac]
RJF1943: checks
Agrotait: bets $6
RJF1943: folds
Uncalled bet ($6) returned to Agrotait
Agrotait collected $35.50 from pot
Agrotait: doesn't show hand
*** SUMMARY ***
Total pot $36 | Rake $0.50
Board [7c 9d 4c 9s Ac]
Seat 2: RJF1943 (big blind) folded on the River
Seat 4: Agrotait (button) (small blind) collected ($35.50)


PokerStars Hand #154877964159:  Hold'em Limit ($3/$6 USD) - 2016/06/18 0:45:30 ET
Table 'Knopfia' 6-max Seat #2 is the button
Seat 2: RJF1943 ($3.78 in chips)
Seat 4: Agrotait ($183.30 in chips)
RJF1943: posts small blind $1
Agrotait: posts big blind $3
*** HOLE CARDS ***
RJF1943: calls $2
Agrotait: checks
*** FLOP *** [Kd 5c Qd]
Agrotait: checks
RJF1943: bets $0.78 and is all-in
Agrotait: calls $0.78
*** TURN *** [Kd 5c Qd] [4h]
*** RIVER *** [Kd 5c Qd 4h] [7s]
*** SHOW DOWN ***
Agrotait: shows [3h 8d] (high card King)
RJF1943: shows [2s 5s] (a pair of Fives)
RJF1943 collected $7.41 from pot
*** SUMMARY ***
Total pot $7.56 | Rake $0.15
Board [Kd 5c Qd 4h 7s]
Seat 2: RJF1943 (button) (small blind) showed [2s 5s] and won ($7.41) with a pair of Fives
Seat 4: Agrotait (big blind) showed [3h 8d] and lost with high card King


PokerStars Hand #154877984932:  Hold'em Limit ($3/$6 USD) - 2016/06/18 0:46:48 ET
Table 'Knopfia' 6-max Seat #2 is the button
Seat 2: RJF1943 ($91.29 in chips)
Seat 4: Agrotait ($200.02 in chips)
RJF1943: posts small blind $1
Agrotait: posts big blind $3
*** HOLE CARDS ***
RJF1943: folds
Uncalled bet ($2) returned to Agrotait
Agrotait collected $2 from pot
Agrotait: doesn't show hand
*** SUMMARY ***
Total pot $2 | Rake $0
Seat 2: RJF1943 (button) (small blind) folded before Flop
Seat 4: Agrotait (big blind) collected ($2)


PokerStars Hand #154877972682:  Hold'em Limit ($3/$6 USD) - 2016/06/18 0:46:02 ET
Table 'Knopfia' 6-max Seat #4 is the button
Seat 2: RJF1943 ($112.29 in chips)
Seat 4: Agrotait ($179.52 in chips)
Agrotait: posts small blind $1
RJF1943: posts big blind $3
*** HOLE CARDS ***
Agrotait: raises $3 to $6
RJF1943: calls $3
*** FLOP *** [Js 9c Qh]
RJF1943: bets $3
Agrotait: calls $3
*** TURN *** [Js 9c Qh] [7c]
RJF1943: bets $6
Agrotait: calls $6
*** RIVER *** [Js 9c Qh 7c] [4h]
RJF1943: bets $6
Agrotait: calls $6
*** SHOW DOWN ***
RJF1943: shows [9s 8d] (a pair of Nines)
Agrotait: shows [6c Jd] (a pair of Jacks)
Agrotait collected $41.50 from pot
*** SUMMARY ***
Total pot $42 | Rake $0.50
Board [Js 9c Qh 7c 4h]
Seat 2: RJF1943 (big blind) showed [9s 8d] and lost with a pair of Nines
Seat 4: Agrotait (button) (small blind) showed [6c Jd] and won ($41.50) with a pair of Jacks


PokerStars Hand #154877987436:  Hold'em Limit ($3/$6 USD) - 2016/06/18 0:46:58 ET
Table 'Knopfia' 6-max Seat #4 is the button
Seat 2: RJF1943 ($90.29 in chips)
Seat 4: Agrotait ($201.02 in chips)
Agrotait: posts small blind $1
RJF1943: posts big blind $3
*** HOLE CARDS ***
Agrotait: raises $3 to $6
RJF1943: raises $3 to $9
Agrotait: calls $3
*** FLOP *** [Td Th 6s]
RJF1943: checks
Agrotait: checks
*** TURN *** [Td Th 6s] [Kc]
RJF1943: checks
Agrotait: bets $6
RJF1943: folds
Uncalled bet ($6) returned to Agrotait
Agrotait collected $17.64 from pot
Agrotait: doesn't show hand
*** SUMMARY ***
Total pot $18 | Rake $0.36
Board [Td Th 6s Kc]
Seat 2: RJF1943 (big blind) folded on the Turn
Seat 4: Agrotait (button) (small blind) collected ($17.64)


PokerStars Hand #154878005704:  Hold'em Limit ($3/$6 USD) - 2016/06/18 0:48:07 ET
Table 'Knopfia' 6-max Seat #2 is the button
Seat 2: RJF1943 ($81.29 in chips)
Seat 4: Agrotait ($209.66 in chips)
RJF1943: posts small blind $1
Agrotait: posts big blind $3
*** HOLE CARDS ***
RJF1943: calls $2
Agrotait: raises $3 to $6
RJF1943: calls $3
*** FLOP *** [Kc 5h 6d]
Agrotait: bets $3
RJF1943: raises $3 to $6
Agrotait: calls $3
*** TURN *** [Kc 5h 6d] [2c]
Agrotait: checks
RJF1943: bets $6
Agrotait: calls $6
*** RIVER *** [Kc 5h 6d 2c] [3s]
Agrotait: checks
RJF1943: bets $6
Agrotait: calls $6
*** SHOW DOWN ***
RJF1943: shows [Ad 6c] (a pair of Sixes)
Agrotait: shows [7d 7c] (a pair of Sevens)
Agrotait collected $47.50 from pot
*** SUMMARY ***
Total pot $48 | Rake $0.50
Board [Kc 5h 6d 2c 3s]
Seat 2: RJF1943 (button) (small blind) showed [Ad 6c] and lost with a pair of Sixes
Seat 4: Agrotait (big blind) showed [7d 7c] and won ($47.50) with a pair of Sevens


PokerStars Hand #154878028287:  Hold'em Limit ($3/$6 USD) - 2016/06/18 0:49:33 ET
Table 'Knopfia' 6-max Seat #4 is the button
Seat 2: RJF1943 ($50.29 in chips)
Seat 4: Agrotait ($239.92 in chips)
Agrotait: posts small blind $1
RJF1943: posts big blind $3
*** HOLE CARDS ***
Agrotait: raises $3 to $6
RJF1943: raises $3 to $9
Agrotait: calls $3
*** FLOP *** [Td 3h 5s]
RJF1943: checks
Agrotait: checks
*** TURN *** [Td 3h 5s] [Kh]
RJF1943: bets $6
Agrotait: folds
Uncalled bet ($6) returned to RJF1943
RJF1943 collected $17.64 from pot
RJF1943: doesn't show hand
*** SUMMARY ***
Total pot $18 | Rake $0.36
Board [Td 3h 5s Kh]
Seat 2: RJF1943 (big blind) collected ($17.64)
Seat 4: Agrotait (button) (small blind) folded on the Turn


PokerStars Hand #154878018434:  Hold'em Limit ($3/$6 USD) - 2016/06/18 0:48:56 ET
Table 'Knopfia' 6-max Seat #4 is the button
Seat 2: RJF1943 ($57.29 in chips)
Seat 4: Agrotait ($233.16 in chips)
Agrotait: posts small blind $1
RJF1943: posts big blind $3
*** HOLE CARDS ***
Agrotait: raises $3 to $6
RJF1943: calls $3
*** FLOP *** [Jh 2h 5h]
RJF1943: checks
Agrotait: bets $3
RJF1943: folds
Uncalled bet ($3) returned to Agrotait
Agrotait collected $11.76 from pot
Agrotait: doesn't show hand
*** SUMMARY ***
Total pot $12 | Rake $0.24
Board [Jh 2h 5h]
Seat 2: RJF1943 (big blind) folded on the Flop
Seat 4: Agrotait (button) (small blind) collected ($11.76)


PokerStars Hand #154878026773:  Hold'em Limit ($3/$6 USD) - 2016/06/18 0:49:28 ET
Table 'Knopfia' 6-max Seat #2 is the button
Seat 2: RJF1943 ($51.29 in chips)
Seat 4: Agrotait ($238.92 in chips)
RJF1943: posts small blind $1
Agrotait: posts big blind $3
*** HOLE CARDS ***
RJF1943: folds
Uncalled bet ($2) returned to Agrotait
Agrotait collected $2 from pot
Agrotait: doesn't show hand
*** SUMMARY ***
Total pot $2 | Rake $0
Seat 2: RJF1943 (button) (small blind) folded before Flop
Seat 4: Agrotait (big blind) collected ($2)


PokerStars Hand #154878047263:  Hold'em Limit ($3/$6 USD) - 2016/06/18 0:50:46 ET
Table 'Knopfia' 6-max Seat #2 is the button
Seat 2: RJF1943 ($66.57 in chips)
Seat 4: Agrotait ($222.92 in chips)
RJF1943: posts small blind $1
Agrotait: posts big blind $3
*** HOLE CARDS ***
RJF1943: folds
Uncalled bet ($2) returned to Agrotait
Agrotait collected $2 from pot
Agrotait: doesn't show hand
*** SUMMARY ***
Total pot $2 | Rake $0
Seat 2: RJF1943 (button) (small blind) folded before Flop
Seat 4: Agrotait (big blind) collected ($2)


PokerStars Hand #154878036049:  Hold'em Limit ($3/$6 USD) - 2016/06/18 0:50:03 ET
Table 'Knopfia' 6-max Seat #4 is the button
Seat 2: RJF1943 ($57.93 in chips)
Seat 4: Agrotait ($231.92 in chips)
Agrotait: posts small blind $1
RJF1943: posts big blind $3
*** HOLE CARDS ***
Agrotait: raises $3 to $6
RJF1943: calls $3
*** FLOP *** [2c Ks As]
RJF1943: checks
Agrotait: bets $3
RJF1943: calls $3
*** TURN *** [2c Ks As] [Js]
RJF1943: bets $6
Agrotait: folds
Uncalled bet ($6) returned to RJF1943
RJF1943 collected $17.64 from pot
RJF1943: doesn't show hand
*** SUMMARY ***
Total pot $18 | Rake $0.36
Board [2c Ks As Js]
Seat 2: RJF1943 (big blind) collected ($17.64)
Seat 4: Agrotait (button) (small blind) folded on the Turn


PokerStars Hand #154878034452:  Hold'em Limit ($3/$6 USD) - 2016/06/18 0:49:57 ET
Table 'Knopfia' 6-max Seat #2 is the button
Seat 2: RJF1943 ($58.93 in chips)
Seat 4: Agrotait ($230.92 in chips)
RJF1943: posts small blind $1
Agrotait: posts big blind $3
*** HOLE CARDS ***
RJF1943: folds
Uncalled bet ($2) returned to Agrotait
Agrotait collected $2 from pot
Agrotait: doesn't show hand
*** SUMMARY ***
Total pot $2 | Rake $0
Seat 2: RJF1943 (button) (small blind) folded before Flop
Seat 4: Agrotait (big blind) collected ($2)


PokerStars Hand #154878055594:  Hold'em Limit ($3/$6 USD) - 2016/06/18 0:51:18 ET
Table 'Knopfia' 6-max Seat #2 is the button
Seat 2: RJF1943 ($59.57 in chips)
Seat 4: Agrotait ($229.68 in chips)
RJF1943: posts small blind $1
Agrotait: posts big blind $3
*** HOLE CARDS ***
RJF1943: raises $3 to $6
Agrotait: folds
Uncalled bet ($3) returned to RJF1943
RJF1943 collected $6 from pot
RJF1943: doesn't show hand
*** SUMMARY ***
Total pot $6 | Rake $0
Seat 2: RJF1943 (button) (small blind) collected ($6)
Seat 4: Agrotait (big blind) folded before Flop


PokerStars Hand #154878048687:  Hold'em Limit ($3/$6 USD) - 2016/06/18 0:50:51 ET
Table 'Knopfia' 6-max Seat #4 is the button
Seat 2: RJF1943 ($65.57 in chips)
Seat 4: Agrotait ($223.92 in chips)
Agrotait: posts small blind $1
RJF1943: posts big blind $3
*** HOLE CARDS ***
Agrotait: raises $3 to $6
RJF1943: calls $3
*** FLOP *** [As 9h Ks]
RJF1943: checks
Agrotait: bets $3
RJF1943: folds
Uncalled bet ($3) returned to Agrotait
Agrotait collected $11.76 from pot
Agrotait: doesn't show hand
*** SUMMARY ***
Total pot $12 | Rake $0.24
Board [As 9h Ks]
Seat 2: RJF1943 (big blind) folded on the Flop
Seat 4: Agrotait (button) (small blind) collected ($11.76)


PokerStars Hand #154878059127:  Hold'em Limit ($3/$6 USD) - 2016/06/18 0:51:31 ET
Table 'Knopfia' 6-max Seat #4 is the button
Seat 2: RJF1943 ($62.57 in chips)
Seat 4: Agrotait ($226.68 in chips)
Agrotait: posts small blind $1
RJF1943: posts big blind $3
*** HOLE CARDS ***
Agrotait: raises $3 to $6
RJF1943: folds
Uncalled bet ($3) returned to Agrotait
Agrotait collected $6 from pot
Agrotait: doesn't show hand
*** SUMMARY ***
Total pot $6 | Rake $0
Seat 2: RJF1943 (big blind) folded before Flop
Seat 4: Agrotait (button) (small blind) collected ($6)


PokerStars Hand #154878067501:  Hold'em Limit ($3/$6 USD) - 2016/06/18 0:52:03 ET
Table 'Knopfia' 6-max Seat #4 is the button
Seat 2: RJF1943 ($62.57 in chips)
Seat 4: Agrotait ($226.68 in chips)
Agrotait: posts small blind $1
RJF1943: posts big blind $3
*** HOLE CARDS ***
Agrotait: raises $3 to $6
RJF1943: calls $3
*** FLOP *** [6h Kc 9d]
RJF1943: checks
Agrotait: bets $3
RJF1943: folds
Uncalled bet ($3) returned to Agrotait
Agrotait collected $11.76 from pot
Agrotait: doesn't show hand
*** SUMMARY ***
Total pot $12 | Rake $0.24
Board [6h Kc 9d]
Seat 2: RJF1943 (big blind) folded on the Flop
Seat 4: Agrotait (button) (small blind) collected ($11.76)


PokerStars Hand #154878072615:  Hold'em Limit ($3/$6 USD) - 2016/06/18 0:52:22 ET
Table 'Knopfia' 6-max Seat #2 is the button
Seat 2: RJF1943 ($56.57 in chips)
Seat 4: Agrotait ($232.44 in chips)
RJF1943: posts small blind $1
Agrotait: posts big blind $3
*** HOLE CARDS ***
RJF1943: calls $2
Agrotait: checks
*** FLOP *** [Jd Ts 8c]
Agrotait: checks
RJF1943: checks
*** TURN *** [Jd Ts 8c] [4h]
Agrotait: bets $6
RJF1943: calls $6
*** RIVER *** [Jd Ts 8c 4h] [2s]
Agrotait: checks
RJF1943: checks
*** SHOW DOWN ***
Agrotait: shows [Qs 2d] (a pair of Deuces)
RJF1943: shows [6c 4c] (a pair of Fours)
RJF1943 collected $17.64 from pot
*** SUMMARY ***
Total pot $18 | Rake $0.36
Board [Jd Ts 8c 4h 2s]
Seat 2: RJF1943 (button) (small blind) showed [6c 4c] and won ($17.64) with a pair of Fours
Seat 4: Agrotait (big blind) showed [Qs 2d] and lost with a pair of Deuces


PokerStars Hand #154878062392:  Hold'em Limit ($3/$6 USD) - 2016/06/18 0:51:44 ET
Table 'Knopfia' 6-max Seat #2 is the button
Seat 2: RJF1943 ($59.57 in chips)
Seat 4: Agrotait ($229.68 in chips)
RJF1943: posts small blind $1
Agrotait: posts big blind $3
*** HOLE CARDS ***
RJF1943: raises $3 to $6
Agrotait: folds
Uncalled bet ($3) returned to RJF1943
RJF1943 collected $6 from pot
RJF1943: doesn't show hand
*** SUMMARY ***
Total pot $6 | Rake $0
Seat 2: RJF1943 (button) (small blind) collected ($6)
Seat 4: Agrotait (big blind) folded before Flop


PokerStars Hand #154878090418:  Hold'em Limit ($3/$6 USD) - 2016/06/18 0:52:52 ET
Table 'Knopfia' 6-max Seat #4 is the button
Seat 2: RJF1943 ($65.21 in chips)
Seat 4: Agrotait ($223.44 in chips)
Agrotait: posts small blind $1
RJF1943: posts big blind $3
*** HOLE CARDS ***
Agrotait: raises $3 to $6
RJF1943: calls $3
*** FLOP *** [5d 4c 6s]
RJF1943: bets $3
Agrotait: folds
Uncalled bet ($3) returned to RJF1943
RJF1943 collected $11.76 from pot
RJF1943: doesn't show hand
*** SUMMARY ***
Total pot $12 | Rake $0.24
Board [5d 4c 6s]
Seat 2: RJF1943 (big blind) collected ($11.76)
Seat 4: Agrotait (button) (small blind) folded on the Flop


PokerStars Hand #154878095961:  Hold'em Limit ($3/$6 USD) - 2016/06/18 0:53:14 ET
Table 'Knopfia' 6-max Seat #2 is the button
Seat 2: RJF1943 ($70.97 in chips)
Seat 4: Agrotait ($217.44 in chips)
RJF1943: posts small blind $1
Agrotait: posts big blind $3
*** HOLE CARDS ***
RJF1943: folds
Uncalled bet ($2) returned to Agrotait
Agrotait collected $2 from pot
Agrotait: doesn't show hand
*** SUMMARY ***
Total pot $2 | Rake $0
Seat 2: RJF1943 (button) (small blind) folded before Flop
Seat 4: Agrotait (big blind) collected ($2)


PokerStars Hand #154878097771:  Hold'em Limit ($3/$6 USD) - 2016/06/18 0:53:21 ET
Table 'Knopfia' 6-max Seat #4 is the button
Seat 2: RJF1943 ($69.97 in chips)
Seat 4: Agrotait ($218.44 in chips)
Agrotait: posts small blind $1
RJF1943: posts big blind $3
*** HOLE CARDS ***
Agrotait: raises $3 to $6
RJF1943: calls $3
*** FLOP *** [Td 2c 7s]
RJF1943: checks
Agrotait: bets $3
RJF1943: calls $3
*** TURN *** [Td 2c 7s] [Tc]
RJF1943: checks
Agrotait: bets $6
RJF1943: folds
Uncalled bet ($6) returned to Agrotait
Agrotait collected $17.64 from pot
Agrotait: doesn't show hand
*** SUMMARY ***
Total pot $18 | Rake $0.36
Board [Td 2c 7s Tc]
Seat 2: RJF1943 (big blind) folded on the Turn
Seat 4: Agrotait (button) (small blind) collected ($17.64)


PokerStars Hand #154878117963:  Hold'em Limit ($3/$6 USD) - 2016/06/18 0:54:38 ET
Table 'Knopfia' 6-max Seat #4 is the button
Seat 2: RJF1943 ($27.97 in chips)
Seat 4: Agrotait ($259.58 in chips)
Agrotait: posts small blind $1
RJF1943: posts big blind $3
*** HOLE CARDS ***
Agrotait: folds
Uncalled bet ($2) returned to RJF1943
RJF1943 collected $2 from pot
RJF1943: doesn't show hand
*** SUMMARY ***
Total pot $2 | Rake $0
Seat 2: RJF1943 (big blind) collected ($2)
Seat 4: Agrotait (button) (small blind) folded before Flop


PokerStars Hand #154878119715:  Hold'em Limit ($3/$6 USD) - 2016/06/18 0:54:45 ET
Table 'Knopfia' 6-max Seat #2 is the button
Seat 2: RJF1943 ($28.97 in chips)
Seat 4: Agrotait ($258.58 in chips)
RJF1943: posts small blind $1
Agrotait: posts big blind $3
*** HOLE CARDS ***
RJF1943: folds
Uncalled bet ($2) returned to Agrotait
Agrotait collected $2 from pot
Agrotait: doesn't show hand
*** SUMMARY ***
Total pot $2 | Rake $0
Seat 2: RJF1943 (button) (small blind) folded before Flop
Seat 4: Agrotait (big blind) collected ($2)


PokerStars Hand #154878108703:  Hold'em Limit ($3/$6 USD) - 2016/06/18 0:54:03 ET
Table 'Knopfia' 6-max Seat #2 is the button
Seat 2: RJF1943 ($60.97 in chips)
Seat 4: Agrotait ($227.08 in chips)
RJF1943: posts small blind $1
Agrotait: posts big blind $3
*** HOLE CARDS ***
RJF1943: raises $3 to $6
Agrotait: raises $3 to $9
RJF1943: raises $3 to $12
Betting is capped
Agrotait: calls $3
*** FLOP *** [7h Ts 5d]
Agrotait: checks
RJF1943: bets $3
Agrotait: raises $3 to $6
RJF1943: raises $3 to $9
Agrotait: calls $3
*** TURN *** [7h Ts 5d] [5c]
Agrotait: checks
RJF1943: bets $6
Agrotait: calls $6
*** RIVER *** [7h Ts 5d 5c] [9d]
Agrotait: checks
RJF1943: bets $6
Agrotait: calls $6
*** SHOW DOWN ***
RJF1943: shows [2s As] (a pair of Fives)
Agrotait: shows [Tc Qc] (two pair, Tens and Fives)
Agrotait collected $65.50 from pot
*** SUMMARY ***
Total pot $66 | Rake $0.50
Board [7h Ts 5d 5c 9d]
Seat 2: RJF1943 (button) (small blind) showed [2s As] and lost with a pair of Fives
Seat 4: Agrotait (big blind) showed [Tc Qc] and won ($65.50) with two pair, Tens and Fives


PokerStars Hand #154878121197:  Hold'em Limit ($3/$6 USD) - 2016/06/18 0:54:51 ET
Table 'Knopfia' 6-max Seat #4 is the button
Seat 2: RJF1943 ($27.97 in chips)
Seat 4: Agrotait ($259.58 in chips)
Agrotait: posts small blind $1
RJF1943: posts big blind $3
*** HOLE CARDS ***
Agrotait: raises $3 to $6
RJF1943: raises $3 to $9
Agrotait: calls $3
*** FLOP *** [9d Ac 8h]
RJF1943: bets $3
Agrotait: raises $3 to $6
RJF1943: raises $3 to $9
Agrotait: calls $3
*** TURN *** [9d Ac 8h] [6s]
RJF1943: bets $6
Agrotait: calls $6
*** RIVER *** [9d Ac 8h 6s] [Ad]
RJF1943: bets $3.97 and is all-in
Agrotait: calls $3.97
*** SHOW DOWN ***
RJF1943: shows [Jd Jh] (two pair, Aces and Jacks)
Agrotait: shows [8s 8c] (a full house, Eights full of Aces)
Agrotait collected $55.44 from pot
*** SUMMARY ***
Total pot $55.94 | Rake $0.50
Board [9d Ac 8h 6s Ad]
Seat 2: RJF1943 (big blind) showed [Jd Jh] and lost with two pair, Aces and Jacks
Seat 4: Agrotait (button) (small blind) showed [8s 8c] and won ($55.44) with a full house, Eights full of Aces


