PokerStars Hand #160788745049:  Hold'em Limit ($3/$6 USD) - 2016/11/02 10:46:32 ET
Table 'Knopfia II' 6-max Seat #6 is the button
Seat 1: kolaz03 ($75 in chips)
Seat 6: MilkyWay2016 ($117 in chips)
MilkyWay2016: posts small blind $1
kolaz03: posts big blind $3
*** HOLE CARDS ***
MilkyWay2016: folds
Uncalled bet ($2) returned to kolaz03
kolaz03 collected $2 from pot
kolaz03: doesn't show hand
*** SUMMARY ***
Total pot $2 | Rake $0
Seat 1: kolaz03 (big blind) collected ($2)
Seat 6: MilkyWay2016 (button) (small blind) folded before Flop


PokerStars Hand #160788732854:  Hold'em Limit ($3/$6 USD) - 2016/11/02 10:46:13 ET
Table 'Knopfia II' 6-max Seat #1 is the button
Seat 1: kolaz03 ($72 in chips)
Seat 6: MilkyWay2016 ($120 in chips)
assitoni: is sitting out
kolaz03: posts small blind $1
MilkyWay2016: posts big blind $3
*** HOLE CARDS ***
kolaz03: raises $3 to $6
MilkyWay2016: folds
Uncalled bet ($3) returned to kolaz03
B_loJkl joins the table at seat #2
kolaz03 collected $6 from pot
kolaz03: doesn't show hand
*** SUMMARY ***
Total pot $6 | Rake $0
Seat 1: kolaz03 (button) (small blind) collected ($6)
Seat 6: MilkyWay2016 (big blind) folded before Flop


PokerStars Hand #160789147089:  Hold'em Limit ($3/$6 USD) - 2016/11/02 10:57:12 ET
Table 'Knopfia II' 6-max Seat #3 is the button
Seat 3: kurt183 ($76.06 in chips)
Seat 5: tamnt10549 ($60.05 in chips)
kurt183: posts small blind $1
tamnt10549: posts big blind $3
*** HOLE CARDS ***
kurt183: folds
Uncalled bet ($2) returned to tamnt10549
tamnt10549 collected $2 from pot
tamnt10549: doesn't show hand
*** SUMMARY ***
Total pot $2 | Rake $0
Seat 3: kurt183 (button) (small blind) folded before Flop
Seat 5: tamnt10549 (big blind) collected ($2)


PokerStars Hand #160789129422:  Hold'em Limit ($3/$6 USD) - 2016/11/02 10:56:41 ET
Table 'Knopfia II' 6-max Seat #5 is the button
Seat 3: kurt183 ($100.06 in chips)
Seat 5: tamnt10549 ($36.55 in chips)
tamnt10549: posts small blind $1
kolaz03: is sitting out
B_loJkl: is sitting out
kurt183: posts big blind $3
*** HOLE CARDS ***
kolaz03 leaves the table
B_loJkl leaves the table
B_loJkl joins the table at seat #6
tamnt10549: calls $2
kurt183: checks
*** FLOP *** [3s 6h 6s]
kurt183: bets $3
tamnt10549: calls $3
*** TURN *** [3s 6h 6s] [Js]
kurt183: bets $6
tamnt10549: raises $6 to $12
kurt183: calls $6
*** RIVER *** [3s 6h 6s Js] [2c]
kurt183: checks
tamnt10549: bets $6
kurt183: calls $6
*** SHOW DOWN ***
tamnt10549: shows [6d 7d] (three of a kind, Sixes)
kurt183: mucks hand
tamnt10549 collected $47.50 from pot
*** SUMMARY ***
Total pot $48 | Rake $0.50
Board [3s 6h 6s Js 2c]
Seat 3: kurt183 (big blind) mucked
Seat 5: tamnt10549 (button) (small blind) showed [6d 7d] and won ($47.50) with three of a kind, Sixes


PokerStars Hand #160792052625:  Hold'em Limit ($3/$6 USD) - 2016/11/02 12:08:39 ET
Table 'Knopfia II' 6-max Seat #2 is the button
Seat 2: Ultrafranke ($115.34 in chips)
Seat 6: Psynto ($194 in chips)
Ultrafranke: posts small blind $1
zizonmusang: is sitting out
zizonmusang leaves the table
Psynto: posts big blind $3
*** HOLE CARDS ***
Ultrafranke: raises $3 to $6
Psynto: raises $3 to $9
Ultrafranke: calls $3
*** FLOP *** [4h Qh 9h]
Psynto: bets $3
Ultrafranke: calls $3
*** TURN *** [4h Qh 9h] [7d]
Psynto: bets $6
Ultrafranke: calls $6
*** RIVER *** [4h Qh 9h 7d] [9d]
Psynto: checks
Ultrafranke: checks
*** SHOW DOWN ***
Psynto: shows [6h 6d] (two pair, Nines and Sixes)
Ultrafranke: shows [7c Ad] (two pair, Nines and Sevens)
Ultrafranke collected $35.50 from pot
*** SUMMARY ***
Total pot $36 | Rake $0.50
Board [4h Qh 9h 7d 9d]
Seat 2: Ultrafranke (button) (small blind) showed [7c Ad] and won ($35.50) with two pair, Nines and Sevens
Seat 6: Psynto (big blind) showed [6h 6d] and lost with two pair, Nines and Sixes


PokerStars Hand #160792062201:  Hold'em Limit ($3/$6 USD) - 2016/11/02 12:08:52 ET
Table 'Knopfia II' 6-max Seat #6 is the button
Seat 2: Ultrafranke ($132.84 in chips)
Seat 6: Psynto ($176 in chips)
Psynto: posts small blind $1
Ultrafranke: posts big blind $3
*** HOLE CARDS ***
Psynto: raises $3 to $6
Ultrafranke: calls $3
*** FLOP *** [Js 4s Ah]
Ultrafranke: bets $3
Psynto: calls $3
*** TURN *** [Js 4s Ah] [Td]
Ultrafranke: checks
Psynto: bets $6
Ultrafranke: calls $6
*** RIVER *** [Js 4s Ah Td] [8s]
Ultrafranke: checks
Psynto: bets $6
Ultrafranke: folds
Uncalled bet ($6) returned to Psynto
Psynto collected $29.50 from pot
Psynto: doesn't show hand
*** SUMMARY ***
Total pot $30 | Rake $0.50
Board [Js 4s Ah Td 8s]
Seat 2: Ultrafranke (big blind) folded on the River
Seat 6: Psynto (button) (small blind) collected ($29.50)


PokerStars Hand #160792072667:  Hold'em Limit ($3/$6 USD) - 2016/11/02 12:09:07 ET
Table 'Knopfia II' 6-max Seat #2 is the button
Seat 2: Ultrafranke ($117.84 in chips)
Seat 6: Psynto ($190.50 in chips)
Ultrafranke: posts small blind $1
Psynto: posts big blind $3
*** HOLE CARDS ***
Ultrafranke: raises $3 to $6
Psynto: calls $3
*** FLOP *** [4s Jc 8s]
Psynto: checks
Ultrafranke: checks
*** TURN *** [4s Jc 8s] [6s]
Psynto: checks
Ultrafranke: bets $6
Psynto: calls $6
*** RIVER *** [4s Jc 8s 6s] [2s]
Psynto: checks
Ultrafranke: checks
*** SHOW DOWN ***
Psynto: shows [Kd 6h] (a pair of Sixes)
Ultrafranke: mucks hand
Psynto collected $23.52 from pot
*** SUMMARY ***
Total pot $24 | Rake $0.48
Board [4s Jc 8s 6s 2s]
Seat 2: Ultrafranke (button) (small blind) mucked
Seat 6: Psynto (big blind) showed [Kd 6h] and won ($23.52) with a pair of Sixes


PokerStars Hand #160792086591:  Hold'em Limit ($3/$6 USD) - 2016/11/02 12:09:26 ET
Table 'Knopfia II' 6-max Seat #2 is the button
Seat 2: Ultrafranke ($106.84 in chips)
Seat 6: Psynto ($201.02 in chips)
Ultrafranke: posts small blind $1
kurt183 was removed from the table for failing to post
Psynto: posts big blind $3
*** HOLE CARDS ***
Ultrafranke: raises $3 to $6
Psynto: calls $3
*** FLOP *** [8c Ac 7h]
Psynto: checks
Ultrafranke: bets $3
Psynto: calls $3
*** TURN *** [8c Ac 7h] [4s]
Psynto: checks
Ultrafranke: bets $6
Psynto: raises $6 to $12
Ultrafranke: raises $6 to $18
Psynto: calls $6
*** RIVER *** [8c Ac 7h 4s] [4c]
Psynto: checks
Ultrafranke: bets $6
Psynto: calls $6
*** SHOW DOWN ***
Ultrafranke: shows [Ad 8s] (two pair, Aces and Eights)
Psynto: mucks hand
Ultrafranke collected $65.50 from pot
*** SUMMARY ***
Total pot $66 | Rake $0.50
Board [8c Ac 7h 4s 4c]
Seat 2: Ultrafranke (button) (small blind) showed [Ad 8s] and won ($65.50) with two pair, Aces and Eights
Seat 6: Psynto (big blind) mucked


PokerStars Hand #160792108450:  Hold'em Limit ($3/$6 USD) - 2016/11/02 12:09:55 ET
Table 'Knopfia II' 6-max Seat #2 is the button
Seat 2: Ultrafranke ($118.34 in chips)
Seat 6: Psynto ($188.52 in chips)
Ultrafranke: posts small blind $1
Psynto: posts big blind $3
*** HOLE CARDS ***
Ultrafranke: folds
Uncalled bet ($2) returned to Psynto
Psynto collected $2 from pot
Psynto: doesn't show hand
*** SUMMARY ***
Total pot $2 | Rake $0
Seat 2: Ultrafranke (button) (small blind) folded before Flop
Seat 6: Psynto (big blind) collected ($2)


PokerStars Hand #160792096260:  Hold'em Limit ($3/$6 USD) - 2016/11/02 12:09:39 ET
Table 'Knopfia II' 6-max Seat #6 is the button
Seat 2: Ultrafranke ($139.34 in chips)
Seat 6: Psynto ($168.02 in chips)
Psynto: posts small blind $1
Ultrafranke: posts big blind $3
*** HOLE CARDS ***
Psynto: raises $3 to $6
Ultrafranke: calls $3
*** FLOP *** [6h 7s Qd]
Ultrafranke: checks
Psynto: bets $3
Ultrafranke: calls $3
*** TURN *** [6h 7s Qd] [4s]
Ultrafranke: checks
Psynto: bets $6
Ultrafranke: calls $6
*** RIVER *** [6h 7s Qd 4s] [8c]
Ultrafranke: checks
Psynto: bets $6
Ultrafranke: calls $6
*** SHOW DOWN ***
Psynto: shows [5h 5d] (a straight, Four to Eight)
Ultrafranke: mucks hand
Psynto collected $41.50 from pot
*** SUMMARY ***
Total pot $42 | Rake $0.50
Board [6h 7s Qd 4s 8c]
Seat 2: Ultrafranke (big blind) mucked
Seat 6: Psynto (button) (small blind) showed [5h 5d] and won ($41.50) with a straight, Four to Eight


PokerStars Hand #160792111883:  Hold'em Limit ($3/$6 USD) - 2016/11/02 12:10:00 ET
Table 'Knopfia II' 6-max Seat #6 is the button
Seat 2: Ultrafranke ($117.34 in chips)
Seat 6: Psynto ($189.52 in chips)
Psynto: posts small blind $1
Ultrafranke: posts big blind $3
*** HOLE CARDS ***
Psynto: raises $3 to $6
Ultrafranke: raises $3 to $9
Psynto: calls $3
*** FLOP *** [3c As Ac]
Ultrafranke: bets $3
Psynto: folds
Uncalled bet ($3) returned to Ultrafranke
Ultrafranke collected $17.64 from pot
*** SUMMARY ***
Total pot $18 | Rake $0.36
Board [3c As Ac]
Seat 2: Ultrafranke (big blind) collected ($17.64)
Seat 6: Psynto (button) (small blind) folded on the Flop


PokerStars Hand #160792122628:  Hold'em Limit ($3/$6 USD) - 2016/11/02 12:10:14 ET
Table 'Knopfia II' 6-max Seat #2 is the button
Seat 2: Ultrafranke ($125.98 in chips)
Seat 6: Psynto ($180.52 in chips)
Ultrafranke: posts small blind $1
Psynto: posts big blind $3
*** HOLE CARDS ***
Ultrafranke: raises $3 to $6
Psynto: calls $3
*** FLOP *** [9s Jc 4d]
Psynto: checks
Ultrafranke: checks
*** TURN *** [9s Jc 4d] [Ac]
Psynto: checks
Ultrafranke: bets $6
Psynto: folds
Uncalled bet ($6) returned to Ultrafranke
Ultrafranke collected $11.76 from pot
*** SUMMARY ***
Total pot $12 | Rake $0.24
Board [9s Jc 4d Ac]
Seat 2: Ultrafranke (button) (small blind) collected ($11.76)
Seat 6: Psynto (big blind) folded on the Turn


PokerStars Hand #160792082706:  Hold'em Limit ($3/$6 USD) - 2016/11/02 12:09:20 ET
Table 'Knopfia II' 6-max Seat #6 is the button
Seat 2: Ultrafranke ($105.84 in chips)
Seat 6: Psynto ($202.02 in chips)
Psynto: posts small blind $1
Ultrafranke: posts big blind $3
*** HOLE CARDS ***
Psynto: folds
Uncalled bet ($2) returned to Ultrafranke
Ultrafranke collected $2 from pot
*** SUMMARY ***
Total pot $2 | Rake $0
Seat 2: Ultrafranke (big blind) collected ($2)
Seat 6: Psynto (button) (small blind) folded before Flop


PokerStars Hand #160792130671:  Hold'em Limit ($3/$6 USD) - 2016/11/02 12:10:25 ET
Table 'Knopfia II' 6-max Seat #6 is the button
Seat 2: Ultrafranke ($131.74 in chips)
Seat 6: Psynto ($174.52 in chips)
Psynto: posts small blind $1
Ultrafranke: posts big blind $3
*** HOLE CARDS ***
Psynto: raises $3 to $6
Ultrafranke: calls $3
*** FLOP *** [Qd 2s 9h]
Ultrafranke: checks
Psynto: bets $3
Ultrafranke: calls $3
*** TURN *** [Qd 2s 9h] [Td]
Ultrafranke: checks
Psynto: checks
*** RIVER *** [Qd 2s 9h Td] [8h]
Ultrafranke: bets $6
Psynto: folds
Uncalled bet ($6) returned to Ultrafranke
Ultrafranke collected $17.64 from pot
*** SUMMARY ***
Total pot $18 | Rake $0.36
Board [Qd 2s 9h Td 8h]
Seat 2: Ultrafranke (big blind) collected ($17.64)
Seat 6: Psynto (button) (small blind) folded on the River


PokerStars Hand #160792144016:  Hold'em Limit ($3/$6 USD) - 2016/11/02 12:10:44 ET
Table 'Knopfia II' 6-max Seat #2 is the button
Seat 2: Ultrafranke ($140.38 in chips)
Seat 6: Psynto ($165.52 in chips)
Ultrafranke: posts small blind $1
Psynto: posts big blind $3
*** HOLE CARDS ***
Ultrafranke: folds
Uncalled bet ($2) returned to Psynto
Psynto collected $2 from pot
Psynto: doesn't show hand
*** SUMMARY ***
Total pot $2 | Rake $0
Seat 2: Ultrafranke (button) (small blind) folded before Flop
Seat 6: Psynto (big blind) collected ($2)


PokerStars Hand #160792147362:  Hold'em Limit ($3/$6 USD) - 2016/11/02 12:10:48 ET
Table 'Knopfia II' 6-max Seat #6 is the button
Seat 2: Ultrafranke ($139.38 in chips)
Seat 6: Psynto ($166.52 in chips)
Psynto: posts small blind $1
Ultrafranke: posts big blind $3
*** HOLE CARDS ***
Psynto: raises $3 to $6
Ultrafranke: calls $3
*** FLOP *** [2c 5h 4c]
JoeBlack1982 joins the table at seat #5
Ultrafranke: checks
Psynto: bets $3
Ultrafranke: raises $3 to $6
VolkovDmitri joins the table at seat #3
Psynto: calls $3
*** TURN *** [2c 5h 4c] [Kh]
Ultrafranke: bets $6
Psynto: calls $6
*** RIVER *** [2c 5h 4c Kh] [6d]
Ultrafranke: bets $6
Psynto: calls $6
*** SHOW DOWN ***
Ultrafranke: shows [4d Jh] (a pair of Fours)
Psynto: mucks hand
Ultrafranke collected $47.50 from pot
*** SUMMARY ***
Total pot $48 | Rake $0.50
Board [2c 5h 4c Kh 6d]
Seat 2: Ultrafranke (big blind) showed [4d Jh] and won ($47.50) with a pair of Fours
Seat 6: Psynto (button) (small blind) mucked


PokerStars Hand #160794598519:  Hold'em Limit ($3/$6 USD) - 2016/11/02 13:04:37 ET
Table 'Knopfia II' 6-max Seat #4 is the button
Seat 2: LolDnkaments ($106.70 in chips)
Seat 4: Kees123 ($233.95 in chips)
Kees123: posts small blind $1
Psynto: is sitting out
LolDnkaments: posts big blind $3
*** HOLE CARDS ***
Kees123: raises $3 to $6
LolDnkaments: calls $3
*** FLOP *** [8c 2s 9s]
LolDnkaments: checks
Kees123: bets $3
LolDnkaments: raises $3 to $6
Psynto leaves the table
Kees123: calls $3
*** TURN *** [8c 2s 9s] [Jh]
LolDnkaments: bets $6
Kees123: calls $6
*** RIVER *** [8c 2s 9s Jh] [Qh]
LolDnkaments: bets $6
Kees123: calls $6
*** SHOW DOWN ***
LolDnkaments: shows [9c Qd] (two pair, Queens and Nines)
Kees123: mucks hand
LolDnkaments collected $47.50 from pot
*** SUMMARY ***
Total pot $48 | Rake $0.50
Board [8c 2s 9s Jh Qh]
Seat 2: LolDnkaments (big blind) showed [9c Qd] and won ($47.50) with two pair, Queens and Nines
Seat 4: Kees123 (button) (small blind) mucked


