PokerStars Hand #144572375153:  Hold'em Limit ($3/$6 USD) - 2015/11/29 14:25:42 ET
Table 'Knopfia' 6-max Seat #1 is the button
Seat 1: hairy1961 ($60 in chips)
Seat 2: balrog25 ($180 in chips)
hairy1961: posts small blind $1
balrog25: posts big blind $3
*** HOLE CARDS ***
hairy1961: raises $3 to $6
balrog25: calls $3
*** FLOP *** [3h Tc 3s]
balrog25: checks
hairy1961: checks
*** TURN *** [3h Tc 3s] [2s]
balrog25: checks
hairy1961: checks
*** RIVER *** [3h Tc 3s 2s] [Jh]
balrog25: checks
hairy1961: bets $6
balrog25: folds
Uncalled bet ($6) returned to hairy1961
hairy1961 collected $11.76 from pot
hairy1961: doesn't show hand
*** SUMMARY ***
Total pot $12 | Rake $0.24
Board [3h Tc 3s 2s Jh]
Seat 1: hairy1961 (button) (small blind) collected ($11.76)
Seat 2: balrog25 (big blind) folded on the River


PokerStars Hand #144572470911:  Hold'em Limit ($3/$6 USD) - 2015/11/29 14:27:08 ET
Table 'Knopfia' 6-max Seat #1 is the button
Seat 1: hairy1961 ($83.26 in chips)
Seat 2: balrog25 ($156 in chips)
hairy1961: posts small blind $1
balrog25: posts big blind $3
*** HOLE CARDS ***
hairy1961: folds
Uncalled bet ($2) returned to balrog25
balrog25 collected $2 from pot
balrog25: doesn't show hand
*** SUMMARY ***
Total pot $2 | Rake $0
Seat 1: hairy1961 (button) (small blind) folded before Flop
Seat 2: balrog25 (big blind) collected ($2)


PokerStars Hand #144572422100:  Hold'em Limit ($3/$6 USD) - 2015/11/29 14:26:24 ET
Table 'Knopfia' 6-max Seat #2 is the button
Seat 1: hairy1961 ($65.76 in chips)
Seat 2: balrog25 ($174 in chips)
balrog25: posts small blind $1
hairy1961: posts big blind $3
*** HOLE CARDS ***
balrog25: raises $3 to $6
hairy1961: calls $3
*** FLOP *** [Qs 5h 9d]
hairy1961: bets $3
balrog25: raises $3 to $6
hairy1961: calls $3
*** TURN *** [Qs 5h 9d] [Td]
hairy1961: checks
balrog25: bets $6
hairy1961: calls $6
*** RIVER *** [Qs 5h 9d Td] [8s]
ChrisTuff joins the table at seat #3
hairy1961: checks
balrog25: checks
*** SHOW DOWN ***
hairy1961: shows [Jc 6c] (a straight, Eight to Queen)
balrog25: mucks hand
hairy1961 collected $35.50 from pot
*** SUMMARY ***
Total pot $36 | Rake $0.50
Board [Qs 5h 9d Td 8s]
Seat 1: hairy1961 (big blind) showed [Jc 6c] and won ($35.50) with a straight, Eight to Queen
Seat 2: balrog25 (button) (small blind) mucked


PokerStars Hand #144576095305:  Hold'em Limit ($3/$6 USD) - 2015/11/29 15:26:26 ET
Table 'Knopfia' 6-max Seat #4 is the button
Seat 4: hairy1961 ($57 in chips)
Seat 5: kolaz03 ($75 in chips)
hairy1961: posts small blind $1
kolaz03: posts big blind $3
*** HOLE CARDS ***
hairy1961: folds
Uncalled bet ($2) returned to kolaz03
kolaz03 collected $2 from pot
*** SUMMARY ***
Total pot $2 | Rake $0
Seat 4: hairy1961 (button) (small blind) folded before Flop
Seat 5: kolaz03 (big blind) collected ($2)


PokerStars Hand #144576116122:  Hold'em Limit ($3/$6 USD) - 2015/11/29 15:26:44 ET
Table 'Knopfia' 6-max Seat #4 is the button
Seat 4: hairy1961 ($64.64 in chips)
Seat 5: kolaz03 ($72 in chips)
hairy1961: posts small blind $1
kolaz03: posts big blind $3
*** HOLE CARDS ***
hairy1961: raises $3 to $6
kolaz03: calls $3
*** FLOP *** [8h 9c Td]
kolaz03: checks
hairy1961: bets $3
kolaz03: folds
Uncalled bet ($3) returned to hairy1961
hairy1961 collected $11.76 from pot
hairy1961: doesn't show hand
*** SUMMARY ***
Total pot $12 | Rake $0.24
Board [8h 9c Td]
Seat 4: hairy1961 (button) (small blind) collected ($11.76)
Seat 5: kolaz03 (big blind) folded on the Flop


PokerStars Hand #144576101881:  Hold'em Limit ($3/$6 USD) - 2015/11/29 15:26:31 ET
Table 'Knopfia' 6-max Seat #5 is the button
Seat 4: hairy1961 ($56 in chips)
Seat 5: kolaz03 ($76 in chips)
kolaz03: posts small blind $1
hairy1961: posts big blind $3
*** HOLE CARDS ***
kolaz03: raises $3 to $6
hairy1961: raises $3 to $9
kolaz03: calls $3
*** FLOP *** [6c 8d Kh]
hairy1961: bets $3
kolaz03: folds
Uncalled bet ($3) returned to hairy1961
hairy1961 collected $17.64 from pot
hairy1961: doesn't show hand
*** SUMMARY ***
Total pot $18 | Rake $0.36
Board [6c 8d Kh]
Seat 4: hairy1961 (big blind) collected ($17.64)
Seat 5: kolaz03 (button) (small blind) folded on the Flop


PokerStars Hand #144576139735:  Hold'em Limit ($3/$6 USD) - 2015/11/29 15:27:04 ET
Table 'Knopfia' 6-max Seat #4 is the button
Seat 4: hairy1961 ($71.40 in chips)
Seat 5: kolaz03 ($72 in chips)
hairy1961: posts small blind $1
kolaz03: posts big blind $3
*** HOLE CARDS ***
hairy1961: calls $2
kolaz03: checks
*** FLOP *** [Kd Ah 3d]
scorpio04 joins the table at seat #6
kolaz03: checks
hairy1961: bets $3
kolaz03: folds
Uncalled bet ($3) returned to hairy1961
hairy1961 collected $5.88 from pot
hairy1961: doesn't show hand
*** SUMMARY ***
Total pot $6 | Rake $0.12
Board [Kd Ah 3d]
Seat 4: hairy1961 (button) (small blind) collected ($5.88)
Seat 5: kolaz03 (big blind) folded on the Flop


PokerStars Hand #144576133464:  Hold'em Limit ($3/$6 USD) - 2015/11/29 15:26:59 ET
Table 'Knopfia' 6-max Seat #5 is the button
Seat 4: hairy1961 ($70.40 in chips)
Seat 5: kolaz03 ($72 in chips)
kolaz03: posts small blind $1
hairy1961: posts big blind $3
*** HOLE CARDS ***
kolaz03: folds
Uncalled bet ($2) returned to hairy1961
hairy1961 collected $2 from pot
hairy1961: doesn't show hand
*** SUMMARY ***
Total pot $2 | Rake $0
Seat 4: hairy1961 (big blind) collected ($2)
Seat 5: kolaz03 (button) (small blind) folded before Flop


PokerStars Hand #144578041172:  Hold'em Limit ($3/$6 USD) - 2015/11/29 15:56:03 ET
Table 'Knopfia' 6-max Seat #1 is the button
Seat 1: ChicagoBull4 ($49.47 in chips)
Seat 6: scorpio04 ($91.71 in chips)
ChicagoBull4: posts small blind $1
ChrisTuff: is sitting out
scorpio04: posts big blind $3
*** HOLE CARDS ***
ChicagoBull4: raises $3 to $6
scorpio04: raises $3 to $9
ChicagoBull4: calls $3
*** FLOP *** [4s Jc 2h]
scorpio04: bets $3
ChicagoBull4: calls $3
*** TURN *** [4s Jc 2h] [3h]
scorpio04: checks
ChicagoBull4: checks
*** RIVER *** [4s Jc 2h 3h] [Qh]
scorpio04: bets $6
ChicagoBull4: calls $6
*** SHOW DOWN ***
scorpio04: shows [7c Kc] (high card King)
ChicagoBull4: shows [8s Ks] (high card King - Queen+Jack+Eight kicker)
ChicagoBull4 collected $35.50 from pot
*** SUMMARY ***
Total pot $36 | Rake $0.50
Board [4s Jc 2h 3h Qh]
Seat 1: ChicagoBull4 (button) (small blind) showed [8s Ks] and won ($35.50) with high card King
Seat 6: scorpio04 (big blind) showed [7c Kc] and lost with high card King


PokerStars Hand #144578067044:  Hold'em Limit ($3/$6 USD) - 2015/11/29 15:56:39 ET
Table 'Knopfia' 6-max Seat #6 is the button
Seat 1: ChicagoBull4 ($66.97 in chips)
Seat 6: scorpio04 ($73.71 in chips)
scorpio04: posts small blind $1
ChicagoBull4: posts big blind $3
*** HOLE CARDS ***
scorpio04: raises $3 to $6
ChicagoBull4: calls $3
*** FLOP *** [Kd Qs 2c]
ChicagoBull4: checks
scorpio04: bets $3
ChicagoBull4: folds
Uncalled bet ($3) returned to scorpio04
scorpio04 collected $11.76 from pot
scorpio04: doesn't show hand
*** SUMMARY ***
Total pot $12 | Rake $0.24
Board [Kd Qs 2c]
Seat 1: ChicagoBull4 (big blind) folded on the Flop
Seat 6: scorpio04 (button) (small blind) collected ($11.76)


PokerStars Hand #144578079161:  Hold'em Limit ($3/$6 USD) - 2015/11/29 15:56:55 ET
Table 'Knopfia' 6-max Seat #1 is the button
Seat 1: ChicagoBull4 ($60.97 in chips)
Seat 6: scorpio04 ($79.47 in chips)
ChicagoBull4: posts small blind $1
scorpio04: posts big blind $3
*** HOLE CARDS ***
ChicagoBull4: raises $3 to $6
scorpio04: calls $3
*** FLOP *** [5h As Ah]
scorpio04: checks
ChicagoBull4: bets $3
scorpio04: calls $3
*** TURN *** [5h As Ah] [Js]
scorpio04: checks
ChicagoBull4: bets $6
kismespit joins the table at seat #4
scorpio04: folds
Uncalled bet ($6) returned to ChicagoBull4
ChicagoBull4 collected $17.64 from pot
ChicagoBull4: doesn't show hand
*** SUMMARY ***
Total pot $18 | Rake $0.36
Board [5h As Ah Js]
Seat 1: ChicagoBull4 (button) (small blind) collected ($17.64)
Seat 6: scorpio04 (big blind) folded on the Turn


PokerStars Hand #144578105375:  Hold'em Limit ($3/$6 USD) - 2015/11/29 15:57:31 ET
Table 'Knopfia' 6-max Seat #6 is the button
Seat 1: ChicagoBull4 ($69.61 in chips)
Seat 6: scorpio04 ($72 in chips)
scorpio04: posts small blind $1
ChicagoBull4: posts big blind $3
*** HOLE CARDS ***
scorpio04: raises $3 to $6
ChicagoBull4: calls $3
*** FLOP *** [3d Ks 3s]
Karpik09 joins the table at seat #5
ChicagoBull4: checks
scorpio04: bets $3
ChicagoBull4: folds
Uncalled bet ($3) returned to scorpio04
scorpio04 collected $11.76 from pot
scorpio04: doesn't show hand
*** SUMMARY ***
Total pot $12 | Rake $0.24
Board [3d Ks 3s]
Seat 1: ChicagoBull4 (big blind) folded on the Flop
Seat 6: scorpio04 (button) (small blind) collected ($11.76)


PokerStars Hand #144581376411:  Hold'em Limit ($3/$6 USD) - 2015/11/29 16:50:31 ET
Table 'Knopfia' 6-max Seat #6 is the button
Seat 1: korrnel ($93.32 in chips)
Seat 6: jvc336 ($66.46 in chips)
jvc336: posts small blind $1
korrnel: posts big blind $3
*** HOLE CARDS ***
jvc336: folds
Uncalled bet ($2) returned to korrnel
korrnel collected $2 from pot
korrnel: doesn't show hand
*** SUMMARY ***
Total pot $2 | Rake $0
Seat 1: korrnel (big blind) collected ($2)
Seat 6: jvc336 (button) (small blind) folded before Flop


PokerStars Hand #144581369377:  Hold'em Limit ($3/$6 USD) - 2015/11/29 16:50:24 ET
Table 'Knopfia' 6-max Seat #1 is the button
Seat 1: korrnel ($94.32 in chips)
Seat 6: jvc336 ($65.46 in chips)
korrnel: posts small blind $1
GRAILKO: is sitting out
jvc336: posts big blind $3
*** HOLE CARDS ***
korrnel: folds
Uncalled bet ($2) returned to jvc336
GRAILKO leaves the table
jvc336 collected $2 from pot
*** SUMMARY ***
Total pot $2 | Rake $0
Seat 1: korrnel (button) (small blind) folded before Flop
Seat 6: jvc336 (big blind) collected ($2)


PokerStars Hand #144581681486:  Hold'em Limit ($3/$6 USD) - 2015/11/29 16:55:41 ET
Table 'Knopfia' 6-max Seat #3 is the button
Seat 3: cvillegurl ($44.90 in chips)
Seat 4: Dubris144 ($103.28 in chips)
cvillegurl: posts small blind $1
Dubris144: posts big blind $3
*** HOLE CARDS ***
cvillegurl: raises $3 to $6
Dubris144: folds
Uncalled bet ($3) returned to cvillegurl
cvillegurl collected $6 from pot
*** SUMMARY ***
Total pot $6 | Rake $0
Seat 3: cvillegurl (button) (small blind) collected ($6)
Seat 4: Dubris144 (big blind) folded before Flop


PokerStars Hand #144581631680:  Hold'em Limit ($3/$6 USD) - 2015/11/29 16:54:41 ET
Table 'Knopfia' 6-max Seat #4 is the button
Seat 3: cvillegurl ($21 in chips)
Seat 4: Dubris144 ($128.64 in chips)
Dubris144: posts small blind $1
cvillegurl: posts big blind $3
*** HOLE CARDS ***
Dubris144: raises $3 to $6
cvillegurl: calls $3
*** FLOP *** [8s 7c 6h]
cvillegurl: checks
Dubris144: bets $3
cvillegurl: calls $3
*** TURN *** [8s 7c 6h] [Ts]
cvillegurl: checks
Dubris144: bets $6
cvillegurl: folds
Uncalled bet ($6) returned to Dubris144
Dubris144 collected $17.64 from pot
Dubris144: doesn't show hand
*** SUMMARY ***
Total pot $18 | Rake $0.36
Board [8s 7c 6h Ts]
Seat 3: cvillegurl (big blind) folded on the Turn
Seat 4: Dubris144 (button) (small blind) collected ($17.64)


PokerStars Hand #144581663462:  Hold'em Limit ($3/$6 USD) - 2015/11/29 16:55:15 ET
Table 'Knopfia' 6-max Seat #3 is the button
Seat 3: cvillegurl ($18.76 in chips)
Seat 4: Dubris144 ($130.28 in chips)
cvillegurl: posts small blind $1
Dubris144: posts big blind $3
*** HOLE CARDS ***
cvillegurl: raises $3 to $6
Dubris144: calls $3
*** FLOP *** [2d 9c 4d]
Dubris144: checks
cvillegurl: checks
*** TURN *** [2d 9c 4d] [2h]
Dubris144: bets $6
cvillegurl: calls $6
*** RIVER *** [2d 9c 4d 2h] [5s]
Dubris144: bets $6
cvillegurl: calls $6
*** SHOW DOWN ***
Dubris144: shows [Ad 4c] (two pair, Fours and Deuces)
cvillegurl: shows [5h Qh] (two pair, Fives and Deuces)
cvillegurl collected $35.50 from pot
*** SUMMARY ***
Total pot $36 | Rake $0.50
Board [2d 9c 4d 2h 5s]
Seat 3: cvillegurl (button) (small blind) showed [5h Qh] and won ($35.50) with two pair, Fives and Deuces
Seat 4: Dubris144 (big blind) showed [Ad 4c] and lost with two pair, Fours and Deuces


PokerStars Hand #144581673788:  Hold'em Limit ($3/$6 USD) - 2015/11/29 16:55:30 ET
Table 'Knopfia' 6-max Seat #4 is the button
Seat 3: cvillegurl ($36.26 in chips)
Seat 4: Dubris144 ($112.28 in chips)
Dubris144: posts small blind $1
cvillegurl: posts big blind $3
*** HOLE CARDS ***
Dubris144: raises $3 to $6
cvillegurl: raises $3 to $9
Dubris144: calls $3
*** FLOP *** [2h 2d Ts]
cvillegurl: bets $3
Dubris144: folds
Uncalled bet ($3) returned to cvillegurl
cvillegurl collected $17.64 from pot
*** SUMMARY ***
Total pot $18 | Rake $0.36
Board [2h 2d Ts]
Seat 3: cvillegurl (big blind) collected ($17.64)
Seat 4: Dubris144 (button) (small blind) folded on the Flop


PokerStars Hand #144581649019:  Hold'em Limit ($3/$6 USD) - 2015/11/29 16:54:59 ET
Table 'Knopfia' 6-max Seat #3 is the button
Seat 3: cvillegurl ($12 in chips)
Seat 4: Dubris144 ($137.28 in chips)
cvillegurl: posts small blind $1
Dubris144: posts big blind $3
*** HOLE CARDS ***
cvillegurl: raises $3 to $6
Dubris144: calls $3
*** FLOP *** [9c 9d Ac]
Dubris144: checks
cvillegurl: bets $3
Dubris144: folds
Uncalled bet ($3) returned to cvillegurl
cvillegurl collected $11.76 from pot
*** SUMMARY ***
Total pot $12 | Rake $0.24
Board [9c 9d Ac]
Seat 3: cvillegurl (button) (small blind) collected ($11.76)
Seat 4: Dubris144 (big blind) folded on the Flop


PokerStars Hand #144581659097:  Hold'em Limit ($3/$6 USD) - 2015/11/29 16:55:09 ET
Table 'Knopfia' 6-max Seat #4 is the button
Seat 3: cvillegurl ($17.76 in chips)
Seat 4: Dubris144 ($131.28 in chips)
Dubris144: posts small blind $1
cvillegurl: posts big blind $3
*** HOLE CARDS ***
Dubris144: folds
Uncalled bet ($2) returned to cvillegurl
cvillegurl collected $2 from pot
cvillegurl: doesn't show hand
*** SUMMARY ***
Total pot $2 | Rake $0
Seat 3: cvillegurl (big blind) collected ($2)
Seat 4: Dubris144 (button) (small blind) folded before Flop


PokerStars Hand #144581608385:  Hold'em Limit ($3/$6 USD) - 2015/11/29 16:54:18 ET
Table 'Knopfia' 6-max Seat #3 is the button
Seat 3: cvillegurl ($30 in chips)
Seat 4: Dubris144 ($120 in chips)
cvillegurl: posts small blind $1
Dubris144: posts big blind $3
*** HOLE CARDS ***
cvillegurl: raises $3 to $6
Dubris144: calls $3
*** FLOP *** [9h 2s 4d]
Dubris144: checks
cvillegurl: bets $3
Dubris144: calls $3
*** TURN *** [9h 2s 4d] [7d]
Dubris144: checks
cvillegurl: checks
*** RIVER *** [9h 2s 4d 7d] [As]
Dubris144: bets $6
cvillegurl: folds
Uncalled bet ($6) returned to Dubris144
Dubris144 collected $17.64 from pot
Dubris144: doesn't show hand
*** SUMMARY ***
Total pot $18 | Rake $0.36
Board [9h 2s 4d 7d As]
Seat 3: cvillegurl (button) (small blind) folded on the River
Seat 4: Dubris144 (big blind) collected ($17.64)


PokerStars Hand #144581689983:  Hold'em Limit ($3/$6 USD) - 2015/11/29 16:55:53 ET
Table 'Knopfia' 6-max Seat #3 is the button
Seat 3: cvillegurl ($44.90 in chips)
Seat 4: Dubris144 ($103.28 in chips)
cvillegurl: posts small blind $1
Dubris144: posts big blind $3
*** HOLE CARDS ***
cvillegurl: raises $3 to $6
Dubris144: folds
Uncalled bet ($3) returned to cvillegurl
cvillegurl collected $6 from pot
cvillegurl: doesn't show hand
*** SUMMARY ***
Total pot $6 | Rake $0
Seat 3: cvillegurl (button) (small blind) collected ($6)
Seat 4: Dubris144 (big blind) folded before Flop


PokerStars Hand #144581695632:  Hold'em Limit ($3/$6 USD) - 2015/11/29 16:56:00 ET
Table 'Knopfia' 6-max Seat #4 is the button
Seat 3: cvillegurl ($47.90 in chips)
Seat 4: Dubris144 ($100.28 in chips)
Dubris144: posts small blind $1
cvillegurl: posts big blind $3
*** HOLE CARDS ***
Dubris144: folds
Uncalled bet ($2) returned to cvillegurl
cvillegurl collected $2 from pot
*** SUMMARY ***
Total pot $2 | Rake $0
Seat 3: cvillegurl (big blind) collected ($2)
Seat 4: Dubris144 (button) (small blind) folded before Flop


PokerStars Hand #144581714932:  Hold'em Limit ($3/$6 USD) - 2015/11/29 16:56:27 ET
Table 'Knopfia' 6-max Seat #3 is the button
Seat 3: cvillegurl ($31.90 in chips)
Seat 4: Dubris144 ($115.78 in chips)
cvillegurl: posts small blind $1
Dubris144: posts big blind $3
*** HOLE CARDS ***
cvillegurl: raises $3 to $6
Dubris144: calls $3
*** FLOP *** [3c Js 5h]
Dubris144: checks
ValeryRon joins the table at seat #5
cvillegurl: checks
*** TURN *** [3c Js 5h] [6s]
Dubris144: checks
cvillegurl: checks
*** RIVER *** [3c Js 5h 6s] [4d]
Dubris144: bets $6
cvillegurl: folds
Uncalled bet ($6) returned to Dubris144
Dubris144 collected $11.76 from pot
Dubris144: doesn't show hand
*** SUMMARY ***
Total pot $12 | Rake $0.24
Board [3c Js 5h 6s 4d]
Seat 3: cvillegurl (button) (small blind) folded on the River
Seat 4: Dubris144 (big blind) collected ($11.76)


PokerStars Hand #144581711183:  Hold'em Limit ($3/$6 USD) - 2015/11/29 16:56:22 ET
Table 'Knopfia' 6-max Seat #4 is the button
Seat 3: cvillegurl ($30.90 in chips)
Seat 4: Dubris144 ($116.78 in chips)
Dubris144: posts small blind $1
cvillegurl: posts big blind $3
*** HOLE CARDS ***
Dubris144: folds
Uncalled bet ($2) returned to cvillegurl
cvillegurl collected $2 from pot
cvillegurl: doesn't show hand
*** SUMMARY ***
Total pot $2 | Rake $0
Seat 3: cvillegurl (big blind) collected ($2)
Seat 4: Dubris144 (button) (small blind) folded before Flop


PokerStars Hand #144581916902:  Hold'em Limit ($3/$6 USD) - 2015/11/29 17:01:02 ET
Table 'Knopfia' 6-max Seat #6 is the button
Seat 5: ValeryRon ($108.07 in chips)
Seat 6: Azrarn ($72 in chips)
Azrarn: posts small blind $1
ValeryRon: posts big blind $3
*** HOLE CARDS ***
Dubris144 leaves the table
Azrarn: raises $3 to $6
ValeryRon: calls $3
*** FLOP *** [8h Th Jc]
ValeryRon: checks
Azrarn: bets $3
ValeryRon: calls $3
*** TURN *** [8h Th Jc] [5h]
ValeryRon: checks
Azrarn: bets $6
ValeryRon: raises $6 to $12
Azrarn: folds
Uncalled bet ($6) returned to ValeryRon
ValeryRon collected $29.50 from pot
*** SUMMARY ***
Total pot $30 | Rake $0.50
Board [8h Th Jc 5h]
Seat 5: ValeryRon (big blind) collected ($29.50)
Seat 6: Azrarn (button) (small blind) folded on the Turn


PokerStars Hand #144581972976:  Hold'em Limit ($3/$6 USD) - 2015/11/29 17:02:07 ET
Table 'Knopfia' 6-max Seat #5 is the button
Seat 5: ValeryRon ($122.57 in chips)
Seat 6: hairy1961 ($60 in chips)
ValeryRon: posts small blind $1
hairy1961: posts big blind $3
*** HOLE CARDS ***
ValeryRon: raises $3 to $6
TheU10 joins the table at seat #1
sismos404 joins the table at seat #2
hairy1961: calls $3
*** FLOP *** [Jc 6h Kc]
hairy1961: checks
ValeryRon: bets $3
hairy1961: calls $3
*** TURN *** [Jc 6h Kc] [6c]
hairy1961: bets $6
ValeryRon: raises $6 to $12
hairy1961: calls $6
*** RIVER *** [Jc 6h Kc 6c] [Jh]
hairy1961: checks
ValeryRon: bets $6
hairy1961: folds
Uncalled bet ($6) returned to ValeryRon
ValeryRon collected $41.50 from pot
*** SUMMARY ***
Total pot $42 | Rake $0.50
Board [Jc 6h Kc 6c Jh]
Seat 5: ValeryRon (button) (small blind) collected ($41.50)
Seat 6: hairy1961 (big blind) folded on the River


PokerStars Hand #144581685378:  Hold'em Limit ($3/$6 USD) - 2015/11/29 16:55:46 ET
Table 'Knopfia' 6-max Seat #4 is the button
Seat 3: cvillegurl ($47.90 in chips)
Seat 4: Dubris144 ($100.28 in chips)
Dubris144: posts small blind $1
cvillegurl: posts big blind $3
*** HOLE CARDS ***
Dubris144: raises $3 to $6
cvillegurl: folds
Uncalled bet ($3) returned to Dubris144
Dubris144 collected $6 from pot
Dubris144: doesn't show hand
*** SUMMARY ***
Total pot $6 | Rake $0
Seat 3: cvillegurl (big blind) folded before Flop
Seat 4: Dubris144 (button) (small blind) collected ($6)


PokerStars Hand #144581699146:  Hold'em Limit ($3/$6 USD) - 2015/11/29 16:56:05 ET
Table 'Knopfia' 6-max Seat #3 is the button
Seat 3: cvillegurl ($48.90 in chips)
Seat 4: Dubris144 ($99.28 in chips)
cvillegurl: posts small blind $1
Dubris144: posts big blind $3
*** HOLE CARDS ***
cvillegurl: calls $2
Dubris144: checks
*** FLOP *** [6d 8s 7h]
Dubris144: bets $3
cvillegurl: calls $3
*** TURN *** [6d 8s 7h] [9c]
Dubris144: bets $6
cvillegurl: calls $6
*** RIVER *** [6d 8s 7h 9c] [5d]
Dubris144: bets $6
cvillegurl: calls $6
*** SHOW DOWN ***
Dubris144: shows [8h Ts] (a straight, Six to Ten)
cvillegurl: mucks hand
Dubris144 collected $35.50 from pot
*** SUMMARY ***
Total pot $36 | Rake $0.50
Board [6d 8s 7h 9c 5d]
Seat 3: cvillegurl (button) (small blind) mucked
Seat 4: Dubris144 (big blind) showed [8h Ts] and won ($35.50) with a straight, Six to Ten


