PokerStars Hand #149456426035:  Hold'em Limit ($3/$6 USD) - 2016/02/26 14:40:05 ET
Table 'Knysna II' 6-max Seat #4 is the button
Seat 1: _fayzulllo_ ($51.28 in chips)
Seat 4: AzureCaper ($91.02 in chips)
AzureCaper: posts small blind $1
_fayzulllo_: posts big blind $3
*** HOLE CARDS ***
AzureCaper: folds
Uncalled bet ($2) returned to _fayzulllo_
_fayzulllo_ collected $2 from pot
_fayzulllo_: doesn't show hand
*** SUMMARY ***
Total pot $2 | Rake $0
Seat 1: _fayzulllo_ (big blind) collected ($2)
Seat 4: AzureCaper (button) (small blind) folded before Flop


PokerStars Hand #149456420079:  Hold'em Limit ($3/$6 USD) - 2016/02/26 14:39:59 ET
Table 'Knysna II' 6-max Seat #1 is the button
Seat 1: _fayzulllo_ ($52.28 in chips)
Seat 4: AzureCaper ($90.02 in chips)
_fayzulllo_: posts small blind $1
AzureCaper: posts big blind $3
*** HOLE CARDS ***
_fayzulllo_: folds
Uncalled bet ($2) returned to AzureCaper
AzureCaper collected $2 from pot
AzureCaper: doesn't show hand
*** SUMMARY ***
Total pot $2 | Rake $0
Seat 1: _fayzulllo_ (button) (small blind) folded before Flop
Seat 4: AzureCaper (big blind) collected ($2)


PokerStars Hand #149456414863:  Hold'em Limit ($3/$6 USD) - 2016/02/26 14:39:53 ET
Table 'Knysna II' 6-max Seat #4 is the button
Seat 1: _fayzulllo_ ($51.28 in chips)
Seat 4: AzureCaper ($91.02 in chips)
AzureCaper: posts small blind $1
_fayzulllo_: posts big blind $3
*** HOLE CARDS ***
AzureCaper: folds
Uncalled bet ($2) returned to _fayzulllo_
_fayzulllo_ collected $2 from pot
_fayzulllo_: doesn't show hand
*** SUMMARY ***
Total pot $2 | Rake $0
Seat 1: _fayzulllo_ (big blind) collected ($2)
Seat 4: AzureCaper (button) (small blind) folded before Flop


PokerStars Hand #149456398916:  Hold'em Limit ($3/$6 USD) - 2016/02/26 14:39:37 ET
Table 'Knysna II' 6-max Seat #1 is the button
Seat 1: _fayzulllo_ ($45.52 in chips)
Seat 4: AzureCaper ($97.02 in chips)
_fayzulllo_: posts small blind $1
AzureCaper: posts big blind $3
*** HOLE CARDS ***
_fayzulllo_: raises $3 to $6
AzureCaper: calls $3
*** FLOP *** [4s Td 4h]
AzureCaper: checks
_fayzulllo_: checks
*** TURN *** [4s Td 4h] [Jd]
AzureCaper: checks
_fayzulllo_: bets $6
AzureCaper: folds
Uncalled bet ($6) returned to _fayzulllo_
_fayzulllo_ collected $11.76 from pot
_fayzulllo_: doesn't show hand
*** SUMMARY ***
Total pot $12 | Rake $0.24
Board [4s Td 4h Jd]
Seat 1: _fayzulllo_ (button) (small blind) collected ($11.76)
Seat 4: AzureCaper (big blind) folded on the Turn


PokerStars Hand #149456393859:  Hold'em Limit ($3/$6 USD) - 2016/02/26 14:39:31 ET
Table 'Knysna II' 6-max Seat #4 is the button
Seat 1: _fayzulllo_ ($44.52 in chips)
Seat 4: AzureCaper ($98.02 in chips)
AzureCaper: posts small blind $1
_fayzulllo_: posts big blind $3
*** HOLE CARDS ***
AzureCaper: folds
Uncalled bet ($2) returned to _fayzulllo_
_fayzulllo_ collected $2 from pot
_fayzulllo_: doesn't show hand
*** SUMMARY ***
Total pot $2 | Rake $0
Seat 1: _fayzulllo_ (big blind) collected ($2)
Seat 4: AzureCaper (button) (small blind) folded before Flop


PokerStars Hand #149456377924:  Hold'em Limit ($3/$6 USD) - 2016/02/26 14:39:15 ET
Table 'Knysna II' 6-max Seat #1 is the button
Seat 1: _fayzulllo_ ($33 in chips)
Seat 4: AzureCaper ($110.02 in chips)
_fayzulllo_: posts small blind $1
AzureCaper: posts big blind $3
*** HOLE CARDS ***
_fayzulllo_: raises $3 to $6
AzureCaper: calls $3
*** FLOP *** [8s 5h Js]
AzureCaper: checks
_fayzulllo_: checks
*** TURN *** [8s 5h Js] [9s]
AzureCaper: bets $6
_fayzulllo_: calls $6
*** RIVER *** [8s 5h Js 9s] [As]
AzureCaper: checks
_fayzulllo_: checks
*** SHOW DOWN ***
AzureCaper: shows [9h Qd] (a pair of Nines)
_fayzulllo_: shows [Ah Qh] (a pair of Aces)
_fayzulllo_ collected $23.52 from pot
*** SUMMARY ***
Total pot $24 | Rake $0.48
Board [8s 5h Js 9s As]
Seat 1: _fayzulllo_ (button) (small blind) showed [Ah Qh] and won ($23.52) with a pair of Aces
Seat 4: AzureCaper (big blind) showed [9h Qd] and lost with a pair of Nines


PokerStars Hand #149456351532:  Hold'em Limit ($3/$6 USD) - 2016/02/26 14:38:47 ET
Table 'Knysna II' 6-max Seat #4 is the button
Seat 1: _fayzulllo_ ($60 in chips)
Seat 4: AzureCaper ($83.52 in chips)
AzureCaper: posts small blind $1
_fayzulllo_: posts big blind $3
*** HOLE CARDS ***
AzureCaper: raises $3 to $6
_fayzulllo_: raises $3 to $9
AzureCaper: raises $3 to $12
Betting is capped
_fayzulllo_: calls $3
*** FLOP *** [3h 6h 6d]
_fayzulllo_: checks
AzureCaper: bets $3
_fayzulllo_: calls $3
*** TURN *** [3h 6h 6d] [Ks]
_fayzulllo_: checks
AzureCaper: bets $6
_fayzulllo_: calls $6
*** RIVER *** [3h 6h 6d Ks] [2s]
_fayzulllo_: checks
AzureCaper: bets $6
_fayzulllo_: calls $6
*** SHOW DOWN ***
AzureCaper: shows [Tc Td] (two pair, Tens and Sixes)
_fayzulllo_: mucks hand
AzureCaper collected $53.50 from pot
*** SUMMARY ***
Total pot $54 | Rake $0.50
Board [3h 6h 6d Ks 2s]
Seat 1: _fayzulllo_ (big blind) mucked
Seat 4: AzureCaper (button) (small blind) showed [Tc Td] and won ($53.50) with two pair, Tens and Sixes


PokerStars Hand #149456458635:  Hold'em Limit ($3/$6 USD) - 2016/02/26 14:40:40 ET
Table 'Knysna II' 6-max Seat #4 is the button
Seat 1: _fayzulllo_ ($49.28 in chips)
Seat 4: AzureCaper ($92.90 in chips)
AzureCaper: posts small blind $1
_fayzulllo_: posts big blind $3
*** HOLE CARDS ***
AzureCaper: folds
Uncalled bet ($2) returned to _fayzulllo_
_fayzulllo_ collected $2 from pot
_fayzulllo_: doesn't show hand
*** SUMMARY ***
Total pot $2 | Rake $0
Seat 1: _fayzulllo_ (big blind) collected ($2)
Seat 4: AzureCaper (button) (small blind) folded before Flop


PokerStars Hand #149456441085:  Hold'em Limit ($3/$6 USD) - 2016/02/26 14:40:21 ET
Table 'Knysna II' 6-max Seat #1 is the button
Seat 1: _fayzulllo_ ($52.28 in chips)
Seat 4: AzureCaper ($90.02 in chips)
_fayzulllo_: posts small blind $1
AzureCaper: posts big blind $3
*** HOLE CARDS ***
_fayzulllo_: calls $2
AzureCaper: checks
*** FLOP *** [3h 3c 2s]
AzureCaper: checks
GRAILKO joins the table at seat #2
_fayzulllo_: checks
*** TURN *** [3h 3c 2s] [Qd]
AzureCaper: checks
_fayzulllo_: checks
*** RIVER *** [3h 3c 2s Qd] [4c]
AzureCaper: checks
_fayzulllo_: checks
*** SHOW DOWN ***
AzureCaper: shows [8d Jc] (a pair of Threes)
_fayzulllo_: mucks hand
AzureCaper collected $5.88 from pot
*** SUMMARY ***
Total pot $6 | Rake $0.12
Board [3h 3c 2s Qd 4c]
Seat 1: _fayzulllo_ (button) (small blind) mucked
Seat 4: AzureCaper (big blind) showed [8d Jc] and won ($5.88) with a pair of Threes


PokerStars Hand #149456436044:  Hold'em Limit ($3/$6 USD) - 2016/02/26 14:40:16 ET
Table 'Knysna II' 6-max Seat #4 is the button
Seat 1: _fayzulllo_ ($51.28 in chips)
Seat 4: AzureCaper ($91.02 in chips)
AzureCaper: posts small blind $1
_fayzulllo_: posts big blind $3
*** HOLE CARDS ***
AzureCaper: folds
Uncalled bet ($2) returned to _fayzulllo_
_fayzulllo_ collected $2 from pot
_fayzulllo_: doesn't show hand
*** SUMMARY ***
Total pot $2 | Rake $0
Seat 1: _fayzulllo_ (big blind) collected ($2)
Seat 4: AzureCaper (button) (small blind) folded before Flop


PokerStars Hand #149456430846:  Hold'em Limit ($3/$6 USD) - 2016/02/26 14:40:10 ET
Table 'Knysna II' 6-max Seat #1 is the button
Seat 1: _fayzulllo_ ($52.28 in chips)
Seat 4: AzureCaper ($90.02 in chips)
_fayzulllo_: posts small blind $1
AzureCaper: posts big blind $3
*** HOLE CARDS ***
_fayzulllo_: folds
Uncalled bet ($2) returned to AzureCaper
AzureCaper collected $2 from pot
AzureCaper: doesn't show hand
*** SUMMARY ***
Total pot $2 | Rake $0
Seat 1: _fayzulllo_ (button) (small blind) folded before Flop
Seat 4: AzureCaper (big blind) collected ($2)


PokerStars Hand #149457569056:  Hold'em Limit ($3/$6 USD) - 2016/02/26 15:01:04 ET
Table 'Knysna II' 6-max Seat #3 is the button
Seat 3: loh2706 ($19.30 in chips)
Seat 5: livenuncut ($70.10 in chips)
loh2706: posts small blind $1
livenuncut: posts big blind $3
*** HOLE CARDS ***
loh2706: folds
Uncalled bet ($2) returned to livenuncut
loh2706 leaves the table
livenuncut collected $2 from pot
livenuncut: doesn't show hand
*** SUMMARY ***
Total pot $2 | Rake $0
Seat 3: loh2706 (button) (small blind) folded before Flop
Seat 5: livenuncut (big blind) collected ($2)


