PokerStars Hand #172165798701:  Hold'em Limit ($3/$6 USD) - 2017/06/24 2:04:55 ET
Table 'Knysna' 10-max Seat #10 is the button
Seat 2: Azrarn ($120 in chips)
Seat 10: kingkongkåre ($120 in chips)
kingkongkåre: posts small blind $1
Azrarn: posts big blind $3
*** HOLE CARDS ***
kingkongkåre: folds
Uncalled bet ($2) returned to Azrarn
Azrarn collected $2 from pot
*** SUMMARY ***
Total pot $2 | Rake $0
Seat 2: Azrarn (big blind) collected ($2)
Seat 10: kingkongkåre (button) (small blind) folded before Flop


PokerStars Hand #172165801819:  Hold'em Limit ($3/$6 USD) - 2017/06/24 2:05:07 ET
Table 'Knysna' 10-max Seat #10 is the button
Seat 2: Azrarn ($120 in chips)
Seat 10: kingkongkåre ($120 in chips)
kingkongkåre: posts small blind $1
Azrarn: posts big blind $3
*** HOLE CARDS ***
kingkongkåre: folds
Uncalled bet ($2) returned to Azrarn
Azrarn collected $2 from pot
*** SUMMARY ***
Total pot $2 | Rake $0
Seat 2: Azrarn (big blind) collected ($2)
Seat 10: kingkongkåre (button) (small blind) folded before Flop


PokerStars Hand #172165800577:  Hold'em Limit ($3/$6 USD) - 2017/06/24 2:05:02 ET
Table 'Knysna' 10-max Seat #2 is the button
Seat 2: Azrarn ($121 in chips)
Seat 10: kingkongkåre ($119 in chips)
Azrarn: posts small blind $1
kingkongkåre: posts big blind $3
*** HOLE CARDS ***
Azrarn: folds
Uncalled bet ($2) returned to kingkongkåre
kingkongkåre collected $2 from pot
*** SUMMARY ***
Total pot $2 | Rake $0
Seat 2: Azrarn (button) (small blind) folded before Flop
Seat 10: kingkongkåre (big blind) collected ($2)


PokerStars Hand #172165811880:  Hold'em Limit ($3/$6 USD) - 2017/06/24 2:05:46 ET
Table 'Knysna' 10-max Seat #10 is the button
Seat 2: Azrarn ($133.52 in chips)
Seat 10: kingkongkåre ($106 in chips)
kingkongkåre: posts small blind $1
Azrarn: posts big blind $3
*** HOLE CARDS ***
kingkongkåre: raises $3 to $6
Azrarn: folds
Uncalled bet ($3) returned to kingkongkåre
kingkongkåre collected $6 from pot
*** SUMMARY ***
Total pot $6 | Rake $0
Seat 2: Azrarn (big blind) folded before Flop
Seat 10: kingkongkåre (button) (small blind) collected ($6)


PokerStars Hand #172165808217:  Hold'em Limit ($3/$6 USD) - 2017/06/24 2:05:32 ET
Table 'Knysna' 10-max Seat #2 is the button
Seat 2: Azrarn ($127.76 in chips)
Seat 10: kingkongkåre ($112 in chips)
Azrarn: posts small blind $1
kingkongkåre: posts big blind $3
*** HOLE CARDS ***
Azrarn: raises $3 to $6
kingkongkåre: calls $3
*** FLOP *** [3d 8c 4d]
kingkongkåre: checks
Azrarn: bets $3
kingkongkåre: folds
Uncalled bet ($3) returned to Azrarn
Azrarn collected $11.76 from pot
*** SUMMARY ***
Total pot $12 | Rake $0.24
Board [3d 8c 4d]
Seat 2: Azrarn (button) (small blind) collected ($11.76)
Seat 10: kingkongkåre (big blind) folded on the Flop


PokerStars Hand #172165813595:  Hold'em Limit ($3/$6 USD) - 2017/06/24 2:05:53 ET
Table 'Knysna' 10-max Seat #2 is the button
Seat 2: Azrarn ($130.52 in chips)
Seat 10: kingkongkåre ($109 in chips)
Azrarn: posts small blind $1
kingkongkåre: posts big blind $3
*** HOLE CARDS ***
Azrarn: raises $3 to $6
kingkongkåre: calls $3
*** FLOP *** [8d Ks Qs]
kingkongkåre: checks
Azrarn: bets $3
kingkongkåre: folds
Uncalled bet ($3) returned to Azrarn
Azrarn collected $11.76 from pot
*** SUMMARY ***
Total pot $12 | Rake $0.24
Board [8d Ks Qs]
Seat 2: Azrarn (button) (small blind) collected ($11.76)
Seat 10: kingkongkåre (big blind) folded on the Flop


PokerStars Hand #172165806820:  Hold'em Limit ($3/$6 USD) - 2017/06/24 2:05:26 ET
Table 'Knysna' 10-max Seat #10 is the button
Seat 2: Azrarn ($126.76 in chips)
Seat 10: kingkongkåre ($113 in chips)
kingkongkåre: posts small blind $1
Azrarn: posts big blind $3
*** HOLE CARDS ***
kingkongkåre: folds
Uncalled bet ($2) returned to Azrarn
Azrarn collected $2 from pot
*** SUMMARY ***
Total pot $2 | Rake $0
Seat 2: Azrarn (big blind) collected ($2)
Seat 10: kingkongkåre (button) (small blind) folded before Flop


PokerStars Hand #172165803037:  Hold'em Limit ($3/$6 USD) - 2017/06/24 2:05:12 ET
Table 'Knysna' 10-max Seat #2 is the button
Seat 2: Azrarn ($121 in chips)
Seat 10: kingkongkåre ($119 in chips)
Azrarn: posts small blind $1
kingkongkåre: posts big blind $3
*** HOLE CARDS ***
Azrarn: raises $3 to $6
kingkongkåre: calls $3
*** FLOP *** [2d 3d 5s]
kingkongkåre: checks
Azrarn: bets $3
kingkongkåre: folds
Uncalled bet ($3) returned to Azrarn
Azrarn collected $11.76 from pot
*** SUMMARY ***
Total pot $12 | Rake $0.24
Board [2d 3d 5s]
Seat 2: Azrarn (button) (small blind) collected ($11.76)
Seat 10: kingkongkåre (big blind) folded on the Flop


PokerStars Hand #172165817343:  Hold'em Limit ($3/$6 USD) - 2017/06/24 2:06:07 ET
Table 'Knysna' 10-max Seat #10 is the button
Seat 2: Azrarn ($136.28 in chips)
Seat 10: kingkongkåre ($103 in chips)
kingkongkåre: posts small blind $1
Azrarn: posts big blind $3
*** HOLE CARDS ***
kingkongkåre: raises $3 to $6
Azrarn: raises $3 to $9
kingkongkåre: calls $3
*** FLOP *** [3s Qs Kd]
VolkovDmitri joins the table at seat #1
Azrarn: bets $3
kingkongkåre: folds
Uncalled bet ($3) returned to Azrarn
Azrarn collected $17.64 from pot
*** SUMMARY ***
Total pot $18 | Rake $0.36
Board [3s Qs Kd]
Seat 2: Azrarn (big blind) collected ($17.64)
Seat 10: kingkongkåre (button) (small blind) folded on the Flop


PokerStars Hand #172165827722:  Hold'em Limit ($3/$6 USD) - 2017/06/24 2:06:48 ET
Table 'Knysna' 10-max Seat #1 is the button
Seat 1: VolkovDmitri ($120 in chips)
Seat 10: kingkongkåre ($94 in chips)
VolkovDmitri: posts small blind $1
Azrarn: is sitting out
kingkongkåre: posts big blind $3
*** HOLE CARDS ***
VolkovDmitri: raises $3 to $6
kingkongkåre: calls $3
*** FLOP *** [7c 4d Jh]
kingkongkåre: checks
VolkovDmitri: bets $3
kingkongkåre: folds
Uncalled bet ($3) returned to VolkovDmitri
VolkovDmitri collected $11.76 from pot
VolkovDmitri: doesn't show hand
*** SUMMARY ***
Total pot $12 | Rake $0.24
Board [7c 4d Jh]
Seat 1: VolkovDmitri (button) (small blind) collected ($11.76)
Seat 10: kingkongkåre (big blind) folded on the Flop


PokerStars Hand #172165823279:  Hold'em Limit ($3/$6 USD) - 2017/06/24 2:06:31 ET
Table 'Knysna' 10-max Seat #2 is the button
Seat 2: Azrarn ($144.92 in chips)
Seat 10: kingkongkåre ($94 in chips)
Azrarn: posts small blind $1
kingkongkåre: posts big blind $3
*** HOLE CARDS ***
Azrarn: folds
Uncalled bet ($2) returned to kingkongkåre
kingkongkåre collected $2 from pot
*** SUMMARY ***
Total pot $2 | Rake $0
Seat 2: Azrarn (button) (small blind) folded before Flop
Seat 10: kingkongkåre (big blind) collected ($2)


PokerStars Hand #172165832267:  Hold'em Limit ($3/$6 USD) - 2017/06/24 2:07:06 ET
Table 'Knysna' 10-max Seat #10 is the button
Seat 1: VolkovDmitri ($125.76 in chips)
Seat 10: kingkongkåre ($88 in chips)
kingkongkåre: posts small blind $1
VolkovDmitri: posts big blind $3
*** HOLE CARDS ***
kingkongkåre: raises $3 to $6
VolkovDmitri: calls $3
*** FLOP *** [Qh Jh Kh]
VolkovDmitri: checks
kingkongkåre: bets $3
VolkovDmitri: folds
Uncalled bet ($3) returned to kingkongkåre
kingkongkåre collected $11.76 from pot
*** SUMMARY ***
Total pot $12 | Rake $0.24
Board [Qh Jh Kh]
Seat 1: VolkovDmitri (big blind) folded on the Flop
Seat 10: kingkongkåre (button) (small blind) collected ($11.76)


PokerStars Hand #172165844535:  Hold'em Limit ($3/$6 USD) - 2017/06/24 2:07:54 ET
Table 'Knysna' 10-max Seat #10 is the button
Seat 1: VolkovDmitri ($120 in chips)
Seat 10: kingkongkåre ($102.40 in chips)
kingkongkåre: posts small blind $1
VolkovDmitri: posts big blind $3
*** HOLE CARDS ***
kingkongkåre: raises $3 to $6
VolkovDmitri: calls $3
*** FLOP *** [4h Kd 3d]
VolkovDmitri: checks
kingkongkåre: bets $3
VolkovDmitri: folds
Uncalled bet ($3) returned to kingkongkåre
kingkongkåre collected $11.76 from pot
*** SUMMARY ***
Total pot $12 | Rake $0.24
Board [4h Kd 3d]
Seat 1: VolkovDmitri (big blind) folded on the Flop
Seat 10: kingkongkåre (button) (small blind) collected ($11.76)


PokerStars Hand #172165835872:  Hold'em Limit ($3/$6 USD) - 2017/06/24 2:07:20 ET
Table 'Knysna' 10-max Seat #1 is the button
Seat 1: VolkovDmitri ($120 in chips)
Seat 10: kingkongkåre ($93.76 in chips)
VolkovDmitri: posts small blind $1
kingkongkåre: posts big blind $3
*** HOLE CARDS ***
VolkovDmitri: raises $3 to $6
kingkongkåre: calls $3
*** FLOP *** [Td 7s 2h]
kingkongkåre: checks
VolkovDmitri: bets $3
kingkongkåre: calls $3
*** TURN *** [Td 7s 2h] [6h]
kingkongkåre: checks
VolkovDmitri: checks
*** RIVER *** [Td 7s 2h 6h] [8c]
kingkongkåre: checks
VolkovDmitri: checks
*** SHOW DOWN ***
kingkongkåre: shows [Ah 7c] (a pair of Sevens)
VolkovDmitri: mucks hand
kingkongkåre collected $17.64 from pot
*** SUMMARY ***
Total pot $18 | Rake $0.36
Board [Td 7s 2h 6h 8c]
Seat 1: VolkovDmitri (button) (small blind) mucked
Seat 10: kingkongkåre (big blind) showed [Ah 7c] and won ($17.64) with a pair of Sevens


PokerStars Hand #172165852092:  Hold'em Limit ($3/$6 USD) - 2017/06/24 2:08:24 ET
Table 'Knysna' 10-max Seat #1 is the button
Seat 1: VolkovDmitri ($120 in chips)
Seat 10: kingkongkåre ($108.16 in chips)
VolkovDmitri: posts small blind $1
kingkongkåre: posts big blind $3
*** HOLE CARDS ***
Azrarn leaves the table
VolkovDmitri: raises $3 to $6
kingkongkåre: calls $3
*** FLOP *** [7s Jh 4d]
kingkongkåre: checks
VolkovDmitri: bets $3
kingkongkåre: folds
Uncalled bet ($3) returned to VolkovDmitri
VolkovDmitri collected $11.76 from pot
VolkovDmitri: doesn't show hand
*** SUMMARY ***
Total pot $12 | Rake $0.24
Board [7s Jh 4d]
Seat 1: VolkovDmitri (button) (small blind) collected ($11.76)
Seat 10: kingkongkåre (big blind) folded on the Flop


PokerStars Hand #172165858786:  Hold'em Limit ($3/$6 USD) - 2017/06/24 2:08:51 ET
Table 'Knysna' 10-max Seat #10 is the button
Seat 1: VolkovDmitri ($125.76 in chips)
Seat 10: kingkongkåre ($102.16 in chips)
kingkongkåre: posts small blind $1
VolkovDmitri: posts big blind $3
*** HOLE CARDS ***
kingkongkåre: raises $3 to $6
VolkovDmitri: calls $3
*** FLOP *** [2s Ts 6s]
VolkovDmitri: checks
kingkongkåre: checks
*** TURN *** [2s Ts 6s] [4h]
VolkovDmitri: bets $6
kingkongkåre: folds
Uncalled bet ($6) returned to VolkovDmitri
VolkovDmitri collected $11.76 from pot
VolkovDmitri: doesn't show hand
*** SUMMARY ***
Total pot $12 | Rake $0.24
Board [2s Ts 6s 4h]
Seat 1: VolkovDmitri (big blind) collected ($11.76)
Seat 10: kingkongkåre (button) (small blind) folded on the Turn


PokerStars Hand #172165876357:  Hold'em Limit ($3/$6 USD) - 2017/06/24 2:10:00 ET
Table 'Knysna' 10-max Seat #1 is the button
Seat 1: VolkovDmitri ($151.78 in chips)
Seat 10: kingkongkåre ($75.16 in chips)
VolkovDmitri: posts small blind $1
kingkongkåre: posts big blind $3
*** HOLE CARDS ***
VolkovDmitri: raises $3 to $6
kingkongkåre: folds
Uncalled bet ($3) returned to VolkovDmitri
VolkovDmitri collected $6 from pot
VolkovDmitri: doesn't show hand
*** SUMMARY ***
Total pot $6 | Rake $0
Seat 1: VolkovDmitri (button) (small blind) collected ($6)
Seat 10: kingkongkåre (big blind) folded before Flop


PokerStars Hand #172165872925:  Hold'em Limit ($3/$6 USD) - 2017/06/24 2:09:47 ET
Table 'Knysna' 10-max Seat #10 is the button
Seat 1: VolkovDmitri ($146.02 in chips)
Seat 10: kingkongkåre ($81.16 in chips)
kingkongkåre: posts small blind $1
VolkovDmitri: posts big blind $3
*** HOLE CARDS ***
kingkongkåre: raises $3 to $6
VolkovDmitri: calls $3
*** FLOP *** [8d Ts Tc]
VolkovDmitri: checks
kingkongkåre: checks
*** TURN *** [8d Ts Tc] [Qh]
VolkovDmitri: bets $6
kingkongkåre: folds
Uncalled bet ($6) returned to VolkovDmitri
VolkovDmitri collected $11.76 from pot
VolkovDmitri: doesn't show hand
*** SUMMARY ***
Total pot $12 | Rake $0.24
Board [8d Ts Tc Qh]
Seat 1: VolkovDmitri (big blind) collected ($11.76)
Seat 10: kingkongkåre (button) (small blind) folded on the Turn


PokerStars Hand #172165864740:  Hold'em Limit ($3/$6 USD) - 2017/06/24 2:09:14 ET
Table 'Knysna' 10-max Seat #1 is the button
Seat 1: VolkovDmitri ($131.52 in chips)
Seat 10: kingkongkåre ($96.16 in chips)
VolkovDmitri: posts small blind $1
kingkongkåre: posts big blind $3
*** HOLE CARDS ***
VolkovDmitri: raises $3 to $6
kingkongkåre: calls $3
*** FLOP *** [Jc 5s 5c]
kingkongkåre: checks
VolkovDmitri: bets $3
kingkongkåre: calls $3
*** TURN *** [Jc 5s 5c] [9d]
kingkongkåre: checks
VolkovDmitri: checks
*** RIVER *** [Jc 5s 5c 9d] [4c]
kingkongkåre: bets $6
VolkovDmitri: calls $6
*** SHOW DOWN ***
kingkongkåre: shows [As 6s] (a pair of Fives)
VolkovDmitri: shows [7d 4h] (two pair, Fives and Fours)
VolkovDmitri collected $29.50 from pot
*** SUMMARY ***
Total pot $30 | Rake $0.50
Board [Jc 5s 5c 9d 4c]
Seat 1: VolkovDmitri (button) (small blind) showed [7d 4h] and won ($29.50) with two pair, Fives and Fours
Seat 10: kingkongkåre (big blind) showed [As 6s] and lost with a pair of Fives


PokerStars Hand #172165889628:  Hold'em Limit ($3/$6 USD) - 2017/06/24 2:10:52 ET
Table 'Knysna' 10-max Seat #1 is the button
Seat 1: VolkovDmitri ($148.78 in chips)
Seat 10: kingkongkåre ($77.92 in chips)
VolkovDmitri: posts small blind $1
kingkongkåre: posts big blind $3
*** HOLE CARDS ***
VolkovDmitri: raises $3 to $6
kingkongkåre: calls $3
*** FLOP *** [3h Qh 7s]
kingkongkåre: checks
VolkovDmitri: bets $3
kingkongkåre: calls $3
*** TURN *** [3h Qh 7s] [3s]
kingkongkåre: checks
VolkovDmitri: bets $6
kingkongkåre: calls $6
*** RIVER *** [3h Qh 7s 3s] [Ks]
kingkongkåre: checks
VolkovDmitri: bets $6
kingkongkåre: calls $6
*** SHOW DOWN ***
VolkovDmitri: shows [Qc Jc] (two pair, Queens and Threes)
kingkongkåre: mucks hand
VolkovDmitri collected $41.50 from pot
*** SUMMARY ***
Total pot $42 | Rake $0.50
Board [3h Qh 7s 3s Ks]
Seat 1: VolkovDmitri (button) (small blind) showed [Qc Jc] and won ($41.50) with two pair, Queens and Threes
Seat 10: kingkongkåre (big blind) mucked


PokerStars Hand #172165880288:  Hold'em Limit ($3/$6 USD) - 2017/06/24 2:10:15 ET
Table 'Knysna' 10-max Seat #10 is the button
Seat 1: VolkovDmitri ($154.78 in chips)
Seat 10: kingkongkåre ($72.16 in chips)
kingkongkåre: posts small blind $1
VolkovDmitri: posts big blind $3
*** HOLE CARDS ***
kingkongkåre: raises $3 to $6
VolkovDmitri: calls $3
*** FLOP *** [5d Ts 3s]
VolkovDmitri: checks
kingkongkåre: bets $3
VolkovDmitri: folds
Uncalled bet ($3) returned to kingkongkåre
kingkongkåre collected $11.76 from pot
*** SUMMARY ***
Total pot $12 | Rake $0.24
Board [5d Ts 3s]
Seat 1: VolkovDmitri (big blind) folded on the Flop
Seat 10: kingkongkåre (button) (small blind) collected ($11.76)


PokerStars Hand #172165902501:  Hold'em Limit ($3/$6 USD) - 2017/06/24 2:11:43 ET
Table 'Knysna' 10-max Seat #1 is the button
Seat 1: VolkovDmitri ($163.28 in chips)
Seat 10: kingkongkåre ($62.68 in chips)
VolkovDmitri: posts small blind $1
kingkongkåre: posts big blind $3
*** HOLE CARDS ***
VolkovDmitri: raises $3 to $6
kingkongkåre: raises $3 to $9
VolkovDmitri: calls $3
*** FLOP *** [Ts 8c 7c]
kingkongkåre: bets $3
VolkovDmitri: folds
Uncalled bet ($3) returned to kingkongkåre
kingkongkåre collected $17.64 from pot
*** SUMMARY ***
Total pot $18 | Rake $0.36
Board [Ts 8c 7c]
Seat 1: VolkovDmitri (button) (small blind) folded on the Flop
Seat 10: kingkongkåre (big blind) collected ($17.64)


PokerStars Hand #172165914213:  Hold'em Limit ($3/$6 USD) - 2017/06/24 2:12:29 ET
Table 'Knysna' 10-max Seat #1 is the button
Seat 1: VolkovDmitri ($148.28 in chips)
Seat 10: kingkongkåre ($77.08 in chips)
VolkovDmitri: posts small blind $1
kingkongkåre: posts big blind $3
*** HOLE CARDS ***
VolkovDmitri: raises $3 to $6
kingkongkåre: folds
Uncalled bet ($3) returned to VolkovDmitri
VolkovDmitri collected $6 from pot
VolkovDmitri: doesn't show hand
*** SUMMARY ***
Total pot $6 | Rake $0
Seat 1: VolkovDmitri (button) (small blind) collected ($6)
Seat 10: kingkongkåre (big blind) folded before Flop


PokerStars Hand #172165908769:  Hold'em Limit ($3/$6 USD) - 2017/06/24 2:12:07 ET
Table 'Knysna' 10-max Seat #10 is the button
Seat 1: VolkovDmitri ($154.28 in chips)
Seat 10: kingkongkåre ($71.32 in chips)
kingkongkåre: posts small blind $1
VolkovDmitri: posts big blind $3
*** HOLE CARDS ***
kingkongkåre: raises $3 to $6
VolkovDmitri: calls $3
*** FLOP *** [4s 4c Jd]
VolkovDmitri: checks
kingkongkåre: bets $3
VolkovDmitri: folds
Uncalled bet ($3) returned to kingkongkåre
kingkongkåre collected $11.76 from pot
*** SUMMARY ***
Total pot $12 | Rake $0.24
Board [4s 4c Jd]
Seat 1: VolkovDmitri (big blind) folded on the Flop
Seat 10: kingkongkåre (button) (small blind) collected ($11.76)


PokerStars Hand #172165919343:  Hold'em Limit ($3/$6 USD) - 2017/06/24 2:12:48 ET
Table 'Knysna' 10-max Seat #1 is the button
Seat 1: VolkovDmitri ($157.04 in chips)
Seat 10: kingkongkåre ($68.08 in chips)
VolkovDmitri: posts small blind $1
kingkongkåre: posts big blind $3
*** HOLE CARDS ***
VolkovDmitri: raises $3 to $6
kingkongkåre: folds
Uncalled bet ($3) returned to VolkovDmitri
VolkovDmitri collected $6 from pot
VolkovDmitri: doesn't show hand
*** SUMMARY ***
Total pot $6 | Rake $0
Seat 1: VolkovDmitri (button) (small blind) collected ($6)
Seat 10: kingkongkåre (big blind) folded before Flop


PokerStars Hand #172165916044:  Hold'em Limit ($3/$6 USD) - 2017/06/24 2:12:36 ET
Table 'Knysna' 10-max Seat #10 is the button
Seat 1: VolkovDmitri ($151.28 in chips)
Seat 10: kingkongkåre ($74.08 in chips)
kingkongkåre: posts small blind $1
VolkovDmitri: posts big blind $3
*** HOLE CARDS ***
kingkongkåre: raises $3 to $6
VolkovDmitri: calls $3
*** FLOP *** [5d Jh 3s]
VolkovDmitri: checks
kingkongkåre: checks
*** TURN *** [5d Jh 3s] [Kh]
VolkovDmitri: bets $6
kingkongkåre: folds
Uncalled bet ($6) returned to VolkovDmitri
VolkovDmitri collected $11.76 from pot
VolkovDmitri: doesn't show hand
*** SUMMARY ***
Total pot $12 | Rake $0.24
Board [5d Jh 3s Kh]
Seat 1: VolkovDmitri (big blind) collected ($11.76)
Seat 10: kingkongkåre (button) (small blind) folded on the Turn


PokerStars Hand #172165920895:  Hold'em Limit ($3/$6 USD) - 2017/06/24 2:12:54 ET
Table 'Knysna' 10-max Seat #10 is the button
Seat 1: VolkovDmitri ($160.04 in chips)
Seat 10: kingkongkåre ($65.08 in chips)
kingkongkåre: posts small blind $1
VolkovDmitri: posts big blind $3
*** HOLE CARDS ***
kingkongkåre: raises $3 to $6
VolkovDmitri: folds
Uncalled bet ($3) returned to kingkongkåre
kingkongkåre collected $6 from pot
*** SUMMARY ***
Total pot $6 | Rake $0
Seat 1: VolkovDmitri (big blind) folded before Flop
Seat 10: kingkongkåre (button) (small blind) collected ($6)


PokerStars Hand #172165934514:  Hold'em Limit ($3/$6 USD) - 2017/06/24 2:13:48 ET
Table 'Knysna' 10-max Seat #10 is the button
Seat 1: VolkovDmitri ($133.04 in chips)
Seat 10: kingkongkåre ($91.58 in chips)
kingkongkåre: posts small blind $1
VolkovDmitri: posts big blind $3
*** HOLE CARDS ***
kingkongkåre: folds
Uncalled bet ($2) returned to VolkovDmitri
VolkovDmitri collected $2 from pot
VolkovDmitri: doesn't show hand
*** SUMMARY ***
Total pot $2 | Rake $0
Seat 1: VolkovDmitri (big blind) collected ($2)
Seat 10: kingkongkåre (button) (small blind) folded before Flop


PokerStars Hand #172165922716:  Hold'em Limit ($3/$6 USD) - 2017/06/24 2:13:02 ET
Table 'Knysna' 10-max Seat #1 is the button
Seat 1: VolkovDmitri ($157.04 in chips)
Seat 10: kingkongkåre ($68.08 in chips)
VolkovDmitri: posts small blind $1
kingkongkåre: posts big blind $3
*** HOLE CARDS ***
VolkovDmitri: raises $3 to $6
kingkongkåre: raises $3 to $9
VolkovDmitri: calls $3
*** FLOP *** [7d Js 5h]
kingkongkåre: bets $3
fire852181 joins the table at seat #2
VolkovDmitri: calls $3
*** TURN *** [7d Js 5h] [6s]
kingkongkåre: bets $6
VolkovDmitri: calls $6
*** RIVER *** [7d Js 5h 6s] [6d]
kingkongkåre: bets $6
VolkovDmitri: calls $6
*** SHOW DOWN ***
kingkongkåre: shows [As 7s] (two pair, Sevens and Sixes)
VolkovDmitri: mucks hand
kingkongkåre collected $47.50 from pot
*** SUMMARY ***
Total pot $48 | Rake $0.50
Board [7d Js 5h 6s 6d]
Seat 1: VolkovDmitri (button) (small blind) mucked
Seat 10: kingkongkåre (big blind) showed [As 7s] and won ($47.50) with two pair, Sevens and Sixes


PokerStars Hand #172166205619:  Hold'em Limit ($3/$6 USD) - 2017/06/24 2:31:10 ET
Table 'Knysna' 10-max Seat #3 is the button
Seat 3: tortoise2 ($128.93 in chips)
Seat 8: HAL9QQQ ($190.87 in chips)
tortoise2: posts small blind $1
HAL9QQQ: posts big blind $3
*** HOLE CARDS ***
tortoise2: raises $3 to $6
HAL9QQQ: calls $3
*** FLOP *** [7d 7h Qh]
HAL9QQQ: checks
tortoise2: bets $3
HAL9QQQ: calls $3
*** TURN *** [7d 7h Qh] [4s]
HAL9QQQ: checks
tortoise2: bets $6
HAL9QQQ: calls $6
*** RIVER *** [7d 7h Qh 4s] [Kd]
HAL9QQQ: checks
tortoise2: bets $6
HAL9QQQ: calls $6
*** SHOW DOWN ***
tortoise2: shows [5d 6d] (a pair of Sevens)
HAL9QQQ: shows [Ts Ad] (a pair of Sevens - Ace kicker)
HAL9QQQ collected $41.50 from pot
*** SUMMARY ***
Total pot $42 | Rake $0.50
Board [7d 7h Qh 4s Kd]
Seat 3: tortoise2 (button) (small blind) showed [5d 6d] and lost with a pair of Sevens
Seat 8: HAL9QQQ (big blind) showed [Ts Ad] and won ($41.50) with a pair of Sevens


PokerStars Hand #172166227682:  Hold'em Limit ($3/$6 USD) - 2017/06/24 2:32:35 ET
Table 'Knysna' 10-max Seat #8 is the button
Seat 3: tortoise2 ($128.64 in chips)
Seat 8: HAL9QQQ ($210.37 in chips)
HAL9QQQ: posts small blind $1
tortoise2: posts big blind $3
*** HOLE CARDS ***
HAL9QQQ: raises $3 to $6
tortoise2: calls $3
*** FLOP *** [4c 6c 7s]
tortoise2: checks
HAL9QQQ: bets $3
tortoise2: calls $3
*** TURN *** [4c 6c 7s] [4h]
tortoise2: checks
HAL9QQQ: bets $6
tortoise2: folds
Uncalled bet ($6) returned to HAL9QQQ
HAL9QQQ collected $17.64 from pot
HAL9QQQ: doesn't show hand
*** SUMMARY ***
Total pot $18 | Rake $0.36
Board [4c 6c 7s 4h]
Seat 3: tortoise2 (big blind) folded on the Turn
Seat 8: HAL9QQQ (button) (small blind) collected ($17.64)


