PokerStars Hand #148368873469:  Hold'em Limit ($3/$6 USD) - 2016/02/06 21:34:24 ET
Table 'Knysna' 6-max Seat #1 is the button
Seat 1: miss kitty50 ($136.97 in chips)
Seat 6: ToDaFelt ($268.97 in chips)
miss kitty50: posts small blind $1
ToDaFelt: posts big blind $3
*** HOLE CARDS ***
miss kitty50: raises $3 to $6
ToDaFelt: raises $3 to $9
miss kitty50: calls $3
*** FLOP *** [7h 2h Ad]
ToDaFelt: bets $3
miss kitty50: folds
Uncalled bet ($3) returned to ToDaFelt
ToDaFelt collected $17.64 from pot
ToDaFelt: doesn't show hand
*** SUMMARY ***
Total pot $18 | Rake $0.36
Board [7h 2h Ad]
Seat 1: miss kitty50 (button) (small blind) folded on the Flop
Seat 6: ToDaFelt (big blind) collected ($17.64)


PokerStars Hand #148368867477:  Hold'em Limit ($3/$6 USD) - 2016/02/06 21:34:11 ET
Table 'Knysna' 6-max Seat #6 is the button
Seat 1: miss kitty50 ($139.97 in chips)
Seat 6: ToDaFelt ($265.97 in chips)
ToDaFelt: posts small blind $1
miss kitty50: posts big blind $3
*** HOLE CARDS ***
wobetting leaves the table
ToDaFelt: raises $3 to $6
miss kitty50: folds
Uncalled bet ($3) returned to ToDaFelt
ToDaFelt collected $6 from pot
ToDaFelt: doesn't show hand
*** SUMMARY ***
Total pot $6 | Rake $0
Seat 1: miss kitty50 (big blind) folded before Flop
Seat 6: ToDaFelt (button) (small blind) collected ($6)


PokerStars Hand #148368880831:  Hold'em Limit ($3/$6 USD) - 2016/02/06 21:34:40 ET
Table 'Knysna' 6-max Seat #6 is the button
Seat 1: miss kitty50 ($127.97 in chips)
Seat 6: ToDaFelt ($277.61 in chips)
ToDaFelt: posts small blind $1
miss kitty50: posts big blind $3
*** HOLE CARDS ***
ToDaFelt: raises $3 to $6
miss kitty50: calls $3
*** FLOP *** [5d 7h 3s]
miss kitty50: checks
ToDaFelt: bets $3
miss kitty50: calls $3
*** TURN *** [5d 7h 3s] [7d]
miss kitty50: checks
ToDaFelt: bets $6
miss kitty50: calls $6
*** RIVER *** [5d 7h 3s 7d] [2c]
miss kitty50: checks
ToDaFelt: bets $6
miss kitty50: calls $6
*** SHOW DOWN ***
ToDaFelt: shows [4d Qs] (a pair of Sevens)
miss kitty50: shows [Jd As] (a pair of Sevens - Ace kicker)
miss kitty50 collected $41.50 from pot
*** SUMMARY ***
Total pot $42 | Rake $0.50
Board [5d 7h 3s 7d 2c]
Seat 1: miss kitty50 (big blind) showed [Jd As] and won ($41.50) with a pair of Sevens
Seat 6: ToDaFelt (button) (small blind) showed [4d Qs] and lost with a pair of Sevens


PokerStars Hand #148368907033:  Hold'em Limit ($3/$6 USD) - 2016/02/06 21:35:38 ET
Table 'Knysna' 6-max Seat #6 is the button
Seat 1: miss kitty50 ($160.97 in chips)
Seat 6: ToDaFelt ($243.61 in chips)
ToDaFelt: posts small blind $1
miss kitty50: posts big blind $3
*** HOLE CARDS ***
ToDaFelt: raises $3 to $6
miss kitty50: calls $3
*** FLOP *** [Th Js 2h]
miss kitty50: checks
ToDaFelt: bets $3
miss kitty50: folds
Uncalled bet ($3) returned to ToDaFelt
ToDaFelt collected $11.76 from pot
ToDaFelt: doesn't show hand
*** SUMMARY ***
Total pot $12 | Rake $0.24
Board [Th Js 2h]
Seat 1: miss kitty50 (big blind) folded on the Flop
Seat 6: ToDaFelt (button) (small blind) collected ($11.76)


PokerStars Hand #148368904557:  Hold'em Limit ($3/$6 USD) - 2016/02/06 21:35:33 ET
Table 'Knysna' 6-max Seat #1 is the button
Seat 1: miss kitty50 ($161.97 in chips)
Seat 6: ToDaFelt ($242.61 in chips)
miss kitty50: posts small blind $1
ToDaFelt: posts big blind $3
*** HOLE CARDS ***
miss kitty50: folds
Uncalled bet ($2) returned to ToDaFelt
ToDaFelt collected $2 from pot
ToDaFelt: doesn't show hand
*** SUMMARY ***
Total pot $2 | Rake $0
Seat 1: miss kitty50 (button) (small blind) folded before Flop
Seat 6: ToDaFelt (big blind) collected ($2)


PokerStars Hand #148368912002:  Hold'em Limit ($3/$6 USD) - 2016/02/06 21:35:49 ET
Table 'Knysna' 6-max Seat #1 is the button
Seat 1: miss kitty50 ($154.97 in chips)
Seat 6: ToDaFelt ($249.37 in chips)
miss kitty50: posts small blind $1
ToDaFelt: posts big blind $3
*** HOLE CARDS ***
miss kitty50: raises $3 to $6
ToDaFelt: calls $3
*** FLOP *** [4s 9s 2c]
ToDaFelt: checks
miss kitty50: bets $3
ToDaFelt: raises $3 to $6
miss kitty50: raises $3 to $9
ToDaFelt: calls $3
*** TURN *** [4s 9s 2c] [Td]
ToDaFelt: checks
miss kitty50: bets $6
ToDaFelt: folds
Uncalled bet ($6) returned to miss kitty50
miss kitty50 collected $29.50 from pot
miss kitty50: doesn't show hand
*** SUMMARY ***
Total pot $30 | Rake $0.50
Board [4s 9s 2c Td]
Seat 1: miss kitty50 (button) (small blind) collected ($29.50)
Seat 6: ToDaFelt (big blind) folded on the Turn


PokerStars Hand #148368894621:  Hold'em Limit ($3/$6 USD) - 2016/02/06 21:35:11 ET
Table 'Knysna' 6-max Seat #6 is the button
Seat 1: miss kitty50 ($147.47 in chips)
Seat 6: ToDaFelt ($257.61 in chips)
ToDaFelt: posts small blind $1
miss kitty50: posts big blind $3
*** HOLE CARDS ***
ToDaFelt: raises $3 to $6
miss kitty50: calls $3
*** FLOP *** [Ks 7c 4h]
miss kitty50: bets $3
ToDaFelt: calls $3
*** TURN *** [Ks 7c 4h] [7h]
miss kitty50: bets $6
ToDaFelt: calls $6
*** RIVER *** [Ks 7c 4h 7h] [Ad]
miss kitty50: checks
ToDaFelt: checks
*** SHOW DOWN ***
miss kitty50: shows [Th Kc] (two pair, Kings and Sevens)
ToDaFelt: mucks hand
miss kitty50 collected $29.50 from pot
*** SUMMARY ***
Total pot $30 | Rake $0.50
Board [Ks 7c 4h 7h Ad]
Seat 1: miss kitty50 (big blind) showed [Th Kc] and won ($29.50) with two pair, Kings and Sevens
Seat 6: ToDaFelt (button) (small blind) mucked


PokerStars Hand #148368892005:  Hold'em Limit ($3/$6 USD) - 2016/02/06 21:35:05 ET
Table 'Knysna' 6-max Seat #1 is the button
Seat 1: miss kitty50 ($148.47 in chips)
Seat 6: ToDaFelt ($256.61 in chips)
miss kitty50: posts small blind $1
ToDaFelt: posts big blind $3
*** HOLE CARDS ***
miss kitty50: folds
Uncalled bet ($2) returned to ToDaFelt
ToDaFelt collected $2 from pot
ToDaFelt: doesn't show hand
*** SUMMARY ***
Total pot $2 | Rake $0
Seat 1: miss kitty50 (button) (small blind) folded before Flop
Seat 6: ToDaFelt (big blind) collected ($2)


PokerStars Hand #148368935339:  Hold'em Limit ($3/$6 USD) - 2016/02/06 21:36:41 ET
Table 'Knysna' 6-max Seat #1 is the button
Seat 1: miss kitty50 ($159.47 in chips)
Seat 6: ToDaFelt ($244.13 in chips)
miss kitty50: posts small blind $1
ToDaFelt: posts big blind $3
*** HOLE CARDS ***
miss kitty50: folds
Uncalled bet ($2) returned to ToDaFelt
ToDaFelt collected $2 from pot
ToDaFelt: doesn't show hand
*** SUMMARY ***
Total pot $2 | Rake $0
Seat 1: miss kitty50 (button) (small blind) folded before Flop
Seat 6: ToDaFelt (big blind) collected ($2)


PokerStars Hand #148368929652:  Hold'em Limit ($3/$6 USD) - 2016/02/06 21:36:28 ET
Table 'Knysna' 6-max Seat #6 is the button
Seat 1: miss kitty50 ($165.47 in chips)
Seat 6: ToDaFelt ($238.37 in chips)
ToDaFelt: posts small blind $1
miss kitty50: posts big blind $3
*** HOLE CARDS ***
ToDaFelt: raises $3 to $6
miss kitty50: calls $3
*** FLOP *** [9s Ks 2c]
miss kitty50: checks
ToDaFelt: bets $3
miss kitty50: folds
Uncalled bet ($3) returned to ToDaFelt
ToDaFelt collected $11.76 from pot
ToDaFelt: doesn't show hand
*** SUMMARY ***
Total pot $12 | Rake $0.24
Board [9s Ks 2c]
Seat 1: miss kitty50 (big blind) folded on the Flop
Seat 6: ToDaFelt (button) (small blind) collected ($11.76)


PokerStars Hand #148368927455:  Hold'em Limit ($3/$6 USD) - 2016/02/06 21:36:24 ET
Table 'Knysna' 6-max Seat #1 is the button
Seat 1: miss kitty50 ($166.47 in chips)
Seat 6: ToDaFelt ($237.37 in chips)
miss kitty50: posts small blind $1
ToDaFelt: posts big blind $3
*** HOLE CARDS ***
miss kitty50: folds
Uncalled bet ($2) returned to ToDaFelt
ToDaFelt collected $2 from pot
ToDaFelt: doesn't show hand
*** SUMMARY ***
Total pot $2 | Rake $0
Seat 1: miss kitty50 (button) (small blind) folded before Flop
Seat 6: ToDaFelt (big blind) collected ($2)


PokerStars Hand #148368924778:  Hold'em Limit ($3/$6 USD) - 2016/02/06 21:36:18 ET
Table 'Knysna' 6-max Seat #6 is the button
Seat 1: miss kitty50 ($169.47 in chips)
Seat 6: ToDaFelt ($234.37 in chips)
ToDaFelt: posts small blind $1
miss kitty50: posts big blind $3
*** HOLE CARDS ***
ToDaFelt: raises $3 to $6
miss kitty50: folds
Uncalled bet ($3) returned to ToDaFelt
ToDaFelt collected $6 from pot
ToDaFelt: doesn't show hand
*** SUMMARY ***
Total pot $6 | Rake $0
Seat 1: miss kitty50 (big blind) folded before Flop
Seat 6: ToDaFelt (button) (small blind) collected ($6)


PokerStars Hand #148368922536:  Hold'em Limit ($3/$6 USD) - 2016/02/06 21:36:13 ET
Table 'Knysna' 6-max Seat #1 is the button
Seat 1: miss kitty50 ($170.47 in chips)
Seat 6: ToDaFelt ($233.37 in chips)
miss kitty50: posts small blind $1
ToDaFelt: posts big blind $3
*** HOLE CARDS ***
miss kitty50: folds
Uncalled bet ($2) returned to ToDaFelt
ToDaFelt collected $2 from pot
ToDaFelt: doesn't show hand
*** SUMMARY ***
Total pot $2 | Rake $0
Seat 1: miss kitty50 (button) (small blind) folded before Flop
Seat 6: ToDaFelt (big blind) collected ($2)


PokerStars Hand #148368972314:  Hold'em Limit ($3/$6 USD) - 2016/02/06 21:38:03 ET
Table 'Knysna' 6-max Seat #6 is the button
Seat 1: miss kitty50 ($237.97 in chips)
Seat 6: ToDaFelt ($180 in chips)
ToDaFelt: posts small blind $1
miss kitty50: posts big blind $3
*** HOLE CARDS ***
ToDaFelt: raises $3 to $6
miss kitty50: folds
Uncalled bet ($3) returned to ToDaFelt
ToDaFelt collected $6 from pot
ToDaFelt: doesn't show hand
*** SUMMARY ***
Total pot $6 | Rake $0
Seat 1: miss kitty50 (big blind) folded before Flop
Seat 6: ToDaFelt (button) (small blind) collected ($6)


PokerStars Hand #148368962799:  Hold'em Limit ($3/$6 USD) - 2016/02/06 21:37:42 ET
Table 'Knysna' 6-max Seat #1 is the button
Seat 1: miss kitty50 ($205.47 in chips)
Seat 6: ToDaFelt ($197.13 in chips)
miss kitty50: posts small blind $1
ToDaFelt: posts big blind $3
*** HOLE CARDS ***
miss kitty50: calls $2
ToDaFelt: raises $3 to $6
miss kitty50: calls $3
*** FLOP *** [Td 9s 3s]
ToDaFelt: bets $3
miss kitty50: raises $3 to $6
ToDaFelt: raises $3 to $9
miss kitty50: calls $3
*** TURN *** [Td 9s 3s] [4h]
ToDaFelt: bets $6
miss kitty50: calls $6
*** RIVER *** [Td 9s 3s 4h] [Ts]
ToDaFelt: bets $6
miss kitty50: raises $6 to $12
ToDaFelt: calls $6
*** SHOW DOWN ***
miss kitty50: shows [Kc Th] (three of a kind, Tens)
ToDaFelt: mucks hand
miss kitty50 collected $65.50 from pot
*** SUMMARY ***
Total pot $66 | Rake $0.50
Board [Td 9s 3s 4h Ts]
Seat 1: miss kitty50 (button) (small blind) showed [Kc Th] and won ($65.50) with three of a kind, Tens
Seat 6: ToDaFelt (big blind) mucked


PokerStars Hand #148368937534:  Hold'em Limit ($3/$6 USD) - 2016/02/06 21:36:46 ET
Table 'Knysna' 6-max Seat #6 is the button
Seat 1: miss kitty50 ($158.47 in chips)
Seat 6: ToDaFelt ($245.13 in chips)
ToDaFelt: posts small blind $1
miss kitty50: posts big blind $3
*** HOLE CARDS ***
ToDaFelt: raises $3 to $6
miss kitty50: raises $3 to $9
ToDaFelt: calls $3
*** FLOP *** [Ks 9h 2c]
miss kitty50: bets $3
ToDaFelt: calls $3
*** TURN *** [Ks 9h 2c] [8d]
miss kitty50: bets $6
ToDaFelt: calls $6
*** RIVER *** [Ks 9h 2c 8d] [3s]
miss kitty50: bets $6
ToDaFelt: calls $6
*** SHOW DOWN ***
miss kitty50: shows [Tc Ts] (a pair of Tens)
ToDaFelt: mucks hand
miss kitty50 collected $47.50 from pot
*** SUMMARY ***
Total pot $48 | Rake $0.50
Board [Ks 9h 2c 8d 3s]
Seat 1: miss kitty50 (big blind) showed [Tc Ts] and won ($47.50) with a pair of Tens
Seat 6: ToDaFelt (button) (small blind) mucked


PokerStars Hand #148368950796:  Hold'em Limit ($3/$6 USD) - 2016/02/06 21:37:16 ET
Table 'Knysna' 6-max Seat #1 is the button
Seat 1: miss kitty50 ($181.97 in chips)
Seat 6: ToDaFelt ($221.13 in chips)
miss kitty50: posts small blind $1
ToDaFelt: posts big blind $3
*** HOLE CARDS ***
miss kitty50: raises $3 to $6
ToDaFelt: calls $3
*** FLOP *** [7d 5c 6s]
ToDaFelt: checks
miss kitty50: bets $3
ToDaFelt: calls $3
*** TURN *** [7d 5c 6s] [6h]
ToDaFelt: bets $6
miss kitty50: calls $6
*** RIVER *** [7d 5c 6s 6h] [4s]
ToDaFelt: bets $6
miss kitty50: raises $6 to $12
ToDaFelt: calls $6
*** SHOW DOWN ***
miss kitty50: shows [8c Kc] (a straight, Four to Eight)
ToDaFelt: mucks hand
miss kitty50 collected $53.50 from pot
*** SUMMARY ***
Total pot $54 | Rake $0.50
Board [7d 5c 6s 6h 4s]
Seat 1: miss kitty50 (button) (small blind) showed [8c Kc] and won ($53.50) with a straight, Four to Eight
Seat 6: ToDaFelt (big blind) mucked


PokerStars Hand #148368996171:  Hold'em Limit ($3/$6 USD) - 2016/02/06 21:38:57 ET
Table 'Knysna' 6-max Seat #1 is the button
Seat 1: miss kitty50 ($254.23 in chips)
Seat 6: ToDaFelt ($186.76 in chips)
miss kitty50: posts small blind $1
ToDaFelt: posts big blind $3
*** HOLE CARDS ***
miss kitty50: folds
Uncalled bet ($2) returned to ToDaFelt
ToDaFelt collected $2 from pot
ToDaFelt: doesn't show hand
*** SUMMARY ***
Total pot $2 | Rake $0
Seat 1: miss kitty50 (button) (small blind) folded before Flop
Seat 6: ToDaFelt (big blind) collected ($2)


PokerStars Hand #148368991568:  Hold'em Limit ($3/$6 USD) - 2016/02/06 21:38:47 ET
Table 'Knysna' 6-max Seat #6 is the button
Seat 1: miss kitty50 ($260.23 in chips)
Seat 6: ToDaFelt ($181 in chips)
ToDaFelt: posts small blind $1
miss kitty50: posts big blind $3
*** HOLE CARDS ***
ToDaFelt: raises $3 to $6
miss kitty50: calls $3
*** FLOP *** [2h 8s Kh]
miss kitty50: checks
ToDaFelt: bets $3
miss kitty50: folds
Uncalled bet ($3) returned to ToDaFelt
ToDaFelt collected $11.76 from pot
ToDaFelt: doesn't show hand
*** SUMMARY ***
Total pot $12 | Rake $0.24
Board [2h 8s Kh]
Seat 1: miss kitty50 (big blind) folded on the Flop
Seat 6: ToDaFelt (button) (small blind) collected ($11.76)


PokerStars Hand #148368983111:  Hold'em Limit ($3/$6 USD) - 2016/02/06 21:38:27 ET
Table 'Knysna' 6-max Seat #6 is the button
Seat 1: miss kitty50 ($255.47 in chips)
Seat 6: ToDaFelt ($180 in chips)
ToDaFelt: posts small blind $1
miss kitty50: posts big blind $3
*** HOLE CARDS ***
ToDaFelt: raises $3 to $6
miss kitty50: calls $3
*** FLOP *** [8s Ad 8d]
miss kitty50: bets $3
ToDaFelt: folds
Uncalled bet ($3) returned to miss kitty50
miss kitty50 collected $11.76 from pot
miss kitty50: doesn't show hand
*** SUMMARY ***
Total pot $12 | Rake $0.24
Board [8s Ad 8d]
Seat 1: miss kitty50 (big blind) collected ($11.76)
Seat 6: ToDaFelt (button) (small blind) folded on the Flop


PokerStars Hand #148368974572:  Hold'em Limit ($3/$6 USD) - 2016/02/06 21:38:09 ET
Table 'Knysna' 6-max Seat #1 is the button
Seat 1: miss kitty50 ($234.97 in chips)
Seat 6: ToDaFelt ($183 in chips)
miss kitty50: posts small blind $1
ToDaFelt: posts big blind $3
*** HOLE CARDS ***
miss kitty50: raises $3 to $6
ToDaFelt: calls $3
*** FLOP *** [7s Jc Jd]
ToDaFelt: checks
miss kitty50: bets $3
ToDaFelt: calls $3
*** TURN *** [7s Jc Jd] [Kc]
ToDaFelt: checks
miss kitty50: bets $6
ToDaFelt: calls $6
*** RIVER *** [7s Jc Jd Kc] [Tc]
ToDaFelt: checks
miss kitty50: bets $6
ToDaFelt: calls $6
*** SHOW DOWN ***
miss kitty50: shows [Ah Jh] (three of a kind, Jacks)
ToDaFelt: mucks hand
miss kitty50 collected $41.50 from pot
*** SUMMARY ***
Total pot $42 | Rake $0.50
Board [7s Jc Jd Kc Tc]
Seat 1: miss kitty50 (button) (small blind) showed [Ah Jh] and won ($41.50) with three of a kind, Jacks
Seat 6: ToDaFelt (big blind) mucked


PokerStars Hand #148369006966:  Hold'em Limit ($3/$6 USD) - 2016/02/06 21:39:21 ET
Table 'Knysna' 6-max Seat #1 is the button
Seat 1: miss kitty50 ($244.23 in chips)
Seat 6: ToDaFelt ($196.40 in chips)
miss kitty50: posts small blind $1
ToDaFelt: posts big blind $3
*** HOLE CARDS ***
miss kitty50: raises $3 to $6
ToDaFelt: calls $3
*** FLOP *** [8c 9s 3d]
ToDaFelt: checks
miss kitty50: bets $3
ToDaFelt: calls $3
*** TURN *** [8c 9s 3d] [5s]
ToDaFelt: checks
miss kitty50: bets $6
ToDaFelt: calls $6
*** RIVER *** [8c 9s 3d 5s] [Kd]
ToDaFelt: checks
miss kitty50: checks
*** SHOW DOWN ***
ToDaFelt: shows [6c Qh] (high card King)
miss kitty50: shows [Ac 8d] (a pair of Eights)
miss kitty50 collected $29.50 from pot
*** SUMMARY ***
Total pot $30 | Rake $0.50
Board [8c 9s 3d 5s Kd]
Seat 1: miss kitty50 (button) (small blind) showed [Ac 8d] and won ($29.50) with a pair of Eights
Seat 6: ToDaFelt (big blind) showed [6c Qh] and lost with high card King


PokerStars Hand #148368998639:  Hold'em Limit ($3/$6 USD) - 2016/02/06 21:39:02 ET
Table 'Knysna' 6-max Seat #6 is the button
Seat 1: miss kitty50 ($253.23 in chips)
Seat 6: ToDaFelt ($187.76 in chips)
ToDaFelt: posts small blind $1
miss kitty50: posts big blind $3
*** HOLE CARDS ***
ToDaFelt: raises $3 to $6
miss kitty50: calls $3
*** FLOP *** [3s 5c Kc]
miss kitty50: checks
ToDaFelt: bets $3
miss kitty50: calls $3
*** TURN *** [3s 5c Kc] [Th]
miss kitty50: checks
ToDaFelt: checks
*** RIVER *** [3s 5c Kc Th] [Jd]
miss kitty50: checks
ToDaFelt: checks
*** SHOW DOWN ***
miss kitty50: shows [7h 6d] (high card King)
ToDaFelt: shows [As 3c] (a pair of Threes)
ToDaFelt collected $17.64 from pot
*** SUMMARY ***
Total pot $18 | Rake $0.36
Board [3s 5c Kc Th Jd]
Seat 1: miss kitty50 (big blind) showed [7h 6d] and lost with high card King
Seat 6: ToDaFelt (button) (small blind) showed [As 3c] and won ($17.64) with a pair of Threes


PokerStars Hand #148369045657:  Hold'em Limit ($3/$6 USD) - 2016/02/06 21:40:48 ET
Table 'Knysna' 6-max Seat #1 is the button
Seat 1: miss kitty50 ($273.87 in chips)
Seat 6: ToDaFelt ($180 in chips)
miss kitty50: posts small blind $1
ToDaFelt: posts big blind $3
*** HOLE CARDS ***
miss kitty50: folds
Uncalled bet ($2) returned to ToDaFelt
ToDaFelt collected $2 from pot
ToDaFelt: doesn't show hand
*** SUMMARY ***
Total pot $2 | Rake $0
Seat 1: miss kitty50 (button) (small blind) folded before Flop
Seat 6: ToDaFelt (big blind) collected ($2)


PokerStars Hand #148369040014:  Hold'em Limit ($3/$6 USD) - 2016/02/06 21:40:36 ET
Table 'Knysna' 6-max Seat #6 is the button
Seat 1: miss kitty50 ($265.23 in chips)
Seat 6: ToDaFelt ($187.76 in chips)
ToDaFelt: posts small blind $1
miss kitty50: posts big blind $3
*** HOLE CARDS ***
ToDaFelt: raises $3 to $6
miss kitty50: raises $3 to $9
ToDaFelt: calls $3
*** FLOP *** [2s Kc Jh]
miss kitty50: bets $3
ToDaFelt: folds
Uncalled bet ($3) returned to miss kitty50
miss kitty50 collected $17.64 from pot
miss kitty50: doesn't show hand
*** SUMMARY ***
Total pot $18 | Rake $0.36
Board [2s Kc Jh]
Seat 1: miss kitty50 (big blind) collected ($17.64)
Seat 6: ToDaFelt (button) (small blind) folded on the Flop


PokerStars Hand #148369037645:  Hold'em Limit ($3/$6 USD) - 2016/02/06 21:40:30 ET
Table 'Knysna' 6-max Seat #1 is the button
Seat 1: miss kitty50 ($266.23 in chips)
Seat 6: ToDaFelt ($186.76 in chips)
miss kitty50: posts small blind $1
ToDaFelt: posts big blind $3
*** HOLE CARDS ***
miss kitty50: folds
Uncalled bet ($2) returned to ToDaFelt
ToDaFelt collected $2 from pot
ToDaFelt: doesn't show hand
*** SUMMARY ***
Total pot $2 | Rake $0
Seat 1: miss kitty50 (button) (small blind) folded before Flop
Seat 6: ToDaFelt (big blind) collected ($2)


PokerStars Hand #148369031639:  Hold'em Limit ($3/$6 USD) - 2016/02/06 21:40:17 ET
Table 'Knysna' 6-max Seat #6 is the button
Seat 1: miss kitty50 ($272.23 in chips)
Seat 6: ToDaFelt ($181 in chips)
ToDaFelt: posts small blind $1
miss kitty50: posts big blind $3
*** HOLE CARDS ***
ToDaFelt: raises $3 to $6
miss kitty50: calls $3
*** FLOP *** [9c 8c 8s]
miss kitty50: checks
ToDaFelt: bets $3
miss kitty50: folds
Uncalled bet ($3) returned to ToDaFelt
ToDaFelt collected $11.76 from pot
ToDaFelt: doesn't show hand
*** SUMMARY ***
Total pot $12 | Rake $0.24
Board [9c 8c 8s]
Seat 1: miss kitty50 (big blind) folded on the Flop
Seat 6: ToDaFelt (button) (small blind) collected ($11.76)


PokerStars Hand #148369020623:  Hold'em Limit ($3/$6 USD) - 2016/02/06 21:39:52 ET
Table 'Knysna' 6-max Seat #6 is the button
Seat 1: miss kitty50 ($258.73 in chips)
Seat 6: ToDaFelt ($181.40 in chips)
ToDaFelt: posts small blind $1
miss kitty50: posts big blind $3
*** HOLE CARDS ***
ToDaFelt: raises $3 to $6
miss kitty50: calls $3
*** FLOP *** [Ts Jh 9h]
miss kitty50: checks
ToDaFelt: bets $3
miss kitty50: calls $3
*** TURN *** [Ts Jh 9h] [Jd]
miss kitty50: checks
ToDaFelt: checks
*** RIVER *** [Ts Jh 9h Jd] [5d]
miss kitty50: bets $6
ToDaFelt: calls $6
*** SHOW DOWN ***
miss kitty50: shows [Ac Tc] (two pair, Jacks and Tens)
ToDaFelt: mucks hand
miss kitty50 collected $29.50 from pot
*** SUMMARY ***
Total pot $30 | Rake $0.50
Board [Ts Jh 9h Jd 5d]
Seat 1: miss kitty50 (big blind) showed [Ac Tc] and won ($29.50) with two pair, Jacks and Tens
Seat 6: ToDaFelt (button) (small blind) mucked


PokerStars Hand #148369064686:  Hold'em Limit ($3/$6 USD) - 2016/02/06 21:41:32 ET
Table 'Knysna' 6-max Seat #6 is the button
Seat 1: miss kitty50 ($257.87 in chips)
Seat 6: ToDaFelt ($195.40 in chips)
ToDaFelt: posts small blind $1
miss kitty50: posts big blind $3
*** HOLE CARDS ***
ToDaFelt: raises $3 to $6
miss kitty50: raises $3 to $9
ToDaFelt: calls $3
*** FLOP *** [Kh 4s Js]
miss kitty50: bets $3
ToDaFelt: calls $3
*** TURN *** [Kh 4s Js] [Ks]
miss kitty50: bets $6
ToDaFelt: calls $6
*** RIVER *** [Kh 4s Js Ks] [Jh]
miss kitty50: checks
ToDaFelt: bets $6
miss kitty50: calls $6
*** SHOW DOWN ***
ToDaFelt: shows [Jd Ac] (a full house, Jacks full of Kings)
miss kitty50: mucks hand
ToDaFelt collected $47.50 from pot
*** SUMMARY ***
Total pot $48 | Rake $0.50
Board [Kh 4s Js Ks Jh]
Seat 1: miss kitty50 (big blind) mucked
Seat 6: ToDaFelt (button) (small blind) showed [Jd Ac] and won ($47.50) with a full house, Jacks full of Kings


PokerStars Hand #148374687639:  Hold'em Limit ($3/$6 USD) - 2016/02/07 2:26:02 ET
Table 'Knysna' 6-max Seat #4 is the button
Seat 3: wobetting ($221.71 in chips)
Seat 4: wokonred ($312.44 in chips)
wokonred: posts small blind $1
Ulett_23: is sitting out
Bakenbaster: is sitting out
wobetting: posts big blind $3
*** HOLE CARDS ***
wokonred: folds
Uncalled bet ($2) returned to wobetting
Bakenbaster leaves the table
wobetting collected $2 from pot
wobetting: doesn't show hand
*** SUMMARY ***
Total pot $2 | Rake $0
Seat 3: wobetting (big blind) collected ($2)
Seat 4: wokonred (button) (small blind) folded before Flop


