PokerStars Hand #167399925657:  Hold'em Limit ($3/$6 USD) - 2017/03/10 16:13:15 ET
Table 'Knysna' 6-max Seat #4 is the button
Seat 1: frazerchi ($43.50 in chips)
Seat 4: Actionni13 ($151 in chips)
Actionni13: posts small blind $1
frazerchi: posts big blind $3
*** HOLE CARDS ***
Actionni13: raises $3 to $6
frazerchi: folds
Uncalled bet ($3) returned to Actionni13
Actionni13 collected $6 from pot
Actionni13: doesn't show hand
*** SUMMARY ***
Total pot $6 | Rake $0
Seat 1: frazerchi (big blind) folded before Flop
Seat 4: Actionni13 (button) (small blind) collected ($6)


PokerStars Hand #167399917561:  Hold'em Limit ($3/$6 USD) - 2017/03/10 16:13:05 ET
Table 'Knysna' 6-max Seat #1 is the button
Seat 1: frazerchi ($44.50 in chips)
Seat 4: Actionni13 ($150 in chips)
frazerchi: posts small blind $1
Actionni13: posts big blind $3
*** HOLE CARDS ***
frazerchi: folds
Uncalled bet ($2) returned to Actionni13
Actionni13 collected $2 from pot
Actionni13: doesn't show hand
*** SUMMARY ***
Total pot $2 | Rake $0
Seat 1: frazerchi (button) (small blind) folded before Flop
Seat 4: Actionni13 (big blind) collected ($2)


PokerStars Hand #167399890768:  Hold'em Limit ($3/$6 USD) - 2017/03/10 16:12:33 ET
Table 'Knysna' 6-max Seat #4 is the button
Seat 1: frazerchi ($24 in chips)
Seat 4: Actionni13 ($155.76 in chips)
Actionni13: posts small blind $1
frazerchi: posts big blind $3
*** HOLE CARDS ***
Actionni13: raises $3 to $6
frazerchi: calls $3
*** FLOP *** [5c 3d Ac]
frazerchi: bets $3
Actionni13: calls $3
*** TURN *** [5c 3d Ac] [8s]
frazerchi: bets $6
Actionni13: calls $6
*** RIVER *** [5c 3d Ac 8s] [4d]
frazerchi: bets $6
Actionni13: calls $6
*** SHOW DOWN ***
frazerchi: shows [Qd 8h] (a pair of Eights)
Actionni13: mucks hand
frazerchi collected $41.50 from pot
*** SUMMARY ***
Total pot $42 | Rake $0.50
Board [5c 3d Ac 8s 4d]
Seat 1: frazerchi (big blind) showed [Qd 8h] and won ($41.50) with a pair of Eights
Seat 4: Actionni13 (button) (small blind) mucked


PokerStars Hand #167399878644:  Hold'em Limit ($3/$6 USD) - 2017/03/10 16:12:20 ET
Table 'Knysna' 6-max Seat #1 is the button
Seat 1: frazerchi ($30 in chips)
Seat 4: Actionni13 ($150 in chips)
frazerchi: posts small blind $1
Actionni13: posts big blind $3
*** HOLE CARDS ***
frazerchi: calls $2
Actionni13: raises $3 to $6
frazerchi: calls $3
*** FLOP *** [3c 7c 7d]
Actionni13: bets $3
frazerchi: folds
Uncalled bet ($3) returned to Actionni13
Actionni13 collected $11.76 from pot
Actionni13: doesn't show hand
*** SUMMARY ***
Total pot $12 | Rake $0.24
Board [3c 7c 7d]
Seat 1: frazerchi (button) (small blind) folded on the Flop
Seat 4: Actionni13 (big blind) collected ($11.76)


PokerStars Hand #167399966124:  Hold'em Limit ($3/$6 USD) - 2017/03/10 16:14:02 ET
Table 'Knysna' 6-max Seat #4 is the button
Seat 1: frazerchi ($40.14 in chips)
Seat 4: Actionni13 ($153.52 in chips)
Actionni13: posts small blind $1
frazerchi: posts big blind $3
*** HOLE CARDS ***
Actionni13: raises $3 to $6
frazerchi: raises $3 to $9
Actionni13: calls $3
*** FLOP *** [8s Tc 2h]
Vincenzo Vs joins the table at seat #6
frazerchi: checks
Actionni13: checks
*** TURN *** [8s Tc 2h] [Jd]
frazerchi: bets $6
Jack_Wu1985 joins the table at seat #3
Actionni13: calls $6
*** RIVER *** [8s Tc 2h Jd] [8h]
frazerchi: bets $6
Actionni13: folds
Uncalled bet ($6) returned to frazerchi
frazerchi collected $29.50 from pot
frazerchi: doesn't show hand
*** SUMMARY ***
Total pot $30 | Rake $0.50
Board [8s Tc 2h Jd 8h]
Seat 1: frazerchi (big blind) collected ($29.50)
Seat 4: Actionni13 (button) (small blind) folded on the River


PokerStars Hand #167399960272:  Hold'em Limit ($3/$6 USD) - 2017/03/10 16:13:55 ET
Table 'Knysna' 6-max Seat #1 is the button
Seat 1: frazerchi ($37.14 in chips)
Seat 4: Actionni13 ($156.52 in chips)
frazerchi: posts small blind $1
Actionni13: posts big blind $3
*** HOLE CARDS ***
frazerchi: raises $3 to $6
Actionni13: folds
Uncalled bet ($3) returned to frazerchi
frazerchi collected $6 from pot
frazerchi: doesn't show hand
*** SUMMARY ***
Total pot $6 | Rake $0
Seat 1: frazerchi (button) (small blind) collected ($6)
Seat 4: Actionni13 (big blind) folded before Flop


PokerStars Hand #167399945707:  Hold'em Limit ($3/$6 USD) - 2017/03/10 16:13:38 ET
Table 'Knysna' 6-max Seat #4 is the button
Seat 1: frazerchi ($28.50 in chips)
Seat 4: Actionni13 ($165.52 in chips)
Actionni13: posts small blind $1
frazerchi: posts big blind $3
*** HOLE CARDS ***
Actionni13: raises $3 to $6
frazerchi: calls $3
*** FLOP *** [7s 3d Jh]
frazerchi: checks
Actionni13: bets $3
frazerchi: calls $3
*** TURN *** [7s 3d Jh] [Jc]
frazerchi: bets $6
Actionni13: folds
Uncalled bet ($6) returned to frazerchi
frazerchi collected $17.64 from pot
frazerchi: doesn't show hand
*** SUMMARY ***
Total pot $18 | Rake $0.36
Board [7s 3d Jh Jc]
Seat 1: frazerchi (big blind) collected ($17.64)
Seat 4: Actionni13 (button) (small blind) folded on the Turn


PokerStars Hand #167399930944:  Hold'em Limit ($3/$6 USD) - 2017/03/10 16:13:21 ET
Table 'Knysna' 6-max Seat #1 is the button
Seat 1: frazerchi ($40.50 in chips)
Seat 4: Actionni13 ($154 in chips)
frazerchi: posts small blind $1
Actionni13: posts big blind $3
*** HOLE CARDS ***
frazerchi: raises $3 to $6
Actionni13: raises $3 to $9
frazerchi: calls $3
*** FLOP *** [Kc 4c 3c]
Actionni13: bets $3
frazerchi: calls $3
*** TURN *** [Kc 4c 3c] [8d]
Actionni13: bets $6
frazerchi: folds
Uncalled bet ($6) returned to Actionni13
Actionni13 collected $23.52 from pot
Actionni13: doesn't show hand
*** SUMMARY ***
Total pot $24 | Rake $0.48
Board [Kc 4c 3c 8d]
Seat 1: frazerchi (button) (small blind) folded on the Turn
Seat 4: Actionni13 (big blind) collected ($23.52)


PokerStars Hand #167400988492:  Hold'em Limit ($3/$6 USD) - 2017/03/10 16:34:01 ET
Table 'Knysna' 6-max Seat #6 is the button
Seat 4: Actionni13 ($202.29 in chips)
Seat 6: Chessnok ($169.44 in chips)
Chessnok: posts small blind $1
GRAILKO: is sitting out
Actionni13: posts big blind $3
*** HOLE CARDS ***
Chessnok: raises $3 to $6
Actionni13: calls $3
*** FLOP *** [Ac 7s Tc]
GRAILKO leaves the table
Actionni13: checks
Chessnok: bets $3
Actionni13: folds
Uncalled bet ($3) returned to Chessnok
Chessnok collected $11.76 from pot
Chessnok: doesn't show hand
*** SUMMARY ***
Total pot $12 | Rake $0.24
Board [Ac 7s Tc]
Seat 4: Actionni13 (big blind) folded on the Flop
Seat 6: Chessnok (button) (small blind) collected ($11.76)


