PokerStars Hand #144473305272:  Hold'em Limit ($3/$6 USD) - 2015/11/27 15:31:52 ET
Table 'Knysna II' 10-max Seat #4 is the button
Seat 3: Mite1981 ($111 in chips)
Seat 4: ZinZar ($80.64 in chips)
ZinZar: posts small blind $1
Mite1981: posts big blind $3
*** HOLE CARDS ***
ZinZar: raises $3 to $6
Mite1981: calls $3
*** FLOP *** [8d Ac 4h]
Mite1981: checks
ZinZar: checks
*** TURN *** [8d Ac 4h] [Ts]
Mite1981: checks
ZinZar: checks
*** RIVER *** [8d Ac 4h Ts] [8h]
Mite1981: bets $6
ZinZar: calls $6
*** SHOW DOWN ***
Mite1981: shows [3s 7c] (a pair of Eights)
ZinZar: shows [9d Kc] (a pair of Eights - Ace+King kicker)
ZinZar collected $23.52 from pot
*** SUMMARY ***
Total pot $24 | Rake $0.48
Board [8d Ac 4h Ts 8h]
Seat 3: Mite1981 (big blind) showed [3s 7c] and lost with a pair of Eights
Seat 4: ZinZar (button) (small blind) showed [9d Kc] and won ($23.52) with a pair of Eights


PokerStars Hand #144473363291:  Hold'em Limit ($3/$6 USD) - 2015/11/27 15:32:53 ET
Table 'Knysna II' 10-max Seat #4 is the button
Seat 3: Mite1981 ($116.40 in chips)
Seat 4: ZinZar ($74.16 in chips)
ZinZar: posts small blind $1
Mite1981: posts big blind $3
*** HOLE CARDS ***
ZinZar: raises $3 to $6
Mite1981: calls $3
*** FLOP *** [As 8c 3h]
Mite1981: checks
ZinZar: bets $3
Mite1981: folds
Uncalled bet ($3) returned to ZinZar
ZinZar collected $11.76 from pot
ZinZar: doesn't show hand
*** SUMMARY ***
Total pot $12 | Rake $0.24
Board [As 8c 3h]
Seat 3: Mite1981 (big blind) folded on the Flop
Seat 4: ZinZar (button) (small blind) collected ($11.76)


PokerStars Hand #144473342466:  Hold'em Limit ($3/$6 USD) - 2015/11/27 15:32:31 ET
Table 'Knysna II' 10-max Seat #3 is the button
Seat 3: Mite1981 ($110.64 in chips)
Seat 4: ZinZar ($80.16 in chips)
Mite1981: posts small blind $1
ZinZar: posts big blind $3
*** HOLE CARDS ***
Mite1981: raises $3 to $6
ZinZar: calls $3
*** FLOP *** [4c Qh Qc]
ZinZar: checks
Mite1981: bets $3
ZinZar: folds
Uncalled bet ($3) returned to Mite1981
Mite1981 collected $11.76 from pot
Mite1981: doesn't show hand
*** SUMMARY ***
Total pot $12 | Rake $0.24
Board [4c Qh Qc]
Seat 3: Mite1981 (button) (small blind) collected ($11.76)
Seat 4: ZinZar (big blind) folded on the Flop


PokerStars Hand #144473329913:  Hold'em Limit ($3/$6 USD) - 2015/11/27 15:32:18 ET
Table 'Knysna II' 10-max Seat #4 is the button
Seat 3: Mite1981 ($102 in chips)
Seat 4: ZinZar ($89.16 in chips)
ZinZar: posts small blind $1
Mite1981: posts big blind $3
*** HOLE CARDS ***
ZinZar: raises $3 to $6
Mite1981: raises $3 to $9
ZinZar: calls $3
*** FLOP *** [Ad Jh Jd]
Mite1981: bets $3
ZinZar: folds
Uncalled bet ($3) returned to Mite1981
Mite1981 collected $17.64 from pot
Mite1981: doesn't show hand
*** SUMMARY ***
Total pot $18 | Rake $0.36
Board [Ad Jh Jd]
Seat 3: Mite1981 (big blind) collected ($17.64)
Seat 4: ZinZar (button) (small blind) folded on the Flop


PokerStars Hand #144473324384:  Hold'em Limit ($3/$6 USD) - 2015/11/27 15:32:12 ET
Table 'Knysna II' 10-max Seat #3 is the button
Seat 3: Mite1981 ($99 in chips)
Seat 4: ZinZar ($92.16 in chips)
Mite1981: posts small blind $1
ZinZar: posts big blind $3
*** HOLE CARDS ***
Mite1981: raises $3 to $6
ZinZar: folds
Uncalled bet ($3) returned to Mite1981
Mite1981 collected $6 from pot
Mite1981: doesn't show hand
*** SUMMARY ***
Total pot $6 | Rake $0
Seat 3: Mite1981 (button) (small blind) collected ($6)
Seat 4: ZinZar (big blind) folded before Flop


PokerStars Hand #144473416742:  Hold'em Limit ($3/$6 USD) - 2015/11/27 15:33:49 ET
Table 'Knysna II' 10-max Seat #3 is the button
Seat 3: Mite1981 ($127.65 in chips)
Seat 4: ZinZar ($72 in chips)
Mite1981: posts small blind $1
ZinZar: posts big blind $3
*** HOLE CARDS ***
Mite1981: raises $3 to $6
ZinZar: calls $3
*** FLOP *** [4h 9c Kh]
ZinZar: checks
Mite1981: checks
*** TURN *** [4h 9c Kh] [5h]
ZinZar: bets $6
Mite1981: raises $6 to $12
ZinZar: raises $6 to $18
Mite1981: calls $6
*** RIVER *** [4h 9c Kh 5h] [Jc]
ZinZar: bets $6
Mite1981: calls $6
*** SHOW DOWN ***
ZinZar: shows [Kc 7h] (a pair of Kings)
Mite1981: shows [Qd Kd] (a pair of Kings - Queen kicker)
Mite1981 collected $59.50 from pot
*** SUMMARY ***
Total pot $60 | Rake $0.50
Board [4h 9c Kh 5h Jc]
Seat 3: Mite1981 (button) (small blind) showed [Qd Kd] and won ($59.50) with a pair of Kings
Seat 4: ZinZar (big blind) showed [Kc 7h] and lost with a pair of Kings


PokerStars Hand #144473398999:  Hold'em Limit ($3/$6 USD) - 2015/11/27 15:33:31 ET
Table 'Knysna II' 10-max Seat #4 is the button
Seat 3: Mite1981 ($110.15 in chips)
Seat 4: ZinZar ($79.67 in chips)
ZinZar: posts small blind $1
Mite1981: posts big blind $3
*** HOLE CARDS ***
ZinZar: raises $3 to $6
Mite1981: raises $3 to $9
ZinZar: calls $3
*** FLOP *** [8d 4c As]
Mite1981: bets $3
ZinZar: calls $3
*** TURN *** [8d 4c As] [7d]
Mite1981: checks
ZinZar: checks
*** RIVER *** [8d 4c As 7d] [8c]
Mite1981: checks
ZinZar: bets $6
Mite1981: calls $6
*** SHOW DOWN ***
ZinZar: shows [2d 3c] (a pair of Eights)
Mite1981: shows [Ts Th] (two pair, Tens and Eights)
Mite1981 collected $35.50 from pot
*** SUMMARY ***
Total pot $36 | Rake $0.50
Board [8d 4c As 7d 8c]
Seat 3: Mite1981 (big blind) showed [Ts Th] and won ($35.50) with two pair, Tens and Eights
Seat 4: ZinZar (button) (small blind) showed [2d 3c] and lost with a pair of Eights


PokerStars Hand #144473375806:  Hold'em Limit ($3/$6 USD) - 2015/11/27 15:33:06 ET
Table 'Knysna II' 10-max Seat #3 is the button
Seat 3: Mite1981 ($110.40 in chips)
Seat 4: ZinZar ($79.92 in chips)
Mite1981: posts small blind $1
ZinZar: posts big blind $3
*** HOLE CARDS ***
Mite1981: raises $3 to $6
ZinZar: calls $3
*** FLOP *** [4d 5d 3s]
ZinZar: checks
Mite1981: bets $3
ZinZar: calls $3
*** TURN *** [4d 5d 3s] [7s]
ZinZar: checks
Mite1981: checks
*** RIVER *** [4d 5d 3s 7s] [6d]
ZinZar: checks
Mite1981: bets $6
ZinZar: calls $6
*** SHOW DOWN ***
Mite1981: shows [5h Jd] (a straight, Three to Seven)
ZinZar: shows [9d 7c] (a straight, Three to Seven)
ZinZar collected $14.75 from pot
Mite1981 collected $14.75 from pot
*** SUMMARY ***
Total pot $30 | Rake $0.50
Board [4d 5d 3s 7s 6d]
Seat 3: Mite1981 (button) (small blind) showed [5h Jd] and won ($14.75) with a straight, Three to Seven
Seat 4: ZinZar (big blind) showed [9d 7c] and won ($14.75) with a straight, Three to Seven


PokerStars Hand #144473485169:  Hold'em Limit ($3/$6 USD) - 2015/11/27 15:35:02 ET
Table 'Knysna II' 10-max Seat #3 is the button
Seat 3: Mite1981 ($94.15 in chips)
Seat 4: ZinZar ($133.52 in chips)
Mite1981: posts small blind $1
ZinZar: posts big blind $3
*** HOLE CARDS ***
Mite1981: folds
Uncalled bet ($2) returned to ZinZar
ZinZar collected $2 from pot
ZinZar: doesn't show hand
*** SUMMARY ***
Total pot $2 | Rake $0
Seat 3: Mite1981 (button) (small blind) folded before Flop
Seat 4: ZinZar (big blind) collected ($2)


PokerStars Hand #144473462817:  Hold'em Limit ($3/$6 USD) - 2015/11/27 15:34:38 ET
Table 'Knysna II' 10-max Seat #4 is the button
Seat 3: Mite1981 ($112.15 in chips)
Seat 4: ZinZar ($116.02 in chips)
ZinZar: posts small blind $1
Mite1981: posts big blind $3
*** HOLE CARDS ***
ZinZar: raises $3 to $6
Mite1981: calls $3
*** FLOP *** [Jc 7d 4h]
Mite1981: checks
ZinZar: checks
*** TURN *** [Jc 7d 4h] [8d]
Mite1981: bets $6
ZinZar: raises $6 to $12
Mite1981: calls $6
*** RIVER *** [Jc 7d 4h 8d] [6s]
Mite1981: checks
ZinZar: bets $6
Mite1981: folds
Uncalled bet ($6) returned to ZinZar
ZinZar collected $35.50 from pot
ZinZar: doesn't show hand
*** SUMMARY ***
Total pot $36 | Rake $0.50
Board [Jc 7d 4h 8d 6s]
Seat 3: Mite1981 (big blind) folded on the River
Seat 4: ZinZar (button) (small blind) collected ($35.50)


PokerStars Hand #144473450811:  Hold'em Limit ($3/$6 USD) - 2015/11/27 15:34:25 ET
Table 'Knysna II' 10-max Seat #3 is the button
Seat 3: Mite1981 ($124.15 in chips)
Seat 4: ZinZar ($104.50 in chips)
Mite1981: posts small blind $1
ZinZar: posts big blind $3
*** HOLE CARDS ***
Mite1981: raises $3 to $6
ZinZar: calls $3
*** FLOP *** [2s 9c 5h]
ZinZar: checks
Mite1981: bets $3
ZinZar: raises $3 to $6
Mite1981: calls $3
*** TURN *** [2s 9c 5h] [Jd]
ZinZar: bets $6
Mite1981: folds
Uncalled bet ($6) returned to ZinZar
ZinZar collected $23.52 from pot
ZinZar: doesn't show hand
*** SUMMARY ***
Total pot $24 | Rake $0.48
Board [2s 9c 5h Jd]
Seat 3: Mite1981 (button) (small blind) folded on the Turn
Seat 4: ZinZar (big blind) collected ($23.52)


PokerStars Hand #144473433201:  Hold'em Limit ($3/$6 USD) - 2015/11/27 15:34:07 ET
Table 'Knysna II' 10-max Seat #4 is the button
Seat 3: Mite1981 ($157.15 in chips)
Seat 4: ZinZar ($72 in chips)
ZinZar: posts small blind $1
Mite1981: posts big blind $3
*** HOLE CARDS ***
ZinZar: raises $3 to $6
Mite1981: calls $3
*** FLOP *** [5h Th 8h]
Mite1981: checks
ZinZar: bets $3
Mite1981: calls $3
*** TURN *** [5h Th 8h] [5c]
Mite1981: checks
ZinZar: bets $6
Mite1981: raises $6 to $12
ZinZar: calls $6
*** RIVER *** [5h Th 8h 5c] [Jh]
Mite1981: bets $6
ZinZar: raises $6 to $12
Mite1981: calls $6
*** SHOW DOWN ***
ZinZar: shows [Jc Kh] (a flush, King high)
Mite1981: mucks hand
ZinZar collected $65.50 from pot
*** SUMMARY ***
Total pot $66 | Rake $0.50
Board [5h Th 8h 5c Jh]
Seat 3: Mite1981 (big blind) mucked
Seat 4: ZinZar (button) (small blind) showed [Jc Kh] and won ($65.50) with a flush, King high


PokerStars Hand #144473521838:  Hold'em Limit ($3/$6 USD) - 2015/11/27 15:35:40 ET
Table 'Knysna II' 10-max Seat #3 is the button
Seat 3: Mite1981 ($934.26 in chips)
Seat 4: ZinZar ($121.52 in chips)
Mite1981: posts small blind $1
ZinZar: posts big blind $3
*** HOLE CARDS ***
Mite1981: raises $3 to $6
ZinZar: calls $3
*** FLOP *** [Ts 3c 6c]
ZinZar: checks
Mite1981: bets $3
ZinZar: calls $3
*** TURN *** [Ts 3c 6c] [5h]
ZinZar: checks
Mite1981: checks
*** RIVER *** [Ts 3c 6c 5h] [Ad]
ZinZar: bets $6
Mite1981: raises $6 to $12
Great_Kang joins the table at seat #5
ZinZar: folds
Uncalled bet ($6) returned to Mite1981
Mite1981 collected $29.50 from pot
Mite1981: doesn't show hand
*** SUMMARY ***
Total pot $30 | Rake $0.50
Board [Ts 3c 6c 5h Ad]
Seat 3: Mite1981 (button) (small blind) collected ($29.50)
Seat 4: ZinZar (big blind) folded on the River


PokerStars Hand #144473517105:  Hold'em Limit ($3/$6 USD) - 2015/11/27 15:35:36 ET
Table 'Knysna II' 10-max Seat #4 is the button
Seat 3: Mite1981 ($933.26 in chips)
Seat 4: ZinZar ($122.52 in chips)
ZinZar: posts small blind $1
Mite1981: posts big blind $3
*** HOLE CARDS ***
ZinZar: folds
Uncalled bet ($2) returned to Mite1981
Mite1981 collected $2 from pot
Mite1981: doesn't show hand
*** SUMMARY ***
Total pot $2 | Rake $0
Seat 3: Mite1981 (big blind) collected ($2)
Seat 4: ZinZar (button) (small blind) folded before Flop


PokerStars Hand #144473512205:  Hold'em Limit ($3/$6 USD) - 2015/11/27 15:35:30 ET
Table 'Knysna II' 10-max Seat #3 is the button
Seat 3: Mite1981 ($930.26 in chips)
Seat 4: ZinZar ($125.52 in chips)
Mite1981: posts small blind $1
ZinZar: posts big blind $3
*** HOLE CARDS ***
Mite1981: raises $3 to $6
ZinZar: folds
Uncalled bet ($3) returned to Mite1981
Mite1981 collected $6 from pot
Mite1981: doesn't show hand
*** SUMMARY ***
Total pot $6 | Rake $0
Seat 3: Mite1981 (button) (small blind) collected ($6)
Seat 4: ZinZar (big blind) folded before Flop


PokerStars Hand #144473492492:  Hold'em Limit ($3/$6 USD) - 2015/11/27 15:35:10 ET
Table 'Knysna II' 10-max Seat #4 is the button
Seat 3: Mite1981 ($921.62 in chips)
Seat 4: ZinZar ($134.52 in chips)
ZinZar: posts small blind $1
Mite1981: posts big blind $3
*** HOLE CARDS ***
ZinZar: raises $3 to $6
Mite1981: calls $3
*** FLOP *** [Qh Kd 6s]
Mite1981: checks
ZinZar: bets $3
Mite1981: calls $3
*** TURN *** [Qh Kd 6s] [6d]
Mite1981: checks
ZinZar: checks
*** RIVER *** [Qh Kd 6s 6d] [8d]
Mite1981: bets $6
ZinZar: folds
Uncalled bet ($6) returned to Mite1981
Mite1981 collected $17.64 from pot
Mite1981: doesn't show hand
*** SUMMARY ***
Total pot $18 | Rake $0.36
Board [Qh Kd 6s 6d 8d]
Seat 3: Mite1981 (big blind) collected ($17.64)
Seat 4: ZinZar (button) (small blind) folded on the River


PokerStars Hand #144473562553:  Hold'em Limit ($3/$6 USD) - 2015/11/27 15:36:23 ET
Table 'Knysna II' 10-max Seat #4 is the button
Seat 4: ZinZar ($114.16 in chips)
Seat 5: Great_Kang ($120 in chips)
ZinZar: posts small blind $1
Great_Kang: posts big blind $3
*** HOLE CARDS ***
ZinZar: folds
Uncalled bet ($2) returned to Great_Kang
Great_Kang collected $2 from pot
Great_Kang: doesn't show hand
*** SUMMARY ***
Total pot $2 | Rake $0
Seat 4: ZinZar (button) (small blind) folded before Flop
Seat 5: Great_Kang (big blind) collected ($2)


PokerStars Hand #144473544862:  Hold'em Limit ($3/$6 USD) - 2015/11/27 15:36:05 ET
Table 'Knysna II' 10-max Seat #5 is the button
Seat 4: ZinZar ($105.52 in chips)
Seat 5: Great_Kang ($121 in chips)
Great_Kang: posts small blind $1
ZinZar: posts big blind $3
*** HOLE CARDS ***
Great_Kang: raises $3 to $6
ZinZar: calls $3
*** FLOP *** [Ts As 2h]
ZinZar: checks
Great_Kang: bets $3
ZinZar: raises $3 to $6
Great_Kang: folds
Uncalled bet ($3) returned to ZinZar
ZinZar collected $17.64 from pot
ZinZar: doesn't show hand
*** SUMMARY ***
Total pot $18 | Rake $0.36
Board [Ts As 2h]
Seat 4: ZinZar (big blind) collected ($17.64)
Seat 5: Great_Kang (button) (small blind) folded on the Flop


