PokerStars Hand #147546409899:  Hold'em Limit ($3/$6 USD) - 2016/01/23 13:10:17 ET
Table 'Kobolda' 2-max Seat #1 is the button
Seat 1: yur4ok ($72.52 in chips)
Seat 2: Pete81 ($58.40 in chips)
yur4ok: posts small blind $1
Pete81: posts big blind $3
*** HOLE CARDS ***
yur4ok: raises $3 to $6
Pete81: raises $3 to $9
yur4ok: calls $3
*** FLOP *** [5d 5h 5c]
Pete81: bets $3
yur4ok: folds
Uncalled bet ($3) returned to Pete81
Pete81 collected $17.64 from pot
Pete81: doesn't show hand
*** SUMMARY ***
Total pot $18 | Rake $0.36
Board [5d 5h 5c]
Seat 1: yur4ok (button) (small blind) folded on the Flop
Seat 2: Pete81 (big blind) collected ($17.64)


PokerStars Hand #147546396017:  Hold'em Limit ($3/$6 USD) - 2016/01/23 13:10:04 ET
Table 'Kobolda' 2-max Seat #2 is the button
Seat 1: yur4ok ($78.52 in chips)
Seat 2: Pete81 ($52.64 in chips)
Pete81: posts small blind $1
yur4ok: posts big blind $3
*** HOLE CARDS ***
Pete81: raises $3 to $6
yur4ok: calls $3
*** FLOP *** [7c 9d 3h]
yur4ok: checks
Pete81: bets $3
yur4ok: folds
Uncalled bet ($3) returned to Pete81
Pete81 collected $11.76 from pot
Pete81: doesn't show hand
*** SUMMARY ***
Total pot $12 | Rake $0.24
Board [7c 9d 3h]
Seat 1: yur4ok (big blind) folded on the Flop
Seat 2: Pete81 (button) (small blind) collected ($11.76)


PokerStars Hand #147546389126:  Hold'em Limit ($3/$6 USD) - 2016/01/23 13:09:57 ET
Table 'Kobolda' 2-max Seat #1 is the button
Seat 1: yur4ok ($75.52 in chips)
Seat 2: Pete81 ($55.64 in chips)
yur4ok: posts small blind $1
Pete81: posts big blind $3
*** HOLE CARDS ***
yur4ok: raises $3 to $6
Pete81: folds
Uncalled bet ($3) returned to yur4ok
yur4ok collected $6 from pot
*** SUMMARY ***
Total pot $6 | Rake $0
Seat 1: yur4ok (button) (small blind) collected ($6)
Seat 2: Pete81 (big blind) folded before Flop


PokerStars Hand #147546367248:  Hold'em Limit ($3/$6 USD) - 2016/01/23 13:09:37 ET
Table 'Kobolda' 2-max Seat #1 is the button
Seat 1: yur4ok ($83.52 in chips)
Seat 2: Pete81 ($48 in chips)
yur4ok: posts small blind $1
Pete81: posts big blind $3
*** HOLE CARDS ***
yur4ok: raises $3 to $6
Pete81: calls $3
*** FLOP *** [6c Qh Th]
Pete81: checks
yur4ok: bets $3
Pete81: raises $3 to $6
yur4ok: folds
Uncalled bet ($3) returned to Pete81
Pete81 collected $17.64 from pot
*** SUMMARY ***
Total pot $18 | Rake $0.36
Board [6c Qh Th]
Seat 1: yur4ok (button) (small blind) folded on the Flop
Seat 2: Pete81 (big blind) collected ($17.64)


PokerStars Hand #147546383824:  Hold'em Limit ($3/$6 USD) - 2016/01/23 13:09:52 ET
Table 'Kobolda' 2-max Seat #2 is the button
Seat 1: yur4ok ($74.52 in chips)
Seat 2: Pete81 ($56.64 in chips)
Pete81: posts small blind $1
yur4ok: posts big blind $3
*** HOLE CARDS ***
Pete81: folds
Uncalled bet ($2) returned to yur4ok
yur4ok collected $2 from pot
yur4ok: doesn't show hand
*** SUMMARY ***
Total pot $2 | Rake $0
Seat 1: yur4ok (big blind) collected ($2)
Seat 2: Pete81 (button) (small blind) folded before Flop


PokerStars Hand #147546483876:  Hold'em Limit ($3/$6 USD) - 2016/01/23 13:11:27 ET
Table 'Kobolda' 2-max Seat #2 is the button
Seat 1: yur4ok ($72 in chips)
Seat 2: Pete81 ($93.30 in chips)
Pete81: posts small blind $1
yur4ok: posts big blind $3
*** HOLE CARDS ***
Pete81: raises $3 to $6
yur4ok: calls $3
*** FLOP *** [5d 5h 7h]
yur4ok: checks
Pete81: bets $3
yur4ok: calls $3
*** TURN *** [5d 5h 7h] [Th]
yur4ok: checks
Pete81: checks
*** RIVER *** [5d 5h 7h Th] [2d]
yur4ok: bets $6
Pete81: calls $6
*** SHOW DOWN ***
yur4ok: shows [Qh 6h] (a flush, Queen high)
Pete81: mucks hand
yur4ok collected $29.50 from pot
*** SUMMARY ***
Total pot $30 | Rake $0.50
Board [5d 5h 7h Th 2d]
Seat 1: yur4ok (big blind) showed [Qh 6h] and won ($29.50) with a flush, Queen high
Seat 2: Pete81 (button) (small blind) mucked


PokerStars Hand #147546479526:  Hold'em Limit ($3/$6 USD) - 2016/01/23 13:11:23 ET
Table 'Kobolda' 2-max Seat #1 is the button
Seat 1: yur4ok ($72 in chips)
Seat 2: Pete81 ($92.30 in chips)
yur4ok: posts small blind $1
Pete81: posts big blind $3
*** HOLE CARDS ***
yur4ok: folds
Uncalled bet ($2) returned to Pete81
Pete81 collected $2 from pot
Pete81: doesn't show hand
*** SUMMARY ***
Total pot $2 | Rake $0
Seat 1: yur4ok (button) (small blind) folded before Flop
Seat 2: Pete81 (big blind) collected ($2)


PokerStars Hand #147546463137:  Hold'em Limit ($3/$6 USD) - 2016/01/23 13:11:07 ET
Table 'Kobolda' 2-max Seat #2 is the button
Seat 1: yur4ok ($72 in chips)
Seat 2: Pete81 ($86.54 in chips)
Pete81: posts small blind $1
yur4ok: posts big blind $3
*** HOLE CARDS ***
Pete81: raises $3 to $6
yur4ok: calls $3
*** FLOP *** [Ks Js Qh]
yur4ok: checks
Pete81: bets $3
yur4ok: folds
Uncalled bet ($3) returned to Pete81
Pete81 collected $11.76 from pot
Pete81: doesn't show hand
*** SUMMARY ***
Total pot $12 | Rake $0.24
Board [Ks Js Qh]
Seat 1: yur4ok (big blind) folded on the Flop
Seat 2: Pete81 (button) (small blind) collected ($11.76)


PokerStars Hand #147546435565:  Hold'em Limit ($3/$6 USD) - 2016/01/23 13:10:41 ET
Table 'Kobolda' 2-max Seat #2 is the button
Seat 1: yur4ok ($72 in chips)
Seat 2: Pete81 ($67.04 in chips)
Pete81: posts small blind $1
yur4ok: posts big blind $3
*** HOLE CARDS ***
Pete81: folds
Uncalled bet ($2) returned to yur4ok
yur4ok collected $2 from pot
yur4ok: doesn't show hand
*** SUMMARY ***
Total pot $2 | Rake $0
Seat 1: yur4ok (big blind) collected ($2)
Seat 2: Pete81 (button) (small blind) folded before Flop


PokerStars Hand #147546441291:  Hold'em Limit ($3/$6 USD) - 2016/01/23 13:10:47 ET
Table 'Kobolda' 2-max Seat #1 is the button
Seat 1: yur4ok ($73 in chips)
Seat 2: Pete81 ($66.04 in chips)
yur4ok: posts small blind $1
Pete81: posts big blind $3
*** HOLE CARDS ***
yur4ok: raises $3 to $6
Pete81: calls $3
*** FLOP *** [6h Ah Qs]
Pete81: checks
yur4ok: bets $3
Pete81: raises $3 to $6
yur4ok: raises $3 to $9
Pete81: calls $3
*** TURN *** [6h Ah Qs] [2c]
Pete81: checks
yur4ok: bets $6
Pete81: calls $6
*** RIVER *** [6h Ah Qs 2c] [7c]
Pete81: checks
yur4ok: checks
*** SHOW DOWN ***
Pete81: shows [Qc 4d] (a pair of Queens)
yur4ok: mucks hand
Pete81 collected $41.50 from pot
*** SUMMARY ***
Total pot $42 | Rake $0.50
Board [6h Ah Qs 2c 7c]
Seat 1: yur4ok (button) (small blind) mucked
Seat 2: Pete81 (big blind) showed [Qc 4d] and won ($41.50) with a pair of Queens


PokerStars Hand #147546529517:  Hold'em Limit ($3/$6 USD) - 2016/01/23 13:12:10 ET
Table 'Kobolda' 2-max Seat #1 is the button
Seat 1: yur4ok ($98 in chips)
Seat 2: Pete81 ($66.06 in chips)
yur4ok: posts small blind $1
Pete81: posts big blind $3
*** HOLE CARDS ***
yur4ok: raises $3 to $6
Pete81: calls $3
*** FLOP *** [9h Ks 5s]
Pete81: checks
yur4ok: bets $3
Pete81: raises $3 to $6
yur4ok: calls $3
*** TURN *** [9h Ks 5s] [8c]
Pete81: bets $6
yur4ok: raises $6 to $12
Pete81: raises $6 to $18
yur4ok: raises $6 to $24
Betting is capped
Pete81: calls $6
*** RIVER *** [9h Ks 5s 8c] [Td]
Pete81: checks
yur4ok: checks
*** SHOW DOWN ***
Pete81: shows [3h Kc] (a pair of Kings)
yur4ok: mucks hand
Pete81 collected $71.50 from pot
*** SUMMARY ***
Total pot $72 | Rake $0.50
Board [9h Ks 5s 8c Td]
Seat 1: yur4ok (button) (small blind) mucked
Seat 2: Pete81 (big blind) showed [3h Kc] and won ($71.50) with a pair of Kings


PokerStars Hand #147546499937:  Hold'em Limit ($3/$6 USD) - 2016/01/23 13:11:42 ET
Table 'Kobolda' 2-max Seat #1 is the button
Seat 1: yur4ok ($86.50 in chips)
Seat 2: Pete81 ($78.30 in chips)
yur4ok: posts small blind $1
Pete81: posts big blind $3
*** HOLE CARDS ***
yur4ok: raises $3 to $6
Pete81: raises $3 to $9
yur4ok: calls $3
*** FLOP *** [Ks 7h 2h]
Pete81: bets $3
yur4ok: calls $3
*** TURN *** [Ks 7h 2h] [4d]
Pete81: bets $6
yur4ok: raises $6 to $12
Pete81: folds
Uncalled bet ($6) returned to yur4ok
yur4ok collected $35.50 from pot
yur4ok: doesn't show hand
*** SUMMARY ***
Total pot $36 | Rake $0.50
Board [Ks 7h 2h 4d]
Seat 1: yur4ok (button) (small blind) collected ($35.50)
Seat 2: Pete81 (big blind) folded on the Turn


PokerStars Hand #147546518791:  Hold'em Limit ($3/$6 USD) - 2016/01/23 13:12:00 ET
Table 'Kobolda' 2-max Seat #2 is the button
Seat 1: yur4ok ($104 in chips)
Seat 2: Pete81 ($60.30 in chips)
Pete81: posts small blind $1
yur4ok: posts big blind $3
*** HOLE CARDS ***
Pete81: raises $3 to $6
yur4ok: calls $3
*** FLOP *** [7c As Kh]
yur4ok: checks
Pete81: bets $3
yur4ok: folds
Uncalled bet ($3) returned to Pete81
Pete81 collected $11.76 from pot
Pete81: doesn't show hand
*** SUMMARY ***
Total pot $12 | Rake $0.24
Board [7c As Kh]
Seat 1: yur4ok (big blind) folded on the Flop
Seat 2: Pete81 (button) (small blind) collected ($11.76)


PokerStars Hand #147546553298:  Hold'em Limit ($3/$6 USD) - 2016/01/23 13:12:33 ET
Table 'Kobolda' 2-max Seat #2 is the button
Seat 1: yur4ok ($72 in chips)
Seat 2: Pete81 ($101.56 in chips)
Pete81: posts small blind $1
yur4ok: posts big blind $3
*** HOLE CARDS ***
Pete81: raises $3 to $6
yur4ok: raises $3 to $9
Pete81: calls $3
*** FLOP *** [9s 2s 5c]
yur4ok: bets $3
Pete81: calls $3
*** TURN *** [9s 2s 5c] [Tc]
yur4ok: bets $6
Pete81: raises $6 to $12
yur4ok: calls $6
*** RIVER *** [9s 2s 5c Tc] [4h]
yur4ok: checks
Pete81: bets $6
yur4ok: folds
Uncalled bet ($6) returned to Pete81
Pete81 collected $47.50 from pot
Pete81: doesn't show hand
*** SUMMARY ***
Total pot $48 | Rake $0.50
Board [9s 2s 5c Tc 4h]
Seat 1: yur4ok (big blind) folded on the River
Seat 2: Pete81 (button) (small blind) collected ($47.50)


PokerStars Hand #147546575942:  Hold'em Limit ($3/$6 USD) - 2016/01/23 13:12:55 ET
Table 'Kobolda' 2-max Seat #1 is the button
Seat 1: yur4ok ($72 in chips)
Seat 2: Pete81 ($125.06 in chips)
yur4ok: posts small blind $1
Pete81: posts big blind $3
*** HOLE CARDS ***
yur4ok: raises $3 to $6
Pete81: raises $3 to $9
yur4ok: calls $3
*** FLOP *** [7h 2s 7c]
Pete81: bets $3
yur4ok: calls $3
*** TURN *** [7h 2s 7c] [Js]
Pete81: bets $6
yur4ok: calls $6
*** RIVER *** [7h 2s 7c Js] [7s]
Pete81: bets $6
yur4ok: calls $6
*** SHOW DOWN ***
Pete81: shows [Jh Ah] (a full house, Sevens full of Jacks)
yur4ok: mucks hand
Pete81 collected $47.50 from pot
*** SUMMARY ***
Total pot $48 | Rake $0.50
Board [7h 2s 7c Js 7s]
Seat 1: yur4ok (button) (small blind) mucked
Seat 2: Pete81 (big blind) showed [Jh Ah] and won ($47.50) with a full house, Sevens full of Jacks


PokerStars Hand #147546607083:  Hold'em Limit ($3/$6 USD) - 2016/01/23 13:13:25 ET
Table 'Kobolda' 2-max Seat #1 is the button
Seat 1: yur4ok ($83.52 in chips)
Seat 2: Pete81 ($136.56 in chips)
yur4ok: posts small blind $1
Pete81: posts big blind $3
*** HOLE CARDS ***
yur4ok: raises $3 to $6
Pete81: folds
Uncalled bet ($3) returned to yur4ok
yur4ok collected $6 from pot
yur4ok: doesn't show hand
*** SUMMARY ***
Total pot $6 | Rake $0
Seat 1: yur4ok (button) (small blind) collected ($6)
Seat 2: Pete81 (big blind) folded before Flop


PokerStars Hand #147546593158:  Hold'em Limit ($3/$6 USD) - 2016/01/23 13:13:11 ET
Table 'Kobolda' 2-max Seat #2 is the button
Seat 1: yur4ok ($72 in chips)
Seat 2: Pete81 ($148.56 in chips)
Pete81: posts small blind $1
yur4ok: posts big blind $3
*** HOLE CARDS ***
Pete81: raises $3 to $6
yur4ok: calls $3
*** FLOP *** [6c 2h 6d]
yur4ok: checks
Pete81: bets $3
yur4ok: raises $3 to $6
Pete81: calls $3
*** TURN *** [6c 2h 6d] [7s]
yur4ok: bets $6
Pete81: folds
Uncalled bet ($6) returned to yur4ok
yur4ok collected $23.52 from pot
yur4ok: doesn't show hand
*** SUMMARY ***
Total pot $24 | Rake $0.48
Board [6c 2h 6d 7s]
Seat 1: yur4ok (big blind) collected ($23.52)
Seat 2: Pete81 (button) (small blind) folded on the Turn


PokerStars Hand #147546628967:  Hold'em Limit ($3/$6 USD) - 2016/01/23 13:13:46 ET
Table 'Kobolda' 2-max Seat #1 is the button
Seat 1: yur4ok ($116.02 in chips)
Seat 2: Pete81 ($103.56 in chips)
yur4ok: posts small blind $1
Pete81: posts big blind $3
*** HOLE CARDS ***
yur4ok: raises $3 to $6
Pete81: folds
Uncalled bet ($3) returned to yur4ok
yur4ok collected $6 from pot
yur4ok: doesn't show hand
*** SUMMARY ***
Total pot $6 | Rake $0
Seat 1: yur4ok (button) (small blind) collected ($6)
Seat 2: Pete81 (big blind) folded before Flop


PokerStars Hand #147546612141:  Hold'em Limit ($3/$6 USD) - 2016/01/23 13:13:30 ET
Table 'Kobolda' 2-max Seat #2 is the button
Seat 1: yur4ok ($86.52 in chips)
Seat 2: Pete81 ($133.56 in chips)
Pete81: posts small blind $1
yur4ok: posts big blind $3
*** HOLE CARDS ***
Pete81: raises $3 to $6
yur4ok: calls $3
*** FLOP *** [8c Qh 2d]
yur4ok: checks
Pete81: bets $3
yur4ok: raises $3 to $6
Pete81: raises $3 to $9
yur4ok: raises $3 to $12
Betting is capped
Pete81: calls $3
*** TURN *** [8c Qh 2d] [8h]
yur4ok: bets $6
Pete81: calls $6
*** RIVER *** [8c Qh 2d 8h] [8d]
yur4ok: bets $6
Pete81: calls $6
*** SHOW DOWN ***
yur4ok: shows [9c Qd] (a full house, Eights full of Queens)
Pete81: mucks hand
yur4ok collected $59.50 from pot
*** SUMMARY ***
Total pot $60 | Rake $0.50
Board [8c Qh 2d 8h 8d]
Seat 1: yur4ok (big blind) showed [9c Qd] and won ($59.50) with a full house, Eights full of Queens
Seat 2: Pete81 (button) (small blind) mucked


PokerStars Hand #147546634052:  Hold'em Limit ($3/$6 USD) - 2016/01/23 13:13:51 ET
Table 'Kobolda' 2-max Seat #2 is the button
Seat 1: yur4ok ($119.02 in chips)
Seat 2: Pete81 ($100.56 in chips)
Pete81: posts small blind $1
yur4ok: posts big blind $3
*** HOLE CARDS ***
Pete81: raises $3 to $6
yur4ok: calls $3
*** FLOP *** [2s 6d 3s]
yur4ok: checks
Pete81: bets $3
yur4ok: raises $3 to $6
Pete81: calls $3
*** TURN *** [2s 6d 3s] [9h]
yur4ok: bets $6
Pete81: raises $6 to $12
yur4ok: folds
Uncalled bet ($6) returned to Pete81
Pete81 collected $35.50 from pot
Pete81: doesn't show hand
*** SUMMARY ***
Total pot $36 | Rake $0.50
Board [2s 6d 3s 9h]
Seat 1: yur4ok (big blind) folded on the Turn
Seat 2: Pete81 (button) (small blind) collected ($35.50)


PokerStars Hand #147546648674:  Hold'em Limit ($3/$6 USD) - 2016/01/23 13:14:05 ET
Table 'Kobolda' 2-max Seat #1 is the button
Seat 1: yur4ok ($101.02 in chips)
Seat 2: Pete81 ($118.06 in chips)
yur4ok: posts small blind $1
Pete81: posts big blind $3
*** HOLE CARDS ***
yur4ok: raises $3 to $6
Pete81: calls $3
*** FLOP *** [Ah 7h 6h]
Pete81: checks
yur4ok: checks
*** TURN *** [Ah 7h 6h] [9c]
Pete81: bets $6
yur4ok: raises $6 to $12
Pete81: calls $6
*** RIVER *** [Ah 7h 6h 9c] [5s]
Pete81: bets $6
yur4ok: calls $6
*** SHOW DOWN ***
Pete81: shows [8h 7d] (a straight, Five to Nine)
yur4ok: mucks hand
Pete81 collected $47.50 from pot
*** SUMMARY ***
Total pot $48 | Rake $0.50
Board [Ah 7h 6h 9c 5s]
Seat 1: yur4ok (button) (small blind) mucked
Seat 2: Pete81 (big blind) showed [8h 7d] and won ($47.50) with a straight, Five to Nine


PokerStars Hand #147546667846:  Hold'em Limit ($3/$6 USD) - 2016/01/23 13:14:23 ET
Table 'Kobolda' 2-max Seat #2 is the button
Seat 1: yur4ok ($77.02 in chips)
Seat 2: Pete81 ($141.56 in chips)
Pete81: posts small blind $1
yur4ok: posts big blind $3
*** HOLE CARDS ***
Pete81: raises $3 to $6
yur4ok: calls $3
*** FLOP *** [Jh Td 6c]
yur4ok: checks
Pete81: bets $3
yur4ok: folds
Uncalled bet ($3) returned to Pete81
Pete81 collected $11.76 from pot
Pete81: doesn't show hand
*** SUMMARY ***
Total pot $12 | Rake $0.24
Board [Jh Td 6c]
Seat 1: yur4ok (big blind) folded on the Flop
Seat 2: Pete81 (button) (small blind) collected ($11.76)


PokerStars Hand #147546679150:  Hold'em Limit ($3/$6 USD) - 2016/01/23 13:14:34 ET
Table 'Kobolda' 2-max Seat #1 is the button
Seat 1: yur4ok ($72 in chips)
Seat 2: Pete81 ($147.32 in chips)
yur4ok: posts small blind $1
Pete81: posts big blind $3
*** HOLE CARDS ***
yur4ok: raises $3 to $6
Pete81: raises $3 to $9
yur4ok: calls $3
*** FLOP *** [7c 4c 3d]
Pete81: bets $3
yur4ok: calls $3
*** TURN *** [7c 4c 3d] [8d]
Pete81: checks
yur4ok: checks
*** RIVER *** [7c 4c 3d 8d] [4s]
Pete81: checks
yur4ok: checks
*** SHOW DOWN ***
Pete81: shows [Kh Qd] (a pair of Fours)
yur4ok: mucks hand
Pete81 collected $23.52 from pot
*** SUMMARY ***
Total pot $24 | Rake $0.48
Board [7c 4c 3d 8d 4s]
Seat 1: yur4ok (button) (small blind) mucked
Seat 2: Pete81 (big blind) showed [Kh Qd] and won ($23.52) with a pair of Fours


PokerStars Hand #147546695624:  Hold'em Limit ($3/$6 USD) - 2016/01/23 13:14:50 ET
Table 'Kobolda' 2-max Seat #2 is the button
Seat 1: yur4ok ($72 in chips)
Seat 2: Pete81 ($158.84 in chips)
Pete81: posts small blind $1
yur4ok: posts big blind $3
*** HOLE CARDS ***
Pete81: raises $3 to $6
yur4ok: calls $3
*** FLOP *** [2d Ks Qc]
yur4ok: checks
Pete81: checks
*** TURN *** [2d Ks Qc] [Kd]
yur4ok: bets $6
Pete81: folds
Uncalled bet ($6) returned to yur4ok
yur4ok collected $11.76 from pot
yur4ok: doesn't show hand
*** SUMMARY ***
Total pot $12 | Rake $0.24
Board [2d Ks Qc Kd]
Seat 1: yur4ok (big blind) collected ($11.76)
Seat 2: Pete81 (button) (small blind) folded on the Turn


PokerStars Hand #147546708706:  Hold'em Limit ($3/$6 USD) - 2016/01/23 13:15:03 ET
Table 'Kobolda' 2-max Seat #1 is the button
Seat 1: yur4ok ($77.76 in chips)
Seat 2: Pete81 ($152.84 in chips)
yur4ok: posts small blind $1
Pete81: posts big blind $3
*** HOLE CARDS ***
yur4ok: raises $3 to $6
Pete81: calls $3
*** FLOP *** [Td Tc Js]
Pete81: checks
yur4ok: bets $3
Pete81: calls $3
*** TURN *** [Td Tc Js] [Ts]
Pete81: checks
yur4ok: bets $6
Pete81: calls $6
*** RIVER *** [Td Tc Js Ts] [5h]
Pete81: checks
yur4ok: bets $6
Pete81: calls $6
*** SHOW DOWN ***
yur4ok: shows [7c 5c] (a full house, Tens full of Fives)
Pete81: shows [Kc 5s] (a full house, Tens full of Fives)
Pete81 collected $20.75 from pot
yur4ok collected $20.75 from pot
*** SUMMARY ***
Total pot $42 | Rake $0.50
Board [Td Tc Js Ts 5h]
Seat 1: yur4ok (button) (small blind) showed [7c 5c] and won ($20.75) with a full house, Tens full of Fives
Seat 2: Pete81 (big blind) showed [Kc 5s] and won ($20.75) with a full house, Tens full of Fives


PokerStars Hand #147546724118:  Hold'em Limit ($3/$6 USD) - 2016/01/23 13:15:18 ET
Table 'Kobolda' 2-max Seat #2 is the button
Seat 1: yur4ok ($77.51 in chips)
Seat 2: Pete81 ($152.59 in chips)
Pete81: posts small blind $1
yur4ok: posts big blind $3
*** HOLE CARDS ***
Pete81: raises $3 to $6
yur4ok: calls $3
*** FLOP *** [Kh Kc 6h]
yur4ok: checks
Pete81: bets $3
yur4ok: raises $3 to $6
Pete81: calls $3
*** TURN *** [Kh Kc 6h] [5c]
yur4ok: bets $6
Pete81: raises $6 to $12
yur4ok: calls $6
*** RIVER *** [Kh Kc 6h 5c] [Ah]
yur4ok: checks
Pete81: checks
*** SHOW DOWN ***
yur4ok: shows [8c 6d] (two pair, Kings and Sixes)
Pete81: mucks hand
yur4ok collected $47.50 from pot
*** SUMMARY ***
Total pot $48 | Rake $0.50
Board [Kh Kc 6h 5c Ah]
Seat 1: yur4ok (big blind) showed [8c 6d] and won ($47.50) with two pair, Kings and Sixes
Seat 2: Pete81 (button) (small blind) mucked


PokerStars Hand #147546741052:  Hold'em Limit ($3/$6 USD) - 2016/01/23 13:15:34 ET
Table 'Kobolda' 2-max Seat #1 is the button
Seat 1: yur4ok ($101.01 in chips)
Seat 2: Pete81 ($128.59 in chips)
yur4ok: posts small blind $1
Pete81: posts big blind $3
*** HOLE CARDS ***
yur4ok: raises $3 to $6
Pete81: raises $3 to $9
yur4ok: calls $3
*** FLOP *** [3s 4d Kc]
Pete81: bets $3
yur4ok: folds
Uncalled bet ($3) returned to Pete81
Pete81 collected $17.64 from pot
Pete81: doesn't show hand
*** SUMMARY ***
Total pot $18 | Rake $0.36
Board [3s 4d Kc]
Seat 1: yur4ok (button) (small blind) folded on the Flop
Seat 2: Pete81 (big blind) collected ($17.64)


PokerStars Hand #147546751924:  Hold'em Limit ($3/$6 USD) - 2016/01/23 13:15:45 ET
Table 'Kobolda' 2-max Seat #2 is the button
Seat 1: yur4ok ($92.01 in chips)
Seat 2: Pete81 ($137.23 in chips)
Pete81: posts small blind $1
yur4ok: posts big blind $3
*** HOLE CARDS ***
Pete81: raises $3 to $6
yur4ok: calls $3
*** FLOP *** [Qc Ts Qh]
yur4ok: checks
Pete81: bets $3
yur4ok: folds
Uncalled bet ($3) returned to Pete81
Pete81 collected $11.76 from pot
Pete81: doesn't show hand
*** SUMMARY ***
Total pot $12 | Rake $0.24
Board [Qc Ts Qh]
Seat 1: yur4ok (big blind) folded on the Flop
Seat 2: Pete81 (button) (small blind) collected ($11.76)


PokerStars Hand #147546774852:  Hold'em Limit ($3/$6 USD) - 2016/01/23 13:16:07 ET
Table 'Kobolda' 2-max Seat #2 is the button
Seat 1: yur4ok ($72 in chips)
Seat 2: Pete81 ($160.49 in chips)
Pete81: posts small blind $1
yur4ok: posts big blind $3
*** HOLE CARDS ***
Pete81: raises $3 to $6
yur4ok: folds
Uncalled bet ($3) returned to Pete81
Pete81 collected $6 from pot
Pete81: doesn't show hand
*** SUMMARY ***
Total pot $6 | Rake $0
Seat 1: yur4ok (big blind) folded before Flop
Seat 2: Pete81 (button) (small blind) collected ($6)


PokerStars Hand #147546760869:  Hold'em Limit ($3/$6 USD) - 2016/01/23 13:15:53 ET
Table 'Kobolda' 2-max Seat #1 is the button
Seat 1: yur4ok ($86.01 in chips)
Seat 2: Pete81 ($142.99 in chips)
yur4ok: posts small blind $1
Pete81: posts big blind $3
*** HOLE CARDS ***
yur4ok: raises $3 to $6
Pete81: raises $3 to $9
yur4ok: calls $3
*** FLOP *** [3h 4c 9d]
Pete81: bets $3
yur4ok: calls $3
*** TURN *** [3h 4c 9d] [8c]
Pete81: bets $6
yur4ok: calls $6
*** RIVER *** [3h 4c 9d 8c] [2s]
Pete81: bets $6
yur4ok: folds
Uncalled bet ($6) returned to Pete81
Pete81 collected $35.50 from pot
Pete81: doesn't show hand
*** SUMMARY ***
Total pot $36 | Rake $0.50
Board [3h 4c 9d 8c 2s]
Seat 1: yur4ok (button) (small blind) folded on the River
Seat 2: Pete81 (big blind) collected ($35.50)


PokerStars Hand #147546782899:  Hold'em Limit ($3/$6 USD) - 2016/01/23 13:16:14 ET
Table 'Kobolda' 2-max Seat #1 is the button
Seat 1: yur4ok ($72 in chips)
Seat 2: Pete81 ($163.49 in chips)
yur4ok: posts small blind $1
Pete81: posts big blind $3
*** HOLE CARDS ***
yur4ok: folds
Uncalled bet ($2) returned to Pete81
Pete81 collected $2 from pot
Pete81: doesn't show hand
*** SUMMARY ***
Total pot $2 | Rake $0
Seat 1: yur4ok (button) (small blind) folded before Flop
Seat 2: Pete81 (big blind) collected ($2)


PokerStars Hand #147546787134:  Hold'em Limit ($3/$6 USD) - 2016/01/23 13:16:18 ET
Table 'Kobolda' 2-max Seat #2 is the button
Seat 1: yur4ok ($72 in chips)
Seat 2: Pete81 ($164.49 in chips)
Pete81: posts small blind $1
yur4ok: posts big blind $3
*** HOLE CARDS ***
Pete81: raises $3 to $6
yur4ok: calls $3
*** FLOP *** [Ah 5d Ts]
yur4ok: checks
Pete81: bets $3
yur4ok: raises $3 to $6
Pete81: calls $3
*** TURN *** [Ah 5d Ts] [Jh]
yur4ok: checks
Pete81: checks
*** RIVER *** [Ah 5d Ts Jh] [7h]
yur4ok: bets $6
Pete81: raises $6 to $12
yur4ok: folds
Uncalled bet ($6) returned to Pete81
Pete81 collected $35.50 from pot
Pete81: doesn't show hand
*** SUMMARY ***
Total pot $36 | Rake $0.50
Board [Ah 5d Ts Jh 7h]
Seat 1: yur4ok (big blind) folded on the River
Seat 2: Pete81 (button) (small blind) collected ($35.50)


PokerStars Hand #147546802094:  Hold'em Limit ($3/$6 USD) - 2016/01/23 13:16:33 ET
Table 'Kobolda' 2-max Seat #1 is the button
Seat 1: yur4ok ($72 in chips)
Seat 2: Pete81 ($181.99 in chips)
yur4ok: posts small blind $1
Pete81: posts big blind $3
*** HOLE CARDS ***
yur4ok: folds
Uncalled bet ($2) returned to Pete81
Pete81 collected $2 from pot
Pete81: doesn't show hand
*** SUMMARY ***
Total pot $2 | Rake $0
Seat 1: yur4ok (button) (small blind) folded before Flop
Seat 2: Pete81 (big blind) collected ($2)


PokerStars Hand #147546820717:  Hold'em Limit ($3/$6 USD) - 2016/01/23 13:16:51 ET
Table 'Kobolda' 2-max Seat #1 is the button
Seat 1: yur4ok ($72 in chips)
Seat 2: Pete81 ($206.49 in chips)
yur4ok: posts small blind $1
Pete81: posts big blind $3
*** HOLE CARDS ***
yur4ok: folds
Uncalled bet ($2) returned to Pete81
Pete81 collected $2 from pot
Pete81: doesn't show hand
*** SUMMARY ***
Total pot $2 | Rake $0
Seat 1: yur4ok (button) (small blind) folded before Flop
Seat 2: Pete81 (big blind) collected ($2)


PokerStars Hand #147546806826:  Hold'em Limit ($3/$6 USD) - 2016/01/23 13:16:37 ET
Table 'Kobolda' 2-max Seat #2 is the button
Seat 1: yur4ok ($72 in chips)
Seat 2: Pete81 ($182.99 in chips)
Pete81: posts small blind $1
yur4ok: posts big blind $3
*** HOLE CARDS ***
Pete81: raises $3 to $6
yur4ok: calls $3
*** FLOP *** [6h 3d Th]
yur4ok: checks
Pete81: checks
*** TURN *** [6h 3d Th] [Jd]
yur4ok: bets $6
Pete81: raises $6 to $12
yur4ok: calls $6
*** RIVER *** [6h 3d Th Jd] [4h]
yur4ok: bets $6
Pete81: calls $6
*** SHOW DOWN ***
yur4ok: shows [Kc 4s] (a pair of Fours)
Pete81: shows [Jh 8s] (a pair of Jacks)
Pete81 collected $47.50 from pot
*** SUMMARY ***
Total pot $48 | Rake $0.50
Board [6h 3d Th Jd 4h]
Seat 1: yur4ok (big blind) showed [Kc 4s] and lost with a pair of Fours
Seat 2: Pete81 (button) (small blind) showed [Jh 8s] and won ($47.50) with a pair of Jacks


PokerStars Hand #147546840398:  Hold'em Limit ($3/$6 USD) - 2016/01/23 13:17:10 ET
Table 'Kobolda' 2-max Seat #1 is the button
Seat 1: yur4ok ($89.50 in chips)
Seat 2: Pete81 ($189.49 in chips)
yur4ok: posts small blind $1
Pete81: posts big blind $3
*** HOLE CARDS ***
yur4ok: raises $3 to $6
Pete81: folds
Uncalled bet ($3) returned to yur4ok
yur4ok collected $6 from pot
yur4ok: doesn't show hand
*** SUMMARY ***
Total pot $6 | Rake $0
Seat 1: yur4ok (button) (small blind) collected ($6)
Seat 2: Pete81 (big blind) folded before Flop


PokerStars Hand #147546825098:  Hold'em Limit ($3/$6 USD) - 2016/01/23 13:16:55 ET
Table 'Kobolda' 2-max Seat #2 is the button
Seat 1: yur4ok ($72 in chips)
Seat 2: Pete81 ($207.49 in chips)
Pete81: posts small blind $1
yur4ok: posts big blind $3
*** HOLE CARDS ***
Pete81: raises $3 to $6
yur4ok: raises $3 to $9
Pete81: calls $3
*** FLOP *** [8s 7h 6h]
yur4ok: bets $3
Pete81: calls $3
*** TURN *** [8s 7h 6h] [2h]
yur4ok: checks
Pete81: bets $6
yur4ok: calls $6
*** RIVER *** [8s 7h 6h 2h] [6s]
yur4ok: checks
Pete81: checks
*** SHOW DOWN ***
yur4ok: shows [4s As] (a pair of Sixes)
Pete81: mucks hand
yur4ok collected $35.50 from pot
*** SUMMARY ***
Total pot $36 | Rake $0.50
Board [8s 7h 6h 2h 6s]
Seat 1: yur4ok (big blind) showed [4s As] and won ($35.50) with a pair of Sixes
Seat 2: Pete81 (button) (small blind) mucked


PokerStars Hand #147546855904:  Hold'em Limit ($3/$6 USD) - 2016/01/23 13:17:26 ET
Table 'Kobolda' 2-max Seat #1 is the button
Seat 1: yur4ok ($86.50 in chips)
Seat 2: Pete81 ($192.25 in chips)
yur4ok: posts small blind $1
Pete81: posts big blind $3
*** HOLE CARDS ***
yur4ok: raises $3 to $6
Pete81: folds
Uncalled bet ($3) returned to yur4ok
yur4ok collected $6 from pot
yur4ok: doesn't show hand
*** SUMMARY ***
Total pot $6 | Rake $0
Seat 1: yur4ok (button) (small blind) collected ($6)
Seat 2: Pete81 (big blind) folded before Flop


PokerStars Hand #147546845385:  Hold'em Limit ($3/$6 USD) - 2016/01/23 13:17:15 ET
Table 'Kobolda' 2-max Seat #2 is the button
Seat 1: yur4ok ($92.50 in chips)
Seat 2: Pete81 ($186.49 in chips)
Pete81: posts small blind $1
yur4ok: posts big blind $3
*** HOLE CARDS ***
Pete81: raises $3 to $6
yur4ok: calls $3
*** FLOP *** [Ac 9c 9s]
yur4ok: checks
Pete81: bets $3
yur4ok: folds
Uncalled bet ($3) returned to Pete81
Pete81 collected $11.76 from pot
Pete81: doesn't show hand
*** SUMMARY ***
Total pot $12 | Rake $0.24
Board [Ac 9c 9s]
Seat 1: yur4ok (big blind) folded on the Flop
Seat 2: Pete81 (button) (small blind) collected ($11.76)


PokerStars Hand #147546861345:  Hold'em Limit ($3/$6 USD) - 2016/01/23 13:17:31 ET
Table 'Kobolda' 2-max Seat #2 is the button
Seat 1: yur4ok ($89.50 in chips)
Seat 2: Pete81 ($189.25 in chips)
Pete81: posts small blind $1
yur4ok: posts big blind $3
*** HOLE CARDS ***
Pete81: raises $3 to $6
yur4ok: calls $3
*** FLOP *** [6c 2h 7c]
yur4ok: checks
Pete81: bets $3
yur4ok: raises $3 to $6
Pete81: calls $3
*** TURN *** [6c 2h 7c] [Jh]
yur4ok: bets $6
Pete81: raises $6 to $12
yur4ok: raises $6 to $18
Pete81: raises $6 to $24
Betting is capped
yur4ok: calls $6
*** RIVER *** [6c 2h 7c Jh] [6h]
yur4ok: bets $6
Pete81: raises $6 to $12
yur4ok: raises $6 to $18
Pete81: raises $6 to $24
Betting is capped
yur4ok: calls $6
*** SHOW DOWN ***
Pete81: shows [6d Jc] (a full house, Sixes full of Jacks)
yur4ok: mucks hand
Pete81 collected $119.50 from pot
*** SUMMARY ***
Total pot $120 | Rake $0.50
Board [6c 2h 7c Jh 6h]
Seat 1: yur4ok (big blind) mucked
Seat 2: Pete81 (button) (small blind) showed [6d Jc] and won ($119.50) with a full house, Sixes full of Jacks


PokerStars Hand #147546884834:  Hold'em Limit ($3/$6 USD) - 2016/01/23 13:17:54 ET
Table 'Kobolda' 2-max Seat #1 is the button
Seat 1: yur4ok ($72 in chips)
Seat 2: Pete81 ($248.75 in chips)
yur4ok: posts small blind $1
Pete81: posts big blind $3
*** HOLE CARDS ***
yur4ok: raises $3 to $6
Pete81: folds
Uncalled bet ($3) returned to yur4ok
yur4ok collected $6 from pot
yur4ok: doesn't show hand
*** SUMMARY ***
Total pot $6 | Rake $0
Seat 1: yur4ok (button) (small blind) collected ($6)
Seat 2: Pete81 (big blind) folded before Flop


PokerStars Hand #147546898475:  Hold'em Limit ($3/$6 USD) - 2016/01/23 13:18:07 ET
Table 'Kobolda' 2-max Seat #2 is the button
Seat 1: yur4ok ($75 in chips)
Seat 2: Pete81 ($245.75 in chips)
Pete81: posts small blind $1
yur4ok: posts big blind $3
*** HOLE CARDS ***
Pete81: raises $3 to $6
yur4ok: calls $3
*** FLOP *** [6d 5d 2c]
yur4ok: checks
Pete81: bets $3
yur4ok: calls $3
*** TURN *** [6d 5d 2c] [6c]
yur4ok: checks
Pete81: bets $6
yur4ok: calls $6
*** RIVER *** [6d 5d 2c 6c] [2d]
yur4ok: checks
Pete81: checks
*** SHOW DOWN ***
yur4ok: shows [8s Kc] (two pair, Sixes and Deuces)
Pete81: shows [7s Ac] (two pair, Sixes and Deuces - Ace kicker)
Pete81 collected $29.50 from pot
*** SUMMARY ***
Total pot $30 | Rake $0.50
Board [6d 5d 2c 6c 2d]
Seat 1: yur4ok (big blind) showed [8s Kc] and lost with two pair, Sixes and Deuces
Seat 2: Pete81 (button) (small blind) showed [7s Ac] and won ($29.50) with two pair, Sixes and Deuces


PokerStars Hand #147546939937:  Hold'em Limit ($3/$6 USD) - 2016/01/23 13:18:47 ET
Table 'Kobolda' 2-max Seat #2 is the button
Seat 1: yur4ok ($72 in chips)
Seat 2: Pete81 ($261.25 in chips)
Pete81: posts small blind $1
yur4ok: posts big blind $3
*** HOLE CARDS ***
Pete81: raises $3 to $6
yur4ok: raises $3 to $9
Pete81: calls $3
*** FLOP *** [9s Qh Kd]
yur4ok: bets $3
Pete81: folds
Uncalled bet ($3) returned to yur4ok
yur4ok collected $17.64 from pot
yur4ok: doesn't show hand
*** SUMMARY ***
Total pot $18 | Rake $0.36
Board [9s Qh Kd]
Seat 1: yur4ok (big blind) collected ($17.64)
Seat 2: Pete81 (button) (small blind) folded on the Flop


PokerStars Hand #147546935442:  Hold'em Limit ($3/$6 USD) - 2016/01/23 13:18:43 ET
Table 'Kobolda' 2-max Seat #1 is the button
Seat 1: yur4ok ($72 in chips)
Seat 2: Pete81 ($260.25 in chips)
yur4ok: posts small blind $1
Pete81: posts big blind $3
*** HOLE CARDS ***
yur4ok: folds
Uncalled bet ($2) returned to Pete81
Pete81 collected $2 from pot
Pete81: doesn't show hand
*** SUMMARY ***
Total pot $2 | Rake $0
Seat 1: yur4ok (button) (small blind) folded before Flop
Seat 2: Pete81 (big blind) collected ($2)


PokerStars Hand #147546948808:  Hold'em Limit ($3/$6 USD) - 2016/01/23 13:18:56 ET
Table 'Kobolda' 2-max Seat #1 is the button
Seat 1: yur4ok ($80.64 in chips)
Seat 2: Pete81 ($252.25 in chips)
yur4ok: posts small blind $1
Pete81: posts big blind $3
*** HOLE CARDS ***
yur4ok: raises $3 to $6
Pete81: folds
Uncalled bet ($3) returned to yur4ok
yur4ok collected $6 from pot
yur4ok: doesn't show hand
*** SUMMARY ***
Total pot $6 | Rake $0
Seat 1: yur4ok (button) (small blind) collected ($6)
Seat 2: Pete81 (big blind) folded before Flop


PokerStars Hand #147546966297:  Hold'em Limit ($3/$6 USD) - 2016/01/23 13:19:13 ET
Table 'Kobolda' 2-max Seat #2 is the button
Seat 1: yur4ok ($83.64 in chips)
Seat 2: Pete81 ($249.25 in chips)
Pete81: posts small blind $1
yur4ok: posts big blind $3
*** HOLE CARDS ***
Pete81: raises $3 to $6
yur4ok: raises $3 to $9
Pete81: calls $3
*** FLOP *** [3c 8c 6h]
yur4ok: bets $3
Pete81: raises $3 to $6
yur4ok: raises $3 to $9
Pete81: calls $3
*** TURN *** [3c 8c 6h] [6s]
yur4ok: bets $6
Pete81: raises $6 to $12
yur4ok: raises $6 to $18
Pete81: calls $6
*** RIVER *** [3c 8c 6h 6s] [5c]
yur4ok: bets $6
Pete81: calls $6
*** SHOW DOWN ***
yur4ok: shows [8d 8h] (a full house, Eights full of Sixes)
Pete81: mucks hand
yur4ok collected $83.50 from pot
*** SUMMARY ***
Total pot $84 | Rake $0.50
Board [3c 8c 6h 6s 5c]
Seat 1: yur4ok (big blind) showed [8d 8h] and won ($83.50) with a full house, Eights full of Sixes
Seat 2: Pete81 (button) (small blind) mucked


PokerStars Hand #147547004448:  Hold'em Limit ($3/$6 USD) - 2016/01/23 13:19:50 ET
Table 'Kobolda' 2-max Seat #1 is the button
Seat 1: yur4ok ($125.14 in chips)
Seat 2: Pete81 ($207.25 in chips)
yur4ok: posts small blind $1
Pete81: posts big blind $3
*** HOLE CARDS ***
yur4ok: raises $3 to $6
Pete81: calls $3
*** FLOP *** [Kc 2d 9h]
Pete81: checks
yur4ok: bets $3
Pete81: folds
Uncalled bet ($3) returned to yur4ok
yur4ok collected $11.76 from pot
yur4ok: doesn't show hand
*** SUMMARY ***
Total pot $12 | Rake $0.24
Board [Kc 2d 9h]
Seat 1: yur4ok (button) (small blind) collected ($11.76)
Seat 2: Pete81 (big blind) folded on the Flop


PokerStars Hand #147547013582:  Hold'em Limit ($3/$6 USD) - 2016/01/23 13:19:58 ET
Table 'Kobolda' 2-max Seat #2 is the button
Seat 1: yur4ok ($130.90 in chips)
Seat 2: Pete81 ($201.25 in chips)
Pete81: posts small blind $1
yur4ok: posts big blind $3
*** HOLE CARDS ***
Pete81: raises $3 to $6
yur4ok: calls $3
*** FLOP *** [3d 6s Ad]
yur4ok: checks
Pete81: bets $3
yur4ok: raises $3 to $6
Pete81: calls $3
*** TURN *** [3d 6s Ad] [3h]
yur4ok: checks
Pete81: bets $6
yur4ok: calls $6
*** RIVER *** [3d 6s Ad 3h] [2d]
yur4ok: checks
Pete81: checks
*** SHOW DOWN ***
yur4ok: shows [5s 4d] (a straight, Deuce to Six)
Pete81: mucks hand
yur4ok collected $35.50 from pot
*** SUMMARY ***
Total pot $36 | Rake $0.50
Board [3d 6s Ad 3h 2d]
Seat 1: yur4ok (big blind) showed [5s 4d] and won ($35.50) with a straight, Deuce to Six
Seat 2: Pete81 (button) (small blind) mucked


PokerStars Hand #147547029293:  Hold'em Limit ($3/$6 USD) - 2016/01/23 13:20:14 ET
Table 'Kobolda' 2-max Seat #1 is the button
Seat 1: yur4ok ($148.40 in chips)
Seat 2: Pete81 ($183.25 in chips)
yur4ok: posts small blind $1
Pete81: posts big blind $3
*** HOLE CARDS ***
yur4ok: raises $3 to $6
Pete81: calls $3
*** FLOP *** [2c Kc 6h]
Pete81: checks
yur4ok: checks
*** TURN *** [2c Kc 6h] [As]
Pete81: bets $6
yur4ok: raises $6 to $12
Pete81: calls $6
*** RIVER *** [2c Kc 6h As] [Jc]
Pete81: checks
yur4ok: bets $6
Pete81: calls $6
*** SHOW DOWN ***
yur4ok: shows [2d Ah] (two pair, Aces and Deuces)
Pete81: mucks hand
yur4ok collected $47.50 from pot
*** SUMMARY ***
Total pot $48 | Rake $0.50
Board [2c Kc 6h As Jc]
Seat 1: yur4ok (button) (small blind) showed [2d Ah] and won ($47.50) with two pair, Aces and Deuces
Seat 2: Pete81 (big blind) mucked


PokerStars Hand #147547044012:  Hold'em Limit ($3/$6 USD) - 2016/01/23 13:20:28 ET
Table 'Kobolda' 2-max Seat #2 is the button
Seat 1: yur4ok ($171.90 in chips)
Seat 2: Pete81 ($159.25 in chips)
Pete81: posts small blind $1
yur4ok: posts big blind $3
*** HOLE CARDS ***
Pete81: raises $3 to $6
yur4ok: calls $3
*** FLOP *** [Ad 8h 4d]
yur4ok: checks
Pete81: bets $3
yur4ok: calls $3
*** TURN *** [Ad 8h 4d] [3h]
yur4ok: checks
Pete81: bets $6
yur4ok: calls $6
*** RIVER *** [Ad 8h 4d 3h] [Kh]
yur4ok: checks
Pete81: bets $6
yur4ok: calls $6
*** SHOW DOWN ***
Pete81: shows [As Ks] (two pair, Aces and Kings)
yur4ok: mucks hand
Pete81 collected $41.50 from pot
*** SUMMARY ***
Total pot $42 | Rake $0.50
Board [Ad 8h 4d 3h Kh]
Seat 1: yur4ok (big blind) mucked
Seat 2: Pete81 (button) (small blind) showed [As Ks] and won ($41.50) with two pair, Aces and Kings


PokerStars Hand #147547060677:  Hold'em Limit ($3/$6 USD) - 2016/01/23 13:20:44 ET
Table 'Kobolda' 2-max Seat #1 is the button
Seat 1: yur4ok ($150.90 in chips)
Seat 2: Pete81 ($179.75 in chips)
yur4ok: posts small blind $1
Pete81: posts big blind $3
*** HOLE CARDS ***
yur4ok: raises $3 to $6
Pete81: folds
Uncalled bet ($3) returned to yur4ok
yur4ok collected $6 from pot
yur4ok: doesn't show hand
*** SUMMARY ***
Total pot $6 | Rake $0
Seat 1: yur4ok (button) (small blind) collected ($6)
Seat 2: Pete81 (big blind) folded before Flop


PokerStars Hand #147547067522:  Hold'em Limit ($3/$6 USD) - 2016/01/23 13:20:51 ET
Table 'Kobolda' 2-max Seat #2 is the button
Seat 1: yur4ok ($153.90 in chips)
Seat 2: Pete81 ($176.75 in chips)
Pete81: posts small blind $1
yur4ok: posts big blind $3
*** HOLE CARDS ***
Pete81: raises $3 to $6
yur4ok: calls $3
*** FLOP *** [Jd 7h Qh]
yur4ok: checks
Pete81: bets $3
yur4ok: calls $3
*** TURN *** [Jd 7h Qh] [2d]
yur4ok: checks
Pete81: checks
*** RIVER *** [Jd 7h Qh 2d] [Tc]
yur4ok: bets $6
Pete81: calls $6
*** SHOW DOWN ***
yur4ok: shows [6d Kh] (high card King)
Pete81: shows [As 8s] (high card Ace)
Pete81 collected $29.50 from pot
*** SUMMARY ***
Total pot $30 | Rake $0.50
Board [Jd 7h Qh 2d Tc]
Seat 1: yur4ok (big blind) showed [6d Kh] and lost with high card King
Seat 2: Pete81 (button) (small blind) showed [As 8s] and won ($29.50) with high card Ace


PokerStars Hand #147547081328:  Hold'em Limit ($3/$6 USD) - 2016/01/23 13:21:05 ET
Table 'Kobolda' 2-max Seat #1 is the button
Seat 1: yur4ok ($138.90 in chips)
Seat 2: Pete81 ($191.25 in chips)
yur4ok: posts small blind $1
Pete81: posts big blind $3
*** HOLE CARDS ***
yur4ok: raises $3 to $6
Pete81: folds
Uncalled bet ($3) returned to yur4ok
yur4ok collected $6 from pot
yur4ok: doesn't show hand
*** SUMMARY ***
Total pot $6 | Rake $0
Seat 1: yur4ok (button) (small blind) collected ($6)
Seat 2: Pete81 (big blind) folded before Flop


PokerStars Hand #147547089693:  Hold'em Limit ($3/$6 USD) - 2016/01/23 13:21:13 ET
Table 'Kobolda' 2-max Seat #2 is the button
Seat 1: yur4ok ($141.90 in chips)
Seat 2: Pete81 ($188.25 in chips)
Pete81: posts small blind $1
yur4ok: posts big blind $3
*** HOLE CARDS ***
Pete81: folds
Uncalled bet ($2) returned to yur4ok
yur4ok collected $2 from pot
yur4ok: doesn't show hand
*** SUMMARY ***
Total pot $2 | Rake $0
Seat 1: yur4ok (big blind) collected ($2)
Seat 2: Pete81 (button) (small blind) folded before Flop


PokerStars Hand #147547094699:  Hold'em Limit ($3/$6 USD) - 2016/01/23 13:21:18 ET
Table 'Kobolda' 2-max Seat #1 is the button
Seat 1: yur4ok ($142.90 in chips)
Seat 2: Pete81 ($187.25 in chips)
yur4ok: posts small blind $1
Pete81: posts big blind $3
*** HOLE CARDS ***
yur4ok: raises $3 to $6
Pete81: raises $3 to $9
yur4ok: calls $3
*** FLOP *** [9c Qs 8d]
Pete81: bets $3
yur4ok: calls $3
*** TURN *** [9c Qs 8d] [Kd]
Pete81: checks
yur4ok: checks
*** RIVER *** [9c Qs 8d Kd] [6s]
Pete81: bets $6
yur4ok: raises $6 to $12
Pete81: folds
Uncalled bet ($6) returned to yur4ok
yur4ok collected $35.50 from pot
yur4ok: doesn't show hand
*** SUMMARY ***
Total pot $36 | Rake $0.50
Board [9c Qs 8d Kd 6s]
Seat 1: yur4ok (button) (small blind) collected ($35.50)
Seat 2: Pete81 (big blind) folded on the River


PokerStars Hand #147547116414:  Hold'em Limit ($3/$6 USD) - 2016/01/23 13:21:39 ET
Table 'Kobolda' 2-max Seat #2 is the button
Seat 1: yur4ok ($160.40 in chips)
Seat 2: Pete81 ($169.25 in chips)
Pete81: posts small blind $1
yur4ok: posts big blind $3
*** HOLE CARDS ***
Pete81: raises $3 to $6
yur4ok: calls $3
*** FLOP *** [9d Jd 2s]
yur4ok: checks
Pete81: bets $3
yur4ok: calls $3
*** TURN *** [9d Jd 2s] [8s]
yur4ok: checks
Pete81: bets $6
yur4ok: calls $6
*** RIVER *** [9d Jd 2s 8s] [3s]
yur4ok: checks
Pete81: bets $6
yur4ok: folds
Uncalled bet ($6) returned to Pete81
Pete81 collected $29.50 from pot
Pete81: doesn't show hand
*** SUMMARY ***
Total pot $30 | Rake $0.50
Board [9d Jd 2s 8s 3s]
Seat 1: yur4ok (big blind) folded on the River
Seat 2: Pete81 (button) (small blind) collected ($29.50)


PokerStars Hand #147547130848:  Hold'em Limit ($3/$6 USD) - 2016/01/23 13:21:53 ET
Table 'Kobolda' 2-max Seat #1 is the button
Seat 1: yur4ok ($145.40 in chips)
Seat 2: Pete81 ($183.75 in chips)
yur4ok: posts small blind $1
Pete81: posts big blind $3
*** HOLE CARDS ***
yur4ok: raises $3 to $6
Pete81: calls $3
*** FLOP *** [Jc Kd 7c]
Pete81: checks
yur4ok: bets $3
Pete81: raises $3 to $6
yur4ok: calls $3
*** TURN *** [Jc Kd 7c] [6c]
Pete81: bets $6
yur4ok: calls $6
*** RIVER *** [Jc Kd 7c 6c] [Qh]
Pete81: bets $6
yur4ok: calls $6
*** SHOW DOWN ***
Pete81: shows [9s Th] (a straight, Nine to King)
yur4ok: mucks hand
Pete81 collected $47.50 from pot
*** SUMMARY ***
Total pot $48 | Rake $0.50
Board [Jc Kd 7c 6c Qh]
Seat 1: yur4ok (button) (small blind) mucked
Seat 2: Pete81 (big blind) showed [9s Th] and won ($47.50) with a straight, Nine to King


PokerStars Hand #147547151855:  Hold'em Limit ($3/$6 USD) - 2016/01/23 13:22:13 ET
Table 'Kobolda' 2-max Seat #2 is the button
Seat 1: yur4ok ($121.40 in chips)
Seat 2: Pete81 ($207.25 in chips)
Pete81: posts small blind $1
yur4ok: posts big blind $3
*** HOLE CARDS ***
Pete81: folds
Uncalled bet ($2) returned to yur4ok
yur4ok collected $2 from pot
yur4ok: doesn't show hand
*** SUMMARY ***
Total pot $2 | Rake $0
Seat 1: yur4ok (big blind) collected ($2)
Seat 2: Pete81 (button) (small blind) folded before Flop


PokerStars Hand #147547156535:  Hold'em Limit ($3/$6 USD) - 2016/01/23 13:22:18 ET
Table 'Kobolda' 2-max Seat #1 is the button
Seat 1: yur4ok ($122.40 in chips)
Seat 2: Pete81 ($206.25 in chips)
yur4ok: posts small blind $1
Pete81: posts big blind $3
*** HOLE CARDS ***
yur4ok: raises $3 to $6
Pete81: raises $3 to $9
yur4ok: calls $3
*** FLOP *** [7c Kh Kc]
Pete81: bets $3
yur4ok: calls $3
*** TURN *** [7c Kh Kc] [5h]
Pete81: bets $6
yur4ok: calls $6
*** RIVER *** [7c Kh Kc 5h] [8d]
Pete81: bets $6
yur4ok: folds
Uncalled bet ($6) returned to Pete81
Pete81 collected $35.50 from pot
Pete81: doesn't show hand
*** SUMMARY ***
Total pot $36 | Rake $0.50
Board [7c Kh Kc 5h 8d]
Seat 1: yur4ok (button) (small blind) folded on the River
Seat 2: Pete81 (big blind) collected ($35.50)


PokerStars Hand #147547176095:  Hold'em Limit ($3/$6 USD) - 2016/01/23 13:22:37 ET
Table 'Kobolda' 2-max Seat #2 is the button
Seat 1: yur4ok ($104.40 in chips)
Seat 2: Pete81 ($223.75 in chips)
Pete81: posts small blind $1
yur4ok: posts big blind $3
*** HOLE CARDS ***
Pete81: folds
Uncalled bet ($2) returned to yur4ok
yur4ok collected $2 from pot
yur4ok: doesn't show hand
*** SUMMARY ***
Total pot $2 | Rake $0
Seat 1: yur4ok (big blind) collected ($2)
Seat 2: Pete81 (button) (small blind) folded before Flop


PokerStars Hand #147547197402:  Hold'em Limit ($3/$6 USD) - 2016/01/23 13:22:58 ET
Table 'Kobolda' 2-max Seat #2 is the button
Seat 1: yur4ok ($122.90 in chips)
Seat 2: Pete81 ($204.75 in chips)
Pete81: posts small blind $1
yur4ok: posts big blind $3
*** HOLE CARDS ***
Pete81: folds
Uncalled bet ($2) returned to yur4ok
yur4ok collected $2 from pot
yur4ok: doesn't show hand
*** SUMMARY ***
Total pot $2 | Rake $0
Seat 1: yur4ok (big blind) collected ($2)
Seat 2: Pete81 (button) (small blind) folded before Flop


PokerStars Hand #147547181207:  Hold'em Limit ($3/$6 USD) - 2016/01/23 13:22:42 ET
Table 'Kobolda' 2-max Seat #1 is the button
Seat 1: yur4ok ($105.40 in chips)
Seat 2: Pete81 ($222.75 in chips)
yur4ok: posts small blind $1
Pete81: posts big blind $3
*** HOLE CARDS ***
yur4ok: raises $3 to $6
Pete81: raises $3 to $9
yur4ok: calls $3
*** FLOP *** [6s Kc Kh]
Pete81: bets $3
yur4ok: calls $3
*** TURN *** [6s Kc Kh] [6d]
Pete81: checks
yur4ok: bets $6
Pete81: calls $6
*** RIVER *** [6s Kc Kh 6d] [9s]
Pete81: checks
yur4ok: checks
*** SHOW DOWN ***
Pete81: shows [Jh Qs] (two pair, Kings and Sixes)
yur4ok: shows [Ah 3s] (two pair, Kings and Sixes - Ace kicker)
yur4ok collected $35.50 from pot
*** SUMMARY ***
Total pot $36 | Rake $0.50
Board [6s Kc Kh 6d 9s]
Seat 1: yur4ok (button) (small blind) showed [Ah 3s] and won ($35.50) with two pair, Kings and Sixes
Seat 2: Pete81 (big blind) showed [Jh Qs] and lost with two pair, Kings and Sixes


