PokerStars Hand #156011677824:  Hold'em Limit ($3/$6 USD) - 2016/07/15 16:03:58 ET
Table 'Kobresia III' 6-max Seat #4 is the button
Seat 3: rttattar ($63 in chips)
Seat 4: AzureCaper ($72 in chips)
AzureCaper: posts small blind $1
rttattar: posts big blind $3
*** HOLE CARDS ***
AzureCaper: raises $3 to $6
rttattar: calls $3
*** FLOP *** [7s 5c Js]
rttattar: checks
AzureCaper: bets $3
rttattar: calls $3
*** TURN *** [7s 5c Js] [5h]
rttattar: checks
AzureCaper: bets $6
rttattar: folds
Uncalled bet ($6) returned to AzureCaper
AzureCaper collected $17.64 from pot
AzureCaper: doesn't show hand
*** SUMMARY ***
Total pot $18 | Rake $0.36
Board [7s 5c Js 5h]
Seat 3: rttattar (big blind) folded on the Turn
Seat 4: AzureCaper (button) (small blind) collected ($17.64)


PokerStars Hand #156011689816:  Hold'em Limit ($3/$6 USD) - 2016/07/15 16:04:14 ET
Table 'Kobresia III' 6-max Seat #3 is the button
Seat 3: rttattar ($54 in chips)
Seat 4: AzureCaper ($80.64 in chips)
rttattar: posts small blind $1
AzureCaper: posts big blind $3
*** HOLE CARDS ***
rttattar: raises $3 to $6
AzureCaper: calls $3
*** FLOP *** [3s 3d 4h]
AzureCaper: checks
rttattar: bets $3
AzureCaper: calls $3
*** TURN *** [3s 3d 4h] [7h]
AzureCaper: checks
rttattar: checks
*** RIVER *** [3s 3d 4h 7h] [6d]
AzureCaper: checks
rttattar: checks
*** SHOW DOWN ***
AzureCaper: shows [As 2d] (a pair of Threes)
rttattar: mucks hand
AzureCaper collected $17.64 from pot
*** SUMMARY ***
Total pot $18 | Rake $0.36
Board [3s 3d 4h 7h 6d]
Seat 3: rttattar (button) (small blind) mucked
Seat 4: AzureCaper (big blind) showed [As 2d] and won ($17.64) with a pair of Threes


PokerStars Hand #156011704634:  Hold'em Limit ($3/$6 USD) - 2016/07/15 16:04:33 ET
Table 'Kobresia III' 6-max Seat #4 is the button
Seat 3: rttattar ($45 in chips)
Seat 4: AzureCaper ($89.28 in chips)
AzureCaper: posts small blind $1
rttattar: posts big blind $3
*** HOLE CARDS ***
AzureCaper: raises $3 to $6
rttattar: calls $3
*** FLOP *** [7h As Ah]
rttattar: checks
AzureCaper: bets $3
rttattar: calls $3
*** TURN *** [7h As Ah] [6c]
rttattar: checks
AzureCaper: bets $6
rttattar: calls $6
*** RIVER *** [7h As Ah 6c] [Kc]
rttattar: checks
AzureCaper: checks
*** SHOW DOWN ***
rttattar: shows [8h Th] (a pair of Aces)
AzureCaper: shows [7d 5d] (two pair, Aces and Sevens)
AzureCaper collected $29.50 from pot
*** SUMMARY ***
Total pot $30 | Rake $0.50
Board [7h As Ah 6c Kc]
Seat 3: rttattar (big blind) showed [8h Th] and lost with a pair of Aces
Seat 4: AzureCaper (button) (small blind) showed [7d 5d] and won ($29.50) with two pair, Aces and Sevens


PokerStars Hand #156011720859:  Hold'em Limit ($3/$6 USD) - 2016/07/15 16:04:55 ET
Table 'Kobresia III' 6-max Seat #3 is the button
Seat 3: rttattar ($30 in chips)
Seat 4: AzureCaper ($103.78 in chips)
rttattar: posts small blind $1
AzureCaper: posts big blind $3
*** HOLE CARDS ***
rttattar: raises $3 to $6
AzureCaper: folds
Uncalled bet ($3) returned to rttattar
rttattar collected $6 from pot
rttattar: doesn't show hand
*** SUMMARY ***
Total pot $6 | Rake $0
Seat 3: rttattar (button) (small blind) collected ($6)
Seat 4: AzureCaper (big blind) folded before Flop


PokerStars Hand #156011730977:  Hold'em Limit ($3/$6 USD) - 2016/07/15 16:05:08 ET
Table 'Kobresia III' 6-max Seat #4 is the button
Seat 3: rttattar ($33 in chips)
Seat 4: AzureCaper ($100.78 in chips)
AzureCaper: posts small blind $1
rttattar: posts big blind $3
*** HOLE CARDS ***
AzureCaper: raises $3 to $6
rttattar: folds
Uncalled bet ($3) returned to AzureCaper
AzureCaper collected $6 from pot
AzureCaper: doesn't show hand
*** SUMMARY ***
Total pot $6 | Rake $0
Seat 3: rttattar (big blind) folded before Flop
Seat 4: AzureCaper (button) (small blind) collected ($6)


PokerStars Hand #156011742894:  Hold'em Limit ($3/$6 USD) - 2016/07/15 16:05:24 ET
Table 'Kobresia III' 6-max Seat #4 is the button
Seat 3: rttattar ($29 in chips)
Seat 4: AzureCaper ($104.78 in chips)
AzureCaper: posts small blind $1
rttattar: posts big blind $3
*** HOLE CARDS ***
AzureCaper: folds
Uncalled bet ($2) returned to rttattar
rttattar collected $2 from pot
*** SUMMARY ***
Total pot $2 | Rake $0
Seat 3: rttattar (big blind) collected ($2)
Seat 4: AzureCaper (button) (small blind) folded before Flop


PokerStars Hand #156011737096:  Hold'em Limit ($3/$6 USD) - 2016/07/15 16:05:16 ET
Table 'Kobresia III' 6-max Seat #3 is the button
Seat 3: rttattar ($30 in chips)
Seat 4: AzureCaper ($103.78 in chips)
rttattar: posts small blind $1
AzureCaper: posts big blind $3
*** HOLE CARDS ***
rttattar: folds
Uncalled bet ($2) returned to AzureCaper
AzureCaper collected $2 from pot
AzureCaper: doesn't show hand
*** SUMMARY ***
Total pot $2 | Rake $0
Seat 3: rttattar (button) (small blind) folded before Flop
Seat 4: AzureCaper (big blind) collected ($2)


PokerStars Hand #156011751298:  Hold'em Limit ($3/$6 USD) - 2016/07/15 16:05:35 ET
Table 'Kobresia III' 6-max Seat #4 is the button
Seat 3: rttattar ($29 in chips)
Seat 4: AzureCaper ($104.78 in chips)
AzureCaper: posts small blind $1
rttattar: posts big blind $3
*** HOLE CARDS ***
AzureCaper: folds
Uncalled bet ($2) returned to rttattar
rttattar collected $2 from pot
rttattar: doesn't show hand
*** SUMMARY ***
Total pot $2 | Rake $0
Seat 3: rttattar (big blind) collected ($2)
Seat 4: AzureCaper (button) (small blind) folded before Flop


PokerStars Hand #156011747014:  Hold'em Limit ($3/$6 USD) - 2016/07/15 16:05:30 ET
Table 'Kobresia III' 6-max Seat #3 is the button
Seat 3: rttattar ($30 in chips)
Seat 4: AzureCaper ($103.78 in chips)
rttattar: posts small blind $1
AzureCaper: posts big blind $3
*** HOLE CARDS ***
rttattar: folds
Uncalled bet ($2) returned to AzureCaper
AzureCaper collected $2 from pot
AzureCaper: doesn't show hand
*** SUMMARY ***
Total pot $2 | Rake $0
Seat 3: rttattar (button) (small blind) folded before Flop
Seat 4: AzureCaper (big blind) collected ($2)


PokerStars Hand #156011755642:  Hold'em Limit ($3/$6 USD) - 2016/07/15 16:05:41 ET
Table 'Kobresia III' 6-max Seat #3 is the button
Seat 3: rttattar ($30 in chips)
Seat 4: AzureCaper ($103.78 in chips)
rttattar: posts small blind $1
AzureCaper: posts big blind $3
*** HOLE CARDS ***
rttattar: raises $3 to $6
AzureCaper: calls $3
*** FLOP *** [5d 8c 3h]
AzureCaper: checks
rttattar: bets $3
AzureCaper: calls $3
*** TURN *** [5d 8c 3h] [2d]
AzureCaper: checks
rttattar: bets $6
AzureCaper: folds
Uncalled bet ($6) returned to rttattar
rttattar collected $17.64 from pot
rttattar: doesn't show hand
*** SUMMARY ***
Total pot $18 | Rake $0.36
Board [5d 8c 3h 2d]
Seat 3: rttattar (button) (small blind) collected ($17.64)
Seat 4: AzureCaper (big blind) folded on the Turn


PokerStars Hand #156011768449:  Hold'em Limit ($3/$6 USD) - 2016/07/15 16:05:58 ET
Table 'Kobresia III' 6-max Seat #4 is the button
Seat 3: rttattar ($38.64 in chips)
Seat 4: AzureCaper ($94.78 in chips)
AzureCaper: posts small blind $1
rttattar: posts big blind $3
*** HOLE CARDS ***
AzureCaper: raises $3 to $6
rttattar: raises $3 to $9
AzureCaper: calls $3
*** FLOP *** [2c 3c 7d]
rttattar: bets $3
AzureCaper: folds
Uncalled bet ($3) returned to rttattar
rttattar collected $17.64 from pot
rttattar: doesn't show hand
*** SUMMARY ***
Total pot $18 | Rake $0.36
Board [2c 3c 7d]
Seat 3: rttattar (big blind) collected ($17.64)
Seat 4: AzureCaper (button) (small blind) folded on the Flop


PokerStars Hand #156011776383:  Hold'em Limit ($3/$6 USD) - 2016/07/15 16:06:08 ET
Table 'Kobresia III' 6-max Seat #3 is the button
Seat 3: rttattar ($47.28 in chips)
Seat 4: AzureCaper ($85.78 in chips)
rttattar: posts small blind $1
AzureCaper: posts big blind $3
*** HOLE CARDS ***
rttattar: raises $3 to $6
AzureCaper: calls $3
*** FLOP *** [8h 6d Td]
AzureCaper: checks
rttattar: bets $3
AzureCaper: folds
Uncalled bet ($3) returned to rttattar
rttattar collected $11.76 from pot
rttattar: doesn't show hand
*** SUMMARY ***
Total pot $12 | Rake $0.24
Board [8h 6d Td]
Seat 3: rttattar (button) (small blind) collected ($11.76)
Seat 4: AzureCaper (big blind) folded on the Flop


PokerStars Hand #156011792508:  Hold'em Limit ($3/$6 USD) - 2016/07/15 16:06:30 ET
Table 'Kobresia III' 6-max Seat #4 is the button
Seat 3: rttattar ($53.04 in chips)
Seat 4: AzureCaper ($79.78 in chips)
AzureCaper: posts small blind $1
rttattar: posts big blind $3
*** HOLE CARDS ***
AzureCaper: folds
Uncalled bet ($2) returned to rttattar
rttattar collected $2 from pot
rttattar: doesn't show hand
*** SUMMARY ***
Total pot $2 | Rake $0
Seat 3: rttattar (big blind) collected ($2)
Seat 4: AzureCaper (button) (small blind) folded before Flop


PokerStars Hand #156011796199:  Hold'em Limit ($3/$6 USD) - 2016/07/15 16:06:34 ET
Table 'Kobresia III' 6-max Seat #3 is the button
Seat 3: rttattar ($54.04 in chips)
Seat 4: AzureCaper ($78.78 in chips)
rttattar: posts small blind $1
AzureCaper: posts big blind $3
*** HOLE CARDS ***
rttattar: raises $3 to $6
AzureCaper: calls $3
*** FLOP *** [Ac Jc 2c]
AzureCaper: bets $3
rttattar: folds
Uncalled bet ($3) returned to AzureCaper
AzureCaper collected $11.76 from pot
AzureCaper: doesn't show hand
*** SUMMARY ***
Total pot $12 | Rake $0.24
Board [Ac Jc 2c]
Seat 3: rttattar (button) (small blind) folded on the Flop
Seat 4: AzureCaper (big blind) collected ($11.76)


PokerStars Hand #156011806201:  Hold'em Limit ($3/$6 USD) - 2016/07/15 16:06:48 ET
Table 'Kobresia III' 6-max Seat #4 is the button
Seat 3: rttattar ($48.04 in chips)
Seat 4: AzureCaper ($84.54 in chips)
AzureCaper: posts small blind $1
rttattar: posts big blind $3
*** HOLE CARDS ***
AzureCaper: raises $3 to $6
rttattar: calls $3
*** FLOP *** [7c 7d 2s]
rttattar: checks
AzureCaper: bets $3
rttattar: raises $3 to $6
AzureCaper: calls $3
*** TURN *** [7c 7d 2s] [Js]
rttattar: bets $6
AzureCaper: folds
Uncalled bet ($6) returned to rttattar
rttattar collected $23.52 from pot
rttattar: doesn't show hand
*** SUMMARY ***
Total pot $24 | Rake $0.48
Board [7c 7d 2s Js]
Seat 3: rttattar (big blind) collected ($23.52)
Seat 4: AzureCaper (button) (small blind) folded on the Turn


PokerStars Hand #156011822112:  Hold'em Limit ($3/$6 USD) - 2016/07/15 16:07:09 ET
Table 'Kobresia III' 6-max Seat #3 is the button
Seat 3: rttattar ($59.56 in chips)
Seat 4: AzureCaper ($72.54 in chips)
rttattar: posts small blind $1
AzureCaper: posts big blind $3
*** HOLE CARDS ***
rttattar: raises $3 to $6
AzureCaper: calls $3
*** FLOP *** [Ac 5s 3d]
AzureCaper: checks
rttattar: bets $3
AzureCaper: raises $3 to $6
rttattar: folds
Uncalled bet ($3) returned to AzureCaper
AzureCaper collected $17.64 from pot
AzureCaper: doesn't show hand
*** SUMMARY ***
Total pot $18 | Rake $0.36
Board [Ac 5s 3d]
Seat 3: rttattar (button) (small blind) folded on the Flop
Seat 4: AzureCaper (big blind) collected ($17.64)


PokerStars Hand #156011833671:  Hold'em Limit ($3/$6 USD) - 2016/07/15 16:07:24 ET
Table 'Kobresia III' 6-max Seat #3 is the button
Seat 3: rttattar ($51.56 in chips)
Seat 4: AzureCaper ($80.18 in chips)
rttattar: posts small blind $1
AzureCaper: posts big blind $3
*** HOLE CARDS ***
rttattar: folds
Uncalled bet ($2) returned to AzureCaper
AzureCaper collected $2 from pot
AzureCaper: doesn't show hand
*** SUMMARY ***
Total pot $2 | Rake $0
Seat 3: rttattar (button) (small blind) folded before Flop
Seat 4: AzureCaper (big blind) collected ($2)


PokerStars Hand #156011829834:  Hold'em Limit ($3/$6 USD) - 2016/07/15 16:07:19 ET
Table 'Kobresia III' 6-max Seat #4 is the button
Seat 3: rttattar ($50.56 in chips)
Seat 4: AzureCaper ($81.18 in chips)
AzureCaper: posts small blind $1
rttattar: posts big blind $3
*** HOLE CARDS ***
AzureCaper: folds
Uncalled bet ($2) returned to rttattar
rttattar collected $2 from pot
rttattar: doesn't show hand
*** SUMMARY ***
Total pot $2 | Rake $0
Seat 3: rttattar (big blind) collected ($2)
Seat 4: AzureCaper (button) (small blind) folded before Flop


PokerStars Hand #156011837693:  Hold'em Limit ($3/$6 USD) - 2016/07/15 16:07:29 ET
Table 'Kobresia III' 6-max Seat #4 is the button
Seat 3: rttattar ($50.56 in chips)
Seat 4: AzureCaper ($81.18 in chips)
AzureCaper: posts small blind $1
rttattar: posts big blind $3
*** HOLE CARDS ***
AzureCaper: folds
Uncalled bet ($2) returned to rttattar
rttattar collected $2 from pot
rttattar: doesn't show hand
*** SUMMARY ***
Total pot $2 | Rake $0
Seat 3: rttattar (big blind) collected ($2)
Seat 4: AzureCaper (button) (small blind) folded before Flop


PokerStars Hand #156011841544:  Hold'em Limit ($3/$6 USD) - 2016/07/15 16:07:34 ET
Table 'Kobresia III' 6-max Seat #3 is the button
Seat 3: rttattar ($51.56 in chips)
Seat 4: AzureCaper ($80.18 in chips)
rttattar: posts small blind $1
AzureCaper: posts big blind $3
*** HOLE CARDS ***
rttattar: raises $3 to $6
AzureCaper: calls $3
*** FLOP *** [Js Ks 9h]
AzureCaper: checks
rttattar: checks
*** TURN *** [Js Ks 9h] [Qs]
AzureCaper: bets $6
rttattar: calls $6
*** RIVER *** [Js Ks 9h Qs] [2s]
AzureCaper: bets $6
rttattar: raises $6 to $12
AzureCaper: folds
Uncalled bet ($6) returned to rttattar
rttattar collected $35.50 from pot
rttattar: doesn't show hand
*** SUMMARY ***
Total pot $36 | Rake $0.50
Board [Js Ks 9h Qs 2s]
Seat 3: rttattar (button) (small blind) collected ($35.50)
Seat 4: AzureCaper (big blind) folded on the River


PokerStars Hand #156011865322:  Hold'em Limit ($3/$6 USD) - 2016/07/15 16:08:05 ET
Table 'Kobresia III' 6-max Seat #3 is the button
Seat 3: rttattar ($48.06 in chips)
Seat 4: AzureCaper ($92.50 in chips)
rttattar: posts small blind $1
AzureCaper: posts big blind $3
*** HOLE CARDS ***
rttattar: raises $3 to $6
AzureCaper: folds
Uncalled bet ($3) returned to rttattar
rttattar collected $6 from pot
rttattar: doesn't show hand
*** SUMMARY ***
Total pot $6 | Rake $0
Seat 3: rttattar (button) (small blind) collected ($6)
Seat 4: AzureCaper (big blind) folded before Flop


PokerStars Hand #156011853073:  Hold'em Limit ($3/$6 USD) - 2016/07/15 16:07:49 ET
Table 'Kobresia III' 6-max Seat #4 is the button
Seat 3: rttattar ($69.06 in chips)
Seat 4: AzureCaper ($72 in chips)
AzureCaper: posts small blind $1
rttattar: posts big blind $3
*** HOLE CARDS ***
AzureCaper: raises $3 to $6
rttattar: calls $3
*** FLOP *** [Js Th Ts]
rttattar: bets $3
AzureCaper: calls $3
*** TURN *** [Js Th Ts] [Ks]
rttattar: checks
AzureCaper: bets $6
rttattar: calls $6
*** RIVER *** [Js Th Ts Ks] [3c]
rttattar: checks
AzureCaper: bets $6
rttattar: calls $6
*** SHOW DOWN ***
AzureCaper: shows [Tc 7s] (three of a kind, Tens)
rttattar: mucks hand
AzureCaper collected $41.50 from pot
*** SUMMARY ***
Total pot $42 | Rake $0.50
Board [Js Th Ts Ks 3c]
Seat 3: rttattar (big blind) mucked
Seat 4: AzureCaper (button) (small blind) showed [Tc 7s] and won ($41.50) with three of a kind, Tens


PokerStars Hand #156011869387:  Hold'em Limit ($3/$6 USD) - 2016/07/15 16:08:11 ET
Table 'Kobresia III' 6-max Seat #4 is the button
Seat 3: rttattar ($51.06 in chips)
Seat 4: AzureCaper ($89.50 in chips)
AzureCaper: posts small blind $1
rttattar: posts big blind $3
*** HOLE CARDS ***
AzureCaper: raises $3 to $6
rttattar: calls $3
*** FLOP *** [6s Jd 7h]
rttattar: bets $3
AzureCaper: raises $3 to $6
rttattar: raises $3 to $9
AzureCaper: calls $3
*** TURN *** [6s Jd 7h] [4c]
rttattar: bets $6
AzureCaper: folds
Uncalled bet ($6) returned to rttattar
rttattar collected $29.50 from pot
rttattar: doesn't show hand
*** SUMMARY ***
Total pot $30 | Rake $0.50
Board [6s Jd 7h 4c]
Seat 3: rttattar (big blind) collected ($29.50)
Seat 4: AzureCaper (button) (small blind) folded on the Turn


PokerStars Hand #156011878995:  Hold'em Limit ($3/$6 USD) - 2016/07/15 16:08:24 ET
Table 'Kobresia III' 6-max Seat #3 is the button
Seat 3: rttattar ($65.56 in chips)
Seat 4: AzureCaper ($74.50 in chips)
rttattar: posts small blind $1
AzureCaper: posts big blind $3
*** HOLE CARDS ***
rttattar: folds
Uncalled bet ($2) returned to AzureCaper
AzureCaper collected $2 from pot
AzureCaper: doesn't show hand
*** SUMMARY ***
Total pot $2 | Rake $0
Seat 3: rttattar (button) (small blind) folded before Flop
Seat 4: AzureCaper (big blind) collected ($2)


PokerStars Hand #156011883221:  Hold'em Limit ($3/$6 USD) - 2016/07/15 16:08:29 ET
Table 'Kobresia III' 6-max Seat #4 is the button
Seat 3: rttattar ($64.56 in chips)
Seat 4: AzureCaper ($75.50 in chips)
AzureCaper: posts small blind $1
rttattar: posts big blind $3
*** HOLE CARDS ***
AzureCaper: raises $3 to $6
rttattar: calls $3
*** FLOP *** [8c 4s 2d]
rttattar: checks
AzureCaper: bets $3
rttattar: calls $3
*** TURN *** [8c 4s 2d] [Td]
rttattar: checks
AzureCaper: bets $6
rttattar: folds
Uncalled bet ($6) returned to AzureCaper
AzureCaper collected $17.64 from pot
AzureCaper: doesn't show hand
*** SUMMARY ***
Total pot $18 | Rake $0.36
Board [8c 4s 2d Td]
Seat 3: rttattar (big blind) folded on the Turn
Seat 4: AzureCaper (button) (small blind) collected ($17.64)


PokerStars Hand #156011892855:  Hold'em Limit ($3/$6 USD) - 2016/07/15 16:08:42 ET
Table 'Kobresia III' 6-max Seat #3 is the button
Seat 3: rttattar ($55.56 in chips)
Seat 4: AzureCaper ($84.14 in chips)
rttattar: posts small blind $1
AzureCaper: posts big blind $3
*** HOLE CARDS ***
rttattar: raises $3 to $6
AzureCaper: calls $3
*** FLOP *** [As 5s 3d]
AzureCaper: checks
rttattar: bets $3
AzureCaper: raises $3 to $6
rttattar: folds
Uncalled bet ($3) returned to AzureCaper
AzureCaper collected $17.64 from pot
AzureCaper: doesn't show hand
*** SUMMARY ***
Total pot $18 | Rake $0.36
Board [As 5s 3d]
Seat 3: rttattar (button) (small blind) folded on the Flop
Seat 4: AzureCaper (big blind) collected ($17.64)


PokerStars Hand #156011900551:  Hold'em Limit ($3/$6 USD) - 2016/07/15 16:08:52 ET
Table 'Kobresia III' 6-max Seat #4 is the button
Seat 3: rttattar ($46.56 in chips)
Seat 4: AzureCaper ($92.78 in chips)
AzureCaper: posts small blind $1
rttattar: posts big blind $3
*** HOLE CARDS ***
AzureCaper: raises $3 to $6
rttattar: raises $3 to $9
AzureCaper: calls $3
*** FLOP *** [2h 5d Ah]
rttattar: bets $3
AzureCaper: calls $3
*** TURN *** [2h 5d Ah] [9h]
rttattar: checks
AzureCaper: bets $6
rttattar: calls $6
*** RIVER *** [2h 5d Ah 9h] [Kc]
rttattar: checks
AzureCaper: bets $6
rttattar: calls $6
*** SHOW DOWN ***
AzureCaper: shows [As 7d] (a pair of Aces)
rttattar: mucks hand
AzureCaper collected $47.50 from pot
*** SUMMARY ***
Total pot $48 | Rake $0.50
Board [2h 5d Ah 9h Kc]
Seat 3: rttattar (big blind) mucked
Seat 4: AzureCaper (button) (small blind) showed [As 7d] and won ($47.50) with a pair of Aces


PokerStars Hand #156011928236:  Hold'em Limit ($3/$6 USD) - 2016/07/15 16:09:29 ET
Table 'Kobresia III' 6-max Seat #4 is the button
Seat 3: rttattar ($16.56 in chips)
Seat 4: AzureCaper ($122.04 in chips)
AzureCaper: posts small blind $1
rttattar: posts big blind $3
*** HOLE CARDS ***
AzureCaper: folds
Uncalled bet ($2) returned to rttattar
rttattar collected $2 from pot
rttattar: doesn't show hand
*** SUMMARY ***
Total pot $2 | Rake $0
Seat 3: rttattar (big blind) collected ($2)
Seat 4: AzureCaper (button) (small blind) folded before Flop


PokerStars Hand #156011916883:  Hold'em Limit ($3/$6 USD) - 2016/07/15 16:09:14 ET
Table 'Kobresia III' 6-max Seat #3 is the button
Seat 3: rttattar ($22.56 in chips)
Seat 4: AzureCaper ($116.28 in chips)
rttattar: posts small blind $1
AzureCaper: posts big blind $3
*** HOLE CARDS ***
rttattar: raises $3 to $6
AzureCaper: calls $3
*** FLOP *** [2d 2h 8d]
AzureCaper: checks
rttattar: checks
*** TURN *** [2d 2h 8d] [5s]
AzureCaper: bets $6
rttattar: folds
Uncalled bet ($6) returned to AzureCaper
AzureCaper collected $11.76 from pot
AzureCaper: doesn't show hand
*** SUMMARY ***
Total pot $12 | Rake $0.24
Board [2d 2h 8d 5s]
Seat 3: rttattar (button) (small blind) folded on the Turn
Seat 4: AzureCaper (big blind) collected ($11.76)


PokerStars Hand #156011935270:  Hold'em Limit ($3/$6 USD) - 2016/07/15 16:09:39 ET
Table 'Kobresia III' 6-max Seat #4 is the button
Seat 3: rttattar ($16.56 in chips)
Seat 4: AzureCaper ($122.04 in chips)
AzureCaper: posts small blind $1
rttattar: posts big blind $3
*** HOLE CARDS ***
AzureCaper: folds
Uncalled bet ($2) returned to rttattar
rttattar collected $2 from pot
rttattar: doesn't show hand
*** SUMMARY ***
Total pot $2 | Rake $0
Seat 3: rttattar (big blind) collected ($2)
Seat 4: AzureCaper (button) (small blind) folded before Flop


PokerStars Hand #156011931408:  Hold'em Limit ($3/$6 USD) - 2016/07/15 16:09:33 ET
Table 'Kobresia III' 6-max Seat #3 is the button
Seat 3: rttattar ($17.56 in chips)
Seat 4: AzureCaper ($121.04 in chips)
rttattar: posts small blind $1
AzureCaper: posts big blind $3
*** HOLE CARDS ***
rttattar: folds
Uncalled bet ($2) returned to AzureCaper
AzureCaper collected $2 from pot
AzureCaper: doesn't show hand
*** SUMMARY ***
Total pot $2 | Rake $0
Seat 3: rttattar (button) (small blind) folded before Flop
Seat 4: AzureCaper (big blind) collected ($2)


PokerStars Hand #156011938998:  Hold'em Limit ($3/$6 USD) - 2016/07/15 16:09:44 ET
Table 'Kobresia III' 6-max Seat #3 is the button
Seat 3: rttattar ($17.56 in chips)
Seat 4: AzureCaper ($121.04 in chips)
rttattar: posts small blind $1
AzureCaper: posts big blind $3
*** HOLE CARDS ***
rttattar: raises $3 to $6
AzureCaper: folds
Uncalled bet ($3) returned to rttattar
rttattar collected $6 from pot
rttattar: doesn't show hand
*** SUMMARY ***
Total pot $6 | Rake $0
Seat 3: rttattar (button) (small blind) collected ($6)
Seat 4: AzureCaper (big blind) folded before Flop


PokerStars Hand #156011948780:  Hold'em Limit ($3/$6 USD) - 2016/07/15 16:09:57 ET
Table 'Kobresia III' 6-max Seat #3 is the button
Seat 3: rttattar ($21.56 in chips)
Seat 4: AzureCaper ($117.04 in chips)
rttattar: posts small blind $1
AzureCaper: posts big blind $3
*** HOLE CARDS ***
rttattar: raises $3 to $6
AzureCaper: folds
Uncalled bet ($3) returned to rttattar
rttattar collected $6 from pot
rttattar: doesn't show hand
*** SUMMARY ***
Total pot $6 | Rake $0
Seat 3: rttattar (button) (small blind) collected ($6)
Seat 4: AzureCaper (big blind) folded before Flop


PokerStars Hand #156011944388:  Hold'em Limit ($3/$6 USD) - 2016/07/15 16:09:51 ET
Table 'Kobresia III' 6-max Seat #4 is the button
Seat 3: rttattar ($20.56 in chips)
Seat 4: AzureCaper ($118.04 in chips)
AzureCaper: posts small blind $1
rttattar: posts big blind $3
*** HOLE CARDS ***
AzureCaper: folds
Uncalled bet ($2) returned to rttattar
rttattar collected $2 from pot
rttattar: doesn't show hand
*** SUMMARY ***
Total pot $2 | Rake $0
Seat 3: rttattar (big blind) collected ($2)
Seat 4: AzureCaper (button) (small blind) folded before Flop


PokerStars Hand #156011953495:  Hold'em Limit ($3/$6 USD) - 2016/07/15 16:10:03 ET
Table 'Kobresia III' 6-max Seat #4 is the button
Seat 3: rttattar ($24.56 in chips)
Seat 4: AzureCaper ($114.04 in chips)
AzureCaper: posts small blind $1
rttattar: posts big blind $3
*** HOLE CARDS ***
AzureCaper: folds
Uncalled bet ($2) returned to rttattar
rttattar collected $2 from pot
rttattar: doesn't show hand
*** SUMMARY ***
Total pot $2 | Rake $0
Seat 3: rttattar (big blind) collected ($2)
Seat 4: AzureCaper (button) (small blind) folded before Flop


PokerStars Hand #156011956904:  Hold'em Limit ($3/$6 USD) - 2016/07/15 16:10:07 ET
Table 'Kobresia III' 6-max Seat #3 is the button
Seat 3: rttattar ($25.56 in chips)
Seat 4: AzureCaper ($113.04 in chips)
rttattar: posts small blind $1
AzureCaper: posts big blind $3
*** HOLE CARDS ***
rttattar: raises $3 to $6
AzureCaper: calls $3
*** FLOP *** [Tc 7c Jd]
AzureCaper: checks
rttattar: checks
*** TURN *** [Tc 7c Jd] [6d]
AzureCaper: bets $6
rttattar: calls $6
*** RIVER *** [Tc 7c Jd 6d] [7d]
AzureCaper: bets $6
rttattar: folds
Uncalled bet ($6) returned to AzureCaper
AzureCaper collected $23.52 from pot
AzureCaper: doesn't show hand
*** SUMMARY ***
Total pot $24 | Rake $0.48
Board [Tc 7c Jd 6d 7d]
Seat 3: rttattar (button) (small blind) folded on the River
Seat 4: AzureCaper (big blind) collected ($23.52)


PokerStars Hand #156011977673:  Hold'em Limit ($3/$6 USD) - 2016/07/15 16:10:35 ET
Table 'Kobresia III' 6-max Seat #3 is the button
Seat 3: rttattar ($26.62 in chips)
Seat 4: AzureCaper ($111 in chips)
rttattar: posts small blind $1
AzureCaper: posts big blind $3
*** HOLE CARDS ***
rttattar: raises $3 to $6
AzureCaper: folds
Uncalled bet ($3) returned to rttattar
rttattar collected $6 from pot
rttattar: doesn't show hand
*** SUMMARY ***
Total pot $6 | Rake $0
Seat 3: rttattar (button) (small blind) collected ($6)
Seat 4: AzureCaper (big blind) folded before Flop


PokerStars Hand #156011966905:  Hold'em Limit ($3/$6 USD) - 2016/07/15 16:10:21 ET
Table 'Kobresia III' 6-max Seat #4 is the button
Seat 3: rttattar ($13.56 in chips)
Seat 4: AzureCaper ($124.56 in chips)
AzureCaper: posts small blind $1
rttattar: posts big blind $3
*** HOLE CARDS ***
AzureCaper: raises $3 to $6
rttattar: calls $3
*** FLOP *** [8c Qh 4d]
rttattar: bets $3
AzureCaper: calls $3
*** TURN *** [8c Qh 4d] [2c]
rttattar: bets $4.56 and is all-in
AzureCaper: calls $4.56
*** RIVER *** [8c Qh 4d 2c] [6d]
*** SHOW DOWN ***
rttattar: shows [5h Qd] (a pair of Queens)
AzureCaper: shows [Ah Td] (high card Ace)
rttattar collected $26.62 from pot
*** SUMMARY ***
Total pot $27.12 | Rake $0.50
Board [8c Qh 4d 2c 6d]
Seat 3: rttattar (big blind) showed [5h Qd] and won ($26.62) with a pair of Queens
Seat 4: AzureCaper (button) (small blind) showed [Ah Td] and lost with high card Ace


PokerStars Hand #156011982547:  Hold'em Limit ($3/$6 USD) - 2016/07/15 16:10:42 ET
Table 'Kobresia III' 6-max Seat #4 is the button
Seat 3: rttattar ($29.62 in chips)
Seat 4: AzureCaper ($108 in chips)
AzureCaper: posts small blind $1
rttattar: posts big blind $3
*** HOLE CARDS ***
AzureCaper: folds
Uncalled bet ($2) returned to rttattar
rttattar collected $2 from pot
rttattar: doesn't show hand
*** SUMMARY ***
Total pot $2 | Rake $0
Seat 3: rttattar (big blind) collected ($2)
Seat 4: AzureCaper (button) (small blind) folded before Flop


PokerStars Hand #156011986106:  Hold'em Limit ($3/$6 USD) - 2016/07/15 16:10:46 ET
Table 'Kobresia III' 6-max Seat #3 is the button
Seat 3: rttattar ($30.62 in chips)
Seat 4: AzureCaper ($107 in chips)
rttattar: posts small blind $1
AzureCaper: posts big blind $3
*** HOLE CARDS ***
rttattar: raises $3 to $6
AzureCaper: calls $3
*** FLOP *** [6c 7s 7h]
AzureCaper: checks
rttattar: checks
*** TURN *** [6c 7s 7h] [Kd]
AzureCaper: bets $6
rttattar: calls $6
*** RIVER *** [6c 7s 7h Kd] [Qh]
AzureCaper: bets $6
rttattar: calls $6
*** SHOW DOWN ***
AzureCaper: shows [9d 7d] (three of a kind, Sevens)
rttattar: mucks hand
AzureCaper collected $35.50 from pot
*** SUMMARY ***
Total pot $36 | Rake $0.50
Board [6c 7s 7h Kd Qh]
Seat 3: rttattar (button) (small blind) mucked
Seat 4: AzureCaper (big blind) showed [9d 7d] and won ($35.50) with three of a kind, Sevens


PokerStars Hand #156011998563:  Hold'em Limit ($3/$6 USD) - 2016/07/15 16:11:03 ET
Table 'Kobresia III' 6-max Seat #4 is the button
Seat 3: rttattar ($12.62 in chips)
Seat 4: AzureCaper ($124.50 in chips)
AzureCaper: posts small blind $1
rttattar: posts big blind $3
*** HOLE CARDS ***
AzureCaper: raises $3 to $6
rttattar: calls $3
*** FLOP *** [Td 6c 4s]
rttattar: bets $3
AzureCaper: calls $3
*** TURN *** [Td 6c 4s] [4d]
rttattar: bets $3.62 and is all-in
AzureCaper: calls $3.62
*** RIVER *** [Td 6c 4s 4d] [9d]
*** SHOW DOWN ***
rttattar: shows [8c 5h] (a pair of Fours)
AzureCaper: shows [Ad Qs] (a pair of Fours - Ace kicker)
AzureCaper collected $24.74 from pot
*** SUMMARY ***
Total pot $25.24 | Rake $0.50
Board [Td 6c 4s 4d 9d]
Seat 3: rttattar (big blind) showed [8c 5h] and lost with a pair of Fours
Seat 4: AzureCaper (button) (small blind) showed [Ad Qs] and won ($24.74) with a pair of Fours


