PokerStars Hand #161073867387:  Hold'em Limit ($3/$6 USD) - 2016/11/07 22:00:15 ET
Table 'Kochab' 6-max Seat #6 is the button
Seat 1: Velbor107 ($300 in chips)
Seat 6: barranqueiro ($132.90 in chips)
barranqueiro: posts small blind $1
Velbor107: posts big blind $3
*** HOLE CARDS ***
barranqueiro: raises $3 to $6
Velbor107: raises $3 to $9
barranqueiro: calls $3
*** FLOP *** [5h Jd 8d]
Velbor107: bets $3
barranqueiro: raises $3 to $6
Velbor107: calls $3
*** TURN *** [5h Jd 8d] [3s]
Velbor107: checks
barranqueiro: bets $6
Velbor107: calls $6
*** RIVER *** [5h Jd 8d 3s] [6s]
Velbor107: checks
barranqueiro: bets $6
Velbor107: calls $6
*** SHOW DOWN ***
barranqueiro: shows [Td Kc] (high card King)
Velbor107: shows [Kd Ac] (high card Ace)
Velbor107 collected $53.50 from pot
*** SUMMARY ***
Total pot $54 | Rake $0.50
Board [5h Jd 8d 3s 6s]
Seat 1: Velbor107 (big blind) showed [Kd Ac] and won ($53.50) with high card Ace
Seat 6: barranqueiro (button) (small blind) showed [Td Kc] and lost with high card King


PokerStars Hand #161073881215:  Hold'em Limit ($3/$6 USD) - 2016/11/07 22:00:56 ET
Table 'Kochab' 6-max Seat #1 is the button
Seat 1: Velbor107 ($326.50 in chips)
Seat 6: barranqueiro ($105.90 in chips)
Velbor107: posts small blind $1
barranqueiro: posts big blind $3
*** HOLE CARDS ***
Velbor107: folds
Uncalled bet ($2) returned to barranqueiro
barranqueiro collected $2 from pot
*** SUMMARY ***
Total pot $2 | Rake $0
Seat 1: Velbor107 (button) (small blind) folded before Flop
Seat 6: barranqueiro (big blind) collected ($2)


PokerStars Hand #161073891465:  Hold'em Limit ($3/$6 USD) - 2016/11/07 22:01:25 ET
Table 'Kochab' 6-max Seat #1 is the button
Seat 1: Velbor107 ($315.50 in chips)
Seat 6: barranqueiro ($116.66 in chips)
Velbor107: posts small blind $1
barranqueiro: posts big blind $3
*** HOLE CARDS ***
Velbor107: raises $3 to $6
barranqueiro: calls $3
*** FLOP *** [6s Qd 4d]
barranqueiro: checks
Velbor107: checks
*** TURN *** [6s Qd 4d] [4c]
barranqueiro: bets $6
Velbor107: folds
Uncalled bet ($6) returned to barranqueiro
barranqueiro collected $11.76 from pot
*** SUMMARY ***
Total pot $12 | Rake $0.24
Board [6s Qd 4d 4c]
Seat 1: Velbor107 (button) (small blind) folded on the Turn
Seat 6: barranqueiro (big blind) collected ($11.76)


PokerStars Hand #161073885412:  Hold'em Limit ($3/$6 USD) - 2016/11/07 22:01:08 ET
Table 'Kochab' 6-max Seat #1 is the button
Seat 1: Velbor107 ($322.50 in chips)
Seat 6: barranqueiro ($109.90 in chips)
Velbor107: posts small blind $1
barranqueiro: posts big blind $3
*** HOLE CARDS ***
Velbor107: folds
Uncalled bet ($2) returned to barranqueiro
barranqueiro collected $2 from pot
*** SUMMARY ***
Total pot $2 | Rake $0
Seat 1: Velbor107 (button) (small blind) folded before Flop
Seat 6: barranqueiro (big blind) collected ($2)


PokerStars Hand #161073883420:  Hold'em Limit ($3/$6 USD) - 2016/11/07 22:01:03 ET
Table 'Kochab' 6-max Seat #6 is the button
Seat 1: Velbor107 ($325.50 in chips)
Seat 6: barranqueiro ($106.90 in chips)
barranqueiro: posts small blind $1
Velbor107: posts big blind $3
*** HOLE CARDS ***
barranqueiro: raises $3 to $6
Velbor107: folds
Uncalled bet ($3) returned to barranqueiro
barranqueiro collected $6 from pot
*** SUMMARY ***
Total pot $6 | Rake $0
Seat 1: Velbor107 (big blind) folded before Flop
Seat 6: barranqueiro (button) (small blind) collected ($6)


PokerStars Hand #161073887491:  Hold'em Limit ($3/$6 USD) - 2016/11/07 22:01:14 ET
Table 'Kochab' 6-max Seat #6 is the button
Seat 1: Velbor107 ($321.50 in chips)
Seat 6: barranqueiro ($110.90 in chips)
barranqueiro: posts small blind $1
Velbor107: posts big blind $3
*** HOLE CARDS ***
barranqueiro: raises $3 to $6
Velbor107: calls $3
*** FLOP *** [6d 9d Ah]
Velbor107: checks
barranqueiro: bets $3
Velbor107: folds
Uncalled bet ($3) returned to barranqueiro
barranqueiro collected $11.76 from pot
*** SUMMARY ***
Total pot $12 | Rake $0.24
Board [6d 9d Ah]
Seat 1: Velbor107 (big blind) folded on the Flop
Seat 6: barranqueiro (button) (small blind) collected ($11.76)


PokerStars Hand #161073908288:  Hold'em Limit ($3/$6 USD) - 2016/11/07 22:02:11 ET
Table 'Kochab' 6-max Seat #1 is the button
Seat 1: Velbor107 ($282.50 in chips)
Seat 6: barranqueiro ($148.92 in chips)
Velbor107: posts small blind $1
barranqueiro: posts big blind $3
*** HOLE CARDS ***
Velbor107: raises $3 to $6
barranqueiro: calls $3
*** FLOP *** [9c Td Qc]
barranqueiro: checks
Velbor107: bets $3
barranqueiro: calls $3
*** TURN *** [9c Td Qc] [8h]
barranqueiro: checks
Velbor107: checks
*** RIVER *** [9c Td Qc 8h] [4d]
barranqueiro: checks
Velbor107: bets $6
barranqueiro: calls $6
*** SHOW DOWN ***
Velbor107: shows [Qd Ad] (a pair of Queens)
barranqueiro: mucks hand
Velbor107 collected $29.50 from pot
*** SUMMARY ***
Total pot $30 | Rake $0.50
Board [9c Td Qc 8h 4d]
Seat 1: Velbor107 (button) (small blind) showed [Qd Ad] and won ($29.50) with a pair of Queens
Seat 6: barranqueiro (big blind) mucked


PokerStars Hand #161073898325:  Hold'em Limit ($3/$6 USD) - 2016/11/07 22:01:44 ET
Table 'Kochab' 6-max Seat #6 is the button
Seat 1: Velbor107 ($309.50 in chips)
Seat 6: barranqueiro ($122.42 in chips)
barranqueiro: posts small blind $1
Velbor107: posts big blind $3
*** HOLE CARDS ***
barranqueiro: raises $3 to $6
Velbor107: calls $3
*** FLOP *** [2s Tc Kc]
Velbor107: checks
barranqueiro: bets $3
Velbor107: calls $3
*** TURN *** [2s Tc Kc] [4s]
Velbor107: checks
barranqueiro: bets $6
Velbor107: calls $6
*** RIVER *** [2s Tc Kc 4s] [Ac]
Velbor107: bets $6
barranqueiro: raises $6 to $12
Velbor107: calls $6
*** SHOW DOWN ***
barranqueiro: shows [Js Qc] (a straight, Ten to Ace)
Velbor107: mucks hand
barranqueiro collected $53.50 from pot
*** SUMMARY ***
Total pot $54 | Rake $0.50
Board [2s Tc Kc 4s Ac]
Seat 1: Velbor107 (big blind) mucked
Seat 6: barranqueiro (button) (small blind) showed [Js Qc] and won ($53.50) with a straight, Ten to Ace


PokerStars Hand #161073918245:  Hold'em Limit ($3/$6 USD) - 2016/11/07 22:02:37 ET
Table 'Kochab' 6-max Seat #6 is the button
Seat 1: Velbor107 ($297 in chips)
Seat 6: barranqueiro ($133.92 in chips)
barranqueiro: posts small blind $1
Velbor107: posts big blind $3
*** HOLE CARDS ***
barranqueiro: raises $3 to $6
Velbor107: calls $3
*** FLOP *** [8h 7h Ac]
Velbor107: checks
barranqueiro: bets $3
Velbor107: calls $3
*** TURN *** [8h 7h Ac] [2h]
Velbor107: checks
barranqueiro: checks
*** RIVER *** [8h 7h Ac 2h] [3s]
Velbor107: bets $6
barranqueiro: calls $6
*** SHOW DOWN ***
Velbor107: shows [7c 6c] (a pair of Sevens)
barranqueiro: mucks hand
Velbor107 collected $29.50 from pot
*** SUMMARY ***
Total pot $30 | Rake $0.50
Board [8h 7h Ac 2h 3s]
Seat 1: Velbor107 (big blind) showed [7c 6c] and won ($29.50) with a pair of Sevens
Seat 6: barranqueiro (button) (small blind) mucked


PokerStars Hand #161073934576:  Hold'em Limit ($3/$6 USD) - 2016/11/07 22:03:21 ET
Table 'Kochab' 6-max Seat #1 is the button
Seat 1: Velbor107 ($311.50 in chips)
Seat 6: barranqueiro ($118.92 in chips)
Velbor107: posts small blind $1
barranqueiro: posts big blind $3
*** HOLE CARDS ***
Velbor107: folds
Uncalled bet ($2) returned to barranqueiro
barranqueiro collected $2 from pot
*** SUMMARY ***
Total pot $2 | Rake $0
Seat 1: Velbor107 (button) (small blind) folded before Flop
Seat 6: barranqueiro (big blind) collected ($2)


PokerStars Hand #161073954188:  Hold'em Limit ($3/$6 USD) - 2016/11/07 22:04:14 ET
Table 'Kochab' 6-max Seat #1 is the button
Seat 1: Velbor107 ($292.50 in chips)
Seat 6: barranqueiro ($137.42 in chips)
Velbor107: posts small blind $1
barranqueiro: posts big blind $3
*** HOLE CARDS ***
Velbor107: raises $3 to $6
barranqueiro: calls $3
*** FLOP *** [4c 9d Kh]
barranqueiro: bets $3
Velbor107: calls $3
*** TURN *** [4c 9d Kh] [4h]
barranqueiro: bets $6
Velbor107: calls $6
*** RIVER *** [4c 9d Kh 4h] [Jh]
barranqueiro: checks
Velbor107: checks
*** SHOW DOWN ***
barranqueiro: shows [Qs 8h] (a pair of Fours)
Velbor107: shows [Ac 8s] (a pair of Fours - Ace kicker)
Velbor107 collected $29.50 from pot
*** SUMMARY ***
Total pot $30 | Rake $0.50
Board [4c 9d Kh 4h Jh]
Seat 1: Velbor107 (button) (small blind) showed [Ac 8s] and won ($29.50) with a pair of Fours
Seat 6: barranqueiro (big blind) showed [Qs 8h] and lost with a pair of Fours


PokerStars Hand #161073965603:  Hold'em Limit ($3/$6 USD) - 2016/11/07 22:04:45 ET
Table 'Kochab' 6-max Seat #6 is the button
Seat 1: Velbor107 ($307 in chips)
Seat 6: barranqueiro ($122.42 in chips)
barranqueiro: posts small blind $1
Velbor107: posts big blind $3
*** HOLE CARDS ***
barranqueiro: raises $3 to $6
Velbor107: folds
Uncalled bet ($3) returned to barranqueiro
barranqueiro collected $6 from pot
*** SUMMARY ***
Total pot $6 | Rake $0
Seat 1: Velbor107 (big blind) folded before Flop
Seat 6: barranqueiro (button) (small blind) collected ($6)


PokerStars Hand #161073939566:  Hold'em Limit ($3/$6 USD) - 2016/11/07 22:03:35 ET
Table 'Kochab' 6-max Seat #6 is the button
Seat 1: Velbor107 ($310.50 in chips)
Seat 6: barranqueiro ($119.92 in chips)
barranqueiro: posts small blind $1
Velbor107: posts big blind $3
*** HOLE CARDS ***
barranqueiro: raises $3 to $6
Velbor107: calls $3
*** FLOP *** [Ts 6s 4d]
Velbor107: checks
barranqueiro: bets $3
Velbor107: raises $3 to $6
barranqueiro: calls $3
*** TURN *** [Ts 6s 4d] [Qd]
Velbor107: bets $6
barranqueiro: calls $6
*** RIVER *** [Ts 6s 4d Qd] [7c]
Velbor107: checks
barranqueiro: checks
*** SHOW DOWN ***
Velbor107: shows [Kh 6h] (a pair of Sixes)
barranqueiro: shows [7s 9c] (a pair of Sevens)
barranqueiro collected $35.50 from pot
*** SUMMARY ***
Total pot $36 | Rake $0.50
Board [Ts 6s 4d Qd 7c]
Seat 1: Velbor107 (big blind) showed [Kh 6h] and lost with a pair of Sixes
Seat 6: barranqueiro (button) (small blind) showed [7s 9c] and won ($35.50) with a pair of Sevens


PokerStars Hand #161073974465:  Hold'em Limit ($3/$6 USD) - 2016/11/07 22:05:09 ET
Table 'Kochab' 6-max Seat #6 is the button
Seat 1: Velbor107 ($309.76 in chips)
Seat 6: barranqueiro ($119.42 in chips)
barranqueiro: posts small blind $1
Velbor107: posts big blind $3
*** HOLE CARDS ***
barranqueiro: raises $3 to $6
Velbor107: calls $3
*** FLOP *** [5d 3h Qd]
Velbor107: checks
barranqueiro: bets $3
Velbor107: raises $3 to $6
barranqueiro: calls $3
*** TURN *** [5d 3h Qd] [8h]
Velbor107: bets $6
barranqueiro: raises $6 to $12
Velbor107: calls $6
*** RIVER *** [5d 3h Qd 8h] [Kh]
Velbor107: checks
barranqueiro: checks
*** SHOW DOWN ***
Velbor107: shows [Qc 4s] (a pair of Queens)
barranqueiro: mucks hand
Velbor107 collected $47.50 from pot
*** SUMMARY ***
Total pot $48 | Rake $0.50
Board [5d 3h Qd 8h Kh]
Seat 1: Velbor107 (big blind) showed [Qc 4s] and won ($47.50) with a pair of Queens
Seat 6: barranqueiro (button) (small blind) mucked


PokerStars Hand #161073988054:  Hold'em Limit ($3/$6 USD) - 2016/11/07 22:05:46 ET
Table 'Kochab' 6-max Seat #1 is the button
Seat 1: Velbor107 ($333.26 in chips)
Seat 6: barranqueiro ($95.42 in chips)
Velbor107: posts small blind $1
barranqueiro: posts big blind $3
*** HOLE CARDS ***
Velbor107: folds
Uncalled bet ($2) returned to barranqueiro
barranqueiro collected $2 from pot
barranqueiro: doesn't show hand
*** SUMMARY ***
Total pot $2 | Rake $0
Seat 1: Velbor107 (button) (small blind) folded before Flop
Seat 6: barranqueiro (big blind) collected ($2)


PokerStars Hand #161073967678:  Hold'em Limit ($3/$6 USD) - 2016/11/07 22:04:51 ET
Table 'Kochab' 6-max Seat #1 is the button
Seat 1: Velbor107 ($304 in chips)
Seat 6: barranqueiro ($125.42 in chips)
Velbor107: posts small blind $1
barranqueiro: posts big blind $3
*** HOLE CARDS ***
Velbor107: raises $3 to $6
barranqueiro: calls $3
*** FLOP *** [8h As Jc]
barranqueiro: checks
Velbor107: bets $3
barranqueiro: folds
Uncalled bet ($3) returned to Velbor107
Velbor107 collected $11.76 from pot
*** SUMMARY ***
Total pot $12 | Rake $0.24
Board [8h As Jc]
Seat 1: Velbor107 (button) (small blind) collected ($11.76)
Seat 6: barranqueiro (big blind) folded on the Flop


PokerStars Hand #161073989811:  Hold'em Limit ($3/$6 USD) - 2016/11/07 22:05:51 ET
Table 'Kochab' 6-max Seat #6 is the button
Seat 1: Velbor107 ($332.26 in chips)
Seat 6: barranqueiro ($96.42 in chips)
barranqueiro: posts small blind $1
Velbor107: posts big blind $3
*** HOLE CARDS ***
barranqueiro: raises $3 to $6
Velbor107: calls $3
*** FLOP *** [7s Kd 9c]
Velbor107: checks
barranqueiro: bets $3
Velbor107: raises $3 to $6
barranqueiro: calls $3
*** TURN *** [7s Kd 9c] [Kh]
Velbor107: bets $6
barranqueiro: calls $6
*** RIVER *** [7s Kd 9c Kh] [2d]
Velbor107: bets $6
barranqueiro: calls $6
*** SHOW DOWN ***
Velbor107: shows [Ks 4s] (three of a kind, Kings)
barranqueiro: mucks hand
Velbor107 collected $47.50 from pot
*** SUMMARY ***
Total pot $48 | Rake $0.50
Board [7s Kd 9c Kh 2d]
Seat 1: Velbor107 (big blind) showed [Ks 4s] and won ($47.50) with three of a kind, Kings
Seat 6: barranqueiro (button) (small blind) mucked


PokerStars Hand #161074000031:  Hold'em Limit ($3/$6 USD) - 2016/11/07 22:06:18 ET
Table 'Kochab' 6-max Seat #1 is the button
Seat 1: Velbor107 ($355.76 in chips)
Seat 6: barranqueiro ($72.42 in chips)
Velbor107: posts small blind $1
barranqueiro: posts big blind $3
*** HOLE CARDS ***
Velbor107: raises $3 to $6
barranqueiro: calls $3
*** FLOP *** [Jd 3h Tc]
barranqueiro: checks
Velbor107: checks
*** TURN *** [Jd 3h Tc] [2d]
barranqueiro: bets $6
Velbor107: calls $6
*** RIVER *** [Jd 3h Tc 2d] [7d]
barranqueiro: bets $6
Velbor107: folds
Uncalled bet ($6) returned to barranqueiro
barranqueiro collected $23.52 from pot
*** SUMMARY ***
Total pot $24 | Rake $0.48
Board [Jd 3h Tc 2d 7d]
Seat 1: Velbor107 (button) (small blind) folded on the River
Seat 6: barranqueiro (big blind) collected ($23.52)


PokerStars Hand #161074015435:  Hold'em Limit ($3/$6 USD) - 2016/11/07 22:07:00 ET
Table 'Kochab' 6-max Seat #6 is the button
Seat 1: Velbor107 ($343.76 in chips)
Seat 6: barranqueiro ($83.94 in chips)
barranqueiro: posts small blind $1
Velbor107: posts big blind $3
*** HOLE CARDS ***
barranqueiro: raises $3 to $6
Velbor107: calls $3
*** FLOP *** [2c 5d Jc]
Velbor107: checks
barranqueiro: bets $3
Velbor107: raises $3 to $6
barranqueiro: raises $3 to $9
Velbor107: calls $3
*** TURN *** [2c 5d Jc] [3d]
Velbor107: checks
barranqueiro: bets $6
Velbor107: calls $6
*** RIVER *** [2c 5d Jc 3d] [Qd]
Velbor107: checks
barranqueiro: bets $6
Velbor107: raises $6 to $12
barranqueiro: raises $6 to $18
Velbor107: raises $6 to $24
Betting is capped
barranqueiro: calls $6
*** SHOW DOWN ***
Velbor107: shows [8d 2d] (a flush, Queen high)
barranqueiro: mucks hand
Velbor107 collected $89.50 from pot
*** SUMMARY ***
Total pot $90 | Rake $0.50
Board [2c 5d Jc 3d Qd]
Seat 1: Velbor107 (big blind) showed [8d 2d] and won ($89.50) with a flush, Queen high
Seat 6: barranqueiro (button) (small blind) mucked


PokerStars Hand #161074038298:  Hold'em Limit ($3/$6 USD) - 2016/11/07 22:08:02 ET
Table 'Kochab' 6-max Seat #6 is the button
Seat 1: Velbor107 ($370.26 in chips)
Seat 6: barranqueiro ($56.44 in chips)
barranqueiro: posts small blind $1
Velbor107: posts big blind $3
*** HOLE CARDS ***
barranqueiro: raises $3 to $6
Velbor107: folds
Uncalled bet ($3) returned to barranqueiro
barranqueiro collected $6 from pot
*** SUMMARY ***
Total pot $6 | Rake $0
Seat 1: Velbor107 (big blind) folded before Flop
Seat 6: barranqueiro (button) (small blind) collected ($6)


PokerStars Hand #161074030321:  Hold'em Limit ($3/$6 USD) - 2016/11/07 22:07:40 ET
Table 'Kochab' 6-max Seat #1 is the button
Seat 1: Velbor107 ($388.26 in chips)
Seat 6: barranqueiro ($38.94 in chips)
Velbor107: posts small blind $1
barranqueiro: posts big blind $3
*** HOLE CARDS ***
Velbor107: raises $3 to $6
barranqueiro: calls $3
*** FLOP *** [As 2h 8c]
barranqueiro: bets $3
Velbor107: raises $3 to $6
barranqueiro: calls $3
*** TURN *** [As 2h 8c] [4c]
barranqueiro: checks
Velbor107: bets $6
barranqueiro: calls $6
*** RIVER *** [As 2h 8c 4c] [Kd]
barranqueiro: checks
Velbor107: checks
*** SHOW DOWN ***
barranqueiro: shows [8h Ks] (two pair, Kings and Eights)
Velbor107: mucks hand
barranqueiro collected $35.50 from pot
*** SUMMARY ***
Total pot $36 | Rake $0.50
Board [As 2h 8c 4c Kd]
Seat 1: Velbor107 (button) (small blind) mucked
Seat 6: barranqueiro (big blind) showed [8h Ks] and won ($35.50) with two pair, Kings and Eights


PokerStars Hand #161074042444:  Hold'em Limit ($3/$6 USD) - 2016/11/07 22:08:13 ET
Table 'Kochab' 6-max Seat #6 is the button
Seat 1: Velbor107 ($366.26 in chips)
Seat 6: barranqueiro ($60.44 in chips)
barranqueiro: posts small blind $1
Velbor107: posts big blind $3
*** HOLE CARDS ***
barranqueiro: raises $3 to $6
Velbor107: folds
Uncalled bet ($3) returned to barranqueiro
barranqueiro collected $6 from pot
*** SUMMARY ***
Total pot $6 | Rake $0
Seat 1: Velbor107 (big blind) folded before Flop
Seat 6: barranqueiro (button) (small blind) collected ($6)


PokerStars Hand #161074040723:  Hold'em Limit ($3/$6 USD) - 2016/11/07 22:08:08 ET
Table 'Kochab' 6-max Seat #1 is the button
Seat 1: Velbor107 ($367.26 in chips)
Seat 6: barranqueiro ($59.44 in chips)
Velbor107: posts small blind $1
barranqueiro: posts big blind $3
*** HOLE CARDS ***
Velbor107: folds
Uncalled bet ($2) returned to barranqueiro
barranqueiro collected $2 from pot
*** SUMMARY ***
Total pot $2 | Rake $0
Seat 1: Velbor107 (button) (small blind) folded before Flop
Seat 6: barranqueiro (big blind) collected ($2)


PokerStars Hand #161074044392:  Hold'em Limit ($3/$6 USD) - 2016/11/07 22:08:19 ET
Table 'Kochab' 6-max Seat #1 is the button
Seat 1: Velbor107 ($363.26 in chips)
Seat 6: barranqueiro ($63.44 in chips)
Velbor107: posts small blind $1
barranqueiro: posts big blind $3
*** HOLE CARDS ***
Velbor107: raises $3 to $6
barranqueiro: raises $3 to $9
Velbor107: calls $3
*** FLOP *** [2h 5d Jd]
barranqueiro: bets $3
Velbor107: calls $3
*** TURN *** [2h 5d Jd] [9c]
barranqueiro: bets $6
Velbor107: calls $6
*** RIVER *** [2h 5d Jd 9c] [Qd]
barranqueiro: bets $6
Velbor107: folds
Uncalled bet ($6) returned to barranqueiro
barranqueiro collected $35.50 from pot
*** SUMMARY ***
Total pot $36 | Rake $0.50
Board [2h 5d Jd 9c Qd]
Seat 1: Velbor107 (button) (small blind) folded on the River
Seat 6: barranqueiro (big blind) collected ($35.50)


PokerStars Hand #161074053192:  Hold'em Limit ($3/$6 USD) - 2016/11/07 22:08:43 ET
Table 'Kochab' 6-max Seat #6 is the button
Seat 1: Velbor107 ($345.26 in chips)
Seat 6: barranqueiro ($80.94 in chips)
barranqueiro: posts small blind $1
Velbor107: posts big blind $3
*** HOLE CARDS ***
barranqueiro: raises $3 to $6
Velbor107: calls $3
*** FLOP *** [Qh Qd 2c]
Velbor107: checks
barranqueiro: bets $3
Velbor107: calls $3
*** TURN *** [Qh Qd 2c] [Ac]
Velbor107: checks
barranqueiro: bets $6
Velbor107: raises $6 to $12
barranqueiro: calls $6
*** RIVER *** [Qh Qd 2c Ac] [9d]
Velbor107: checks
barranqueiro: bets $6
Velbor107: folds
Uncalled bet ($6) returned to barranqueiro
barranqueiro collected $41.50 from pot
*** SUMMARY ***
Total pot $42 | Rake $0.50
Board [Qh Qd 2c Ac 9d]
Seat 1: Velbor107 (big blind) folded on the River
Seat 6: barranqueiro (button) (small blind) collected ($41.50)


PokerStars Hand #161074063128:  Hold'em Limit ($3/$6 USD) - 2016/11/07 22:09:10 ET
Table 'Kochab' 6-max Seat #1 is the button
Seat 1: Velbor107 ($324.26 in chips)
Seat 6: barranqueiro ($101.44 in chips)
Velbor107: posts small blind $1
barranqueiro: posts big blind $3
*** HOLE CARDS ***
Velbor107: raises $3 to $6
barranqueiro: raises $3 to $9
Velbor107: calls $3
*** FLOP *** [Js Qs Qd]
barranqueiro: bets $3
Velbor107: calls $3
*** TURN *** [Js Qs Qd] [Tc]
barranqueiro: bets $6
Velbor107: calls $6
*** RIVER *** [Js Qs Qd Tc] [3c]
barranqueiro: checks
Velbor107: checks
*** SHOW DOWN ***
barranqueiro: shows [Ad 7d] (a pair of Queens)
Velbor107: shows [Ah 7s] (a pair of Queens)
barranqueiro collected $17.75 from pot
Velbor107 collected $17.75 from pot
*** SUMMARY ***
Total pot $36 | Rake $0.50
Board [Js Qs Qd Tc 3c]
Seat 1: Velbor107 (button) (small blind) showed [Ah 7s] and won ($17.75) with a pair of Queens
Seat 6: barranqueiro (big blind) showed [Ad 7d] and won ($17.75) with a pair of Queens


PokerStars Hand #161074071653:  Hold'em Limit ($3/$6 USD) - 2016/11/07 22:09:33 ET
Table 'Kochab' 6-max Seat #6 is the button
Seat 1: Velbor107 ($324.01 in chips)
Seat 6: barranqueiro ($101.19 in chips)
barranqueiro: posts small blind $1
Velbor107: posts big blind $3
*** HOLE CARDS ***
barranqueiro: raises $3 to $6
Velbor107: calls $3
*** FLOP *** [5d 6c 3s]
Velbor107: checks
barranqueiro: checks
*** TURN *** [5d 6c 3s] [Qh]
Velbor107: bets $6
barranqueiro: calls $6
*** RIVER *** [5d 6c 3s Qh] [4s]
Velbor107: bets $6
barranqueiro: raises $6 to $12
Velbor107: calls $6
*** SHOW DOWN ***
barranqueiro: shows [8h 2c] (a straight, Deuce to Six)
Velbor107: shows [9s 7d] (a straight, Three to Seven)
Velbor107 collected $47.50 from pot
*** SUMMARY ***
Total pot $48 | Rake $0.50
Board [5d 6c 3s Qh 4s]
Seat 1: Velbor107 (big blind) showed [9s 7d] and won ($47.50) with a straight, Three to Seven
Seat 6: barranqueiro (button) (small blind) showed [8h 2c] and lost with a straight, Deuce to Six


PokerStars Hand #161074079466:  Hold'em Limit ($3/$6 USD) - 2016/11/07 22:09:55 ET
Table 'Kochab' 6-max Seat #1 is the button
Seat 1: Velbor107 ($347.51 in chips)
Seat 6: barranqueiro ($77.19 in chips)
Velbor107: posts small blind $1
barranqueiro: posts big blind $3
*** HOLE CARDS ***
Velbor107: raises $3 to $6
barranqueiro: raises $3 to $9
Velbor107: calls $3
*** FLOP *** [5c 8s Qd]
barranqueiro: bets $3
Velbor107: calls $3
*** TURN *** [5c 8s Qd] [4d]
barranqueiro: bets $6
Velbor107: raises $6 to $12
barranqueiro: calls $6
*** RIVER *** [5c 8s Qd 4d] [Qc]
barranqueiro: checks
Velbor107: bets $6
barranqueiro: calls $6
*** SHOW DOWN ***
Velbor107: shows [Kd Qs] (three of a kind, Queens)
barranqueiro: mucks hand
Velbor107 collected $59.50 from pot
*** SUMMARY ***
Total pot $60 | Rake $0.50
Board [5c 8s Qd 4d Qc]
Seat 1: Velbor107 (button) (small blind) showed [Kd Qs] and won ($59.50) with three of a kind, Queens
Seat 6: barranqueiro (big blind) mucked


PokerStars Hand #161074089028:  Hold'em Limit ($3/$6 USD) - 2016/11/07 22:10:22 ET
Table 'Kochab' 6-max Seat #6 is the button
Seat 1: Velbor107 ($377.01 in chips)
Seat 6: barranqueiro ($47.19 in chips)
barranqueiro: posts small blind $1
Velbor107: posts big blind $3
*** HOLE CARDS ***
barranqueiro: raises $3 to $6
Velbor107: raises $3 to $9
barranqueiro: raises $3 to $12
Betting is capped
Velbor107: calls $3
*** FLOP *** [Qh 4h As]
Velbor107: checks
barranqueiro: bets $3
Velbor107: folds
Uncalled bet ($3) returned to barranqueiro
barranqueiro collected $23.52 from pot
*** SUMMARY ***
Total pot $24 | Rake $0.48
Board [Qh 4h As]
Seat 1: Velbor107 (big blind) folded on the Flop
Seat 6: barranqueiro (button) (small blind) collected ($23.52)


PokerStars Hand #161074095504:  Hold'em Limit ($3/$6 USD) - 2016/11/07 22:10:40 ET
Table 'Kochab' 6-max Seat #1 is the button
Seat 1: Velbor107 ($365.01 in chips)
Seat 6: barranqueiro ($58.71 in chips)
Velbor107: posts small blind $1
barranqueiro: posts big blind $3
*** HOLE CARDS ***
Velbor107: raises $3 to $6
barranqueiro: calls $3
*** FLOP *** [Kh 2d 9s]
barranqueiro: checks
Velbor107: bets $3
barranqueiro: calls $3
*** TURN *** [Kh 2d 9s] [Kd]
barranqueiro: checks
Velbor107: checks
*** RIVER *** [Kh 2d 9s Kd] [As]
barranqueiro: checks
Velbor107: bets $6
barranqueiro: calls $6
*** SHOW DOWN ***
Velbor107: shows [8h 7d] (a pair of Kings)
barranqueiro: shows [Jh 2c] (two pair, Kings and Deuces)
barranqueiro collected $29.50 from pot
*** SUMMARY ***
Total pot $30 | Rake $0.50
Board [Kh 2d 9s Kd As]
Seat 1: Velbor107 (button) (small blind) showed [8h 7d] and lost with a pair of Kings
Seat 6: barranqueiro (big blind) showed [Jh 2c] and won ($29.50) with two pair, Kings and Deuces


PokerStars Hand #161074113425:  Hold'em Limit ($3/$6 USD) - 2016/11/07 22:11:06 ET
Table 'Kochab' 6-max Seat #6 is the button
Seat 1: Velbor107 ($350.01 in chips)
Seat 6: barranqueiro ($73.21 in chips)
barranqueiro: posts small blind $1
Velbor107: posts big blind $3
*** HOLE CARDS ***
barranqueiro: calls $2
Velbor107: checks
*** FLOP *** [7s 3c 6h]
Velbor107: bets $3
barranqueiro: raises $3 to $6
Velbor107: raises $3 to $9
barranqueiro: calls $3
*** TURN *** [7s 3c 6h] [6d]
Velbor107: bets $6
barranqueiro: calls $6
*** RIVER *** [7s 3c 6h 6d] [3d]
Velbor107: checks
barranqueiro: checks
*** SHOW DOWN ***
Velbor107: shows [7c 2h] (two pair, Sevens and Sixes)
barranqueiro: mucks hand
Velbor107 collected $35.50 from pot
*** SUMMARY ***
Total pot $36 | Rake $0.50
Board [7s 3c 6h 6d 3d]
Seat 1: Velbor107 (big blind) showed [7c 2h] and won ($35.50) with two pair, Sevens and Sixes
Seat 6: barranqueiro (button) (small blind) mucked


PokerStars Hand #161074127587:  Hold'em Limit ($3/$6 USD) - 2016/11/07 22:11:44 ET
Table 'Kochab' 6-max Seat #6 is the button
Seat 1: Velbor107 ($373.27 in chips)
Seat 6: barranqueiro ($49.21 in chips)
barranqueiro: posts small blind $1
Velbor107: posts big blind $3
*** HOLE CARDS ***
barranqueiro: folds
Uncalled bet ($2) returned to Velbor107
Velbor107 collected $2 from pot
*** SUMMARY ***
Total pot $2 | Rake $0
Seat 1: Velbor107 (big blind) collected ($2)
Seat 6: barranqueiro (button) (small blind) folded before Flop


PokerStars Hand #161074123305:  Hold'em Limit ($3/$6 USD) - 2016/11/07 22:11:33 ET
Table 'Kochab' 6-max Seat #1 is the button
Seat 1: Velbor107 ($367.51 in chips)
Seat 6: barranqueiro ($55.21 in chips)
Velbor107: posts small blind $1
barranqueiro: posts big blind $3
*** HOLE CARDS ***
Velbor107: raises $3 to $6
barranqueiro: calls $3
*** FLOP *** [7s Qc Jc]
barranqueiro: checks
Velbor107: bets $3
barranqueiro: folds
Uncalled bet ($3) returned to Velbor107
Velbor107 collected $11.76 from pot
*** SUMMARY ***
Total pot $12 | Rake $0.24
Board [7s Qc Jc]
Seat 1: Velbor107 (button) (small blind) collected ($11.76)
Seat 6: barranqueiro (big blind) folded on the Flop


PokerStars Hand #161074148445:  Hold'em Limit ($3/$6 USD) - 2016/11/07 22:12:43 ET
Table 'Kochab' 6-max Seat #6 is the button
Seat 1: Velbor107 ($356.03 in chips)
Seat 6: barranqueiro ($65.35 in chips)
barranqueiro: posts small blind $1
Velbor107: posts big blind $3
*** HOLE CARDS ***
barranqueiro: calls $2
Velbor107: raises $3 to $6
barranqueiro: calls $3
*** FLOP *** [6d 3h 9d]
Velbor107: bets $3
barranqueiro: calls $3
*** TURN *** [6d 3h 9d] [3c]
Velbor107: checks
barranqueiro: bets $6
Velbor107: calls $6
*** RIVER *** [6d 3h 9d 3c] [Ah]
Velbor107: checks
barranqueiro: bets $6
Velbor107: calls $6
*** SHOW DOWN ***
barranqueiro: shows [3s Jh] (three of a kind, Threes)
Velbor107: mucks hand
barranqueiro collected $41.50 from pot
*** SUMMARY ***
Total pot $42 | Rake $0.50
Board [6d 3h 9d 3c Ah]
Seat 1: Velbor107 (big blind) mucked
Seat 6: barranqueiro (button) (small blind) showed [3s Jh] and won ($41.50) with three of a kind, Threes


PokerStars Hand #161074129376:  Hold'em Limit ($3/$6 USD) - 2016/11/07 22:11:49 ET
Table 'Kochab' 6-max Seat #1 is the button
Seat 1: Velbor107 ($374.27 in chips)
Seat 6: barranqueiro ($48.21 in chips)
Velbor107: posts small blind $1
barranqueiro: posts big blind $3
*** HOLE CARDS ***
Velbor107: raises $3 to $6
barranqueiro: calls $3
*** FLOP *** [4s 5s 3c]
barranqueiro: checks
Velbor107: bets $3
barranqueiro: calls $3
*** TURN *** [4s 5s 3c] [7c]
barranqueiro: checks
Velbor107: checks
*** RIVER *** [4s 5s 3c 7c] [6c]
barranqueiro: bets $6
Velbor107: calls $6
*** SHOW DOWN ***
barranqueiro: shows [Tc 2c] (a flush, Ten high)
Velbor107: mucks hand
barranqueiro collected $29.50 from pot
*** SUMMARY ***
Total pot $30 | Rake $0.50
Board [4s 5s 3c 7c 6c]
Seat 1: Velbor107 (button) (small blind) mucked
Seat 6: barranqueiro (big blind) showed [Tc 2c] and won ($29.50) with a flush, Ten high


PokerStars Hand #161074137779:  Hold'em Limit ($3/$6 USD) - 2016/11/07 22:12:13 ET
Table 'Kochab' 6-max Seat #6 is the button
Seat 1: Velbor107 ($359.27 in chips)
Seat 6: barranqueiro ($62.71 in chips)
barranqueiro: posts small blind $1
Velbor107: posts big blind $3
*** HOLE CARDS ***
barranqueiro: raises $3 to $6
Velbor107: calls $3
*** FLOP *** [Th 4s Jh]
Velbor107: checks
barranqueiro: bets $3
Velbor107: calls $3
*** TURN *** [Th 4s Jh] [Kd]
Velbor107: checks
barranqueiro: checks
*** RIVER *** [Th 4s Jh Kd] [Qc]
Velbor107: checks
barranqueiro: bets $6
Velbor107: folds
Uncalled bet ($6) returned to barranqueiro
barranqueiro collected $17.64 from pot
*** SUMMARY ***
Total pot $18 | Rake $0.36
Board [Th 4s Jh Kd Qc]
Seat 1: Velbor107 (big blind) folded on the River
Seat 6: barranqueiro (button) (small blind) collected ($17.64)


PokerStars Hand #161074144682:  Hold'em Limit ($3/$6 USD) - 2016/11/07 22:12:32 ET
Table 'Kochab' 6-max Seat #1 is the button
Seat 1: Velbor107 ($350.27 in chips)
Seat 6: barranqueiro ($71.35 in chips)
Velbor107: posts small blind $1
barranqueiro: posts big blind $3
*** HOLE CARDS ***
Velbor107: raises $3 to $6
barranqueiro: calls $3
*** FLOP *** [9d Qs 8h]
barranqueiro: checks
Velbor107: bets $3
barranqueiro: folds
Uncalled bet ($3) returned to Velbor107
Velbor107 collected $11.76 from pot
*** SUMMARY ***
Total pot $12 | Rake $0.24
Board [9d Qs 8h]
Seat 1: Velbor107 (button) (small blind) collected ($11.76)
Seat 6: barranqueiro (big blind) folded on the Flop


PokerStars Hand #161074157075:  Hold'em Limit ($3/$6 USD) - 2016/11/07 22:13:07 ET
Table 'Kochab' 6-max Seat #1 is the button
Seat 1: Velbor107 ($335.03 in chips)
Seat 6: barranqueiro ($85.85 in chips)
Velbor107: posts small blind $1
barranqueiro: posts big blind $3
*** HOLE CARDS ***
Velbor107: raises $3 to $6
barranqueiro: folds
Uncalled bet ($3) returned to Velbor107
Velbor107 collected $6 from pot
*** SUMMARY ***
Total pot $6 | Rake $0
Seat 1: Velbor107 (button) (small blind) collected ($6)
Seat 6: barranqueiro (big blind) folded before Flop


PokerStars Hand #161074166324:  Hold'em Limit ($3/$6 USD) - 2016/11/07 22:13:33 ET
Table 'Kochab' 6-max Seat #1 is the button
Seat 1: Velbor107 ($323.03 in chips)
Seat 6: barranqueiro ($97.35 in chips)
Velbor107: posts small blind $1
barranqueiro: posts big blind $3
*** HOLE CARDS ***
Velbor107: raises $3 to $6
barranqueiro: calls $3
*** FLOP *** [3d 5s Ts]
barranqueiro: checks
Velbor107: bets $3
barranqueiro: raises $3 to $6
Velbor107: calls $3
*** TURN *** [3d 5s Ts] [Kh]
barranqueiro: bets $6
Velbor107: calls $6
*** RIVER *** [3d 5s Ts Kh] [3c]
barranqueiro: bets $6
Velbor107: calls $6
*** SHOW DOWN ***
barranqueiro: shows [4c 8s] (a pair of Threes)
Velbor107: shows [Ad Qh] (a pair of Threes - Ace kicker)
Velbor107 collected $47.50 from pot
*** SUMMARY ***
Total pot $48 | Rake $0.50
Board [3d 5s Ts Kh 3c]
Seat 1: Velbor107 (button) (small blind) showed [Ad Qh] and won ($47.50) with a pair of Threes
Seat 6: barranqueiro (big blind) showed [4c 8s] and lost with a pair of Threes


PokerStars Hand #161074159778:  Hold'em Limit ($3/$6 USD) - 2016/11/07 22:13:14 ET
Table 'Kochab' 6-max Seat #6 is the button
Seat 1: Velbor107 ($338.03 in chips)
Seat 6: barranqueiro ($82.85 in chips)
barranqueiro: posts small blind $1
Velbor107: posts big blind $3
*** HOLE CARDS ***
barranqueiro: raises $3 to $6
Velbor107: calls $3
*** FLOP *** [Kd 7c Ks]
Velbor107: checks
barranqueiro: bets $3
Velbor107: calls $3
*** TURN *** [Kd 7c Ks] [2h]
Velbor107: checks
barranqueiro: bets $6
Velbor107: calls $6
*** RIVER *** [Kd 7c Ks 2h] [8s]
Velbor107: checks
barranqueiro: bets $6
Velbor107: folds
Uncalled bet ($6) returned to barranqueiro
barranqueiro collected $29.50 from pot
*** SUMMARY ***
Total pot $30 | Rake $0.50
Board [Kd 7c Ks 2h 8s]
Seat 1: Velbor107 (big blind) folded on the River
Seat 6: barranqueiro (button) (small blind) collected ($29.50)


PokerStars Hand #161074178988:  Hold'em Limit ($3/$6 USD) - 2016/11/07 22:14:09 ET
Table 'Kochab' 6-max Seat #6 is the button
Seat 1: Velbor107 ($346.53 in chips)
Seat 6: barranqueiro ($73.35 in chips)
barranqueiro: posts small blind $1
Velbor107: posts big blind $3
*** HOLE CARDS ***
barranqueiro: raises $3 to $6
Velbor107: calls $3
*** FLOP *** [7c 6c 2s]
Velbor107: checks
barranqueiro: checks
*** TURN *** [7c 6c 2s] [Kd]
Velbor107: bets $6
barranqueiro: raises $6 to $12
Velbor107: calls $6
*** RIVER *** [7c 6c 2s Kd] [6d]
Velbor107: checks
barranqueiro: bets $6
Velbor107: raises $6 to $12
barranqueiro: calls $6
*** SHOW DOWN ***
Velbor107: shows [Th 6s] (three of a kind, Sixes)
barranqueiro: mucks hand
Velbor107 collected $59.50 from pot
*** SUMMARY ***
Total pot $60 | Rake $0.50
Board [7c 6c 2s Kd 6d]
Seat 1: Velbor107 (big blind) showed [Th 6s] and won ($59.50) with three of a kind, Sixes
Seat 6: barranqueiro (button) (small blind) mucked


PokerStars Hand #161074191109:  Hold'em Limit ($3/$6 USD) - 2016/11/07 22:14:44 ET
Table 'Kochab' 6-max Seat #1 is the button
Seat 1: Velbor107 ($376.03 in chips)
Seat 6: barranqueiro ($43.35 in chips)
Velbor107: posts small blind $1
barranqueiro: posts big blind $3
*** HOLE CARDS ***
Velbor107: raises $3 to $6
barranqueiro: calls $3
*** FLOP *** [Qd 7c 3s]
barranqueiro: checks
Velbor107: checks
*** TURN *** [Qd 7c 3s] [5s]
barranqueiro: bets $6
Velbor107: folds
Uncalled bet ($6) returned to barranqueiro
barranqueiro collected $11.76 from pot
*** SUMMARY ***
Total pot $12 | Rake $0.24
Board [Qd 7c 3s 5s]
Seat 1: Velbor107 (button) (small blind) folded on the Turn
Seat 6: barranqueiro (big blind) collected ($11.76)


PokerStars Hand #161074207298:  Hold'em Limit ($3/$6 USD) - 2016/11/07 22:15:30 ET
Table 'Kochab' 6-max Seat #6 is the button
Seat 1: Velbor107 ($392.53 in chips)
Seat 6: barranqueiro ($26.11 in chips)
barranqueiro: posts small blind $1
Velbor107: posts big blind $3
*** HOLE CARDS ***
barranqueiro: raises $3 to $6
Velbor107: calls $3
*** FLOP *** [3d 6h Jh]
Velbor107: checks
barranqueiro: bets $3
Velbor107: folds
Uncalled bet ($3) returned to barranqueiro
barranqueiro collected $11.76 from pot
*** SUMMARY ***
Total pot $12 | Rake $0.24
Board [3d 6h Jh]
Seat 1: Velbor107 (big blind) folded on the Flop
Seat 6: barranqueiro (button) (small blind) collected ($11.76)


PokerStars Hand #161074205546:  Hold'em Limit ($3/$6 USD) - 2016/11/07 22:15:25 ET
Table 'Kochab' 6-max Seat #1 is the button
Seat 1: Velbor107 ($393.53 in chips)
Seat 6: barranqueiro ($25.11 in chips)
Velbor107: posts small blind $1
barranqueiro: posts big blind $3
*** HOLE CARDS ***
Velbor107: folds
Uncalled bet ($2) returned to barranqueiro
barranqueiro collected $2 from pot
barranqueiro: doesn't show hand
*** SUMMARY ***
Total pot $2 | Rake $0
Seat 1: Velbor107 (button) (small blind) folded before Flop
Seat 6: barranqueiro (big blind) collected ($2)


PokerStars Hand #161074197982:  Hold'em Limit ($3/$6 USD) - 2016/11/07 22:15:04 ET
Table 'Kochab' 6-max Seat #6 is the button
Seat 1: Velbor107 ($370.03 in chips)
Seat 6: barranqueiro ($49.11 in chips)
barranqueiro: posts small blind $1
Velbor107: posts big blind $3
*** HOLE CARDS ***
barranqueiro: raises $3 to $6
Velbor107: calls $3
*** FLOP *** [9h 3s 7d]
Velbor107: checks
barranqueiro: bets $3
Velbor107: raises $3 to $6
barranqueiro: calls $3
*** TURN *** [9h 3s 7d] [Th]
Velbor107: bets $6
barranqueiro: calls $6
*** RIVER *** [9h 3s 7d Th] [Ts]
Velbor107: bets $6
barranqueiro: calls $6
*** SHOW DOWN ***
Velbor107: shows [9s 8d] (two pair, Tens and Nines)
barranqueiro: mucks hand
Velbor107 collected $47.50 from pot
*** SUMMARY ***
Total pot $48 | Rake $0.50
Board [9h 3s 7d Th Ts]
Seat 1: Velbor107 (big blind) showed [9s 8d] and won ($47.50) with two pair, Tens and Nines
Seat 6: barranqueiro (button) (small blind) mucked


PokerStars Hand #161074215347:  Hold'em Limit ($3/$6 USD) - 2016/11/07 22:15:53 ET
Table 'Kochab' 6-max Seat #1 is the button
Seat 1: Velbor107 ($386.53 in chips)
Seat 6: barranqueiro ($31.87 in chips)
Velbor107: posts small blind $1
barranqueiro: posts big blind $3
*** HOLE CARDS ***
Velbor107: raises $3 to $6
barranqueiro: calls $3
*** FLOP *** [2s Jd Jh]
barranqueiro: checks
Velbor107: bets $3
barranqueiro: calls $3
*** TURN *** [2s Jd Jh] [6s]
barranqueiro: checks
Velbor107: bets $6
barranqueiro: folds
Uncalled bet ($6) returned to Velbor107
Velbor107 collected $17.64 from pot
*** SUMMARY ***
Total pot $18 | Rake $0.36
Board [2s Jd Jh 6s]
Seat 1: Velbor107 (button) (small blind) collected ($17.64)
Seat 6: barranqueiro (big blind) folded on the Turn


PokerStars Hand #161074234598:  Hold'em Limit ($3/$6 USD) - 2016/11/07 22:16:48 ET
Table 'Kochab' 6-max Seat #1 is the button
Seat 1: Velbor107 ($400.93 in chips)
Seat 6: barranqueiro ($16.87 in chips)
Velbor107: posts small blind $1
barranqueiro: posts big blind $3
*** HOLE CARDS ***
Velbor107: raises $3 to $6
barranqueiro: raises $3 to $9
Velbor107: calls $3
*** FLOP *** [5s 7h 7s]
barranqueiro: bets $3
Velbor107: raises $3 to $6
barranqueiro: raises $1.87 to $7.87 and is all-in
Velbor107: calls $1.87
*** TURN *** [5s 7h 7s] [6d]
*** RIVER *** [5s 7h 7s 6d] [Ac]
*** SHOW DOWN ***
barranqueiro: shows [Kc Kh] (two pair, Kings and Sevens)
Velbor107: shows [Ks Ts] (a pair of Sevens)
barranqueiro collected $33.24 from pot
*** SUMMARY ***
Total pot $33.74 | Rake $0.50
Board [5s 7h 7s 6d Ac]
Seat 1: Velbor107 (button) (small blind) showed [Ks Ts] and lost with a pair of Sevens
Seat 6: barranqueiro (big blind) showed [Kc Kh] and won ($33.24) with two pair, Kings and Sevens


PokerStars Hand #161074227805:  Hold'em Limit ($3/$6 USD) - 2016/11/07 22:16:29 ET
Table 'Kochab' 6-max Seat #6 is the button
Seat 1: Velbor107 ($395.17 in chips)
Seat 6: barranqueiro ($22.87 in chips)
barranqueiro: posts small blind $1
Velbor107: posts big blind $3
*** HOLE CARDS ***
barranqueiro: calls $2
Velbor107: raises $3 to $6
barranqueiro: calls $3
*** FLOP *** [7c Ah 4d]
Velbor107: bets $3
barranqueiro: folds
Uncalled bet ($3) returned to Velbor107
Velbor107 collected $11.76 from pot
*** SUMMARY ***
Total pot $12 | Rake $0.24
Board [7c Ah 4d]
Seat 1: Velbor107 (big blind) collected ($11.76)
Seat 6: barranqueiro (button) (small blind) folded on the Flop


PokerStars Hand #161074246943:  Hold'em Limit ($3/$6 USD) - 2016/11/07 22:17:24 ET
Table 'Kochab' 6-max Seat #1 is the button
Seat 1: Velbor107 ($392.70 in chips)
Seat 6: barranqueiro ($24.24 in chips)
Velbor107: posts small blind $1
barranqueiro: posts big blind $3
*** HOLE CARDS ***
Velbor107: raises $3 to $6
barranqueiro: calls $3
*** FLOP *** [6h Ks Ah]
barranqueiro: checks
Velbor107: bets $3
barranqueiro: raises $3 to $6
Velbor107: folds
Uncalled bet ($3) returned to barranqueiro
barranqueiro collected $17.64 from pot
*** SUMMARY ***
Total pot $18 | Rake $0.36
Board [6h Ks Ah]
Seat 1: Velbor107 (button) (small blind) folded on the Flop
Seat 6: barranqueiro (big blind) collected ($17.64)


PokerStars Hand #161074240567:  Hold'em Limit ($3/$6 USD) - 2016/11/07 22:17:05 ET
Table 'Kochab' 6-max Seat #6 is the button
Seat 1: Velbor107 ($384.06 in chips)
Seat 6: barranqueiro ($33.24 in chips)
barranqueiro: posts small blind $1
Velbor107: posts big blind $3
*** HOLE CARDS ***
barranqueiro: raises $3 to $6
Velbor107: calls $3
*** FLOP *** [9c 7h Kh]
Velbor107: checks
barranqueiro: bets $3
Velbor107: raises $3 to $6
barranqueiro: folds
Uncalled bet ($3) returned to Velbor107
Velbor107 collected $17.64 from pot
*** SUMMARY ***
Total pot $18 | Rake $0.36
Board [9c 7h Kh]
Seat 1: Velbor107 (big blind) collected ($17.64)
Seat 6: barranqueiro (button) (small blind) folded on the Flop


