PokerStars Hand #151994136726:  Hold'em Limit ($3/$6 USD) - 2016/04/16 9:30:03 ET
Table 'Kochera' 6-max Seat #2 is the button
Seat 1: dye111 ($90 in chips)
Seat 2: kolaz03 ($101.26 in chips)
kolaz03: posts small blind $1
dye111: posts big blind $3
*** HOLE CARDS ***
kolaz03: raises $3 to $6
dye111: raises $3 to $9
kolaz03: calls $3
*** FLOP *** [2c 9h Qh]
dye111: bets $3
kolaz03: calls $3
*** TURN *** [2c 9h Qh] [4h]
dye111: bets $6
kolaz03: folds
Uncalled bet ($6) returned to dye111
dye111 collected $23.52 from pot
*** SUMMARY ***
Total pot $24 | Rake $0.48
Board [2c 9h Qh 4h]
Seat 1: dye111 (big blind) collected ($23.52)
Seat 2: kolaz03 (button) (small blind) folded on the Turn


PokerStars Hand #151994124511:  Hold'em Limit ($3/$6 USD) - 2016/04/16 9:29:43 ET
Table 'Kochera' 6-max Seat #1 is the button
Seat 1: dye111 ($114 in chips)
Seat 2: kolaz03 ($77.76 in chips)
dye111: posts small blind $1
kolaz03: posts big blind $3
*** HOLE CARDS ***
dye111: raises $3 to $6
kolaz03: calls $3
*** FLOP *** [Ad 9d 7h]
kolaz03: checks
dye111: bets $3
kolaz03: raises $3 to $6
dye111: calls $3
*** TURN *** [Ad 9d 7h] [8s]
kolaz03: bets $6
dye111: calls $6
*** RIVER *** [Ad 9d 7h 8s] [6s]
kolaz03: bets $6
dye111: calls $6
*** SHOW DOWN ***
kolaz03: shows [As 6c] (two pair, Aces and Sixes)
dye111: mucks hand
kolaz03 collected $47.50 from pot
*** SUMMARY ***
Total pot $48 | Rake $0.50
Board [Ad 9d 7h 8s 6s]
Seat 1: dye111 (button) (small blind) mucked
Seat 2: kolaz03 (big blind) showed [As 6c] and won ($47.50) with two pair, Aces and Sixes


PokerStars Hand #151994106864:  Hold'em Limit ($3/$6 USD) - 2016/04/16 9:29:16 ET
Table 'Kochera' 6-max Seat #2 is the button
Seat 1: dye111 ($120 in chips)
Seat 2: kolaz03 ($72 in chips)
kolaz03: posts small blind $1
VolkovDmitri: is sitting out
dye111: posts big blind $3
*** HOLE CARDS ***
kolaz03: raises $3 to $6
VolkovDmitri leaves the table
dye111: calls $3
*** FLOP *** [Qs 3c 4h]
dye111: checks
kolaz03: bets $3
dye111: folds
Uncalled bet ($3) returned to kolaz03
kolaz03 collected $11.76 from pot
kolaz03: doesn't show hand
*** SUMMARY ***
Total pot $12 | Rake $0.24
Board [Qs 3c 4h]
Seat 1: dye111 (big blind) folded on the Flop
Seat 2: kolaz03 (button) (small blind) collected ($11.76)


PokerStars Hand #151994173169:  Hold'em Limit ($3/$6 USD) - 2016/04/16 9:30:59 ET
Table 'Kochera' 6-max Seat #2 is the button
Seat 1: dye111 ($107.28 in chips)
Seat 2: kolaz03 ($83.26 in chips)
kolaz03: posts small blind $1
dye111: posts big blind $3
*** HOLE CARDS ***
kolaz03: raises $3 to $6
dye111: calls $3
*** FLOP *** [Ad Kh 5h]
dye111: checks
kolaz03: bets $3
dye111: folds
Uncalled bet ($3) returned to kolaz03
kolaz03 collected $11.76 from pot
kolaz03: doesn't show hand
*** SUMMARY ***
Total pot $12 | Rake $0.24
Board [Ad Kh 5h]
Seat 1: dye111 (big blind) folded on the Flop
Seat 2: kolaz03 (button) (small blind) collected ($11.76)


PokerStars Hand #151994151868:  Hold'em Limit ($3/$6 USD) - 2016/04/16 9:30:26 ET
Table 'Kochera' 6-max Seat #1 is the button
Seat 1: dye111 ($101.52 in chips)
Seat 2: kolaz03 ($89.26 in chips)
dye111: posts small blind $1
kolaz03: posts big blind $3
*** HOLE CARDS ***
dye111: raises $3 to $6
kolaz03: calls $3
*** FLOP *** [9d 5c Th]
kolaz03: checks
dye111: checks
*** TURN *** [9d 5c Th] [2d]
kolaz03: checks
dye111: bets $6
kolaz03: folds
Uncalled bet ($6) returned to dye111
dye111 collected $11.76 from pot
*** SUMMARY ***
Total pot $12 | Rake $0.24
Board [9d 5c Th 2d]
Seat 1: dye111 (button) (small blind) collected ($11.76)
Seat 2: kolaz03 (big blind) folded on the Turn


PokerStars Hand #151994207581:  Hold'em Limit ($3/$6 USD) - 2016/04/16 9:31:52 ET
Table 'Kochera' 6-max Seat #1 is the button
Seat 1: dye111 ($94.28 in chips)
Seat 2: kolaz03 ($95.66 in chips)
dye111: posts small blind $1
kolaz03: posts big blind $3
*** HOLE CARDS ***
dye111: raises $3 to $6
kolaz03: calls $3
*** FLOP *** [Ah 3d 3c]
kolaz03: checks
dye111: bets $3
kolaz03: folds
Uncalled bet ($3) returned to dye111
dye111 collected $11.76 from pot
*** SUMMARY ***
Total pot $12 | Rake $0.24
Board [Ah 3d 3c]
Seat 1: dye111 (button) (small blind) collected ($11.76)
Seat 2: kolaz03 (big blind) folded on the Flop


PokerStars Hand #151994204592:  Hold'em Limit ($3/$6 USD) - 2016/04/16 9:31:47 ET
Table 'Kochera' 6-max Seat #2 is the button
Seat 1: dye111 ($93.28 in chips)
Seat 2: kolaz03 ($96.66 in chips)
kolaz03: posts small blind $1
dye111: posts big blind $3
*** HOLE CARDS ***
kolaz03: folds
Uncalled bet ($2) returned to dye111
dye111 collected $2 from pot
*** SUMMARY ***
Total pot $2 | Rake $0
Seat 1: dye111 (big blind) collected ($2)
Seat 2: kolaz03 (button) (small blind) folded before Flop


PokerStars Hand #151994196995:  Hold'em Limit ($3/$6 USD) - 2016/04/16 9:31:36 ET
Table 'Kochera' 6-max Seat #1 is the button
Seat 1: dye111 ($99.28 in chips)
Seat 2: kolaz03 ($90.90 in chips)
dye111: posts small blind $1
kolaz03: posts big blind $3
*** HOLE CARDS ***
dye111: calls $2
kolaz03: checks
*** FLOP *** [Tc 3d Td]
kolaz03: bets $3
dye111: calls $3
*** TURN *** [Tc 3d Td] [Qs]
kolaz03: bets $6
dye111: folds
Uncalled bet ($6) returned to kolaz03
kolaz03 collected $11.76 from pot
kolaz03: doesn't show hand
*** SUMMARY ***
Total pot $12 | Rake $0.24
Board [Tc 3d Td Qs]
Seat 1: dye111 (button) (small blind) folded on the Turn
Seat 2: kolaz03 (big blind) collected ($11.76)


PokerStars Hand #151994193888:  Hold'em Limit ($3/$6 USD) - 2016/04/16 9:31:31 ET
Table 'Kochera' 6-max Seat #2 is the button
Seat 1: dye111 ($98.28 in chips)
Seat 2: kolaz03 ($91.90 in chips)
kolaz03: posts small blind $1
dye111: posts big blind $3
*** HOLE CARDS ***
kolaz03: folds
Uncalled bet ($2) returned to dye111
dye111 collected $2 from pot
*** SUMMARY ***
Total pot $2 | Rake $0
Seat 1: dye111 (big blind) collected ($2)
Seat 2: kolaz03 (button) (small blind) folded before Flop


PokerStars Hand #151994182456:  Hold'em Limit ($3/$6 USD) - 2016/04/16 9:31:13 ET
Table 'Kochera' 6-max Seat #1 is the button
Seat 1: dye111 ($101.28 in chips)
Seat 2: kolaz03 ($89.02 in chips)
dye111: posts small blind $1
kolaz03: posts big blind $3
*** HOLE CARDS ***
dye111: calls $2
kolaz03: checks
*** FLOP *** [Td 8d 7c]
kolaz03: bets $3
dye111: folds
Uncalled bet ($3) returned to kolaz03
kolaz03 collected $5.88 from pot
kolaz03: doesn't show hand
*** SUMMARY ***
Total pot $6 | Rake $0.12
Board [Td 8d 7c]
Seat 1: dye111 (button) (small blind) folded on the Flop
Seat 2: kolaz03 (big blind) collected ($5.88)


PokerStars Hand #151994266494:  Hold'em Limit ($3/$6 USD) - 2016/04/16 9:33:24 ET
Table 'Kochera' 6-max Seat #2 is the button
Seat 1: dye111 ($84.43 in chips)
Seat 2: kolaz03 ($103.91 in chips)
kolaz03: posts small blind $1
dye111: posts big blind $3
*** HOLE CARDS ***
kolaz03: folds
Uncalled bet ($2) returned to dye111
dye111 collected $2 from pot
*** SUMMARY ***
Total pot $2 | Rake $0
Seat 1: dye111 (big blind) collected ($2)
Seat 2: kolaz03 (button) (small blind) folded before Flop


PokerStars Hand #151994253265:  Hold'em Limit ($3/$6 USD) - 2016/04/16 9:33:03 ET
Table 'Kochera' 6-max Seat #1 is the button
Seat 1: dye111 ($111.43 in chips)
Seat 2: kolaz03 ($77.41 in chips)
dye111: posts small blind $1
kolaz03: posts big blind $3
*** HOLE CARDS ***
dye111: raises $3 to $6
kolaz03: calls $3
*** FLOP *** [6s 4d 9d]
kolaz03: checks
dye111: bets $3
kolaz03: calls $3
*** TURN *** [6s 4d 9d] [5h]
kolaz03: checks
dye111: bets $6
kolaz03: calls $6
*** RIVER *** [6s 4d 9d 5h] [4s]
kolaz03: checks
dye111: bets $6
kolaz03: raises $6 to $12
dye111: calls $6
*** SHOW DOWN ***
kolaz03: shows [4h 8d] (three of a kind, Fours)
dye111: mucks hand
kolaz03 collected $53.50 from pot
*** SUMMARY ***
Total pot $54 | Rake $0.50
Board [6s 4d 9d 5h 4s]
Seat 1: dye111 (button) (small blind) mucked
Seat 2: kolaz03 (big blind) showed [4h 8d] and won ($53.50) with three of a kind, Fours


PokerStars Hand #151994250495:  Hold'em Limit ($3/$6 USD) - 2016/04/16 9:32:59 ET
Table 'Kochera' 6-max Seat #2 is the button
Seat 1: dye111 ($110.43 in chips)
Seat 2: kolaz03 ($78.41 in chips)
kolaz03: posts small blind $1
dye111: posts big blind $3
*** HOLE CARDS ***
kolaz03: folds
Uncalled bet ($2) returned to dye111
dye111 collected $2 from pot
*** SUMMARY ***
Total pot $2 | Rake $0
Seat 1: dye111 (big blind) collected ($2)
Seat 2: kolaz03 (button) (small blind) folded before Flop


PokerStars Hand #151994247551:  Hold'em Limit ($3/$6 USD) - 2016/04/16 9:32:54 ET
Table 'Kochera' 6-max Seat #1 is the button
Seat 1: dye111 ($111.43 in chips)
Seat 2: kolaz03 ($77.41 in chips)
dye111: posts small blind $1
kolaz03: posts big blind $3
*** HOLE CARDS ***
dye111: folds
Uncalled bet ($2) returned to kolaz03
kolaz03 collected $2 from pot
kolaz03: doesn't show hand
*** SUMMARY ***
Total pot $2 | Rake $0
Seat 1: dye111 (button) (small blind) folded before Flop
Seat 2: kolaz03 (big blind) collected ($2)


PokerStars Hand #151994237680:  Hold'em Limit ($3/$6 USD) - 2016/04/16 9:32:39 ET
Table 'Kochera' 6-max Seat #2 is the button
Seat 1: dye111 ($111.68 in chips)
Seat 2: kolaz03 ($77.66 in chips)
kolaz03: posts small blind $1
dye111: posts big blind $3
*** HOLE CARDS ***
kolaz03: raises $3 to $6
dye111: calls $3
*** FLOP *** [8s Qh 4c]
dye111: checks
kolaz03: bets $3
dye111: calls $3
*** TURN *** [8s Qh 4c] [4h]
dye111: checks
kolaz03: checks
*** RIVER *** [8s Qh 4c 4h] [8d]
dye111: bets $6
kolaz03: calls $6
*** SHOW DOWN ***
dye111: shows [Ad 2c] (two pair, Eights and Fours)
kolaz03: shows [5s As] (two pair, Eights and Fours)
dye111 collected $14.75 from pot
kolaz03 collected $14.75 from pot
*** SUMMARY ***
Total pot $30 | Rake $0.50
Board [8s Qh 4c 4h 8d]
Seat 1: dye111 (big blind) showed [Ad 2c] and won ($14.75) with two pair, Eights and Fours
Seat 2: kolaz03 (button) (small blind) showed [5s As] and won ($14.75) with two pair, Eights and Fours


PokerStars Hand #151994233365:  Hold'em Limit ($3/$6 USD) - 2016/04/16 9:32:32 ET
Table 'Kochera' 6-max Seat #1 is the button
Seat 1: dye111 ($108.68 in chips)
Seat 2: kolaz03 ($80.66 in chips)
dye111: posts small blind $1
kolaz03: posts big blind $3
*** HOLE CARDS ***
dye111: raises $3 to $6
kolaz03: folds
Uncalled bet ($3) returned to dye111
dye111 collected $6 from pot
*** SUMMARY ***
Total pot $6 | Rake $0
Seat 1: dye111 (button) (small blind) collected ($6)
Seat 2: kolaz03 (big blind) folded before Flop


PokerStars Hand #151994218416:  Hold'em Limit ($3/$6 USD) - 2016/04/16 9:32:09 ET
Table 'Kochera' 6-max Seat #2 is the button
Seat 1: dye111 ($100.04 in chips)
Seat 2: kolaz03 ($89.66 in chips)
kolaz03: posts small blind $1
dye111: posts big blind $3
*** HOLE CARDS ***
kolaz03: raises $3 to $6
dye111: calls $3
*** FLOP *** [Jd 2c 7c]
dye111: bets $3
kolaz03: calls $3
*** TURN *** [Jd 2c 7c] [Ts]
dye111: bets $6
kolaz03: folds
Uncalled bet ($6) returned to dye111
dye111 collected $17.64 from pot
*** SUMMARY ***
Total pot $18 | Rake $0.36
Board [Jd 2c 7c Ts]
Seat 1: dye111 (big blind) collected ($17.64)
Seat 2: kolaz03 (button) (small blind) folded on the Turn


PokerStars Hand #151994302813:  Hold'em Limit ($3/$6 USD) - 2016/04/16 9:34:20 ET
Table 'Kochera' 6-max Seat #2 is the button
Seat 1: dye111 ($63.19 in chips)
Seat 2: kolaz03 ($124.29 in chips)
kolaz03: posts small blind $1
dye111: posts big blind $3
*** HOLE CARDS ***
kolaz03: folds
Uncalled bet ($2) returned to dye111
dye111 collected $2 from pot
*** SUMMARY ***
Total pot $2 | Rake $0
Seat 1: dye111 (big blind) collected ($2)
Seat 2: kolaz03 (button) (small blind) folded before Flop


PokerStars Hand #151994293332:  Hold'em Limit ($3/$6 USD) - 2016/04/16 9:34:06 ET
Table 'Kochera' 6-max Seat #1 is the button
Seat 1: dye111 ($66.19 in chips)
Seat 2: kolaz03 ($121.41 in chips)
dye111: posts small blind $1
kolaz03: posts big blind $3
*** HOLE CARDS ***
dye111: calls $2
kolaz03: checks
*** FLOP *** [3h Jc 4s]
kolaz03: checks
dye111: checks
*** TURN *** [3h Jc 4s] [9s]
kolaz03: checks
dye111: checks
*** RIVER *** [3h Jc 4s 9s] [6c]
kolaz03: bets $6
dye111: folds
Uncalled bet ($6) returned to kolaz03
kolaz03 collected $5.88 from pot
kolaz03: doesn't show hand
*** SUMMARY ***
Total pot $6 | Rake $0.12
Board [3h Jc 4s 9s 6c]
Seat 1: dye111 (button) (small blind) folded on the River
Seat 2: kolaz03 (big blind) collected ($5.88)


PokerStars Hand #151994290594:  Hold'em Limit ($3/$6 USD) - 2016/04/16 9:34:02 ET
Table 'Kochera' 6-max Seat #2 is the button
Seat 1: dye111 ($65.19 in chips)
Seat 2: kolaz03 ($122.41 in chips)
kolaz03: posts small blind $1
dye111: posts big blind $3
*** HOLE CARDS ***
kolaz03: folds
Uncalled bet ($2) returned to dye111
dye111 collected $2 from pot
*** SUMMARY ***
Total pot $2 | Rake $0
Seat 1: dye111 (big blind) collected ($2)
Seat 2: kolaz03 (button) (small blind) folded before Flop


PokerStars Hand #151994278601:  Hold'em Limit ($3/$6 USD) - 2016/04/16 9:33:43 ET
Table 'Kochera' 6-max Seat #1 is the button
Seat 1: dye111 ($92.19 in chips)
Seat 2: kolaz03 ($95.91 in chips)
dye111: posts small blind $1
kolaz03: posts big blind $3
*** HOLE CARDS ***
dye111: calls $2
kolaz03: raises $3 to $6
dye111: calls $3
*** FLOP *** [2d 6d 9c]
kolaz03: bets $3
dye111: raises $3 to $6
kolaz03: raises $3 to $9
dye111: calls $3
*** TURN *** [2d 6d 9c] [Qc]
kolaz03: bets $6
dye111: calls $6
*** RIVER *** [2d 6d 9c Qc] [4s]
kolaz03: bets $6
dye111: calls $6
*** SHOW DOWN ***
kolaz03: shows [9h Qd] (two pair, Queens and Nines)
dye111: mucks hand
kolaz03 collected $53.50 from pot
*** SUMMARY ***
Total pot $54 | Rake $0.50
Board [2d 6d 9c Qc 4s]
Seat 1: dye111 (button) (small blind) mucked
Seat 2: kolaz03 (big blind) showed [9h Qd] and won ($53.50) with two pair, Queens and Nines


PokerStars Hand #151994275814:  Hold'em Limit ($3/$6 USD) - 2016/04/16 9:33:39 ET
Table 'Kochera' 6-max Seat #2 is the button
Seat 1: dye111 ($91.19 in chips)
Seat 2: kolaz03 ($96.91 in chips)
kolaz03: posts small blind $1
dye111: posts big blind $3
*** HOLE CARDS ***
kolaz03: folds
Uncalled bet ($2) returned to dye111
dye111 collected $2 from pot
*** SUMMARY ***
Total pot $2 | Rake $0
Seat 1: dye111 (big blind) collected ($2)
Seat 2: kolaz03 (button) (small blind) folded before Flop


PokerStars Hand #151994269268:  Hold'em Limit ($3/$6 USD) - 2016/04/16 9:33:28 ET
Table 'Kochera' 6-max Seat #1 is the button
Seat 1: dye111 ($85.43 in chips)
Seat 2: kolaz03 ($102.91 in chips)
dye111: posts small blind $1
kolaz03: posts big blind $3
*** HOLE CARDS ***
dye111: raises $3 to $6
kolaz03: calls $3
*** FLOP *** [Js 2h 5h]
kolaz03: checks
dye111: bets $3
kolaz03: folds
Uncalled bet ($3) returned to dye111
dye111 collected $11.76 from pot
*** SUMMARY ***
Total pot $12 | Rake $0.24
Board [Js 2h 5h]
Seat 1: dye111 (button) (small blind) collected ($11.76)
Seat 2: kolaz03 (big blind) folded on the Flop


PokerStars Hand #151994336412:  Hold'em Limit ($3/$6 USD) - 2016/04/16 9:35:13 ET
Table 'Kochera' 6-max Seat #2 is the button
Seat 1: dye111 ($63.70 in chips)
Seat 2: kolaz03 ($122.80 in chips)
kolaz03: posts small blind $1
dye111: posts big blind $3
*** HOLE CARDS ***
kolaz03: folds
Uncalled bet ($2) returned to dye111
dye111 collected $2 from pot
*** SUMMARY ***
Total pot $2 | Rake $0
Seat 1: dye111 (big blind) collected ($2)
Seat 2: kolaz03 (button) (small blind) folded before Flop


PokerStars Hand #151994330276:  Hold'em Limit ($3/$6 USD) - 2016/04/16 9:35:03 ET
Table 'Kochera' 6-max Seat #1 is the button
Seat 1: dye111 ($57.94 in chips)
Seat 2: kolaz03 ($128.80 in chips)
dye111: posts small blind $1
kolaz03: posts big blind $3
*** HOLE CARDS ***
dye111: raises $3 to $6
kolaz03: calls $3
*** FLOP *** [2h 9h Qc]
kolaz03: checks
dye111: bets $3
kolaz03: folds
Uncalled bet ($3) returned to dye111
dye111 collected $11.76 from pot
*** SUMMARY ***
Total pot $12 | Rake $0.24
Board [2h 9h Qc]
Seat 1: dye111 (button) (small blind) collected ($11.76)
Seat 2: kolaz03 (big blind) folded on the Flop


PokerStars Hand #151994316604:  Hold'em Limit ($3/$6 USD) - 2016/04/16 9:34:42 ET
Table 'Kochera' 6-max Seat #2 is the button
Seat 1: dye111 ($63.94 in chips)
Seat 2: kolaz03 ($123.04 in chips)
kolaz03: posts small blind $1
dye111: posts big blind $3
*** HOLE CARDS ***
kolaz03: raises $3 to $6
dye111: calls $3
*** FLOP *** [Ks Kh Qh]
dye111: checks
kolaz03: bets $3
dye111: folds
Uncalled bet ($3) returned to kolaz03
kolaz03 collected $11.76 from pot
kolaz03: doesn't show hand
*** SUMMARY ***
Total pot $12 | Rake $0.24
Board [Ks Kh Qh]
Seat 1: dye111 (big blind) folded on the Flop
Seat 2: kolaz03 (button) (small blind) collected ($11.76)


PokerStars Hand #151994306049:  Hold'em Limit ($3/$6 USD) - 2016/04/16 9:34:25 ET
Table 'Kochera' 6-max Seat #1 is the button
Seat 1: dye111 ($64.19 in chips)
Seat 2: kolaz03 ($123.29 in chips)
dye111: posts small blind $1
kolaz03: posts big blind $3
*** HOLE CARDS ***
dye111: calls $2
kolaz03: raises $3 to $6
dye111: calls $3
*** FLOP *** [Qd 4c 4h]
kolaz03: bets $3
dye111: calls $3
*** TURN *** [Qd 4c 4h] [As]
kolaz03: checks
dye111: bets $6
kolaz03: calls $6
*** RIVER *** [Qd 4c 4h As] [2d]
kolaz03: checks
dye111: checks
*** SHOW DOWN ***
kolaz03: shows [3c Kc] (a pair of Fours)
dye111: shows [Kd 6h] (a pair of Fours)
kolaz03 collected $14.75 from pot
dye111 collected $14.75 from pot
*** SUMMARY ***
Total pot $30 | Rake $0.50
Board [Qd 4c 4h As 2d]
Seat 1: dye111 (button) (small blind) showed [Kd 6h] and won ($14.75) with a pair of Fours
Seat 2: kolaz03 (big blind) showed [3c Kc] and won ($14.75) with a pair of Fours


PokerStars Hand #151994371955:  Hold'em Limit ($3/$6 USD) - 2016/04/16 9:36:08 ET
Table 'Kochera' 6-max Seat #2 is the button
Seat 1: dye111 ($38.34 in chips)
Seat 2: kolaz03 ($146.94 in chips)
kolaz03: posts small blind $1
dye111: posts big blind $3
*** HOLE CARDS ***
kolaz03: raises $3 to $6
dye111: folds
Uncalled bet ($3) returned to kolaz03
dye111 leaves the table
kolaz03 collected $6 from pot
kolaz03: doesn't show hand
*** SUMMARY ***
Total pot $6 | Rake $0
Seat 1: dye111 (big blind) folded before Flop
Seat 2: kolaz03 (button) (small blind) collected ($6)


PokerStars Hand #151994368948:  Hold'em Limit ($3/$6 USD) - 2016/04/16 9:36:04 ET
Table 'Kochera' 6-max Seat #1 is the button
Seat 1: dye111 ($39.34 in chips)
Seat 2: kolaz03 ($145.94 in chips)
dye111: posts small blind $1
kolaz03: posts big blind $3
*** HOLE CARDS ***
dye111: folds
Uncalled bet ($2) returned to kolaz03
kolaz03 collected $2 from pot
kolaz03: doesn't show hand
*** SUMMARY ***
Total pot $2 | Rake $0
Seat 1: dye111 (button) (small blind) folded before Flop
Seat 2: kolaz03 (big blind) collected ($2)


PokerStars Hand #151994355793:  Hold'em Limit ($3/$6 USD) - 2016/04/16 9:35:43 ET
Table 'Kochera' 6-max Seat #2 is the button
Seat 1: dye111 ($63.34 in chips)
Seat 2: kolaz03 ($122.44 in chips)
kolaz03: posts small blind $1
dye111: posts big blind $3
*** HOLE CARDS ***
kolaz03: raises $3 to $6
dye111: raises $3 to $9
kolaz03: calls $3
*** FLOP *** [5h 4d 7s]
dye111: checks
kolaz03: bets $3
dye111: calls $3
*** TURN *** [5h 4d 7s] [Ks]
dye111: checks
kolaz03: bets $6
dye111: calls $6
*** RIVER *** [5h 4d 7s Ks] [4c]
dye111: checks
kolaz03: bets $6
dye111: calls $6
*** SHOW DOWN ***
kolaz03: shows [Ad 7h] (two pair, Sevens and Fours)
dye111: mucks hand
kolaz03 collected $47.50 from pot
*** SUMMARY ***
Total pot $48 | Rake $0.50
Board [5h 4d 7s Ks 4c]
Seat 1: dye111 (big blind) mucked
Seat 2: kolaz03 (button) (small blind) showed [Ad 7h] and won ($47.50) with two pair, Sevens and Fours


PokerStars Hand #151994352694:  Hold'em Limit ($3/$6 USD) - 2016/04/16 9:35:38 ET
Table 'Kochera' 6-max Seat #1 is the button
Seat 1: dye111 ($64.34 in chips)
Seat 2: kolaz03 ($121.44 in chips)
dye111: posts small blind $1
kolaz03: posts big blind $3
*** HOLE CARDS ***
dye111: folds
Uncalled bet ($2) returned to kolaz03
kolaz03 collected $2 from pot
kolaz03: doesn't show hand
*** SUMMARY ***
Total pot $2 | Rake $0
Seat 1: dye111 (button) (small blind) folded before Flop
Seat 2: kolaz03 (big blind) collected ($2)


PokerStars Hand #151994347408:  Hold'em Limit ($3/$6 USD) - 2016/04/16 9:35:30 ET
Table 'Kochera' 6-max Seat #2 is the button
Seat 1: dye111 ($55.70 in chips)
Seat 2: kolaz03 ($130.44 in chips)
kolaz03: posts small blind $1
dye111: posts big blind $3
*** HOLE CARDS ***
kolaz03: raises $3 to $6
dye111: raises $3 to $9
kolaz03: calls $3
*** FLOP *** [Kd As Kh]
dye111: bets $3
kolaz03: folds
Uncalled bet ($3) returned to dye111
dye111 collected $17.64 from pot
*** SUMMARY ***
Total pot $18 | Rake $0.36
Board [Kd As Kh]
Seat 1: dye111 (big blind) collected ($17.64)
Seat 2: kolaz03 (button) (small blind) folded on the Flop


PokerStars Hand #151994340651:  Hold'em Limit ($3/$6 USD) - 2016/04/16 9:35:19 ET
Table 'Kochera' 6-max Seat #1 is the button
Seat 1: dye111 ($64.70 in chips)
Seat 2: kolaz03 ($121.80 in chips)
dye111: posts small blind $1
kolaz03: posts big blind $3
*** HOLE CARDS ***
dye111: calls $2
kolaz03: raises $3 to $6
dye111: calls $3
*** FLOP *** [Qs 7s Td]
kolaz03: bets $3
dye111: calls $3
*** TURN *** [Qs 7s Td] [3c]
kolaz03: bets $6
dye111: folds
Uncalled bet ($6) returned to kolaz03
kolaz03 collected $17.64 from pot
kolaz03: doesn't show hand
*** SUMMARY ***
Total pot $18 | Rake $0.36
Board [Qs 7s Td 3c]
Seat 1: dye111 (button) (small blind) folded on the Turn
Seat 2: kolaz03 (big blind) collected ($17.64)


