PokerStars Hand #153481819222:  Hold'em Limit ($3/$6 USD) - 2016/05/18 4:41:58 ET
Table 'Kochera' 6-max Seat #6 is the button
Seat 3: Tryptamean ($120 in chips)
Seat 6: 19woody58 ($120 in chips)
19woody58: posts small blind $1
Tryptamean: posts big blind $3
*** HOLE CARDS ***
19woody58: calls $2
Tryptamean: checks
*** FLOP *** [Kd 2c Jd]
Tryptamean: checks
19woody58: bets $3
Tryptamean: calls $3
*** TURN *** [Kd 2c Jd] [4c]
Tryptamean: checks
19woody58: checks
*** RIVER *** [Kd 2c Jd 4c] [5d]
Tryptamean: checks
19woody58: checks
*** SHOW DOWN ***
Tryptamean: shows [2h 9s] (a pair of Deuces)
19woody58: mucks hand
Tryptamean collected $11.76 from pot
*** SUMMARY ***
Total pot $12 | Rake $0.24
Board [Kd 2c Jd 4c 5d]
Seat 3: Tryptamean (big blind) showed [2h 9s] and won ($11.76) with a pair of Deuces
Seat 6: 19woody58 (button) (small blind) mucked


PokerStars Hand #153481831308:  Hold'em Limit ($3/$6 USD) - 2016/05/18 4:42:35 ET
Table 'Kochera' 6-max Seat #3 is the button
Seat 3: Tryptamean ($125.76 in chips)
Seat 6: 19woody58 ($114 in chips)
Tryptamean: posts small blind $1
19woody58: posts big blind $3
*** HOLE CARDS ***
Tryptamean: raises $3 to $6
19woody58: folds
Uncalled bet ($3) returned to Tryptamean
Tryptamean collected $6 from pot
Tryptamean: doesn't show hand
*** SUMMARY ***
Total pot $6 | Rake $0
Seat 3: Tryptamean (button) (small blind) collected ($6)
Seat 6: 19woody58 (big blind) folded before Flop


PokerStars Hand #153481840492:  Hold'em Limit ($3/$6 USD) - 2016/05/18 4:43:02 ET
Table 'Kochera' 6-max Seat #3 is the button
Seat 3: Tryptamean ($134.52 in chips)
Seat 6: 19woody58 ($105 in chips)
Tryptamean: posts small blind $1
19woody58: posts big blind $3
*** HOLE CARDS ***
Tryptamean: folds
Uncalled bet ($2) returned to 19woody58
19woody58 collected $2 from pot
*** SUMMARY ***
Total pot $2 | Rake $0
Seat 3: Tryptamean (button) (small blind) folded before Flop
Seat 6: 19woody58 (big blind) collected ($2)


PokerStars Hand #153481833911:  Hold'em Limit ($3/$6 USD) - 2016/05/18 4:42:42 ET
Table 'Kochera' 6-max Seat #6 is the button
Seat 3: Tryptamean ($128.76 in chips)
Seat 6: 19woody58 ($111 in chips)
19woody58: posts small blind $1
Tryptamean: posts big blind $3
*** HOLE CARDS ***
19woody58: calls $2
Tryptamean: raises $3 to $6
19woody58: calls $3
*** FLOP *** [Tc 2d Ks]
Tryptamean: bets $3
19woody58: folds
Uncalled bet ($3) returned to Tryptamean
Tryptamean collected $11.76 from pot
Tryptamean: doesn't show hand
*** SUMMARY ***
Total pot $12 | Rake $0.24
Board [Tc 2d Ks]
Seat 3: Tryptamean (big blind) collected ($11.76)
Seat 6: 19woody58 (button) (small blind) folded on the Flop


PokerStars Hand #153481854557:  Hold'em Limit ($3/$6 USD) - 2016/05/18 4:43:44 ET
Table 'Kochera' 6-max Seat #3 is the button
Seat 3: Tryptamean ($151.02 in chips)
Seat 6: 19woody58 ($88 in chips)
Tryptamean: posts small blind $1
19woody58: posts big blind $3
*** HOLE CARDS ***
Tryptamean: raises $3 to $6
19woody58: folds
Uncalled bet ($3) returned to Tryptamean
Tryptamean collected $6 from pot
Tryptamean: doesn't show hand
*** SUMMARY ***
Total pot $6 | Rake $0
Seat 3: Tryptamean (button) (small blind) collected ($6)
Seat 6: 19woody58 (big blind) folded before Flop


PokerStars Hand #153481857080:  Hold'em Limit ($3/$6 USD) - 2016/05/18 4:43:51 ET
Table 'Kochera' 6-max Seat #6 is the button
Seat 3: Tryptamean ($154.02 in chips)
Seat 6: 19woody58 ($85 in chips)
19woody58: posts small blind $1
Tryptamean: posts big blind $3
*** HOLE CARDS ***
19woody58: raises $3 to $6
Tryptamean: folds
Uncalled bet ($3) returned to 19woody58
19woody58 collected $6 from pot
*** SUMMARY ***
Total pot $6 | Rake $0
Seat 3: Tryptamean (big blind) folded before Flop
Seat 6: 19woody58 (button) (small blind) collected ($6)


PokerStars Hand #153481862786:  Hold'em Limit ($3/$6 USD) - 2016/05/18 4:44:09 ET
Table 'Kochera' 6-max Seat #6 is the button
Seat 3: Tryptamean ($154.02 in chips)
Seat 6: 19woody58 ($85 in chips)
19woody58: posts small blind $1
Tryptamean: posts big blind $3
*** HOLE CARDS ***
19woody58: folds
Uncalled bet ($2) returned to Tryptamean
Tryptamean collected $2 from pot
Tryptamean: doesn't show hand
*** SUMMARY ***
Total pot $2 | Rake $0
Seat 3: Tryptamean (big blind) collected ($2)
Seat 6: 19woody58 (button) (small blind) folded before Flop


PokerStars Hand #153481860168:  Hold'em Limit ($3/$6 USD) - 2016/05/18 4:44:01 ET
Table 'Kochera' 6-max Seat #3 is the button
Seat 3: Tryptamean ($151.02 in chips)
Seat 6: 19woody58 ($88 in chips)
Tryptamean: posts small blind $1
19woody58: posts big blind $3
*** HOLE CARDS ***
Tryptamean: raises $3 to $6
19woody58: folds
Uncalled bet ($3) returned to Tryptamean
Tryptamean collected $6 from pot
Tryptamean: doesn't show hand
*** SUMMARY ***
Total pot $6 | Rake $0
Seat 3: Tryptamean (button) (small blind) collected ($6)
Seat 6: 19woody58 (big blind) folded before Flop


PokerStars Hand #153481842909:  Hold'em Limit ($3/$6 USD) - 2016/05/18 4:43:09 ET
Table 'Kochera' 6-max Seat #6 is the button
Seat 3: Tryptamean ($133.52 in chips)
Seat 6: 19woody58 ($106 in chips)
19woody58: posts small blind $1
Tryptamean: posts big blind $3
*** HOLE CARDS ***
19woody58: raises $3 to $6
Tryptamean: calls $3
*** FLOP *** [6s 5c 4c]
Tryptamean: checks
19woody58: bets $3
Tryptamean: raises $3 to $6
19woody58: calls $3
*** TURN *** [6s 5c 4c] [9h]
Tryptamean: bets $6
19woody58: calls $6
*** RIVER *** [6s 5c 4c 9h] [7c]
Tryptamean: checks
19woody58: checks
*** SHOW DOWN ***
Tryptamean: shows [5h Kd] (a pair of Fives)
19woody58: mucks hand
Tryptamean collected $35.50 from pot
*** SUMMARY ***
Total pot $36 | Rake $0.50
Board [6s 5c 4c 9h 7c]
Seat 3: Tryptamean (big blind) showed [5h Kd] and won ($35.50) with a pair of Fives
Seat 6: 19woody58 (button) (small blind) mucked


PokerStars Hand #153481878216:  Hold'em Limit ($3/$6 USD) - 2016/05/18 4:44:52 ET
Table 'Kochera' 6-max Seat #6 is the button
Seat 3: Tryptamean ($134.02 in chips)
Seat 6: 19woody58 ($104.50 in chips)
19woody58: posts small blind $1
Tryptamean: posts big blind $3
*** HOLE CARDS ***
19woody58: raises $3 to $6
Tryptamean: calls $3
*** FLOP *** [9s 3c 9c]
Tryptamean: checks
19woody58: bets $3
Tryptamean: calls $3
*** TURN *** [9s 3c 9c] [9d]
VolkovDmitri leaves the table
VolkovDmitri joins the table at seat #1
Tryptamean: checks
19woody58: checks
*** RIVER *** [9s 3c 9c 9d] [Js]
Tryptamean: checks
19woody58: bets $6
Tryptamean: folds
Uncalled bet ($6) returned to 19woody58
19woody58 collected $17.64 from pot
*** SUMMARY ***
Total pot $18 | Rake $0.36
Board [9s 3c 9c 9d Js]
Seat 3: Tryptamean (big blind) folded on the River
Seat 6: 19woody58 (button) (small blind) collected ($17.64)


PokerStars Hand #153481865384:  Hold'em Limit ($3/$6 USD) - 2016/05/18 4:44:17 ET
Table 'Kochera' 6-max Seat #3 is the button
Seat 3: Tryptamean ($155.02 in chips)
Seat 6: 19woody58 ($84 in chips)
Tryptamean: posts small blind $1
19woody58: posts big blind $3
*** HOLE CARDS ***
Tryptamean: raises $3 to $6
19woody58: calls $3
*** FLOP *** [9d Ks 6s]
19woody58: checks
Tryptamean: bets $3
19woody58: calls $3
*** TURN *** [9d Ks 6s] [8c]
19woody58: checks
Tryptamean: bets $6
19woody58: calls $6
*** RIVER *** [9d Ks 6s 8c] [4c]
19woody58: checks
Tryptamean: bets $6
19woody58: calls $6
*** SHOW DOWN ***
Tryptamean: shows [Th 8h] (a pair of Eights)
19woody58: shows [9c 7d] (a pair of Nines)
19woody58 collected $41.50 from pot
*** SUMMARY ***
Total pot $42 | Rake $0.50
Board [9d Ks 6s 8c 4c]
Seat 3: Tryptamean (button) (small blind) showed [Th 8h] and lost with a pair of Eights
Seat 6: 19woody58 (big blind) showed [9c 7d] and won ($41.50) with a pair of Nines


PokerStars Hand #153481888660:  Hold'em Limit ($3/$6 USD) - 2016/05/18 4:45:22 ET
Table 'Kochera' 6-max Seat #3 is the button
Seat 3: Tryptamean ($125.02 in chips)
Seat 6: 19woody58 ($113.14 in chips)
Tryptamean: posts small blind $1
19woody58: posts big blind $3
*** HOLE CARDS ***
Tryptamean: raises $3 to $6
19woody58: calls $3
*** FLOP *** [6h 5h 9s]
19woody58: checks
Tryptamean: checks
*** TURN *** [6h 5h 9s] [4s]
19woody58: bets $6
Tryptamean: calls $6
*** RIVER *** [6h 5h 9s 4s] [Td]
19woody58: checks
Tryptamean: checks
*** SHOW DOWN ***
19woody58: shows [Jh Ad] (high card Ace)
Tryptamean: shows [4c Kc] (a pair of Fours)
Tryptamean collected $23.52 from pot
*** SUMMARY ***
Total pot $24 | Rake $0.48
Board [6h 5h 9s 4s Td]
Seat 3: Tryptamean (button) (small blind) showed [4c Kc] and won ($23.52) with a pair of Fours
Seat 6: 19woody58 (big blind) showed [Jh Ad] and lost with high card Ace


