PokerStars Hand #154343535678:  Hold'em Limit ($3/$6 USD) - 2016/06/05 17:08:56 ET
Table 'Kochera' 6-max Seat #4 is the button
Seat 4: Actionni13 ($150 in chips)
Seat 6: hooverr ($159.29 in chips)
Actionni13: posts small blind $1
hooverr: posts big blind $3
*** HOLE CARDS ***
Actionni13: folds
Uncalled bet ($2) returned to hooverr
hooverr collected $2 from pot
hooverr: doesn't show hand
*** SUMMARY ***
Total pot $2 | Rake $0
Seat 4: Actionni13 (button) (small blind) folded before Flop
Seat 6: hooverr (big blind) collected ($2)


PokerStars Hand #154343507239:  Hold'em Limit ($3/$6 USD) - 2016/06/05 17:08:25 ET
Table 'Kochera' 6-max Seat #6 is the button
Seat 4: Actionni13 ($150 in chips)
Seat 6: hooverr ($150.65 in chips)
hooverr: posts small blind $1
Actionni13: posts big blind $3
*** HOLE CARDS ***
hooverr: raises $3 to $6
Actionni13: calls $3
*** FLOP *** [2c 9s 8c]
Actionni13: checks
hooverr: bets $3
Actionni13: calls $3
*** TURN *** [2c 9s 8c] [9h]
Actionni13: checks
Agniosius joins the table at seat #3
hooverr: checks
*** RIVER *** [2c 9s 8c 9h] [2h]
Actionni13: checks
hooverr: bets $6
Actionni13: folds
Uncalled bet ($6) returned to hooverr
hooverr collected $17.64 from pot
hooverr: doesn't show hand
*** SUMMARY ***
Total pot $18 | Rake $0.36
Board [2c 9s 8c 9h 2h]
Seat 4: Actionni13 (big blind) folded on the River
Seat 6: hooverr (button) (small blind) collected ($17.64)


PokerStars Hand #154349858018:  Hold'em Limit ($3/$6 USD) - 2016/06/05 19:23:05 ET
Table 'Kochera' 6-max Seat #6 is the button
Seat 3: Agniosius ($828.96 in chips)
Seat 6: hooverr ($67.68 in chips)
hooverr: posts small blind $1
Agniosius: posts big blind $3
*** HOLE CARDS ***
hooverr: folds
Uncalled bet ($2) returned to Agniosius
Agniosius collected $2 from pot
*** SUMMARY ***
Total pot $2 | Rake $0
Seat 3: Agniosius (big blind) collected ($2)
Seat 6: hooverr (button) (small blind) folded before Flop


PokerStars Hand #154349855146:  Hold'em Limit ($3/$6 USD) - 2016/06/05 19:23:00 ET
Table 'Kochera' 6-max Seat #3 is the button
Seat 3: Agniosius ($829.96 in chips)
Seat 6: hooverr ($66.68 in chips)
Agniosius: posts small blind $1
hooverr: posts big blind $3
*** HOLE CARDS ***
vestimokrec leaves the table
Agniosius: folds
Uncalled bet ($2) returned to hooverr
hooverr collected $2 from pot
hooverr: doesn't show hand
*** SUMMARY ***
Total pot $2 | Rake $0
Seat 3: Agniosius (button) (small blind) folded before Flop
Seat 6: hooverr (big blind) collected ($2)


PokerStars Hand #154349841239:  Hold'em Limit ($3/$6 USD) - 2016/06/05 19:22:37 ET
Table 'Kochera' 6-max Seat #6 is the button
Seat 3: Agniosius ($850.96 in chips)
Seat 6: hooverr ($46.18 in chips)
hooverr: posts small blind $1
Agniosius: posts big blind $3
*** HOLE CARDS ***
hooverr: raises $3 to $6
Agniosius: calls $3
*** FLOP *** [4s Qs Qc]
Agniosius: checks
hooverr: bets $3
Agniosius: calls $3
*** TURN *** [4s Qs Qc] [3s]
Agniosius: checks
hooverr: checks
*** RIVER *** [4s Qs Qc 3s] [Jc]
Agniosius: bets $6
hooverr: raises $6 to $12
Agniosius: calls $6
*** SHOW DOWN ***
hooverr: shows [As Qh] (three of a kind, Queens)
Agniosius: mucks hand
hooverr collected $41.50 from pot
*** SUMMARY ***
Total pot $42 | Rake $0.50
Board [4s Qs Qc 3s Jc]
Seat 3: Agniosius (big blind) mucked
Seat 6: hooverr (button) (small blind) showed [As Qh] and won ($41.50) with three of a kind, Queens


PokerStars Hand #154349892213:  Hold'em Limit ($3/$6 USD) - 2016/06/05 19:24:00 ET
Table 'Kochera' 6-max Seat #3 is the button
Seat 3: Agniosius ($827.96 in chips)
Seat 6: hooverr ($68.32 in chips)
Agniosius: posts small blind $1
hooverr: posts big blind $3
*** HOLE CARDS ***
Agniosius: raises $3 to $6
hooverr: folds
Uncalled bet ($3) returned to Agniosius
Agniosius collected $6 from pot
*** SUMMARY ***
Total pot $6 | Rake $0
Seat 3: Agniosius (button) (small blind) collected ($6)
Seat 6: hooverr (big blind) folded before Flop


PokerStars Hand #154349888860:  Hold'em Limit ($3/$6 USD) - 2016/06/05 19:23:55 ET
Table 'Kochera' 6-max Seat #6 is the button
Seat 3: Agniosius ($826.96 in chips)
Seat 6: hooverr ($69.32 in chips)
hooverr: posts small blind $1
Agniosius: posts big blind $3
*** HOLE CARDS ***
hooverr: folds
Uncalled bet ($2) returned to Agniosius
Agniosius collected $2 from pot
*** SUMMARY ***
Total pot $2 | Rake $0
Seat 3: Agniosius (big blind) collected ($2)
Seat 6: hooverr (button) (small blind) folded before Flop


PokerStars Hand #154349885745:  Hold'em Limit ($3/$6 USD) - 2016/06/05 19:23:50 ET
Table 'Kochera' 6-max Seat #3 is the button
Seat 3: Agniosius ($827.96 in chips)
Seat 6: hooverr ($68.32 in chips)
Agniosius: posts small blind $1
hooverr: posts big blind $3
*** HOLE CARDS ***
Agniosius: folds
Uncalled bet ($2) returned to hooverr
hooverr collected $2 from pot
hooverr: doesn't show hand
*** SUMMARY ***
Total pot $2 | Rake $0
Seat 3: Agniosius (button) (small blind) folded before Flop
Seat 6: hooverr (big blind) collected ($2)


PokerStars Hand #154349881838:  Hold'em Limit ($3/$6 USD) - 2016/06/05 19:23:43 ET
Table 'Kochera' 6-max Seat #6 is the button
Seat 3: Agniosius ($826.96 in chips)
Seat 6: hooverr ($69.32 in chips)
hooverr: posts small blind $1
Agniosius: posts big blind $3
*** HOLE CARDS ***
hooverr: folds
Uncalled bet ($2) returned to Agniosius
Agniosius collected $2 from pot
*** SUMMARY ***
Total pot $2 | Rake $0
Seat 3: Agniosius (big blind) collected ($2)
Seat 6: hooverr (button) (small blind) folded before Flop


PokerStars Hand #154349878483:  Hold'em Limit ($3/$6 USD) - 2016/06/05 19:23:38 ET
Table 'Kochera' 6-max Seat #3 is the button
Seat 3: Agniosius ($823.96 in chips)
Seat 6: hooverr ($72.32 in chips)
Agniosius: posts small blind $1
NAV_SERGG was removed from the table for failing to post
hooverr: posts big blind $3
*** HOLE CARDS ***
Agniosius: raises $3 to $6
hooverr: folds
Uncalled bet ($3) returned to Agniosius
Agniosius collected $6 from pot
*** SUMMARY ***
Total pot $6 | Rake $0
Seat 3: Agniosius (button) (small blind) collected ($6)
Seat 6: hooverr (big blind) folded before Flop


PokerStars Hand #154349866331:  Hold'em Limit ($3/$6 USD) - 2016/06/05 19:23:18 ET
Table 'Kochera' 6-max Seat #6 is the button
Seat 3: Agniosius ($832.96 in chips)
Seat 6: hooverr ($63.68 in chips)
hooverr: posts small blind $1
Agniosius: posts big blind $3
*** HOLE CARDS ***
hooverr: raises $3 to $6
Agniosius: calls $3
*** FLOP *** [Js Ac 3c]
Agniosius: checks
hooverr: bets $3
Agniosius: calls $3
*** TURN *** [Js Ac 3c] [6c]
Agniosius: checks
hooverr: checks
*** RIVER *** [Js Ac 3c 6c] [Td]
Agniosius: checks
hooverr: bets $6
Agniosius: folds
Uncalled bet ($6) returned to hooverr
hooverr collected $17.64 from pot
hooverr: doesn't show hand
*** SUMMARY ***
Total pot $18 | Rake $0.36
Board [Js Ac 3c 6c Td]
Seat 3: Agniosius (big blind) folded on the River
Seat 6: hooverr (button) (small blind) collected ($17.64)


PokerStars Hand #154349861698:  Hold'em Limit ($3/$6 USD) - 2016/06/05 19:23:11 ET
Table 'Kochera' 6-max Seat #3 is the button
Seat 3: Agniosius ($829.96 in chips)
Seat 6: hooverr ($66.68 in chips)
Agniosius: posts small blind $1
hooverr: posts big blind $3
*** HOLE CARDS ***
Agniosius: raises $3 to $6
hooverr: folds
Uncalled bet ($3) returned to Agniosius
Agniosius collected $6 from pot
*** SUMMARY ***
Total pot $6 | Rake $0
Seat 3: Agniosius (button) (small blind) collected ($6)
Seat 6: hooverr (big blind) folded before Flop


PokerStars Hand #154349917370:  Hold'em Limit ($3/$6 USD) - 2016/06/05 19:24:41 ET
Table 'Kochera' 6-max Seat #6 is the button
Seat 3: Agniosius ($860.10 in chips)
Seat 6: hooverr ($35.32 in chips)
hooverr: posts small blind $1
Agniosius: posts big blind $3
*** HOLE CARDS ***
hooverr: folds
Uncalled bet ($2) returned to Agniosius
Agniosius collected $2 from pot
*** SUMMARY ***
Total pot $2 | Rake $0
Seat 3: Agniosius (big blind) collected ($2)
Seat 6: hooverr (button) (small blind) folded before Flop


PokerStars Hand #154349904187:  Hold'em Limit ($3/$6 USD) - 2016/06/05 19:24:20 ET
Table 'Kochera' 6-max Seat #3 is the button
Seat 3: Agniosius ($839.60 in chips)
Seat 6: hooverr ($56.32 in chips)
Agniosius: posts small blind $1
hooverr: posts big blind $3
*** HOLE CARDS ***
Agniosius: raises $3 to $6
hooverr: calls $3
*** FLOP *** [3s As 7s]
hooverr: checks
Agniosius: bets $3
hooverr: raises $3 to $6
Agniosius: raises $3 to $9
hooverr: calls $3
*** TURN *** [3s As 7s] [5h]
hooverr: checks
Agniosius: bets $6
REZOLUTION84 joins the table at seat #4
hooverr: calls $6
*** RIVER *** [3s As 7s 5h] [6c]
hooverr: checks
Agniosius: checks
*** SHOW DOWN ***
hooverr: shows [Jh Qs] (high card Ace)
Agniosius: shows [6h Ks] (a pair of Sixes)
Agniosius collected $41.50 from pot
*** SUMMARY ***
Total pot $42 | Rake $0.50
Board [3s As 7s 5h 6c]
Seat 3: Agniosius (button) (small blind) showed [6h Ks] and won ($41.50) with a pair of Sixes
Seat 6: hooverr (big blind) showed [Jh Qs] and lost with high card Ace


PokerStars Hand #154349896500:  Hold'em Limit ($3/$6 USD) - 2016/06/05 19:24:07 ET
Table 'Kochera' 6-max Seat #6 is the button
Seat 3: Agniosius ($830.96 in chips)
Seat 6: hooverr ($65.32 in chips)
hooverr: posts small blind $1
Agniosius: posts big blind $3
*** HOLE CARDS ***
hooverr: raises $3 to $6
Agniosius: raises $3 to $9
hooverr: calls $3
*** FLOP *** [3d 3h Tc]
Agniosius: bets $3
hooverr: folds
Uncalled bet ($3) returned to Agniosius
Agniosius collected $17.64 from pot
*** SUMMARY ***
Total pot $18 | Rake $0.36
Board [3d 3h Tc]
Seat 3: Agniosius (big blind) collected ($17.64)
Seat 6: hooverr (button) (small blind) folded on the Flop


PokerStars Hand #154349962300:  Hold'em Limit ($3/$6 USD) - 2016/06/05 19:25:55 ET
Table 'Kochera' 6-max Seat #4 is the button
Seat 3: Agniosius ($888.21 in chips)
Seat 4: REZOLUTION84 ($64.46 in chips)
REZOLUTION84: posts small blind $1
Agniosius: posts big blind $3
*** HOLE CARDS ***
REZOLUTION84: raises $3 to $6
Agniosius: calls $3
*** FLOP *** [6d 2d Qd]
Agniosius: checks
REZOLUTION84: bets $3
Agniosius: raises $3 to $6
REZOLUTION84: calls $3
*** TURN *** [6d 2d Qd] [7s]
Agniosius: bets $6
REZOLUTION84: raises $6 to $12
Agniosius: folds
Uncalled bet ($6) returned to REZOLUTION84
REZOLUTION84 collected $35.50 from pot
REZOLUTION84: doesn't show hand
*** SUMMARY ***
Total pot $36 | Rake $0.50
Board [6d 2d Qd 7s]
Seat 3: Agniosius (big blind) folded on the Turn
Seat 4: REZOLUTION84 (button) (small blind) collected ($35.50)


PokerStars Hand #154349956625:  Hold'em Limit ($3/$6 USD) - 2016/06/05 19:25:46 ET
Table 'Kochera' 6-max Seat #3 is the button
Seat 3: Agniosius ($885.33 in chips)
Seat 4: REZOLUTION84 ($67.46 in chips)
Agniosius: posts small blind $1
REZOLUTION84: posts big blind $3
*** HOLE CARDS ***
Agniosius: calls $2
hooverr leaves the table
REZOLUTION84: checks
*** FLOP *** [Ac Kd Ks]
REZOLUTION84: checks
Agniosius: bets $3
REZOLUTION84: folds
Uncalled bet ($3) returned to Agniosius
Agniosius collected $5.88 from pot
*** SUMMARY ***
Total pot $6 | Rake $0.12
Board [Ac Kd Ks]
Seat 3: Agniosius (button) (small blind) collected ($5.88)
Seat 4: REZOLUTION84 (big blind) folded on the Flop


PokerStars Hand #154349972853:  Hold'em Limit ($3/$6 USD) - 2016/06/05 19:26:12 ET
Table 'Kochera' 6-max Seat #3 is the button
Seat 3: Agniosius ($870.21 in chips)
Seat 4: REZOLUTION84 ($81.96 in chips)
Agniosius: posts small blind $1
REZOLUTION84: posts big blind $3
*** HOLE CARDS ***
Agniosius: folds
Uncalled bet ($2) returned to REZOLUTION84
REZOLUTION84 collected $2 from pot
REZOLUTION84: doesn't show hand
*** SUMMARY ***
Total pot $2 | Rake $0
Seat 3: Agniosius (button) (small blind) folded before Flop
Seat 4: REZOLUTION84 (big blind) collected ($2)


PokerStars Hand #154349989658:  Hold'em Limit ($3/$6 USD) - 2016/06/05 19:26:40 ET
Table 'Kochera' 6-max Seat #4 is the button
Seat 3: Agniosius ($871.96 in chips)
Seat 4: REZOLUTION84 ($79.71 in chips)
REZOLUTION84: posts small blind $1
Agniosius: posts big blind $3
*** HOLE CARDS ***
REZOLUTION84: raises $3 to $6
Agniosius: calls $3
*** FLOP *** [5d 5s Td]
Agniosius: checks
REZOLUTION84: bets $3
Agniosius: raises $3 to $6
REZOLUTION84: calls $3
*** TURN *** [5d 5s Td] [9d]
Agniosius: bets $6
REZOLUTION84: raises $6 to $12
Agniosius: calls $6
*** RIVER *** [5d 5s Td 9d] [9h]
Agniosius: checks
REZOLUTION84: bets $6
Agniosius: calls $6
*** SHOW DOWN ***
REZOLUTION84: shows [Qd 2d] (a flush, Queen high)
Agniosius: mucks hand
REZOLUTION84 collected $59.50 from pot
*** SUMMARY ***
Total pot $60 | Rake $0.50
Board [5d 5s Td 9d 9h]
Seat 3: Agniosius (big blind) mucked
Seat 4: REZOLUTION84 (button) (small blind) showed [Qd 2d] and won ($59.50) with a flush, Queen high


PokerStars Hand #154349986281:  Hold'em Limit ($3/$6 USD) - 2016/06/05 19:26:34 ET
Table 'Kochera' 6-max Seat #3 is the button
Seat 3: Agniosius ($868.96 in chips)
Seat 4: REZOLUTION84 ($82.71 in chips)
Agniosius: posts small blind $1
REZOLUTION84: posts big blind $3
*** HOLE CARDS ***
Agniosius: raises $3 to $6
REZOLUTION84: folds
Uncalled bet ($3) returned to Agniosius
Agniosius collected $6 from pot
*** SUMMARY ***
Total pot $6 | Rake $0
Seat 3: Agniosius (button) (small blind) collected ($6)
Seat 4: REZOLUTION84 (big blind) folded before Flop


PokerStars Hand #154349975685:  Hold'em Limit ($3/$6 USD) - 2016/06/05 19:26:17 ET
Table 'Kochera' 6-max Seat #4 is the button
Seat 3: Agniosius ($869.21 in chips)
Seat 4: REZOLUTION84 ($82.96 in chips)
REZOLUTION84: posts small blind $1
Agniosius: posts big blind $3
*** HOLE CARDS ***
REZOLUTION84: raises $3 to $6
Agniosius: raises $3 to $9
REZOLUTION84: calls $3
*** FLOP *** [Ks 4d 2c]
Agniosius: bets $3
REZOLUTION84: raises $3 to $6
Agniosius: calls $3
*** TURN *** [Ks 4d 2c] [2d]
Agniosius: checks
REZOLUTION84: checks
*** RIVER *** [Ks 4d 2c 2d] [Kh]
Agniosius: checks
REZOLUTION84: bets $6
Agniosius: calls $6
*** SHOW DOWN ***
REZOLUTION84: shows [9h Ac] (two pair, Kings and Deuces)
Agniosius: shows [8s Ah] (two pair, Kings and Deuces)
Agniosius collected $20.75 from pot
REZOLUTION84 collected $20.75 from pot
*** SUMMARY ***
Total pot $42 | Rake $0.50
Board [Ks 4d 2c 2d Kh]
Seat 3: Agniosius (big blind) showed [8s Ah] and won ($20.75) with two pair, Kings and Deuces
Seat 4: REZOLUTION84 (button) (small blind) showed [9h Ac] and won ($20.75) with two pair, Kings and Deuces


PokerStars Hand #154350001615:  Hold'em Limit ($3/$6 USD) - 2016/06/05 19:27:00 ET
Table 'Kochera' 6-max Seat #3 is the button
Seat 3: Agniosius ($841.96 in chips)
Seat 4: REZOLUTION84 ($109.21 in chips)
hooverr joins the table at seat #6
Agniosius: posts small blind $1
REZOLUTION84: posts big blind $3
*** HOLE CARDS ***
Agniosius: raises $3 to $6
REZOLUTION84: calls $3
*** FLOP *** [8s Ad Td]
REZOLUTION84: checks
Agniosius: bets $3
REZOLUTION84: calls $3
*** TURN *** [8s Ad Td] [8c]
REZOLUTION84: checks
Agniosius: bets $6
REZOLUTION84: raises $6 to $12
Agniosius: calls $6
*** RIVER *** [8s Ad Td 8c] [4d]
REZOLUTION84: bets $6
Agniosius: calls $6
*** SHOW DOWN ***
REZOLUTION84: shows [8h 6c] (three of a kind, Eights)
Agniosius: mucks hand
REZOLUTION84 collected $53.50 from pot
*** SUMMARY ***
Total pot $54 | Rake $0.50
Board [8s Ad Td 8c 4d]
Seat 3: Agniosius (button) (small blind) mucked
Seat 4: REZOLUTION84 (big blind) showed [8h 6c] and won ($53.50) with three of a kind, Eights


PokerStars Hand #154350856836:  Hold'em Limit ($3/$6 USD) - 2016/06/05 19:51:50 ET
Table 'Kochera' 6-max Seat #6 is the button
Seat 1: Necromadx ($120 in chips)
Seat 6: hooverr ($37.70 in chips)
hooverr: posts small blind $1
Necromadx: posts big blind $3
*** HOLE CARDS ***
hooverr: raises $3 to $6
Necromadx: calls $3
*** FLOP *** [Qh 7h 4d]
Necromadx: checks
hooverr: checks
*** TURN *** [Qh 7h 4d] [2c]
Necromadx: checks
hooverr: checks
*** RIVER *** [Qh 7h 4d 2c] [Jh]
Necromadx: bets $6
hooverr: folds
Uncalled bet ($6) returned to Necromadx
Necromadx collected $11.76 from pot
Necromadx: doesn't show hand
*** SUMMARY ***
Total pot $12 | Rake $0.24
Board [Qh 7h 4d 2c Jh]
Seat 1: Necromadx (big blind) collected ($11.76)
Seat 6: hooverr (button) (small blind) folded on the River


PokerStars Hand #154350849950:  Hold'em Limit ($3/$6 USD) - 2016/06/05 19:51:37 ET
Table 'Kochera' 6-max Seat #1 is the button
Seat 1: Necromadx ($120 in chips)
Seat 6: hooverr ($36.70 in chips)
Necromadx: posts small blind $1
hooverr: posts big blind $3
*** HOLE CARDS ***
Necromadx: folds
Uncalled bet ($2) returned to hooverr
hooverr collected $2 from pot
hooverr: doesn't show hand
*** SUMMARY ***
Total pot $2 | Rake $0
Seat 1: Necromadx (button) (small blind) folded before Flop
Seat 6: hooverr (big blind) collected ($2)


PokerStars Hand #154350841085:  Hold'em Limit ($3/$6 USD) - 2016/06/05 19:51:20 ET
Table 'Kochera' 6-max Seat #6 is the button
Seat 1: Necromadx ($123 in chips)
Seat 6: hooverr ($18.60 in chips)
mbux44 joins the table at seat #3
hooverr: posts small blind $1
Necromadx: posts big blind $3
*** HOLE CARDS ***
hooverr: raises $3 to $6
Necromadx: calls $3
*** FLOP *** [5s 9h Kc]
Necromadx: checks
hooverr: bets $3
Necromadx: raises $3 to $6
hooverr: calls $3
*** TURN *** [5s 9h Kc] [Jh]
Necromadx: bets $6
hooverr: raises $0.60 to $6.60 and is all-in
Necromadx: calls $0.60
*** RIVER *** [5s 9h Kc Jh] [2c]
*** SHOW DOWN ***
Necromadx: shows [3d Ks] (a pair of Kings)
hooverr: shows [Ts Qh] (a straight, Nine to King)
hooverr collected $36.70 from pot
*** SUMMARY ***
Total pot $37.20 | Rake $0.50
Board [5s 9h Kc Jh 2c]
Seat 1: Necromadx (big blind) showed [3d Ks] and lost with a pair of Kings
Seat 6: hooverr (button) (small blind) showed [Ts Qh] and won ($36.70) with a straight, Nine to King


PokerStars Hand #154350942763:  Hold'em Limit ($3/$6 USD) - 2016/06/05 19:54:20 ET
Table 'Kochera' 6-max Seat #5 is the button
Seat 1: Necromadx ($120 in chips)
Seat 5: Kaissou2222 ($198.78 in chips)
Kaissou2222: posts small blind $1
Necromadx: posts big blind $3
*** HOLE CARDS ***
Kaissou2222: folds
Uncalled bet ($2) returned to Necromadx
Necromadx collected $2 from pot
Necromadx: doesn't show hand
*** SUMMARY ***
Total pot $2 | Rake $0
Seat 1: Necromadx (big blind) collected ($2)
Seat 5: Kaissou2222 (button) (small blind) folded before Flop


PokerStars Hand #154350932885:  Hold'em Limit ($3/$6 USD) - 2016/06/05 19:54:01 ET
Table 'Kochera' 6-max Seat #1 is the button
Seat 1: Necromadx ($120 in chips)
Seat 5: Kaissou2222 ($178.28 in chips)
Necromadx: posts small blind $1
mbux44: is sitting out
Kaissou2222: posts big blind $3
*** HOLE CARDS ***
hairy1961 joins the table at seat #4
Necromadx: raises $3 to $6
mbux44 leaves the table
Kaissou2222: calls $3
*** FLOP *** [Qd 9c 5h]
Kaissou2222: bets $3
Necromadx: raises $3 to $6
Kaissou2222: raises $3 to $9
Necromadx: calls $3
*** TURN *** [Qd 9c 5h] [Jc]
Kaissou2222: bets $6
Necromadx: calls $6
*** RIVER *** [Qd 9c 5h Jc] [6s]
Kaissou2222: bets $6
Necromadx: folds
Uncalled bet ($6) returned to Kaissou2222
Kaissou2222 collected $41.50 from pot
Kaissou2222: doesn't show hand
*** SUMMARY ***
Total pot $42 | Rake $0.50
Board [Qd 9c 5h Jc 6s]
Seat 1: Necromadx (button) (small blind) folded on the River
Seat 5: Kaissou2222 (big blind) collected ($41.50)


PokerStars Hand #154350986578:  Hold'em Limit ($3/$6 USD) - 2016/06/05 19:55:51 ET
Table 'Kochera' 6-max Seat #4 is the button
Seat 1: Necromadx ($157.02 in chips)
Seat 4: hairy1961 ($62.14 in chips)
hairy1961: posts small blind $1
Necromadx: posts big blind $3
*** HOLE CARDS ***
hairy1961: raises $3 to $6
Necromadx: calls $3
*** FLOP *** [6s Kd 2s]
Necromadx: checks
hairy1961: bets $3
Necromadx: raises $3 to $6
hairy1961: calls $3
*** TURN *** [6s Kd 2s] [Jc]
Necromadx: bets $6
hairy1961: calls $6
*** RIVER *** [6s Kd 2s Jc] [7s]
Necromadx: bets $6
hairy1961: folds
Uncalled bet ($6) returned to Necromadx
Necromadx collected $35.50 from pot
Necromadx: doesn't show hand
*** SUMMARY ***
Total pot $36 | Rake $0.50
Board [6s Kd 2s Jc 7s]
Seat 1: Necromadx (big blind) collected ($35.50)
Seat 4: hairy1961 (button) (small blind) folded on the River


PokerStars Hand #154351010495:  Hold'em Limit ($3/$6 USD) - 2016/06/05 19:56:46 ET
Table 'Kochera' 6-max Seat #1 is the button
Seat 1: Necromadx ($162.04 in chips)
Seat 4: hairy1961 ($55.64 in chips)
Necromadx: posts small blind $1
hairy1961: posts big blind $3
*** HOLE CARDS ***
Necromadx: raises $3 to $6
hairy1961: calls $3
*** FLOP *** [Qc Td 3h]
hairy1961: checks
Necromadx: bets $3
hairy1961: calls $3
*** TURN *** [Qc Td 3h] [2d]
hairy1961: checks
Necromadx: bets $6
hairy1961: folds
Uncalled bet ($6) returned to Necromadx
Necromadx collected $17.64 from pot
Necromadx: doesn't show hand
*** SUMMARY ***
Total pot $18 | Rake $0.36
Board [Qc Td 3h 2d]
Seat 1: Necromadx (button) (small blind) collected ($17.64)
Seat 4: hairy1961 (big blind) folded on the Turn


PokerStars Hand #154351004874:  Hold'em Limit ($3/$6 USD) - 2016/06/05 19:56:33 ET
Table 'Kochera' 6-max Seat #4 is the button
Seat 1: Necromadx ($150.52 in chips)
Seat 4: hairy1961 ($67.64 in chips)
hairy1961: posts small blind $1
Necromadx: posts big blind $3
*** HOLE CARDS ***
hairy1961: raises $3 to $6
Necromadx: raises $3 to $9
hairy1961: calls $3
*** FLOP *** [6s 6c Ac]
Necromadx: bets $3
hairy1961: calls $3
*** TURN *** [6s 6c Ac] [8s]
Necromadx: bets $6
hairy1961: folds
Uncalled bet ($6) returned to Necromadx
Necromadx collected $23.52 from pot
Necromadx: doesn't show hand
*** SUMMARY ***
Total pot $24 | Rake $0.48
Board [6s 6c Ac 8s]
Seat 1: Necromadx (big blind) collected ($23.52)
Seat 4: hairy1961 (button) (small blind) folded on the Turn


PokerStars Hand #154350995878:  Hold'em Limit ($3/$6 USD) - 2016/06/05 19:56:12 ET
Table 'Kochera' 6-max Seat #1 is the button
Seat 1: Necromadx ($174.52 in chips)
Seat 4: hairy1961 ($44.14 in chips)
Necromadx: posts small blind $1
hairy1961: posts big blind $3
*** HOLE CARDS ***
Necromadx: raises $3 to $6
hairy1961: calls $3
*** FLOP *** [4s 3h 9h]
hairy1961: checks
Necromadx: bets $3
hairy1961: raises $3 to $6
Necromadx: calls $3
*** TURN *** [4s 3h 9h] [9c]
hairy1961: bets $6
Necromadx: calls $6
*** RIVER *** [4s 3h 9h 9c] [2h]
hairy1961: bets $6
Necromadx: calls $6
*** SHOW DOWN ***
hairy1961: shows [6s 5h] (a straight, Deuce to Six)
Necromadx: mucks hand
hairy1961 collected $47.50 from pot
*** SUMMARY ***
Total pot $48 | Rake $0.50
Board [4s 3h 9h 9c 2h]
Seat 1: Necromadx (button) (small blind) mucked
Seat 4: hairy1961 (big blind) showed [6s 5h] and won ($47.50) with a straight, Deuce to Six


PokerStars Hand #154351018842:  Hold'em Limit ($3/$6 USD) - 2016/06/05 19:57:05 ET
Table 'Kochera' 6-max Seat #4 is the button
Seat 1: Necromadx ($170.68 in chips)
Seat 4: hairy1961 ($46.64 in chips)
hairy1961: posts small blind $1
hooverr was removed from the table for failing to post
Necromadx: posts big blind $3
*** HOLE CARDS ***
hairy1961: folds
Uncalled bet ($2) returned to Necromadx
Necromadx collected $2 from pot
Necromadx: doesn't show hand
*** SUMMARY ***
Total pot $2 | Rake $0
Seat 1: Necromadx (big blind) collected ($2)
Seat 4: hairy1961 (button) (small blind) folded before Flop


PokerStars Hand #154351026800:  Hold'em Limit ($3/$6 USD) - 2016/06/05 19:57:23 ET
Table 'Kochera' 6-max Seat #4 is the button
Seat 1: Necromadx ($159.68 in chips)
Seat 4: hairy1961 ($57.16 in chips)
hairy1961: posts small blind $1
Necromadx: posts big blind $3
*** HOLE CARDS ***
hairy1961: raises $3 to $6
Necromadx: calls $3
*** FLOP *** [Ad 3d 6d]
Necromadx: checks
hairy1961: checks
*** TURN *** [Ad 3d 6d] [Kc]
Necromadx: checks
hairy1961: checks
*** RIVER *** [Ad 3d 6d Kc] [Ac]
Necromadx: checks
beekka joins the table at seat #3
hairy1961: checks
*** SHOW DOWN ***
Necromadx: shows [Js 2s] (a pair of Aces)
hairy1961: shows [Qh 9c] (a pair of Aces - King+Queen kicker)
hairy1961 collected $11.76 from pot
*** SUMMARY ***
Total pot $12 | Rake $0.24
Board [Ad 3d 6d Kc Ac]
Seat 1: Necromadx (big blind) showed [Js 2s] and lost with a pair of Aces
Seat 4: hairy1961 (button) (small blind) showed [Qh 9c] and won ($11.76) with a pair of Aces


PokerStars Hand #154351020988:  Hold'em Limit ($3/$6 USD) - 2016/06/05 19:57:10 ET
Table 'Kochera' 6-max Seat #1 is the button
Seat 1: Necromadx ($171.68 in chips)
Seat 4: hairy1961 ($45.64 in chips)
Necromadx: posts small blind $1
hairy1961: posts big blind $3
*** HOLE CARDS ***
Necromadx: raises $3 to $6
hairy1961: raises $3 to $9
Necromadx: calls $3
*** FLOP *** [7c 3s 3h]
hairy1961: bets $3
Necromadx: calls $3
*** TURN *** [7c 3s 3h] [7s]
hairy1961: bets $6
Necromadx: folds
Uncalled bet ($6) returned to hairy1961
hairy1961 collected $23.52 from pot
*** SUMMARY ***
Total pot $24 | Rake $0.48
Board [7c 3s 3h 7s]
Seat 1: Necromadx (button) (small blind) folded on the Turn
Seat 4: hairy1961 (big blind) collected ($23.52)


