PokerStars Hand #146235698886:  Hold'em Limit ($3/$6 USD) - 2015/12/31 12:25:05 ET
Table 'Kochera' 2-max Seat #1 is the button
Seat 1: BigYelloFish ($105 in chips)
Seat 2: WavesNight01 ($52.56 in chips)
BigYelloFish: posts small blind $1
WavesNight01: posts big blind $3
*** HOLE CARDS ***
BigYelloFish: raises $3 to $6
WavesNight01: calls $3
*** FLOP *** [5c 9d Kh]
WavesNight01: checks
BigYelloFish: bets $3
WavesNight01: raises $3 to $6
BigYelloFish: calls $3
*** TURN *** [5c 9d Kh] [Ts]
WavesNight01: checks
BigYelloFish: bets $6
WavesNight01: calls $6
*** RIVER *** [5c 9d Kh Ts] [Js]
WavesNight01: bets $6
BigYelloFish: calls $6
*** SHOW DOWN ***
WavesNight01: shows [3d Qc] (a straight, Nine to King)
BigYelloFish: mucks hand
WavesNight01 collected $47.50 from pot
*** SUMMARY ***
Total pot $48 | Rake $0.50
Board [5c 9d Kh Ts Js]
Seat 1: BigYelloFish (button) (small blind) mucked
Seat 2: WavesNight01 (big blind) showed [3d Qc] and won ($47.50) with a straight, Nine to King


PokerStars Hand #146235695455:  Hold'em Limit ($3/$6 USD) - 2015/12/31 12:25:01 ET
Table 'Kochera' 2-max Seat #2 is the button
Seat 1: BigYelloFish ($104 in chips)
Seat 2: WavesNight01 ($53.56 in chips)
WavesNight01: posts small blind $1
BigYelloFish: posts big blind $3
*** HOLE CARDS ***
WavesNight01: folds
Uncalled bet ($2) returned to BigYelloFish
BigYelloFish collected $2 from pot
BigYelloFish: doesn't show hand
*** SUMMARY ***
Total pot $2 | Rake $0
Seat 1: BigYelloFish (big blind) collected ($2)
Seat 2: WavesNight01 (button) (small blind) folded before Flop


PokerStars Hand #146235681327:  Hold'em Limit ($3/$6 USD) - 2015/12/31 12:24:43 ET
Table 'Kochera' 2-max Seat #1 is the button
Seat 1: BigYelloFish ($116 in chips)
Seat 2: WavesNight01 ($42.04 in chips)
BigYelloFish: posts small blind $1
WavesNight01: posts big blind $3
*** HOLE CARDS ***
BigYelloFish: raises $3 to $6
WavesNight01: raises $3 to $9
BigYelloFish: calls $3
*** FLOP *** [2h 5d 9c]
WavesNight01: bets $3
BigYelloFish: calls $3
*** TURN *** [2h 5d 9c] [7c]
WavesNight01: checks
BigYelloFish: checks
*** RIVER *** [2h 5d 9c 7c] [7d]
WavesNight01: bets $6
BigYelloFish: folds
Uncalled bet ($6) returned to WavesNight01
WavesNight01 collected $23.52 from pot
WavesNight01: doesn't show hand
*** SUMMARY ***
Total pot $24 | Rake $0.48
Board [2h 5d 9c 7c 7d]
Seat 1: BigYelloFish (button) (small blind) folded on the River
Seat 2: WavesNight01 (big blind) collected ($23.52)


PokerStars Hand #146235677642:  Hold'em Limit ($3/$6 USD) - 2015/12/31 12:24:38 ET
Table 'Kochera' 2-max Seat #2 is the button
Seat 1: BigYelloFish ($115 in chips)
Seat 2: WavesNight01 ($43.04 in chips)
WavesNight01: posts small blind $1
BigYelloFish: posts big blind $3
*** HOLE CARDS ***
WavesNight01: folds
Uncalled bet ($2) returned to BigYelloFish
BigYelloFish collected $2 from pot
BigYelloFish: doesn't show hand
*** SUMMARY ***
Total pot $2 | Rake $0
Seat 1: BigYelloFish (big blind) collected ($2)
Seat 2: WavesNight01 (button) (small blind) folded before Flop


PokerStars Hand #146235746877:  Hold'em Limit ($3/$6 USD) - 2015/12/31 12:26:07 ET
Table 'Kochera' 2-max Seat #1 is the button
Seat 1: BigYelloFish ($95.16 in chips)
Seat 2: WavesNight01 ($60.82 in chips)
BigYelloFish: posts small blind $1
WavesNight01: posts big blind $3
*** HOLE CARDS ***
BigYelloFish: calls $2
WavesNight01: raises $3 to $6
BigYelloFish: calls $3
*** FLOP *** [6h 6d Qd]
WavesNight01: bets $3
BigYelloFish: calls $3
*** TURN *** [6h 6d Qd] [6c]
WavesNight01: bets $6
BigYelloFish: calls $6
*** RIVER *** [6h 6d Qd 6c] [9c]
WavesNight01: bets $6
BigYelloFish: raises $6 to $12
WavesNight01: calls $6
*** SHOW DOWN ***
BigYelloFish: shows [4c 6s] (four of a kind, Sixes)
WavesNight01: mucks hand
BigYelloFish collected $53.50 from pot
*** SUMMARY ***
Total pot $54 | Rake $0.50
Board [6h 6d Qd 6c 9c]
Seat 1: BigYelloFish (button) (small blind) showed [4c 6s] and won ($53.50) with four of a kind, Sixes
Seat 2: WavesNight01 (big blind) mucked


PokerStars Hand #146235740137:  Hold'em Limit ($3/$6 USD) - 2015/12/31 12:25:59 ET
Table 'Kochera' 2-max Seat #2 is the button
Seat 1: BigYelloFish ($101.16 in chips)
Seat 2: WavesNight01 ($55.06 in chips)
WavesNight01: posts small blind $1
BigYelloFish: posts big blind $3
*** HOLE CARDS ***
WavesNight01: raises $3 to $6
BigYelloFish: calls $3
*** FLOP *** [5d Ac 5h]
BigYelloFish: checks
WavesNight01: bets $3
BigYelloFish: folds
Uncalled bet ($3) returned to WavesNight01
WavesNight01 collected $11.76 from pot
WavesNight01: doesn't show hand
*** SUMMARY ***
Total pot $12 | Rake $0.24
Board [5d Ac 5h]
Seat 1: BigYelloFish (big blind) folded on the Flop
Seat 2: WavesNight01 (button) (small blind) collected ($11.76)


PokerStars Hand #146235727164:  Hold'em Limit ($3/$6 USD) - 2015/12/31 12:25:42 ET
Table 'Kochera' 2-max Seat #1 is the button
Seat 1: BigYelloFish ($92.52 in chips)
Seat 2: WavesNight01 ($64.06 in chips)
BigYelloFish: posts small blind $1
WavesNight01: posts big blind $3
*** HOLE CARDS ***
BigYelloFish: raises $3 to $6
WavesNight01: calls $3
*** FLOP *** [4s Th 3c]
WavesNight01: checks
BigYelloFish: bets $3
WavesNight01: calls $3
*** TURN *** [4s Th 3c] [6h]
WavesNight01: checks
BigYelloFish: checks
*** RIVER *** [4s Th 3c 6h] [6d]
WavesNight01: checks
BigYelloFish: bets $6
WavesNight01: folds
Uncalled bet ($6) returned to BigYelloFish
BigYelloFish collected $17.64 from pot
BigYelloFish: doesn't show hand
*** SUMMARY ***
Total pot $18 | Rake $0.36
Board [4s Th 3c 6h 6d]
Seat 1: BigYelloFish (button) (small blind) collected ($17.64)
Seat 2: WavesNight01 (big blind) folded on the River


PokerStars Hand #146235717215:  Hold'em Limit ($3/$6 USD) - 2015/12/31 12:25:29 ET
Table 'Kochera' 2-max Seat #2 is the button
Seat 1: BigYelloFish ($81 in chips)
Seat 2: WavesNight01 ($76.06 in chips)
WavesNight01: posts small blind $1
BigYelloFish: posts big blind $3
*** HOLE CARDS ***
WavesNight01: raises $3 to $6
BigYelloFish: raises $3 to $9
WavesNight01: calls $3
*** FLOP *** [Ah Ts 2c]
BigYelloFish: bets $3
WavesNight01: calls $3
*** TURN *** [Ah Ts 2c] [6h]
BigYelloFish: bets $6
WavesNight01: folds
Uncalled bet ($6) returned to BigYelloFish
BigYelloFish collected $23.52 from pot
BigYelloFish: doesn't show hand
*** SUMMARY ***
Total pot $24 | Rake $0.48
Board [Ah Ts 2c 6h]
Seat 1: BigYelloFish (big blind) collected ($23.52)
Seat 2: WavesNight01 (button) (small blind) folded on the Turn


PokerStars Hand #146235799255:  Hold'em Limit ($3/$6 USD) - 2015/12/31 12:27:15 ET
Table 'Kochera' 2-max Seat #2 is the button
Seat 1: BigYelloFish ($132.92 in chips)
Seat 2: WavesNight01 ($21.58 in chips)
WavesNight01: posts small blind $1
BigYelloFish: posts big blind $3
*** HOLE CARDS ***
WavesNight01: raises $3 to $6
BigYelloFish: calls $3
*** FLOP *** [Tc 9c Qc]
BigYelloFish: checks
WavesNight01: bets $3
BigYelloFish: folds
Uncalled bet ($3) returned to WavesNight01
WavesNight01 collected $11.76 from pot
WavesNight01: doesn't show hand
*** SUMMARY ***
Total pot $12 | Rake $0.24
Board [Tc 9c Qc]
Seat 1: BigYelloFish (big blind) folded on the Flop
Seat 2: WavesNight01 (button) (small blind) collected ($11.76)


PokerStars Hand #146235788885:  Hold'em Limit ($3/$6 USD) - 2015/12/31 12:27:01 ET
Table 'Kochera' 2-max Seat #1 is the button
Seat 1: BigYelloFish ($127.16 in chips)
Seat 2: WavesNight01 ($27.58 in chips)
BigYelloFish: posts small blind $1
WavesNight01: posts big blind $3
*** HOLE CARDS ***
BigYelloFish: raises $3 to $6
WavesNight01: calls $3
*** FLOP *** [8s 2c Kc]
WavesNight01: checks
BigYelloFish: checks
*** TURN *** [8s 2c Kc] [Qd]
WavesNight01: checks
BigYelloFish: checks
*** RIVER *** [8s 2c Kc Qd] [3d]
WavesNight01: checks
BigYelloFish: checks
*** SHOW DOWN ***
WavesNight01: shows [5s 7c] (high card King)
BigYelloFish: shows [Jh 4h] (high card King - Queen+Jack kicker)
BigYelloFish collected $11.76 from pot
*** SUMMARY ***
Total pot $12 | Rake $0.24
Board [8s 2c Kc Qd 3d]
Seat 1: BigYelloFish (button) (small blind) showed [Jh 4h] and won ($11.76) with high card King
Seat 2: WavesNight01 (big blind) showed [5s 7c] and lost with high card King


PokerStars Hand #146235785107:  Hold'em Limit ($3/$6 USD) - 2015/12/31 12:26:57 ET
Table 'Kochera' 2-max Seat #2 is the button
Seat 1: BigYelloFish ($130.16 in chips)
Seat 2: WavesNight01 ($24.58 in chips)
WavesNight01: posts small blind $1
BigYelloFish: posts big blind $3
*** HOLE CARDS ***
WavesNight01: raises $3 to $6
BigYelloFish: folds
Uncalled bet ($3) returned to WavesNight01
WavesNight01 collected $6 from pot
WavesNight01: doesn't show hand
*** SUMMARY ***
Total pot $6 | Rake $0
Seat 1: BigYelloFish (big blind) folded before Flop
Seat 2: WavesNight01 (button) (small blind) collected ($6)


PokerStars Hand #146235766842:  Hold'em Limit ($3/$6 USD) - 2015/12/31 12:26:33 ET
Table 'Kochera' 2-max Seat #1 is the button
Seat 1: BigYelloFish ($115.66 in chips)
Seat 2: WavesNight01 ($39.58 in chips)
BigYelloFish: posts small blind $1
WavesNight01: posts big blind $3
*** HOLE CARDS ***
BigYelloFish: calls $2
WavesNight01: checks
*** FLOP *** [5s 7h 7s]
WavesNight01: checks
BigYelloFish: bets $3
WavesNight01: raises $3 to $6
BigYelloFish: calls $3
*** TURN *** [5s 7h 7s] [Th]
WavesNight01: bets $6
BigYelloFish: calls $6
*** RIVER *** [5s 7h 7s Th] [5d]
WavesNight01: checks
BigYelloFish: bets $6
WavesNight01: folds
Uncalled bet ($6) returned to BigYelloFish
BigYelloFish collected $29.50 from pot
BigYelloFish: doesn't show hand
*** SUMMARY ***
Total pot $30 | Rake $0.50
Board [5s 7h 7s Th 5d]
Seat 1: BigYelloFish (button) (small blind) collected ($29.50)
Seat 2: WavesNight01 (big blind) folded on the River


PokerStars Hand #146235760359:  Hold'em Limit ($3/$6 USD) - 2015/12/31 12:26:25 ET
Table 'Kochera' 2-max Seat #2 is the button
Seat 1: BigYelloFish ($121.66 in chips)
Seat 2: WavesNight01 ($33.82 in chips)
WavesNight01: posts small blind $1
BigYelloFish: posts big blind $3
*** HOLE CARDS ***
WavesNight01: raises $3 to $6
BigYelloFish: calls $3
*** FLOP *** [Qd 2d 7s]
BigYelloFish: checks
WavesNight01: bets $3
BigYelloFish: folds
Uncalled bet ($3) returned to WavesNight01
WavesNight01 collected $11.76 from pot
WavesNight01: doesn't show hand
*** SUMMARY ***
Total pot $12 | Rake $0.24
Board [Qd 2d 7s]
Seat 1: BigYelloFish (big blind) folded on the Flop
Seat 2: WavesNight01 (button) (small blind) collected ($11.76)


