PokerStars Hand #154923700982:  Hold'em Limit ($3/$6 USD) - 2016/06/19 4:41:53 ET
Table 'Kochab II' 6-max Seat #3 is the button
Seat 3: Wojo130 ($153.17 in chips)
Seat 4: VolkovDmitri ($120 in chips)
Wojo130: posts small blind $1
VolkovDmitri: posts big blind $3
*** HOLE CARDS ***
Wojo130: raises $3 to $6
VolkovDmitri: calls $3
*** FLOP *** [Ac Qs 7c]
VolkovDmitri: checks
Wojo130: bets $3
VolkovDmitri: folds
Uncalled bet ($3) returned to Wojo130
Wojo130 collected $11.76 from pot
Wojo130: doesn't show hand
*** SUMMARY ***
Total pot $12 | Rake $0.24
Board [Ac Qs 7c]
Seat 3: Wojo130 (button) (small blind) collected ($11.76)
Seat 4: VolkovDmitri (big blind) folded on the Flop


PokerStars Hand #154923706088:  Hold'em Limit ($3/$6 USD) - 2016/06/19 4:42:08 ET
Table 'Kochab II' 6-max Seat #4 is the button
Seat 3: Wojo130 ($158.93 in chips)
Seat 4: VolkovDmitri ($120 in chips)
VolkovDmitri: posts small blind $1
Wojo130: posts big blind $3
*** HOLE CARDS ***
VolkovDmitri: raises $3 to $6
Wojo130: raises $3 to $9
VolkovDmitri: calls $3
*** FLOP *** [As 4c Qh]
Wojo130: bets $3
VolkovDmitri: folds
Uncalled bet ($3) returned to Wojo130
Wojo130 collected $17.64 from pot
Wojo130: doesn't show hand
*** SUMMARY ***
Total pot $18 | Rake $0.36
Board [As 4c Qh]
Seat 3: Wojo130 (big blind) collected ($17.64)
Seat 4: VolkovDmitri (button) (small blind) folded on the Flop


PokerStars Hand #154923717488:  Hold'em Limit ($3/$6 USD) - 2016/06/19 4:42:40 ET
Table 'Kochab II' 6-max Seat #3 is the button
Seat 3: Wojo130 ($167.57 in chips)
Seat 4: VolkovDmitri ($120 in chips)
Wojo130: posts small blind $1
VolkovDmitri: posts big blind $3
*** HOLE CARDS ***
Wojo130: raises $3 to $6
Kajind joins the table at seat #5
VolkovDmitri: raises $3 to $9
Wojo130: calls $3
*** FLOP *** [5d Ah 4c]
VolkovDmitri: bets $3
Wojo130: calls $3
*** TURN *** [5d Ah 4c] [6h]
VolkovDmitri: bets $6
Wojo130: raises $6 to $12
VolkovDmitri: calls $6
*** RIVER *** [5d Ah 4c 6h] [3h]
VolkovDmitri: checks
Wojo130: bets $6
VolkovDmitri: calls $6
*** SHOW DOWN ***
Wojo130: shows [6d 4h] (two pair, Sixes and Fours)
VolkovDmitri: mucks hand
Wojo130 collected $59.50 from pot
*** SUMMARY ***
Total pot $60 | Rake $0.50
Board [5d Ah 4c 6h 3h]
Seat 3: Wojo130 (button) (small blind) showed [6d 4h] and won ($59.50) with two pair, Sixes and Fours
Seat 4: VolkovDmitri (big blind) mucked


PokerStars Hand #154924121499:  Hold'em Limit ($3/$6 USD) - 2016/06/19 5:01:53 ET
Table 'Kochab II' 6-max Seat #2 is the button
Seat 2: Tryptamean ($95.96 in chips)
Seat 3: Wojo130 ($28.54 in chips)
Tryptamean: posts small blind $1
Wojo130: posts big blind $3
*** HOLE CARDS ***
Tryptamean: raises $3 to $6
Wojo130: calls $3
*** FLOP *** [2s 2h 5c]
Wojo130: checks
Tryptamean: bets $3
Wojo130: calls $3
*** TURN *** [2s 2h 5c] [Ac]
Wojo130: checks
Tryptamean: checks
*** RIVER *** [2s 2h 5c Ac] [9c]
Wojo130: bets $6
Tryptamean: calls $6
*** SHOW DOWN ***
Wojo130: shows [3s 2c] (three of a kind, Deuces)
Tryptamean: mucks hand
Wojo130 collected $29.50 from pot
*** SUMMARY ***
Total pot $30 | Rake $0.50
Board [2s 2h 5c Ac 9c]
Seat 2: Tryptamean (button) (small blind) mucked
Seat 3: Wojo130 (big blind) showed [3s 2c] and won ($29.50) with three of a kind, Deuces


PokerStars Hand #154924146463:  Hold'em Limit ($3/$6 USD) - 2016/06/19 5:03:01 ET
Table 'Kochab II' 6-max Seat #2 is the button
Seat 2: Tryptamean ($74.96 in chips)
Seat 3: Wojo130 ($48.80 in chips)
Tryptamean: posts small blind $1
Wojo130: posts big blind $3
*** HOLE CARDS ***
Tryptamean: raises $3 to $6
Wojo130: calls $3
*** FLOP *** [6h Kc Ah]
Wojo130: checks
Tryptamean: bets $3
Wojo130: calls $3
*** TURN *** [6h Kc Ah] [Ac]
Wojo130: checks
Tryptamean: checks
*** RIVER *** [6h Kc Ah Ac] [4h]
Wojo130: bets $6
Tryptamean: folds
Uncalled bet ($6) returned to Wojo130
Wojo130 collected $17.64 from pot
Wojo130: doesn't show hand
*** SUMMARY ***
Total pot $18 | Rake $0.36
Board [6h Kc Ah Ac 4h]
Seat 2: Tryptamean (button) (small blind) folded on the River
Seat 3: Wojo130 (big blind) collected ($17.64)


PokerStars Hand #154924138031:  Hold'em Limit ($3/$6 USD) - 2016/06/19 5:02:39 ET
Table 'Kochab II' 6-max Seat #3 is the button
Seat 2: Tryptamean ($80.96 in chips)
Seat 3: Wojo130 ($43.04 in chips)
Wojo130: posts small blind $1
Tryptamean: posts big blind $3
*** HOLE CARDS ***
Wojo130: raises $3 to $6
Tryptamean: calls $3
*** FLOP *** [As Jh 5s]
Tryptamean: checks
Wojo130: bets $3
Tryptamean: folds
Uncalled bet ($3) returned to Wojo130
Wojo130 collected $11.76 from pot
Wojo130: doesn't show hand
*** SUMMARY ***
Total pot $12 | Rake $0.24
Board [As Jh 5s]
Seat 2: Tryptamean (big blind) folded on the Flop
Seat 3: Wojo130 (button) (small blind) collected ($11.76)


PokerStars Hand #154924174132:  Hold'em Limit ($3/$6 USD) - 2016/06/19 5:04:16 ET
Table 'Kochab II' 6-max Seat #2 is the button
Seat 2: Tryptamean ($120 in chips)
Seat 3: Wojo130 ($77.94 in chips)
Tryptamean: posts small blind $1
Wojo130: posts big blind $3
*** HOLE CARDS ***
Tryptamean: raises $3 to $6
Wojo130: calls $3
*** FLOP *** [Jh Qh Ac]
Wojo130: checks
Tryptamean: bets $3
Wojo130: folds
Uncalled bet ($3) returned to Tryptamean
Tryptamean collected $11.76 from pot
Tryptamean: doesn't show hand
*** SUMMARY ***
Total pot $12 | Rake $0.24
Board [Jh Qh Ac]
Seat 2: Tryptamean (button) (small blind) collected ($11.76)
Seat 3: Wojo130 (big blind) folded on the Flop


PokerStars Hand #154924157793:  Hold'em Limit ($3/$6 USD) - 2016/06/19 5:03:32 ET
Table 'Kochab II' 6-max Seat #3 is the button
Seat 2: Tryptamean ($65.96 in chips)
Seat 3: Wojo130 ($57.44 in chips)
Wojo130: posts small blind $1
Tryptamean: posts big blind $3
*** HOLE CARDS ***
Wojo130: raises $3 to $6
Tryptamean: calls $3
*** FLOP *** [2c 9s 4c]
Tryptamean: checks
Wojo130: bets $3
Tryptamean: calls $3
*** TURN *** [2c 9s 4c] [8c]
Tryptamean: checks
Wojo130: bets $6
Tryptamean: calls $6
*** RIVER *** [2c 9s 4c 8c] [Kh]
Tryptamean: checks
Wojo130: bets $6
Tryptamean: calls $6
*** SHOW DOWN ***
Wojo130: shows [7h 9d] (a pair of Nines)
Tryptamean: mucks hand
Wojo130 collected $41.50 from pot
*** SUMMARY ***
Total pot $42 | Rake $0.50
Board [2c 9s 4c 8c Kh]
Seat 2: Tryptamean (big blind) mucked
Seat 3: Wojo130 (button) (small blind) showed [7h 9d] and won ($41.50) with a pair of Nines


PokerStars Hand #154924199854:  Hold'em Limit ($3/$6 USD) - 2016/06/19 5:05:23 ET
Table 'Kochab II' 6-max Seat #2 is the button
Seat 2: Tryptamean ($107.52 in chips)
Seat 3: Wojo130 ($89.44 in chips)
Tryptamean: posts small blind $1
Wojo130: posts big blind $3
*** HOLE CARDS ***
Tryptamean: raises $3 to $6
Wojo130: raises $3 to $9
Tryptamean: calls $3
*** FLOP *** [6h 5d 6s]
VolkovDmitri joins the table at seat #4
Wojo130: bets $3
Tryptamean: calls $3
*** TURN *** [6h 5d 6s] [Qc]
Wojo130: bets $6
Tryptamean: folds
Uncalled bet ($6) returned to Wojo130
Wojo130 collected $23.52 from pot
Wojo130: doesn't show hand
*** SUMMARY ***
Total pot $24 | Rake $0.48
Board [6h 5d 6s Qc]
Seat 2: Tryptamean (button) (small blind) folded on the Turn
Seat 3: Wojo130 (big blind) collected ($23.52)


PokerStars Hand #154924191382:  Hold'em Limit ($3/$6 USD) - 2016/06/19 5:05:02 ET
Table 'Kochab II' 6-max Seat #2 is the button
Seat 2: Tryptamean ($104.76 in chips)
Seat 3: Wojo130 ($92.44 in chips)
Tryptamean: posts small blind $1
Wojo130: posts big blind $3
*** HOLE CARDS ***
Tryptamean: raises $3 to $6
Wojo130: calls $3
*** FLOP *** [Ac Tc Qh]
Wojo130: checks
Tryptamean: bets $3
Wojo130: folds
Uncalled bet ($3) returned to Tryptamean
Tryptamean collected $11.76 from pot
Tryptamean: doesn't show hand
*** SUMMARY ***
Total pot $12 | Rake $0.24
Board [Ac Tc Qh]
Seat 2: Tryptamean (button) (small blind) collected ($11.76)
Seat 3: Wojo130 (big blind) folded on the Flop


PokerStars Hand #154924179136:  Hold'em Limit ($3/$6 USD) - 2016/06/19 5:04:30 ET
Table 'Kochab II' 6-max Seat #3 is the button
Seat 2: Tryptamean ($125.76 in chips)
Seat 3: Wojo130 ($71.94 in chips)
Wojo130: posts small blind $1
Tryptamean: posts big blind $3
*** HOLE CARDS ***
Wojo130: raises $3 to $6
Tryptamean: calls $3
*** FLOP *** [6h 9h 8d]
Tryptamean: checks
Wojo130: bets $3
Tryptamean: calls $3
*** TURN *** [6h 9h 8d] [Qs]
Tryptamean: bets $6
Wojo130: calls $6
*** RIVER *** [6h 9h 8d Qs] [Ac]
Tryptamean: bets $6
Wojo130: calls $6
*** SHOW DOWN ***
Tryptamean: shows [Td 5h] (high card Ace)
Wojo130: shows [Jd 9c] (a pair of Nines)
Wojo130 collected $41.50 from pot
*** SUMMARY ***
Total pot $42 | Rake $0.50
Board [6h 9h 8d Qs Ac]
Seat 2: Tryptamean (big blind) showed [Td 5h] and lost with high card Ace
Seat 3: Wojo130 (button) (small blind) showed [Jd 9c] and won ($41.50) with a pair of Nines


