PokerStars Hand #171158057637:  Hold'em Limit ($3/$6 USD) - 2017/05/31 11:12:41 ET
Table 'Kochab' 6-max Seat #4 is the button
Seat 2: aremom4e ($68.59 in chips)
Seat 4: B_loJkl ($264.87 in chips)
B_loJkl: posts small blind $1
aremom4e: posts big blind $3
*** HOLE CARDS ***
B_loJkl: raises $3 to $6
aremom4e: calls $3
*** FLOP *** [2h Js 2d]
aremom4e: checks
B_loJkl: bets $3
aremom4e: folds
Uncalled bet ($3) returned to B_loJkl
B_loJkl collected $11.76 from pot
B_loJkl: doesn't show hand
*** SUMMARY ***
Total pot $12 | Rake $0.24
Board [2h Js 2d]
Seat 2: aremom4e (big blind) folded on the Flop
Seat 4: B_loJkl (button) (small blind) collected ($11.76)


PokerStars Hand #171158124473:  Hold'em Limit ($3/$6 USD) - 2017/05/31 11:14:35 ET
Table 'Kochab' 6-max Seat #2 is the button
Seat 2: aremom4e ($22.59 in chips)
Seat 3: B_loJkl ($188.90 in chips)
aremom4e: posts small blind $1
B_loJkl: posts big blind $3
*** HOLE CARDS ***
aremom4e: folds
Uncalled bet ($2) returned to B_loJkl
B_loJkl collected $2 from pot
B_loJkl: doesn't show hand
*** SUMMARY ***
Total pot $2 | Rake $0
Seat 2: aremom4e (button) (small blind) folded before Flop
Seat 3: B_loJkl (big blind) collected ($2)


PokerStars Hand #171158113288:  Hold'em Limit ($3/$6 USD) - 2017/05/31 11:14:15 ET
Table 'Kochab' 6-max Seat #3 is the button
Seat 2: aremom4e ($46.59 in chips)
Seat 3: B_loJkl ($165.40 in chips)
B_loJkl: posts small blind $1
aremom4e: posts big blind $3
*** HOLE CARDS ***
B_loJkl: raises $3 to $6
aremom4e: raises $3 to $9
B_loJkl: calls $3
*** FLOP *** [Jd 3d 5h]
aremom4e: bets $3
B_loJkl: calls $3
*** TURN *** [Jd 3d 5h] [Ts]
aremom4e: bets $6
B_loJkl: calls $6
*** RIVER *** [Jd 3d 5h Ts] [7c]
aremom4e: bets $6
B_loJkl: calls $6
*** SHOW DOWN ***
aremom4e: shows [Kh 9h] (high card King)
B_loJkl: shows [Th Ac] (a pair of Tens)
B_loJkl collected $47.50 from pot
*** SUMMARY ***
Total pot $48 | Rake $0.50
Board [Jd 3d 5h Ts 7c]
Seat 2: aremom4e (big blind) showed [Kh 9h] and lost with high card King
Seat 3: B_loJkl (button) (small blind) showed [Th Ac] and won ($47.50) with a pair of Tens


PokerStars Hand #171158110592:  Hold'em Limit ($3/$6 USD) - 2017/05/31 11:14:11 ET
Table 'Kochab' 6-max Seat #2 is the button
Seat 2: aremom4e ($47.59 in chips)
Seat 3: B_loJkl ($164.40 in chips)
aremom4e: posts small blind $1
B_loJkl: posts big blind $3
*** HOLE CARDS ***
aremom4e: folds
Uncalled bet ($2) returned to B_loJkl
B_loJkl collected $2 from pot
B_loJkl: doesn't show hand
*** SUMMARY ***
Total pot $2 | Rake $0
Seat 2: aremom4e (button) (small blind) folded before Flop
Seat 3: B_loJkl (big blind) collected ($2)


PokerStars Hand #171158097449:  Hold'em Limit ($3/$6 USD) - 2017/05/31 11:13:49 ET
Table 'Kochab' 6-max Seat #3 is the button
Seat 2: aremom4e ($53.59 in chips)
Seat 3: B_loJkl ($158.64 in chips)
B_loJkl: posts small blind $1
aremom4e: posts big blind $3
*** HOLE CARDS ***
B_loJkl: raises $3 to $6
aremom4e: calls $3
*** FLOP *** [3d 5s Th]
aremom4e: checks
B_loJkl: bets $3
aremom4e: folds
Uncalled bet ($3) returned to B_loJkl
B_loJkl collected $11.76 from pot
B_loJkl: doesn't show hand
*** SUMMARY ***
Total pot $12 | Rake $0.24
Board [3d 5s Th]
Seat 2: aremom4e (big blind) folded on the Flop
Seat 3: B_loJkl (button) (small blind) collected ($11.76)


PokerStars Hand #171158079732:  Hold'em Limit ($3/$6 USD) - 2017/05/31 11:13:19 ET
Table 'Kochab' 6-max Seat #2 is the button
Seat 2: aremom4e ($62.59 in chips)
Seat 3: B_loJkl ($150 in chips)
aremom4e: posts small blind $1
B_loJkl: posts big blind $3
*** HOLE CARDS ***
aremom4e: raises $3 to $6
B_loJkl: calls $3
*** FLOP *** [Th Ad 6d]
B_loJkl: checks
aremom4e: bets $3
B_loJkl: calls $3
*** TURN *** [Th Ad 6d] [4h]
B_loJkl: checks
aremom4e: checks
*** RIVER *** [Th Ad 6d 4h] [4d]
B_loJkl: bets $6
aremom4e: folds
Uncalled bet ($6) returned to B_loJkl
B_loJkl collected $17.64 from pot
B_loJkl: doesn't show hand
*** SUMMARY ***
Total pot $18 | Rake $0.36
Board [Th Ad 6d 4h 4d]
Seat 2: aremom4e (button) (small blind) folded on the River
Seat 3: B_loJkl (big blind) collected ($17.64)


PokerStars Hand #171158152927:  Hold'em Limit ($3/$6 USD) - 2017/05/31 11:15:22 ET
Table 'Kochab' 6-max Seat #3 is the button
Seat 2: aremom4e ($48.44 in chips)
Seat 3: B_loJkl ($162.31 in chips)
B_loJkl: posts small blind $1
aremom4e: posts big blind $3
*** HOLE CARDS ***
B_loJkl: raises $3 to $6
aremom4e: raises $3 to $9
B_loJkl: calls $3
*** FLOP *** [2s 5c Jc]
aremom4e: bets $3
B_loJkl: calls $3
*** TURN *** [2s 5c Jc] [5s]
aremom4e: checks
B_loJkl: bets $6
aremom4e: calls $6
*** RIVER *** [2s 5c Jc 5s] [2c]
aremom4e: checks
B_loJkl: bets $6
aremom4e: calls $6
*** SHOW DOWN ***
B_loJkl: shows [9s 5d] (a full house, Fives full of Deuces)
aremom4e: mucks hand
B_loJkl collected $47.50 from pot
*** SUMMARY ***
Total pot $48 | Rake $0.50
Board [2s 5c Jc 5s 2c]
Seat 2: aremom4e (big blind) mucked
Seat 3: B_loJkl (button) (small blind) showed [9s 5d] and won ($47.50) with a full house, Fives full of Deuces


PokerStars Hand #171158144752:  Hold'em Limit ($3/$6 USD) - 2017/05/31 11:15:09 ET
Table 'Kochab' 6-max Seat #2 is the button
Seat 2: aremom4e ($42.68 in chips)
Seat 3: B_loJkl ($168.31 in chips)
aremom4e: posts small blind $1
B_loJkl: posts big blind $3
*** HOLE CARDS ***
aremom4e: raises $3 to $6
B_loJkl: calls $3
*** FLOP *** [9d 5c As]
B_loJkl: checks
aremom4e: bets $3
B_loJkl: folds
Uncalled bet ($3) returned to aremom4e
aremom4e collected $11.76 from pot
aremom4e: doesn't show hand
*** SUMMARY ***
Total pot $12 | Rake $0.24
Board [9d 5c As]
Seat 2: aremom4e (button) (small blind) collected ($11.76)
Seat 3: B_loJkl (big blind) folded on the Flop


PokerStars Hand #171158127373:  Hold'em Limit ($3/$6 USD) - 2017/05/31 11:14:39 ET
Table 'Kochab' 6-max Seat #3 is the button
Seat 2: aremom4e ($21.59 in chips)
Seat 3: B_loJkl ($189.90 in chips)
B_loJkl: posts small blind $1
aremom4e: posts big blind $3
*** HOLE CARDS ***
B_loJkl: raises $3 to $6
aremom4e: raises $3 to $9
B_loJkl: calls $3
*** FLOP *** [6h Js 8c]
aremom4e: bets $3
B_loJkl: calls $3
*** TURN *** [6h Js 8c] [3d]
aremom4e: bets $6
B_loJkl: calls $6
*** RIVER *** [6h Js 8c 3d] [2s]
aremom4e: checks
B_loJkl: bets $6
aremom4e: calls $3.59 and is all-in
Uncalled bet ($2.41) returned to B_loJkl
*** SHOW DOWN ***
B_loJkl: shows [Qs 8d] (a pair of Eights)
aremom4e: shows [Kh Ks] (a pair of Kings)
aremom4e collected $42.68 from pot
*** SUMMARY ***
Total pot $43.18 | Rake $0.50
Board [6h Js 8c 3d 2s]
Seat 2: aremom4e (big blind) showed [Kh Ks] and won ($42.68) with a pair of Kings
Seat 3: B_loJkl (button) (small blind) showed [Qs 8d] and lost with a pair of Eights


PokerStars Hand #171158183898:  Hold'em Limit ($3/$6 USD) - 2017/05/31 11:16:14 ET
Table 'Kochab' 6-max Seat #2 is the button
Seat 2: aremom4e ($53.58 in chips)
Seat 3: B_loJkl ($155.81 in chips)
aremom4e: posts small blind $1
B_loJkl: posts big blind $3
*** HOLE CARDS ***
aremom4e: raises $3 to $6
B_loJkl: calls $3
*** FLOP *** [Tc 4h Ks]
B_loJkl: checks
aremom4e: bets $3
B_loJkl: folds
Uncalled bet ($3) returned to aremom4e
aremom4e collected $11.76 from pot
aremom4e: doesn't show hand
*** SUMMARY ***
Total pot $12 | Rake $0.24
Board [Tc 4h Ks]
Seat 2: aremom4e (button) (small blind) collected ($11.76)
Seat 3: B_loJkl (big blind) folded on the Flop


PokerStars Hand #171158177511:  Hold'em Limit ($3/$6 USD) - 2017/05/31 11:16:03 ET
Table 'Kochab' 6-max Seat #3 is the button
Seat 2: aremom4e ($44.94 in chips)
Seat 3: B_loJkl ($164.81 in chips)
B_loJkl: posts small blind $1
aremom4e: posts big blind $3
*** HOLE CARDS ***
B_loJkl: raises $3 to $6
aremom4e: calls $3
*** FLOP *** [3d 6c 8d]
aremom4e: checks
B_loJkl: bets $3
aremom4e: raises $3 to $6
B_loJkl: folds
Uncalled bet ($3) returned to aremom4e
aremom4e collected $17.64 from pot
aremom4e: doesn't show hand
*** SUMMARY ***
Total pot $18 | Rake $0.36
Board [3d 6c 8d]
Seat 2: aremom4e (big blind) collected ($17.64)
Seat 3: B_loJkl (button) (small blind) folded on the Flop


PokerStars Hand #171158163236:  Hold'em Limit ($3/$6 USD) - 2017/05/31 11:15:39 ET
Table 'Kochab' 6-max Seat #2 is the button
Seat 2: aremom4e ($24.44 in chips)
Seat 3: B_loJkl ($185.81 in chips)
aremom4e: posts small blind $1
B_loJkl: posts big blind $3
*** HOLE CARDS ***
aremom4e: raises $3 to $6
B_loJkl: calls $3
*** FLOP *** [2c Ac Ks]
B_loJkl: checks
aremom4e: bets $3
B_loJkl: calls $3
*** TURN *** [2c Ac Ks] [Qd]
B_loJkl: checks
aremom4e: bets $6
B_loJkl: calls $6
*** RIVER *** [2c Ac Ks Qd] [As]
B_loJkl: checks
aremom4e: bets $6
B_loJkl: calls $6
*** SHOW DOWN ***
aremom4e: shows [Kc Kh] (a full house, Kings full of Aces)
B_loJkl: mucks hand
aremom4e collected $41.50 from pot
*** SUMMARY ***
Total pot $42 | Rake $0.50
Board [2c Ac Ks Qd As]
Seat 2: aremom4e (button) (small blind) showed [Kc Kh] and won ($41.50) with a full house, Kings full of Aces
Seat 3: B_loJkl (big blind) mucked


PokerStars Hand #171158233571:  Hold'em Limit ($3/$6 USD) - 2017/05/31 11:17:37 ET
Table 'Kochab' 6-max Seat #2 is the button
Seat 2: aremom4e ($53.84 in chips)
Seat 3: B_loJkl ($154.31 in chips)
aremom4e: posts small blind $1
B_loJkl: posts big blind $3
*** HOLE CARDS ***
aremom4e: folds
Uncalled bet ($2) returned to B_loJkl
B_loJkl collected $2 from pot
B_loJkl: doesn't show hand
*** SUMMARY ***
Total pot $2 | Rake $0
Seat 2: aremom4e (button) (small blind) folded before Flop
Seat 3: B_loJkl (big blind) collected ($2)


PokerStars Hand #171158230595:  Hold'em Limit ($3/$6 USD) - 2017/05/31 11:17:32 ET
Table 'Kochab' 6-max Seat #3 is the button
Seat 2: aremom4e ($56.84 in chips)
Seat 3: B_loJkl ($151.31 in chips)
B_loJkl: posts small blind $1
aremom4e: posts big blind $3
*** HOLE CARDS ***
B_loJkl: raises $3 to $6
aremom4e: folds
Uncalled bet ($3) returned to B_loJkl
B_loJkl collected $6 from pot
B_loJkl: doesn't show hand
*** SUMMARY ***
Total pot $6 | Rake $0
Seat 2: aremom4e (big blind) folded before Flop
Seat 3: B_loJkl (button) (small blind) collected ($6)


PokerStars Hand #171158227895:  Hold'em Limit ($3/$6 USD) - 2017/05/31 11:17:28 ET
Table 'Kochab' 6-max Seat #2 is the button
Seat 2: aremom4e ($57.84 in chips)
Seat 3: B_loJkl ($150.31 in chips)
aremom4e: posts small blind $1
B_loJkl: posts big blind $3
*** HOLE CARDS ***
aremom4e: folds
Uncalled bet ($2) returned to B_loJkl
B_loJkl collected $2 from pot
B_loJkl: doesn't show hand
*** SUMMARY ***
Total pot $2 | Rake $0
Seat 2: aremom4e (button) (small blind) folded before Flop
Seat 3: B_loJkl (big blind) collected ($2)


PokerStars Hand #171158214324:  Hold'em Limit ($3/$6 USD) - 2017/05/31 11:17:05 ET
Table 'Kochab' 6-max Seat #3 is the button
Seat 2: aremom4e ($40.34 in chips)
Seat 3: B_loJkl ($168.31 in chips)
B_loJkl: posts small blind $1
aremom4e: posts big blind $3
*** HOLE CARDS ***
B_loJkl: raises $3 to $6
aremom4e: calls $3
*** FLOP *** [5s Jh 2h]
aremom4e: checks
B_loJkl: checks
*** TURN *** [5s Jh 2h] [As]
aremom4e: bets $6
B_loJkl: calls $6
*** RIVER *** [5s Jh 2h As] [8s]
aremom4e: checks
B_loJkl: bets $6
aremom4e: calls $6
*** SHOW DOWN ***
B_loJkl: shows [Th 4c] (high card Ace)
aremom4e: shows [Jc 4h] (a pair of Jacks)
aremom4e collected $35.50 from pot
*** SUMMARY ***
Total pot $36 | Rake $0.50
Board [5s Jh 2h As 8s]
Seat 2: aremom4e (big blind) showed [Jc 4h] and won ($35.50) with a pair of Jacks
Seat 3: B_loJkl (button) (small blind) showed [Th 4c] and lost with high card Ace


PokerStars Hand #171158211696:  Hold'em Limit ($3/$6 USD) - 2017/05/31 11:17:01 ET
Table 'Kochab' 6-max Seat #2 is the button
Seat 2: aremom4e ($41.34 in chips)
Seat 3: B_loJkl ($167.31 in chips)
aremom4e: posts small blind $1
B_loJkl: posts big blind $3
*** HOLE CARDS ***
aremom4e: folds
Uncalled bet ($2) returned to B_loJkl
B_loJkl collected $2 from pot
B_loJkl: doesn't show hand
*** SUMMARY ***
Total pot $2 | Rake $0
Seat 2: aremom4e (button) (small blind) folded before Flop
Seat 3: B_loJkl (big blind) collected ($2)


PokerStars Hand #171158197495:  Hold'em Limit ($3/$6 USD) - 2017/05/31 11:16:37 ET
Table 'Kochab' 6-max Seat #3 is the button
Seat 2: aremom4e ($59.34 in chips)
Seat 3: B_loJkl ($149.81 in chips)
B_loJkl: posts small blind $1
aremom4e: posts big blind $3
*** HOLE CARDS ***
B_loJkl: raises $3 to $6
aremom4e: calls $3
*** FLOP *** [7h 5c 9h]
aremom4e: checks
B_loJkl: bets $3
aremom4e: raises $3 to $6
B_loJkl: calls $3
*** TURN *** [7h 5c 9h] [Qh]
aremom4e: bets $6
B_loJkl: calls $6
*** RIVER *** [7h 5c 9h Qh] [6h]
aremom4e: checks
B_loJkl: checks
*** SHOW DOWN ***
aremom4e: shows [Ac 5d] (a pair of Fives)
B_loJkl: shows [8h 9d] (a flush, Queen high)
B_loJkl collected $35.50 from pot
*** SUMMARY ***
Total pot $36 | Rake $0.50
Board [7h 5c 9h Qh 6h]
Seat 2: aremom4e (big blind) showed [Ac 5d] and lost with a pair of Fives
Seat 3: B_loJkl (button) (small blind) showed [8h 9d] and won ($35.50) with a flush, Queen high


PokerStars Hand #171158259581:  Hold'em Limit ($3/$6 USD) - 2017/05/31 11:18:21 ET
Table 'Kochab' 6-max Seat #3 is the button
Seat 2: aremom4e ($26.84 in chips)
Seat 3: B_loJkl ($180.81 in chips)
B_loJkl: posts small blind $1
aremom4e: posts big blind $3
*** HOLE CARDS ***
B_loJkl: raises $3 to $6
aremom4e: calls $3
*** FLOP *** [Qh 3s 4d]
aremom4e: checks
B_loJkl: bets $3
aremom4e: raises $3 to $6
B_loJkl: calls $3
*** TURN *** [Qh 3s 4d] [Js]
aremom4e: bets $6
B_loJkl: calls $6
*** RIVER *** [Qh 3s 4d Js] [2c]
aremom4e: checks
B_loJkl: checks
*** SHOW DOWN ***
aremom4e: shows [2d As] (a pair of Deuces)
B_loJkl: mucks hand
aremom4e collected $35.50 from pot
*** SUMMARY ***
Total pot $36 | Rake $0.50
Board [Qh 3s 4d Js 2c]
Seat 2: aremom4e (big blind) showed [2d As] and won ($35.50) with a pair of Deuces
Seat 3: B_loJkl (button) (small blind) mucked


PokerStars Hand #171158256710:  Hold'em Limit ($3/$6 USD) - 2017/05/31 11:18:16 ET
Table 'Kochab' 6-max Seat #2 is the button
Seat 2: aremom4e ($27.84 in chips)
Seat 3: B_loJkl ($179.81 in chips)
aremom4e: posts small blind $1
B_loJkl: posts big blind $3
*** HOLE CARDS ***
aremom4e: folds
Uncalled bet ($2) returned to B_loJkl
B_loJkl collected $2 from pot
B_loJkl: doesn't show hand
*** SUMMARY ***
Total pot $2 | Rake $0
Seat 2: aremom4e (button) (small blind) folded before Flop
Seat 3: B_loJkl (big blind) collected ($2)


PokerStars Hand #171158236465:  Hold'em Limit ($3/$6 USD) - 2017/05/31 11:17:42 ET
Table 'Kochab' 6-max Seat #3 is the button
Seat 2: aremom4e ($52.84 in chips)
Seat 3: B_loJkl ($155.31 in chips)
B_loJkl: posts small blind $1
aremom4e: posts big blind $3
*** HOLE CARDS ***
B_loJkl: raises $3 to $6
aremom4e: calls $3
*** FLOP *** [5c 4d Kh]
aremom4e: checks
B_loJkl: bets $3
aremom4e: calls $3
*** TURN *** [5c 4d Kh] [Jc]
aremom4e: checks
B_loJkl: bets $6
aremom4e: calls $6
*** RIVER *** [5c 4d Kh Jc] [9h]
aremom4e: checks
B_loJkl: bets $6
aremom4e: calls $6
*** SHOW DOWN ***
B_loJkl: shows [Ks 4h] (two pair, Kings and Fours)
aremom4e: mucks hand
B_loJkl collected $41.50 from pot
*** SUMMARY ***
Total pot $42 | Rake $0.50
Board [5c 4d Kh Jc 9h]
Seat 2: aremom4e (big blind) mucked
Seat 3: B_loJkl (button) (small blind) showed [Ks 4h] and won ($41.50) with two pair, Kings and Fours


PokerStars Hand #171158252881:  Hold'em Limit ($3/$6 USD) - 2017/05/31 11:18:09 ET
Table 'Kochab' 6-max Seat #3 is the button
Seat 2: aremom4e ($30.84 in chips)
Seat 3: B_loJkl ($176.81 in chips)
B_loJkl: posts small blind $1
aremom4e: posts big blind $3
*** HOLE CARDS ***
B_loJkl: raises $3 to $6
aremom4e: folds
Uncalled bet ($3) returned to B_loJkl
B_loJkl collected $6 from pot
B_loJkl: doesn't show hand
*** SUMMARY ***
Total pot $6 | Rake $0
Seat 2: aremom4e (big blind) folded before Flop
Seat 3: B_loJkl (button) (small blind) collected ($6)


PokerStars Hand #171158250012:  Hold'em Limit ($3/$6 USD) - 2017/05/31 11:18:05 ET
Table 'Kochab' 6-max Seat #2 is the button
Seat 2: aremom4e ($31.84 in chips)
Seat 3: B_loJkl ($175.81 in chips)
aremom4e: posts small blind $1
B_loJkl: posts big blind $3
*** HOLE CARDS ***
aremom4e: folds
Uncalled bet ($2) returned to B_loJkl
B_loJkl collected $2 from pot
B_loJkl: doesn't show hand
*** SUMMARY ***
Total pot $2 | Rake $0
Seat 2: aremom4e (button) (small blind) folded before Flop
Seat 3: B_loJkl (big blind) collected ($2)


PokerStars Hand #171158271759:  Hold'em Limit ($3/$6 USD) - 2017/05/31 11:18:41 ET
Table 'Kochab' 6-max Seat #2 is the button
Seat 2: aremom4e ($44.34 in chips)
Seat 3: B_loJkl ($162.81 in chips)
aremom4e: posts small blind $1
B_loJkl: posts big blind $3
*** HOLE CARDS ***
aremom4e: raises $3 to $6
B_loJkl: calls $3
*** FLOP *** [3h Js Jd]
B_loJkl: checks
aremom4e: bets $3
B_loJkl: raises $3 to $6
aremom4e: calls $3
*** TURN *** [3h Js Jd] [Qd]
B_loJkl: bets $6
aremom4e: calls $6
*** RIVER *** [3h Js Jd Qd] [8h]
B_loJkl: checks
aremom4e: checks
*** SHOW DOWN ***
B_loJkl: shows [Ad 3s] (two pair, Jacks and Threes)
aremom4e: mucks hand
B_loJkl collected $35.50 from pot
*** SUMMARY ***
Total pot $36 | Rake $0.50
Board [3h Js Jd Qd 8h]
Seat 2: aremom4e (button) (small blind) mucked
Seat 3: B_loJkl (big blind) showed [Ad 3s] and won ($35.50) with two pair, Jacks and Threes


PokerStars Hand #171158288675:  Hold'em Limit ($3/$6 USD) - 2017/05/31 11:19:09 ET
Table 'Kochab' 6-max Seat #2 is the button
Seat 2: aremom4e ($37.86 in chips)
Seat 3: B_loJkl ($168.31 in chips)
aremom4e: posts small blind $1
B_loJkl: posts big blind $3
*** HOLE CARDS ***
aremom4e: folds
Uncalled bet ($2) returned to B_loJkl
B_loJkl collected $2 from pot
B_loJkl: doesn't show hand
*** SUMMARY ***
Total pot $2 | Rake $0
Seat 2: aremom4e (button) (small blind) folded before Flop
Seat 3: B_loJkl (big blind) collected ($2)


PokerStars Hand #171158280107:  Hold'em Limit ($3/$6 USD) - 2017/05/31 11:18:55 ET
Table 'Kochab' 6-max Seat #3 is the button
Seat 2: aremom4e ($26.34 in chips)
Seat 3: B_loJkl ($180.31 in chips)
B_loJkl: posts small blind $1
aremom4e: posts big blind $3
*** HOLE CARDS ***
B_loJkl: raises $3 to $6
aremom4e: calls $3
*** FLOP *** [6h 8d 6s]
aremom4e: checks
B_loJkl: checks
*** TURN *** [6h 8d 6s] [7d]
aremom4e: bets $6
B_loJkl: calls $6
*** RIVER *** [6h 8d 6s 7d] [3h]
aremom4e: checks
B_loJkl: checks
*** SHOW DOWN ***
aremom4e: shows [7c Js] (two pair, Sevens and Sixes)
B_loJkl: mucks hand
aremom4e collected $23.52 from pot
*** SUMMARY ***
Total pot $24 | Rake $0.48
Board [6h 8d 6s 7d 3h]
Seat 2: aremom4e (big blind) showed [7c Js] and won ($23.52) with two pair, Sevens and Sixes
Seat 3: B_loJkl (button) (small blind) mucked


PokerStars Hand #171158301579:  Hold'em Limit ($3/$6 USD) - 2017/05/31 11:19:31 ET
Table 'Kochab' 6-max Seat #2 is the button
Seat 2: aremom4e ($24.86 in chips)
Seat 3: B_loJkl ($180.83 in chips)
aremom4e: posts small blind $1
B_loJkl: posts big blind $3
*** HOLE CARDS ***
aremom4e: folds
Uncalled bet ($2) returned to B_loJkl
B_loJkl collected $2 from pot
B_loJkl: doesn't show hand
*** SUMMARY ***
Total pot $2 | Rake $0
Seat 2: aremom4e (button) (small blind) folded before Flop
Seat 3: B_loJkl (big blind) collected ($2)


PokerStars Hand #171158291713:  Hold'em Limit ($3/$6 USD) - 2017/05/31 11:19:14 ET
Table 'Kochab' 6-max Seat #3 is the button
Seat 2: aremom4e ($36.86 in chips)
Seat 3: B_loJkl ($169.31 in chips)
B_loJkl: posts small blind $1
aremom4e: posts big blind $3
*** HOLE CARDS ***
B_loJkl: raises $3 to $6
aremom4e: calls $3
*** FLOP *** [Qc Tc 6s]
aremom4e: checks
B_loJkl: checks
*** TURN *** [Qc Tc 6s] [7s]
aremom4e: bets $6
B_loJkl: calls $6
*** RIVER *** [Qc Tc 6s 7s] [Qd]
aremom4e: checks
B_loJkl: checks
*** SHOW DOWN ***
aremom4e: shows [Ac 6d] (two pair, Queens and Sixes)
B_loJkl: shows [7c 4h] (two pair, Queens and Sevens)
B_loJkl collected $23.52 from pot
*** SUMMARY ***
Total pot $24 | Rake $0.48
Board [Qc Tc 6s 7s Qd]
Seat 2: aremom4e (big blind) showed [Ac 6d] and lost with two pair, Queens and Sixes
Seat 3: B_loJkl (button) (small blind) showed [7c 4h] and won ($23.52) with two pair, Queens and Sevens


PokerStars Hand #171158304633:  Hold'em Limit ($3/$6 USD) - 2017/05/31 11:19:36 ET
Table 'Kochab' 6-max Seat #3 is the button
Seat 2: aremom4e ($23.86 in chips)
Seat 3: B_loJkl ($181.83 in chips)
B_loJkl: posts small blind $1
aremom4e: posts big blind $3
*** HOLE CARDS ***
B_loJkl: raises $3 to $6
aremom4e: calls $3
*** FLOP *** [3s Jd 8s]
aremom4e: checks
B_loJkl: checks
*** TURN *** [3s Jd 8s] [6c]
aremom4e: bets $6
B_loJkl: calls $6
*** RIVER *** [3s Jd 8s 6c] [7c]
aremom4e: checks
B_loJkl: checks
*** SHOW DOWN ***
aremom4e: shows [8d Qh] (a pair of Eights)
B_loJkl: mucks hand
aremom4e collected $23.52 from pot
*** SUMMARY ***
Total pot $24 | Rake $0.48
Board [3s Jd 8s 6c 7c]
Seat 2: aremom4e (big blind) showed [8d Qh] and won ($23.52) with a pair of Eights
Seat 3: B_loJkl (button) (small blind) mucked


PokerStars Hand #171158315167:  Hold'em Limit ($3/$6 USD) - 2017/05/31 11:19:53 ET
Table 'Kochab' 6-max Seat #2 is the button
Seat 2: aremom4e ($35.38 in chips)
Seat 3: B_loJkl ($169.83 in chips)
aremom4e: posts small blind $1
B_loJkl: posts big blind $3
*** HOLE CARDS ***
aremom4e: raises $3 to $6
B_loJkl: calls $3
*** FLOP *** [9h 8h 8d]
B_loJkl: checks
aremom4e: bets $3
B_loJkl: raises $3 to $6
aremom4e: raises $3 to $9
B_loJkl: calls $3
*** TURN *** [9h 8h 8d] [6s]
B_loJkl: checks
aremom4e: bets $6
B_loJkl: calls $6
*** RIVER *** [9h 8h 8d 6s] [9c]
B_loJkl: checks
aremom4e: bets $6
B_loJkl: folds
Uncalled bet ($6) returned to aremom4e
aremom4e collected $41.50 from pot
aremom4e: doesn't show hand
*** SUMMARY ***
Total pot $42 | Rake $0.50
Board [9h 8h 8d 6s 9c]
Seat 2: aremom4e (button) (small blind) collected ($41.50)
Seat 3: B_loJkl (big blind) folded on the River


PokerStars Hand #171158327463:  Hold'em Limit ($3/$6 USD) - 2017/05/31 11:20:14 ET
Table 'Kochab' 6-max Seat #3 is the button
Seat 2: aremom4e ($55.88 in chips)
Seat 3: B_loJkl ($148.83 in chips)
B_loJkl: posts small blind $1
aremom4e: posts big blind $3
*** HOLE CARDS ***
B_loJkl: raises $3 to $6
aremom4e: calls $3
*** FLOP *** [7c 4c 6s]
aremom4e: checks
B_loJkl: bets $3
aremom4e: raises $3 to $6
B_loJkl: raises $3 to $9
aremom4e: calls $3
*** TURN *** [7c 4c 6s] [Kd]
aremom4e: checks
B_loJkl: bets $6
aremom4e: raises $6 to $12
B_loJkl: raises $6 to $18
aremom4e: calls $6
*** RIVER *** [7c 4c 6s Kd] [Jd]
aremom4e: checks
B_loJkl: bets $6
aremom4e: calls $6
*** SHOW DOWN ***
B_loJkl: shows [5h 8d] (a straight, Four to Eight)
aremom4e: mucks hand
B_loJkl collected $77.50 from pot
*** SUMMARY ***
Total pot $78 | Rake $0.50
Board [7c 4c 6s Kd Jd]
Seat 2: aremom4e (big blind) mucked
Seat 3: B_loJkl (button) (small blind) showed [5h 8d] and won ($77.50) with a straight, Four to Eight


PokerStars Hand #171158341002:  Hold'em Limit ($3/$6 USD) - 2017/05/31 11:20:36 ET
Table 'Kochab' 6-max Seat #2 is the button
Seat 2: aremom4e ($16.88 in chips)
Seat 3: B_loJkl ($187.33 in chips)
aremom4e: posts small blind $1
B_loJkl: posts big blind $3
*** HOLE CARDS ***
aremom4e: folds
Uncalled bet ($2) returned to B_loJkl
B_loJkl collected $2 from pot
B_loJkl: doesn't show hand
*** SUMMARY ***
Total pot $2 | Rake $0
Seat 2: aremom4e (button) (small blind) folded before Flop
Seat 3: B_loJkl (big blind) collected ($2)


PokerStars Hand #171158343940:  Hold'em Limit ($3/$6 USD) - 2017/05/31 11:20:41 ET
Table 'Kochab' 6-max Seat #3 is the button
Seat 2: aremom4e ($15.88 in chips)
Seat 3: B_loJkl ($188.33 in chips)
B_loJkl: posts small blind $1
aremom4e: posts big blind $3
*** HOLE CARDS ***
B_loJkl: raises $3 to $6
aremom4e: calls $3
*** FLOP *** [Ks Th Qc]
aremom4e: checks
B_loJkl: bets $3
aremom4e: raises $3 to $6
B_loJkl: calls $3
*** TURN *** [Ks Th Qc] [Jc]
aremom4e: bets $3.88 and is all-in
B_loJkl: folds
Uncalled bet ($3.88) returned to aremom4e
aremom4e collected $23.52 from pot
aremom4e: doesn't show hand
*** SUMMARY ***
Total pot $24 | Rake $0.48
Board [Ks Th Qc Jc]
Seat 2: aremom4e (big blind) collected ($23.52)
Seat 3: B_loJkl (button) (small blind) folded on the Turn


PokerStars Hand #171158357306:  Hold'em Limit ($3/$6 USD) - 2017/05/31 11:21:03 ET
Table 'Kochab' 6-max Seat #2 is the button
Seat 2: aremom4e ($87.40 in chips)
Seat 3: B_loJkl ($176.33 in chips)
aremom4e: posts small blind $1
B_loJkl: posts big blind $3
*** HOLE CARDS ***
aremom4e: raises $3 to $6
B_loJkl: calls $3
*** FLOP *** [Qc Ks 8d]
B_loJkl: checks
aremom4e: bets $3
B_loJkl: folds
Uncalled bet ($3) returned to aremom4e
aremom4e collected $11.76 from pot
aremom4e: doesn't show hand
*** SUMMARY ***
Total pot $12 | Rake $0.24
Board [Qc Ks 8d]
Seat 2: aremom4e (button) (small blind) collected ($11.76)
Seat 3: B_loJkl (big blind) folded on the Flop


PokerStars Hand #171158378508:  Hold'em Limit ($3/$6 USD) - 2017/05/31 11:21:38 ET
Table 'Kochab' 6-max Seat #2 is the button
Seat 2: aremom4e ($90.16 in chips)
Seat 3: B_loJkl ($173.33 in chips)
aremom4e: posts small blind $1
B_loJkl: posts big blind $3
*** HOLE CARDS ***
aremom4e: folds
Uncalled bet ($2) returned to B_loJkl
B_loJkl collected $2 from pot
B_loJkl: doesn't show hand
*** SUMMARY ***
Total pot $2 | Rake $0
Seat 2: aremom4e (button) (small blind) folded before Flop
Seat 3: B_loJkl (big blind) collected ($2)


PokerStars Hand #171158364582:  Hold'em Limit ($3/$6 USD) - 2017/05/31 11:21:15 ET
Table 'Kochab' 6-max Seat #3 is the button
Seat 2: aremom4e ($93.16 in chips)
Seat 3: B_loJkl ($170.33 in chips)
B_loJkl: posts small blind $1
aremom4e: posts big blind $3
*** HOLE CARDS ***
B_loJkl: raises $3 to $6
aremom4e: folds
Uncalled bet ($3) returned to B_loJkl
B_loJkl collected $6 from pot
B_loJkl: doesn't show hand
*** SUMMARY ***
Total pot $6 | Rake $0
Seat 2: aremom4e (big blind) folded before Flop
Seat 3: B_loJkl (button) (small blind) collected ($6)


PokerStars Hand #171158397623:  Hold'em Limit ($3/$6 USD) - 2017/05/31 11:22:10 ET
Table 'Kochab' 6-max Seat #2 is the button
Seat 2: aremom4e ($71.16 in chips)
Seat 3: B_loJkl ($191.83 in chips)
aremom4e: posts small blind $1
B_loJkl: posts big blind $3
*** HOLE CARDS ***
aremom4e: folds
Uncalled bet ($2) returned to B_loJkl
B_loJkl collected $2 from pot
B_loJkl: doesn't show hand
*** SUMMARY ***
Total pot $2 | Rake $0
Seat 2: aremom4e (button) (small blind) folded before Flop
Seat 3: B_loJkl (big blind) collected ($2)


PokerStars Hand #171158381091:  Hold'em Limit ($3/$6 USD) - 2017/05/31 11:21:43 ET
Table 'Kochab' 6-max Seat #3 is the button
Seat 2: aremom4e ($89.16 in chips)
Seat 3: B_loJkl ($174.33 in chips)
B_loJkl: posts small blind $1
aremom4e: posts big blind $3
*** HOLE CARDS ***
B_loJkl: raises $3 to $6
aremom4e: raises $3 to $9
B_loJkl: calls $3
*** FLOP *** [2c Qd 2s]
aremom4e: bets $3
B_loJkl: calls $3
*** TURN *** [2c Qd 2s] [3s]
aremom4e: bets $6
B_loJkl: calls $6
*** RIVER *** [2c Qd 2s 3s] [4h]
aremom4e: checks
B_loJkl: checks
*** SHOW DOWN ***
aremom4e: shows [Kc 7c] (a pair of Deuces)
B_loJkl: shows [Ks 3h] (two pair, Threes and Deuces)
B_loJkl collected $35.50 from pot
*** SUMMARY ***
Total pot $36 | Rake $0.50
Board [2c Qd 2s 3s 4h]
Seat 2: aremom4e (big blind) showed [Kc 7c] and lost with a pair of Deuces
Seat 3: B_loJkl (button) (small blind) showed [Ks 3h] and won ($35.50) with two pair, Threes and Deuces


PokerStars Hand #171158400262:  Hold'em Limit ($3/$6 USD) - 2017/05/31 11:22:15 ET
Table 'Kochab' 6-max Seat #3 is the button
Seat 2: aremom4e ($70.16 in chips)
Seat 3: B_loJkl ($192.83 in chips)
B_loJkl: posts small blind $1
aremom4e: posts big blind $3
*** HOLE CARDS ***
B_loJkl: raises $3 to $6
aremom4e: folds
Uncalled bet ($3) returned to B_loJkl
B_loJkl collected $6 from pot
B_loJkl: doesn't show hand
*** SUMMARY ***
Total pot $6 | Rake $0
Seat 2: aremom4e (big blind) folded before Flop
Seat 3: B_loJkl (button) (small blind) collected ($6)


PokerStars Hand #171158404061:  Hold'em Limit ($3/$6 USD) - 2017/05/31 11:22:21 ET
Table 'Kochab' 6-max Seat #2 is the button
Seat 2: aremom4e ($67.16 in chips)
Seat 3: B_loJkl ($195.83 in chips)
aremom4e: posts small blind $1
B_loJkl: posts big blind $3
*** HOLE CARDS ***
aremom4e: raises $3 to $6
B_loJkl: calls $3
*** FLOP *** [Kh 6h Jc]
B_loJkl: bets $3
aremom4e: calls $3
*** TURN *** [Kh 6h Jc] [7c]
B_loJkl: bets $6
aremom4e: folds
Uncalled bet ($6) returned to B_loJkl
B_loJkl collected $17.64 from pot
B_loJkl: doesn't show hand
*** SUMMARY ***
Total pot $18 | Rake $0.36
Board [Kh 6h Jc 7c]
Seat 2: aremom4e (button) (small blind) folded on the Turn
Seat 3: B_loJkl (big blind) collected ($17.64)


PokerStars Hand #171158420031:  Hold'em Limit ($3/$6 USD) - 2017/05/31 11:22:47 ET
Table 'Kochab' 6-max Seat #3 is the button
Seat 2: aremom4e ($58.16 in chips)
Seat 3: B_loJkl ($204.47 in chips)
B_loJkl: posts small blind $1
aremom4e: posts big blind $3
*** HOLE CARDS ***
B_loJkl: raises $3 to $6
aremom4e: calls $3
*** FLOP *** [Kc 5h Kh]
aremom4e: checks
B_loJkl: bets $3
aremom4e: folds
Uncalled bet ($3) returned to B_loJkl
B_loJkl collected $11.76 from pot
B_loJkl: doesn't show hand
*** SUMMARY ***
Total pot $12 | Rake $0.24
Board [Kc 5h Kh]
Seat 2: aremom4e (big blind) folded on the Flop
Seat 3: B_loJkl (button) (small blind) collected ($11.76)


PokerStars Hand #171158435918:  Hold'em Limit ($3/$6 USD) - 2017/05/31 11:23:14 ET
Table 'Kochab' 6-max Seat #2 is the button
Seat 2: aremom4e ($52.16 in chips)
Seat 3: B_loJkl ($210.23 in chips)
aremom4e: posts small blind $1
B_loJkl: posts big blind $3
*** HOLE CARDS ***
aremom4e: raises $3 to $6
B_loJkl: raises $3 to $9
aremom4e: calls $3
*** FLOP *** [4h 5c 7s]
B_loJkl: bets $3
aremom4e: calls $3
*** TURN *** [4h 5c 7s] [Th]
B_loJkl: bets $6
aremom4e: raises $6 to $12
B_loJkl: calls $6
*** RIVER *** [4h 5c 7s Th] [9c]
B_loJkl: checks
aremom4e: bets $6
B_loJkl: calls $6
*** SHOW DOWN ***
aremom4e: shows [9d 9h] (three of a kind, Nines)
B_loJkl: mucks hand
aremom4e collected $59.50 from pot
*** SUMMARY ***
Total pot $60 | Rake $0.50
Board [4h 5c 7s Th 9c]
Seat 2: aremom4e (button) (small blind) showed [9d 9h] and won ($59.50) with three of a kind, Nines
Seat 3: B_loJkl (big blind) mucked


PokerStars Hand #171158458562:  Hold'em Limit ($3/$6 USD) - 2017/05/31 11:23:51 ET
Table 'Kochab' 6-max Seat #2 is the button
Seat 2: aremom4e ($78.66 in chips)
Seat 3: B_loJkl ($183.23 in chips)
aremom4e: posts small blind $1
B_loJkl: posts big blind $3
*** HOLE CARDS ***
aremom4e: folds
Uncalled bet ($2) returned to B_loJkl
B_loJkl collected $2 from pot
B_loJkl: doesn't show hand
*** SUMMARY ***
Total pot $2 | Rake $0
Seat 2: aremom4e (button) (small blind) folded before Flop
Seat 3: B_loJkl (big blind) collected ($2)


PokerStars Hand #171158455338:  Hold'em Limit ($3/$6 USD) - 2017/05/31 11:23:46 ET
Table 'Kochab' 6-max Seat #3 is the button
Seat 2: aremom4e ($81.66 in chips)
Seat 3: B_loJkl ($180.23 in chips)
B_loJkl: posts small blind $1
aremom4e: posts big blind $3
*** HOLE CARDS ***
B_loJkl: raises $3 to $6
aremom4e: folds
Uncalled bet ($3) returned to B_loJkl
B_loJkl collected $6 from pot
B_loJkl: doesn't show hand
*** SUMMARY ***
Total pot $6 | Rake $0
Seat 2: aremom4e (big blind) folded before Flop
Seat 3: B_loJkl (button) (small blind) collected ($6)


PokerStars Hand #171158461526:  Hold'em Limit ($3/$6 USD) - 2017/05/31 11:23:56 ET
Table 'Kochab' 6-max Seat #3 is the button
Seat 2: aremom4e ($77.66 in chips)
Seat 3: B_loJkl ($184.23 in chips)
B_loJkl: posts small blind $1
aremom4e: posts big blind $3
*** HOLE CARDS ***
B_loJkl: raises $3 to $6
aremom4e: calls $3
*** FLOP *** [5s 4h Ts]
aremom4e: checks
B_loJkl: bets $3
aremom4e: calls $3
*** TURN *** [5s 4h Ts] [Jh]
aremom4e: checks
B_loJkl: bets $6
aremom4e: folds
Uncalled bet ($6) returned to B_loJkl
B_loJkl collected $17.64 from pot
B_loJkl: doesn't show hand
*** SUMMARY ***
Total pot $18 | Rake $0.36
Board [5s 4h Ts Jh]
Seat 2: aremom4e (big blind) folded on the Turn
Seat 3: B_loJkl (button) (small blind) collected ($17.64)


PokerStars Hand #171158477824:  Hold'em Limit ($3/$6 USD) - 2017/05/31 11:24:23 ET
Table 'Kochab' 6-max Seat #2 is the button
Seat 2: aremom4e ($68.66 in chips)
Seat 3: B_loJkl ($192.87 in chips)
aremom4e: posts small blind $1
B_loJkl: posts big blind $3
*** HOLE CARDS ***
aremom4e: raises $3 to $6
B_loJkl: calls $3
*** FLOP *** [8c Ad 4h]
B_loJkl: checks
aremom4e: bets $3
B_loJkl: folds
Uncalled bet ($3) returned to aremom4e
aremom4e collected $11.76 from pot
aremom4e: doesn't show hand
*** SUMMARY ***
Total pot $12 | Rake $0.24
Board [8c Ad 4h]
Seat 2: aremom4e (button) (small blind) collected ($11.76)
Seat 3: B_loJkl (big blind) folded on the Flop


PokerStars Hand #171158489542:  Hold'em Limit ($3/$6 USD) - 2017/05/31 11:24:43 ET
Table 'Kochab' 6-max Seat #3 is the button
Seat 2: aremom4e ($74.42 in chips)
Seat 3: B_loJkl ($186.87 in chips)
B_loJkl: posts small blind $1
aremom4e: posts big blind $3
*** HOLE CARDS ***
B_loJkl: raises $3 to $6
aremom4e: calls $3
*** FLOP *** [Kc Ad 5s]
aremom4e: checks
B_loJkl: bets $3
aremom4e: folds
Uncalled bet ($3) returned to B_loJkl
B_loJkl collected $11.76 from pot
B_loJkl: doesn't show hand
*** SUMMARY ***
Total pot $12 | Rake $0.24
Board [Kc Ad 5s]
Seat 2: aremom4e (big blind) folded on the Flop
Seat 3: B_loJkl (button) (small blind) collected ($11.76)


PokerStars Hand #171158502657:  Hold'em Limit ($3/$6 USD) - 2017/05/31 11:25:04 ET
Table 'Kochab' 6-max Seat #2 is the button
Seat 2: aremom4e ($68.42 in chips)
Seat 3: B_loJkl ($192.63 in chips)
aremom4e: posts small blind $1
B_loJkl: posts big blind $3
*** HOLE CARDS ***
aremom4e: raises $3 to $6
B_loJkl: calls $3
*** FLOP *** [3h 6c 8s]
B_loJkl: checks
aremom4e: bets $3
B_loJkl: calls $3
*** TURN *** [3h 6c 8s] [Ac]
B_loJkl: checks
aremom4e: checks
*** RIVER *** [3h 6c 8s Ac] [Ts]
B_loJkl: checks
aremom4e: checks
*** SHOW DOWN ***
B_loJkl: shows [4h Kc] (high card Ace)
aremom4e: mucks hand
B_loJkl collected $17.64 from pot
*** SUMMARY ***
Total pot $18 | Rake $0.36
Board [3h 6c 8s Ac Ts]
Seat 2: aremom4e (button) (small blind) mucked
Seat 3: B_loJkl (big blind) showed [4h Kc] and won ($17.64) with high card Ace


PokerStars Hand #171158514459:  Hold'em Limit ($3/$6 USD) - 2017/05/31 11:25:24 ET
Table 'Kochab' 6-max Seat #3 is the button
Seat 2: aremom4e ($59.42 in chips)
Seat 3: B_loJkl ($201.27 in chips)
B_loJkl: posts small blind $1
aremom4e: posts big blind $3
*** HOLE CARDS ***
B_loJkl: raises $3 to $6
aremom4e: calls $3
*** FLOP *** [4d Tc Th]
aremom4e: checks
B_loJkl: bets $3
aremom4e: folds
Uncalled bet ($3) returned to B_loJkl
B_loJkl collected $11.76 from pot
B_loJkl: doesn't show hand
*** SUMMARY ***
Total pot $12 | Rake $0.24
Board [4d Tc Th]
Seat 2: aremom4e (big blind) folded on the Flop
Seat 3: B_loJkl (button) (small blind) collected ($11.76)


PokerStars Hand #171158520755:  Hold'em Limit ($3/$6 USD) - 2017/05/31 11:25:34 ET
Table 'Kochab' 6-max Seat #2 is the button
Seat 2: aremom4e ($53.42 in chips)
Seat 3: B_loJkl ($207.03 in chips)
aremom4e: posts small blind $1
B_loJkl: posts big blind $3
*** HOLE CARDS ***
aremom4e: raises $3 to $6
B_loJkl: calls $3
*** FLOP *** [8d 8c 3h]
B_loJkl: checks
aremom4e: checks
*** TURN *** [8d 8c 3h] [3s]
B_loJkl: checks
aremom4e: checks
*** RIVER *** [8d 8c 3h 3s] [4s]
B_loJkl: bets $6
aremom4e: folds
Uncalled bet ($6) returned to B_loJkl
B_loJkl collected $11.76 from pot
B_loJkl: doesn't show hand
*** SUMMARY ***
Total pot $12 | Rake $0.24
Board [8d 8c 3h 3s 4s]
Seat 2: aremom4e (button) (small blind) folded on the River
Seat 3: B_loJkl (big blind) collected ($11.76)


PokerStars Hand #171158535017:  Hold'em Limit ($3/$6 USD) - 2017/05/31 11:25:57 ET
Table 'Kochab' 6-max Seat #3 is the button
Seat 2: aremom4e ($47.42 in chips)
Seat 3: B_loJkl ($212.79 in chips)
B_loJkl: posts small blind $1
aremom4e: posts big blind $3
*** HOLE CARDS ***
B_loJkl: raises $3 to $6
aremom4e: folds
Uncalled bet ($3) returned to B_loJkl
B_loJkl collected $6 from pot
B_loJkl: doesn't show hand
*** SUMMARY ***
Total pot $6 | Rake $0
Seat 2: aremom4e (big blind) folded before Flop
Seat 3: B_loJkl (button) (small blind) collected ($6)


PokerStars Hand #171158549497:  Hold'em Limit ($3/$6 USD) - 2017/05/31 11:26:21 ET
Table 'Kochab' 6-max Seat #3 is the button
Seat 2: aremom4e ($35.42 in chips)
Seat 3: B_loJkl ($224.43 in chips)
B_loJkl: posts small blind $1
aremom4e: posts big blind $3
*** HOLE CARDS ***
B_loJkl: raises $3 to $6
aremom4e: folds
Uncalled bet ($3) returned to B_loJkl
B_loJkl collected $6 from pot
B_loJkl: doesn't show hand
*** SUMMARY ***
Total pot $6 | Rake $0
Seat 2: aremom4e (big blind) folded before Flop
Seat 3: B_loJkl (button) (small blind) collected ($6)


PokerStars Hand #171158539416:  Hold'em Limit ($3/$6 USD) - 2017/05/31 11:26:04 ET
Table 'Kochab' 6-max Seat #2 is the button
Seat 2: aremom4e ($44.42 in chips)
Seat 3: B_loJkl ($215.79 in chips)
aremom4e: posts small blind $1
B_loJkl: posts big blind $3
*** HOLE CARDS ***
aremom4e: raises $3 to $6
B_loJkl: calls $3
*** FLOP *** [6s 4h As]
B_loJkl: checks
aremom4e: bets $3
B_loJkl: calls $3
*** TURN *** [6s 4h As] [Kh]
B_loJkl: checks
aremom4e: checks
*** RIVER *** [6s 4h As Kh] [8s]
B_loJkl: checks
aremom4e: checks
*** SHOW DOWN ***
B_loJkl: shows [7s 4c] (a pair of Fours)
aremom4e: mucks hand
B_loJkl collected $17.64 from pot
*** SUMMARY ***
Total pot $18 | Rake $0.36
Board [6s 4h As Kh 8s]
Seat 2: aremom4e (button) (small blind) mucked
Seat 3: B_loJkl (big blind) showed [7s 4c] and won ($17.64) with a pair of Fours


PokerStars Hand #171158552468:  Hold'em Limit ($3/$6 USD) - 2017/05/31 11:26:26 ET
Table 'Kochab' 6-max Seat #2 is the button
Seat 2: aremom4e ($32.42 in chips)
Seat 3: B_loJkl ($227.43 in chips)
aremom4e: posts small blind $1
B_loJkl: posts big blind $3
*** HOLE CARDS ***
aremom4e: raises $3 to $6
B_loJkl: raises $3 to $9
aremom4e: calls $3
*** FLOP *** [Jh 7c 6d]
B_loJkl: bets $3
aremom4e: calls $3
*** TURN *** [Jh 7c 6d] [4d]
B_loJkl: bets $6
aremom4e: raises $6 to $12
B_loJkl: raises $6 to $18
aremom4e: calls $6
*** RIVER *** [Jh 7c 6d 4d] [Jc]
B_loJkl: bets $6
aremom4e: calls $2.42 and is all-in
Uncalled bet ($3.58) returned to B_loJkl
*** SHOW DOWN ***
B_loJkl: shows [4s 4h] (a full house, Fours full of Jacks)
aremom4e: shows [5d 6h] (two pair, Jacks and Sixes)
B_loJkl collected $64.34 from pot
*** SUMMARY ***
Total pot $64.84 | Rake $0.50
Board [Jh 7c 6d 4d Jc]
Seat 2: aremom4e (button) (small blind) showed [5d 6h] and lost with two pair, Jacks and Sixes
Seat 3: B_loJkl (big blind) showed [4s 4h] and won ($64.34) with a full house, Fours full of Jacks


