PokerStars Hand #168095874405:  Hold'em Limit ($3/$6 USD) - 2017/03/25 14:00:29 ET
Table 'Kochab II' 6-max Seat #3 is the button
Seat 3: souljab0y ($264 in chips)
Seat 4: VolkovDmitri ($120 in chips)
souljab0y: posts small blind $1
VolkovDmitri: posts big blind $3
*** HOLE CARDS ***
souljab0y: raises $3 to $6
VolkovDmitri: calls $3
*** FLOP *** [8h 9h 6c]
VolkovDmitri: checks
souljab0y: checks
*** TURN *** [8h 9h 6c] [Jc]
kungsbjörn joins the table at seat #2
VolkovDmitri: checks
souljab0y: checks
*** RIVER *** [8h 9h 6c Jc] [5s]
VolkovDmitri: bets $6
souljab0y: folds
Uncalled bet ($6) returned to VolkovDmitri
VolkovDmitri collected $11.76 from pot
VolkovDmitri: doesn't show hand
*** SUMMARY ***
Total pot $12 | Rake $0.24
Board [8h 9h 6c Jc 5s]
Seat 3: souljab0y (button) (small blind) folded on the River
Seat 4: VolkovDmitri (big blind) collected ($11.76)


PokerStars Hand #168096555202:  Hold'em Limit ($3/$6 USD) - 2017/03/25 14:13:30 ET
Table 'Kochab II' 6-max Seat #4 is the button
Seat 1: ashtar 516 ($169.45 in chips)
Seat 4: VolkovDmitri ($127.38 in chips)
VolkovDmitri: posts small blind $1
ashtar 516: posts big blind $3
*** HOLE CARDS ***
VolkovDmitri: raises $3 to $6
ashtar 516: folds
Uncalled bet ($3) returned to VolkovDmitri
VolkovDmitri collected $6 from pot
*** SUMMARY ***
Total pot $6 | Rake $0
Seat 1: ashtar 516 (big blind) folded before Flop
Seat 4: VolkovDmitri (button) (small blind) collected ($6)


PokerStars Hand #168096537511:  Hold'em Limit ($3/$6 USD) - 2017/03/25 14:13:10 ET
Table 'Kochab II' 6-max Seat #1 is the button
Seat 1: ashtar 516 ($163.69 in chips)
Seat 4: VolkovDmitri ($133.38 in chips)
ashtar 516: posts small blind $1
VolkovDmitri: posts big blind $3
*** HOLE CARDS ***
ashtar 516: raises $3 to $6
VolkovDmitri: calls $3
*** FLOP *** [Jc 8c 7h]
VolkovDmitri: checks
ashtar 516: bets $3
VolkovDmitri: folds
Uncalled bet ($3) returned to ashtar 516
ashtar 516 collected $11.76 from pot
ashtar 516: doesn't show hand
*** SUMMARY ***
Total pot $12 | Rake $0.24
Board [Jc 8c 7h]
Seat 1: ashtar 516 (button) (small blind) collected ($11.76)
Seat 4: VolkovDmitri (big blind) folded on the Flop


PokerStars Hand #168096566462:  Hold'em Limit ($3/$6 USD) - 2017/03/25 14:13:44 ET
Table 'Kochab II' 6-max Seat #1 is the button
Seat 1: ashtar 516 ($166.45 in chips)
Seat 4: VolkovDmitri ($130.38 in chips)
ashtar 516: posts small blind $1
VolkovDmitri: posts big blind $3
*** HOLE CARDS ***
ashtar 516: raises $3 to $6
VolkovDmitri: calls $3
*** FLOP *** [9h Kd 7h]
VolkovDmitri: checks
ashtar 516: bets $3
VolkovDmitri: raises $3 to $6
ashtar 516: calls $3
*** TURN *** [9h Kd 7h] [8s]
VolkovDmitri: bets $6
ashtar 516: raises $6 to $12
SEUN SA joins the table at seat #6
VolkovDmitri: raises $6 to $18
zxkz joins the table at seat #2
ashtar 516: calls $6
*** RIVER *** [9h Kd 7h 8s] [2c]
VolkovDmitri: bets $6
ashtar 516: calls $6
*** SHOW DOWN ***
VolkovDmitri: shows [Kh 9d] (two pair, Kings and Nines)
ashtar 516: mucks hand
VolkovDmitri collected $71.50 from pot
*** SUMMARY ***
Total pot $72 | Rake $0.50
Board [9h Kd 7h 8s 2c]
Seat 1: ashtar 516 (button) (small blind) mucked
Seat 4: VolkovDmitri (big blind) showed [Kh 9d] and won ($71.50) with two pair, Kings and Nines


PokerStars Hand #168106861744:  Hold'em Limit ($3/$6 USD) - 2017/03/25 17:36:48 ET
Table 'Kochab II' 6-max Seat #4 is the button
Seat 2: Qvidde ($169.75 in chips)
Seat 4: Shapizzzy ($242.67 in chips)
Shapizzzy: posts small blind $1
GRAILKO: is sitting out
Qvidde: posts big blind $3
*** HOLE CARDS ***
Shapizzzy: raises $3 to $6
GRAILKO leaves the table
Qvidde: calls $3
*** FLOP *** [Jc 7h 5s]
Qvidde: checks
Shapizzzy: bets $3
Qvidde: calls $3
*** TURN *** [Jc 7h 5s] [3h]
RUNNINGMAN70 joins the table at seat #1
Qvidde: checks
Shapizzzy: checks
*** RIVER *** [Jc 7h 5s 3h] [5c]
RUNNINGMAN70 leaves the table
Qvidde: checks
Shapizzzy: checks
*** SHOW DOWN ***
Qvidde: shows [6h Kd] (a pair of Fives)
Shapizzzy: shows [6s Kh] (a pair of Fives)
Qvidde collected $8.82 from pot
Shapizzzy collected $8.82 from pot
*** SUMMARY ***
Total pot $18 | Rake $0.36
Board [Jc 7h 5s 3h 5c]
Seat 2: Qvidde (big blind) showed [6h Kd] and won ($8.82) with a pair of Fives
Seat 4: Shapizzzy (button) (small blind) showed [6s Kh] and won ($8.82) with a pair of Fives


PokerStars Hand #168106946610:  Hold'em Limit ($3/$6 USD) - 2017/03/25 17:38:31 ET
Table 'Kochab II' 6-max Seat #2 is the button
Seat 2: Qvidde ($182.09 in chips)
Seat 4: Shapizzzy ($229.49 in chips)
Qvidde: posts small blind $1
Shapizzzy: posts big blind $3
*** HOLE CARDS ***
Qvidde: raises $3 to $6
Shapizzzy: folds
Uncalled bet ($3) returned to Qvidde
Qvidde collected $6 from pot
Qvidde: doesn't show hand
*** SUMMARY ***
Total pot $6 | Rake $0
Seat 2: Qvidde (button) (small blind) collected ($6)
Seat 4: Shapizzzy (big blind) folded before Flop


PokerStars Hand #168106937141:  Hold'em Limit ($3/$6 USD) - 2017/03/25 17:38:19 ET
Table 'Kochab II' 6-max Seat #4 is the button
Seat 2: Qvidde ($185.09 in chips)
Seat 4: Shapizzzy ($226.49 in chips)
Shapizzzy: posts small blind $1
Qvidde: posts big blind $3
*** HOLE CARDS ***
Shapizzzy: raises $3 to $6
Qvidde: folds
Uncalled bet ($3) returned to Shapizzzy
Shapizzzy collected $6 from pot
*** SUMMARY ***
Total pot $6 | Rake $0
Seat 2: Qvidde (big blind) folded before Flop
Seat 4: Shapizzzy (button) (small blind) collected ($6)


PokerStars Hand #168106931589:  Hold'em Limit ($3/$6 USD) - 2017/03/25 17:38:13 ET
Table 'Kochab II' 6-max Seat #2 is the button
Seat 2: Qvidde ($182.09 in chips)
Seat 4: Shapizzzy ($229.49 in chips)
Qvidde: posts small blind $1
Shapizzzy: posts big blind $3
*** HOLE CARDS ***
Qvidde: raises $3 to $6
Shapizzzy: folds
Uncalled bet ($3) returned to Qvidde
Qvidde collected $6 from pot
Qvidde: doesn't show hand
*** SUMMARY ***
Total pot $6 | Rake $0
Seat 2: Qvidde (button) (small blind) collected ($6)
Seat 4: Shapizzzy (big blind) folded before Flop


PokerStars Hand #168106927366:  Hold'em Limit ($3/$6 USD) - 2017/03/25 17:38:07 ET
Table 'Kochab II' 6-max Seat #4 is the button
Seat 2: Qvidde ($181.09 in chips)
Seat 4: Shapizzzy ($230.49 in chips)
Shapizzzy: posts small blind $1
Qvidde: posts big blind $3
*** HOLE CARDS ***
Shapizzzy: folds
Uncalled bet ($2) returned to Qvidde
Qvidde collected $2 from pot
Qvidde: doesn't show hand
*** SUMMARY ***
Total pot $2 | Rake $0
Seat 2: Qvidde (big blind) collected ($2)
Seat 4: Shapizzzy (button) (small blind) folded before Flop


PokerStars Hand #168106987971:  Hold'em Limit ($3/$6 USD) - 2017/03/25 17:39:21 ET
Table 'Kochab II' 6-max Seat #2 is the button
Seat 2: Qvidde ($167.09 in chips)
Seat 4: Shapizzzy ($243.99 in chips)
Qvidde: posts small blind $1
Shapizzzy: posts big blind $3
*** HOLE CARDS ***
Qvidde: raises $3 to $6
Shapizzzy: folds
Uncalled bet ($3) returned to Qvidde
Qvidde collected $6 from pot
Qvidde: doesn't show hand
*** SUMMARY ***
Total pot $6 | Rake $0
Seat 2: Qvidde (button) (small blind) collected ($6)
Seat 4: Shapizzzy (big blind) folded before Flop


PokerStars Hand #168106954018:  Hold'em Limit ($3/$6 USD) - 2017/03/25 17:38:40 ET
Table 'Kochab II' 6-max Seat #4 is the button
Seat 2: Qvidde ($185.09 in chips)
Seat 4: Shapizzzy ($226.49 in chips)
Shapizzzy: posts small blind $1
Qvidde: posts big blind $3
*** HOLE CARDS ***
Shapizzzy: raises $3 to $6
Qvidde: calls $3
*** FLOP *** [Th Ac 4c]
Qvidde: checks
Shapizzzy: checks
*** TURN *** [Th Ac 4c] [7s]
Qvidde: checks
Shapizzzy: bets $6
Qvidde: calls $6
*** RIVER *** [Th Ac 4c 7s] [2s]
Qvidde: checks
Shapizzzy: bets $6
Qvidde: calls $6
*** SHOW DOWN ***
Shapizzzy: shows [5h Td] (a pair of Tens)
Qvidde: mucks hand
Shapizzzy collected $35.50 from pot
*** SUMMARY ***
Total pot $36 | Rake $0.50
Board [Th Ac 4c 7s 2s]
Seat 2: Qvidde (big blind) mucked
Seat 4: Shapizzzy (button) (small blind) showed [5h Td] and won ($35.50) with a pair of Tens


PokerStars Hand #168107046019:  Hold'em Limit ($3/$6 USD) - 2017/03/25 17:40:32 ET
Table 'Kochab II' 6-max Seat #4 is the button
Seat 2: Qvidde ($146.09 in chips)
Seat 4: Shapizzzy ($264.49 in chips)
Shapizzzy: posts small blind $1
Qvidde: posts big blind $3
*** HOLE CARDS ***
Shapizzzy: folds
Uncalled bet ($2) returned to Qvidde
Qvidde collected $2 from pot
Qvidde: doesn't show hand
*** SUMMARY ***
Total pot $2 | Rake $0
Seat 2: Qvidde (big blind) collected ($2)
Seat 4: Shapizzzy (button) (small blind) folded before Flop


PokerStars Hand #168107028373:  Hold'em Limit ($3/$6 USD) - 2017/03/25 17:40:10 ET
Table 'Kochab II' 6-max Seat #2 is the button
Seat 2: Qvidde ($143.09 in chips)
Seat 4: Shapizzzy ($267.49 in chips)
Qvidde: posts small blind $1
Shapizzzy: posts big blind $3
*** HOLE CARDS ***
Qvidde: raises $3 to $6
Shapizzzy: folds
Uncalled bet ($3) returned to Qvidde
Qvidde collected $6 from pot
Qvidde: doesn't show hand
*** SUMMARY ***
Total pot $6 | Rake $0
Seat 2: Qvidde (button) (small blind) collected ($6)
Seat 4: Shapizzzy (big blind) folded before Flop


PokerStars Hand #168106993870:  Hold'em Limit ($3/$6 USD) - 2017/03/25 17:39:28 ET
Table 'Kochab II' 6-max Seat #4 is the button
Seat 2: Qvidde ($170.09 in chips)
Seat 4: Shapizzzy ($240.99 in chips)
Shapizzzy: posts small blind $1
Qvidde: posts big blind $3
*** HOLE CARDS ***
Shapizzzy: raises $3 to $6
Qvidde: raises $3 to $9
Shapizzzy: raises $3 to $12
Betting is capped
Qvidde: calls $3
*** FLOP *** [Kh 3d 6h]
Qvidde: checks
Shapizzzy: bets $3
Qvidde: calls $3
*** TURN *** [Kh 3d 6h] [Ad]
Qvidde: checks
Shapizzzy: bets $6
Qvidde: calls $6
*** RIVER *** [Kh 3d 6h Ad] [2s]
Qvidde: checks
Shapizzzy: bets $6
Qvidde: calls $6
*** SHOW DOWN ***
Shapizzzy: shows [As 9h] (a pair of Aces)
Qvidde: mucks hand
Shapizzzy collected $53.50 from pot
*** SUMMARY ***
Total pot $54 | Rake $0.50
Board [Kh 3d 6h Ad 2s]
Seat 2: Qvidde (big blind) mucked
Seat 4: Shapizzzy (button) (small blind) showed [As 9h] and won ($53.50) with a pair of Aces


PokerStars Hand #168107050183:  Hold'em Limit ($3/$6 USD) - 2017/03/25 17:40:37 ET
Table 'Kochab II' 6-max Seat #2 is the button
Seat 2: Qvidde ($147.09 in chips)
Seat 4: Shapizzzy ($263.49 in chips)
Qvidde: posts small blind $1
Shapizzzy: posts big blind $3
*** HOLE CARDS ***
Qvidde: folds
Uncalled bet ($2) returned to Shapizzzy
Shapizzzy collected $2 from pot
*** SUMMARY ***
Total pot $2 | Rake $0
Seat 2: Qvidde (button) (small blind) folded before Flop
Seat 4: Shapizzzy (big blind) collected ($2)


PokerStars Hand #168107089626:  Hold'em Limit ($3/$6 USD) - 2017/03/25 17:41:25 ET
Table 'Kochab II' 6-max Seat #2 is the button
Seat 2: Qvidde ($119.09 in chips)
Seat 4: Shapizzzy ($290.99 in chips)
Qvidde: posts small blind $1
Shapizzzy: posts big blind $3
*** HOLE CARDS ***
Qvidde: raises $3 to $6
Shapizzzy: folds
Uncalled bet ($3) returned to Qvidde
Qvidde collected $6 from pot
Qvidde: doesn't show hand
*** SUMMARY ***
Total pot $6 | Rake $0
Seat 2: Qvidde (button) (small blind) collected ($6)
Seat 4: Shapizzzy (big blind) folded before Flop


PokerStars Hand #168107054535:  Hold'em Limit ($3/$6 USD) - 2017/03/25 17:40:42 ET
Table 'Kochab II' 6-max Seat #4 is the button
Seat 2: Qvidde ($146.09 in chips)
Seat 4: Shapizzzy ($264.49 in chips)
Shapizzzy: posts small blind $1
Qvidde: posts big blind $3
*** HOLE CARDS ***
Shapizzzy: raises $3 to $6
Qvidde: calls $3
*** FLOP *** [6h 5d 2s]
Qvidde: bets $3
Shapizzzy: calls $3
*** TURN *** [6h 5d 2s] [9d]
Qvidde: bets $6
Shapizzzy: raises $6 to $12
Qvidde: calls $6
*** RIVER *** [6h 5d 2s 9d] [4h]
Qvidde: checks
Shapizzzy: bets $6
Qvidde: calls $6
*** SHOW DOWN ***
Shapizzzy: shows [5h 6d] (two pair, Sixes and Fives)
Qvidde: mucks hand
Shapizzzy collected $53.50 from pot
*** SUMMARY ***
Total pot $54 | Rake $0.50
Board [6h 5d 2s 9d 4h]
Seat 2: Qvidde (big blind) mucked
Seat 4: Shapizzzy (button) (small blind) showed [5h 6d] and won ($53.50) with two pair, Sixes and Fives


PokerStars Hand #168107095051:  Hold'em Limit ($3/$6 USD) - 2017/03/25 17:41:32 ET
Table 'Kochab II' 6-max Seat #4 is the button
Seat 2: Qvidde ($122.09 in chips)
Seat 4: Shapizzzy ($287.99 in chips)
Shapizzzy: posts small blind $1
Qvidde: posts big blind $3
*** HOLE CARDS ***
Shapizzzy: raises $3 to $6
Qvidde: calls $3
*** FLOP *** [Jc Ac 5h]
Qvidde: checks
Shapizzzy: checks
*** TURN *** [Jc Ac 5h] [4d]
Qvidde: checks
Shapizzzy: bets $6
Qvidde: calls $6
*** RIVER *** [Jc Ac 5h 4d] [2h]
Qvidde: bets $6
Shapizzzy: calls $6
*** SHOW DOWN ***
Qvidde: shows [2s 5s] (two pair, Fives and Deuces)
Shapizzzy: mucks hand
Qvidde collected $35.50 from pot
*** SUMMARY ***
Total pot $36 | Rake $0.50
Board [Jc Ac 5h 4d 2h]
Seat 2: Qvidde (big blind) showed [2s 5s] and won ($35.50) with two pair, Fives and Deuces
Seat 4: Shapizzzy (button) (small blind) mucked


PokerStars Hand #168107124733:  Hold'em Limit ($3/$6 USD) - 2017/03/25 17:42:08 ET
Table 'Kochab II' 6-max Seat #4 is the button
Seat 2: Qvidde ($138.59 in chips)
Seat 4: Shapizzzy ($270.99 in chips)
Shapizzzy: posts small blind $1
Qvidde: posts big blind $3
*** HOLE CARDS ***
Shapizzzy: raises $3 to $6
Qvidde: raises $3 to $9
Shapizzzy: calls $3
*** FLOP *** [7h Qh 9h]
Qvidde: bets $3
Shapizzzy: folds
Uncalled bet ($3) returned to Qvidde
Qvidde collected $17.64 from pot
Qvidde: doesn't show hand
*** SUMMARY ***
Total pot $18 | Rake $0.36
Board [7h Qh 9h]
Seat 2: Qvidde (big blind) collected ($17.64)
Seat 4: Shapizzzy (button) (small blind) folded on the Flop


PokerStars Hand #168107120778:  Hold'em Limit ($3/$6 USD) - 2017/03/25 17:42:04 ET
Table 'Kochab II' 6-max Seat #2 is the button
Seat 2: Qvidde ($139.59 in chips)
Seat 4: Shapizzzy ($269.99 in chips)
Qvidde: posts small blind $1
Shapizzzy: posts big blind $3
*** HOLE CARDS ***
Qvidde: folds
Uncalled bet ($2) returned to Shapizzzy
Shapizzzy collected $2 from pot
*** SUMMARY ***
Total pot $2 | Rake $0
Seat 2: Qvidde (button) (small blind) folded before Flop
Seat 4: Shapizzzy (big blind) collected ($2)


PokerStars Hand #168107143541:  Hold'em Limit ($3/$6 USD) - 2017/03/25 17:42:32 ET
Table 'Kochab II' 6-max Seat #2 is the button
Seat 2: Qvidde ($147.23 in chips)
Seat 4: Shapizzzy ($261.99 in chips)
Qvidde: posts small blind $1
Shapizzzy: posts big blind $3
*** HOLE CARDS ***
Qvidde: raises $3 to $6
Shapizzzy: calls $3
*** FLOP *** [4c 7d Td]
Shapizzzy: checks
Qvidde: bets $3
Shapizzzy: raises $3 to $6
Qvidde: calls $3
*** TURN *** [4c 7d Td] [6d]
Shapizzzy: bets $6
Qvidde: calls $6
*** RIVER *** [4c 7d Td 6d] [2s]
Shapizzzy: bets $6
Qvidde: raises $6 to $12
Shapizzzy: calls $6
*** SHOW DOWN ***
Qvidde: shows [4s Th] (two pair, Tens and Fours)
Shapizzzy: mucks hand
Qvidde collected $59.50 from pot
*** SUMMARY ***
Total pot $60 | Rake $0.50
Board [4c 7d Td 6d 2s]
Seat 2: Qvidde (button) (small blind) showed [4s Th] and won ($59.50) with two pair, Tens and Fours
Seat 4: Shapizzzy (big blind) mucked


PokerStars Hand #168107172120:  Hold'em Limit ($3/$6 USD) - 2017/03/25 17:43:07 ET
Table 'Kochab II' 6-max Seat #4 is the button
Seat 2: Qvidde ($176.73 in chips)
Seat 4: Shapizzzy ($231.99 in chips)
Shapizzzy: posts small blind $1
Qvidde: posts big blind $3
*** HOLE CARDS ***
Shapizzzy: folds
Uncalled bet ($2) returned to Qvidde
Qvidde collected $2 from pot
Qvidde: doesn't show hand
*** SUMMARY ***
Total pot $2 | Rake $0
Seat 2: Qvidde (big blind) collected ($2)
Seat 4: Shapizzzy (button) (small blind) folded before Flop


PokerStars Hand #168107205399:  Hold'em Limit ($3/$6 USD) - 2017/03/25 17:43:47 ET
Table 'Kochab II' 6-max Seat #4 is the button
Seat 2: Qvidde ($195.23 in chips)
Seat 4: Shapizzzy ($212.99 in chips)
Shapizzzy: posts small blind $1
Qvidde: posts big blind $3
*** HOLE CARDS ***
Shapizzzy: raises $3 to $6
Qvidde: calls $3
*** FLOP *** [Qd As 4h]
Qvidde: checks
Shapizzzy: bets $3
Qvidde: raises $3 to $6
Shapizzzy: calls $3
*** TURN *** [Qd As 4h] [9c]
Qvidde: bets $6
Shapizzzy: calls $6
*** RIVER *** [Qd As 4h 9c] [8s]
Qvidde: bets $6
Shapizzzy: calls $6
*** SHOW DOWN ***
Qvidde: shows [7d Ah] (a pair of Aces)
SLiKK514 joins the table at seat #3
Shapizzzy: mucks hand
Qvidde collected $47.50 from pot
*** SUMMARY ***
Total pot $48 | Rake $0.50
Board [Qd As 4h 9c 8s]
Seat 2: Qvidde (big blind) showed [7d Ah] and won ($47.50) with a pair of Aces
Seat 4: Shapizzzy (button) (small blind) mucked


PokerStars Hand #168107577258:  Hold'em Limit ($3/$6 USD) - 2017/03/25 17:51:21 ET
Table 'Kochab II' 6-max Seat #2 is the button
Seat 2: Qvidde ($271.88 in chips)
Seat 6: nikoeichner ($48.82 in chips)
Qvidde: posts small blind $1
GRAILKO: is sitting out
nikoeichner: posts big blind $3
*** HOLE CARDS ***
GRAILKO leaves the table
Qvidde: raises $3 to $6
nikoeichner: calls $3
*** FLOP *** [Ac 7d Kh]
nikoeichner: checks
Qvidde: bets $3
nikoeichner: raises $3 to $6
Qvidde: calls $3
*** TURN *** [Ac 7d Kh] [Td]
nikoeichner: bets $6
Qvidde: calls $6
*** RIVER *** [Ac 7d Kh Td] [6c]
nikoeichner: bets $6
Qvidde: folds
Uncalled bet ($6) returned to nikoeichner
nikoeichner collected $35.50 from pot
nikoeichner: doesn't show hand
*** SUMMARY ***
Total pot $36 | Rake $0.50
Board [Ac 7d Kh Td 6c]
Seat 2: Qvidde (button) (small blind) folded on the River
Seat 6: nikoeichner (big blind) collected ($35.50)


PokerStars Hand #168107623250:  Hold'em Limit ($3/$6 USD) - 2017/03/25 17:52:18 ET
Table 'Kochab II' 6-max Seat #2 is the button
Seat 2: Qvidde ($247.88 in chips)
Seat 6: nikoeichner ($72.08 in chips)
Qvidde: posts small blind $1
nikoeichner: posts big blind $3
*** HOLE CARDS ***
Qvidde: raises $3 to $6
nikoeichner: calls $3
*** FLOP *** [2h Ad Ts]
nikoeichner: checks
Qvidde: bets $3
nikoeichner: folds
Uncalled bet ($3) returned to Qvidde
Qvidde collected $11.76 from pot
Qvidde: doesn't show hand
*** SUMMARY ***
Total pot $12 | Rake $0.24
Board [2h Ad Ts]
Seat 2: Qvidde (button) (small blind) collected ($11.76)
Seat 6: nikoeichner (big blind) folded on the Flop


PokerStars Hand #168107639716:  Hold'em Limit ($3/$6 USD) - 2017/03/25 17:52:38 ET
Table 'Kochab II' 6-max Seat #6 is the button
Seat 2: Qvidde ($253.64 in chips)
Seat 6: nikoeichner ($66.08 in chips)
nikoeichner: posts small blind $1
Qvidde: posts big blind $3
*** HOLE CARDS ***
nikoeichner: folds
Uncalled bet ($2) returned to Qvidde
Qvidde collected $2 from pot
Qvidde: doesn't show hand
nikoeichner leaves the table
*** SUMMARY ***
Total pot $2 | Rake $0
Seat 2: Qvidde (big blind) collected ($2)
Seat 6: nikoeichner (button) (small blind) folded before Flop


PokerStars Hand #168107597670:  Hold'em Limit ($3/$6 USD) - 2017/03/25 17:51:46 ET
Table 'Kochab II' 6-max Seat #6 is the button
Seat 2: Qvidde ($253.88 in chips)
Seat 6: nikoeichner ($66.32 in chips)
nikoeichner: posts small blind $1
Qvidde: posts big blind $3
*** HOLE CARDS ***
nikoeichner: calls $2
Qvidde: checks
*** FLOP *** [Qd Td 8s]
Qvidde: checks
nikoeichner: bets $3
Qvidde: calls $3
*** TURN *** [Qd Td 8s] [Jc]
Qvidde: checks
nikoeichner: bets $6
Qvidde: folds
Uncalled bet ($6) returned to nikoeichner
nikoeichner collected $11.76 from pot
nikoeichner: doesn't show hand
*** SUMMARY ***
Total pot $12 | Rake $0.24
Board [Qd Td 8s Jc]
Seat 2: Qvidde (big blind) folded on the Turn
Seat 6: nikoeichner (button) (small blind) collected ($11.76)


