PokerStars Hand #169820365345:  Hold'em Limit ($3/$6 USD) - 2017/05/01 14:47:18 ET
Table 'Kokkola' 6-max Seat #5 is the button
Seat 5: Rambosa16 ($103.75 in chips)
Seat 6: boogi ($48.18 in chips)
Rambosa16: posts small blind $1
boogi: posts big blind $3
*** HOLE CARDS ***
Rambosa16: raises $3 to $6
boogi: raises $3 to $9
Rambosa16: calls $3
*** FLOP *** [Ah Qc 6c]
boogi: bets $3
Rambosa16: calls $3
*** TURN *** [Ah Qc 6c] [6s]
boogi: bets $6
Rambosa16: calls $6
*** RIVER *** [Ah Qc 6c 6s] [Qh]
boogi: bets $6
Rambosa16: calls $6
*** SHOW DOWN ***
boogi: shows [9c Ad] (two pair, Aces and Queens)
Rambosa16: mucks hand
boogi collected $47.50 from pot
*** SUMMARY ***
Total pot $48 | Rake $0.50
Board [Ah Qc 6c 6s Qh]
Seat 5: Rambosa16 (button) (small blind) mucked
Seat 6: boogi (big blind) showed [9c Ad] and won ($47.50) with two pair, Aces and Queens


PokerStars Hand #169820356200:  Hold'em Limit ($3/$6 USD) - 2017/05/01 14:47:07 ET
Table 'Kokkola' 6-max Seat #6 is the button
Seat 5: Rambosa16 ($106.75 in chips)
Seat 6: boogi ($45.18 in chips)
boogi: posts small blind $1
vestimokrec: is sitting out
Rambosa16: posts big blind $3
*** HOLE CARDS ***
vestimokrec leaves the table
boogi: raises $3 to $6
Rambosa16: folds
Uncalled bet ($3) returned to boogi
boogi collected $6 from pot
boogi: doesn't show hand
*** SUMMARY ***
Total pot $6 | Rake $0
Seat 5: Rambosa16 (big blind) folded before Flop
Seat 6: boogi (button) (small blind) collected ($6)


PokerStars Hand #169820380733:  Hold'em Limit ($3/$6 USD) - 2017/05/01 14:47:36 ET
Table 'Kokkola' 6-max Seat #6 is the button
Seat 5: Rambosa16 ($79.75 in chips)
Seat 6: boogi ($71.68 in chips)
boogi: posts small blind $1
Rambosa16: posts big blind $3
*** HOLE CARDS ***
boogi: raises $3 to $6
Rambosa16: calls $3
*** FLOP *** [Ah 2c 8s]
Rambosa16: checks
boogi: bets $3
Rambosa16: calls $3
*** TURN *** [Ah 2c 8s] [7s]
Rambosa16: checks
boogi: bets $6
Rambosa16: folds
Uncalled bet ($6) returned to boogi
boogi collected $17.64 from pot
boogi: doesn't show hand
*** SUMMARY ***
Total pot $18 | Rake $0.36
Board [Ah 2c 8s 7s]
Seat 5: Rambosa16 (big blind) folded on the Turn
Seat 6: boogi (button) (small blind) collected ($17.64)


PokerStars Hand #169820392280:  Hold'em Limit ($3/$6 USD) - 2017/05/01 14:47:50 ET
Table 'Kokkola' 6-max Seat #5 is the button
Seat 5: Rambosa16 ($70.75 in chips)
Seat 6: boogi ($80.32 in chips)
Rambosa16: posts small blind $1
boogi: posts big blind $3
*** HOLE CARDS ***
Rambosa16: raises $3 to $6
boogi: calls $3
*** FLOP *** [Kh Qc Jh]
boogi: checks
Rambosa16: bets $3
boogi: folds
Uncalled bet ($3) returned to Rambosa16
simper11 joins the table at seat #4
Rambosa16 collected $11.76 from pot
Rambosa16: doesn't show hand
*** SUMMARY ***
Total pot $12 | Rake $0.24
Board [Kh Qc Jh]
Seat 5: Rambosa16 (button) (small blind) collected ($11.76)
Seat 6: boogi (big blind) folded on the Flop


PokerStars Hand #169822984161:  Hold'em Limit ($3/$6 USD) - 2017/05/01 15:37:30 ET
Table 'Kokkola' 6-max Seat #4 is the button
Seat 3: Arsenavet ($120 in chips)
Seat 4: Krazy90 ($227.07 in chips)
Krazy90: posts small blind $1
Arsenavet: posts big blind $3
*** HOLE CARDS ***
Krazy90: folds
Uncalled bet ($2) returned to Arsenavet
Arsenavet collected $2 from pot
Arsenavet: doesn't show hand
*** SUMMARY ***
Total pot $2 | Rake $0
Seat 3: Arsenavet (big blind) collected ($2)
Seat 4: Krazy90 (button) (small blind) folded before Flop


PokerStars Hand #169822988712:  Hold'em Limit ($3/$6 USD) - 2017/05/01 15:37:35 ET
Table 'Kokkola' 6-max Seat #3 is the button
Seat 3: Arsenavet ($121 in chips)
Seat 4: Krazy90 ($226.07 in chips)
Arsenavet: posts small blind $1
Krazy90: posts big blind $3
*** HOLE CARDS ***
Arsenavet: raises $3 to $6
Krazy90: calls $3
*** FLOP *** [Kd 3c Jh]
Krazy90: checks
Arsenavet: checks
*** TURN *** [Kd 3c Jh] [8h]
Krazy90: checks
Arsenavet: checks
*** RIVER *** [Kd 3c Jh 8h] [3s]
Krazy90: checks
Arsenavet: checks
*** SHOW DOWN ***
Krazy90: shows [Qs 7s] (a pair of Threes)
Arsenavet: shows [As 6h] (a pair of Threes - Ace kicker)
Arsenavet collected $11.76 from pot
*** SUMMARY ***
Total pot $12 | Rake $0.24
Board [Kd 3c Jh 8h 3s]
Seat 3: Arsenavet (button) (small blind) showed [As 6h] and won ($11.76) with a pair of Threes
Seat 4: Krazy90 (big blind) showed [Qs 7s] and lost with a pair of Threes


PokerStars Hand #169823008348:  Hold'em Limit ($3/$6 USD) - 2017/05/01 15:37:56 ET
Table 'Kokkola' 6-max Seat #4 is the button
Seat 3: Arsenavet ($126.76 in chips)
Seat 4: Krazy90 ($220.07 in chips)
Krazy90: posts small blind $1
Arsenavet: posts big blind $3
*** HOLE CARDS ***
Krazy90: raises $3 to $6
Arsenavet: calls $3
*** FLOP *** [Ts 8c Qh]
Arsenavet: checks
Krazy90: bets $3
Arsenavet: calls $3
*** TURN *** [Ts 8c Qh] [6c]
Arsenavet: checks
Krazy90: checks
*** RIVER *** [Ts 8c Qh 6c] [7s]
Arsenavet: checks
Krazy90: checks
*** SHOW DOWN ***
Arsenavet: shows [Jd Td] (a pair of Tens)
Krazy90: mucks hand
Arsenavet collected $17.64 from pot
*** SUMMARY ***
Total pot $18 | Rake $0.36
Board [Ts 8c Qh 6c 7s]
Seat 3: Arsenavet (big blind) showed [Jd Td] and won ($17.64) with a pair of Tens
Seat 4: Krazy90 (button) (small blind) mucked


PokerStars Hand #169823074185:  Hold'em Limit ($3/$6 USD) - 2017/05/01 15:39:09 ET
Table 'Kokkola' 6-max Seat #3 is the button
Seat 3: Arsenavet ($105.40 in chips)
Seat 4: Krazy90 ($240.57 in chips)
Arsenavet: posts small blind $1
Krazy90: posts big blind $3
*** HOLE CARDS ***
Arsenavet: raises $3 to $6
Krazy90: calls $3
*** FLOP *** [6h 2h 4c]
Krazy90: checks
Arsenavet: bets $3
Krazy90: raises $3 to $6
Arsenavet: calls $3
*** TURN *** [6h 2h 4c] [6c]
Krazy90: bets $6
Arsenavet: calls $6
*** RIVER *** [6h 2h 4c 6c] [7h]
Krazy90: bets $6
Arsenavet: calls $6
*** SHOW DOWN ***
Krazy90: shows [7s 9c] (two pair, Sevens and Sixes)
Arsenavet: mucks hand
Krazy90 collected $47.50 from pot
*** SUMMARY ***
Total pot $48 | Rake $0.50
Board [6h 2h 4c 6c 7h]
Seat 3: Arsenavet (button) (small blind) mucked
Seat 4: Krazy90 (big blind) showed [7s 9c] and won ($47.50) with two pair, Sevens and Sixes


PokerStars Hand #169823066966:  Hold'em Limit ($3/$6 USD) - 2017/05/01 15:39:01 ET
Table 'Kokkola' 6-max Seat #4 is the button
Seat 3: Arsenavet ($108.40 in chips)
Seat 4: Krazy90 ($237.57 in chips)
Krazy90: posts small blind $1
Arsenavet: posts big blind $3
*** HOLE CARDS ***
Krazy90: raises $3 to $6
Arsenavet: folds
Uncalled bet ($3) returned to Krazy90
Krazy90 collected $6 from pot
Krazy90: doesn't show hand
*** SUMMARY ***
Total pot $6 | Rake $0
Seat 3: Arsenavet (big blind) folded before Flop
Seat 4: Krazy90 (button) (small blind) collected ($6)


PokerStars Hand #169823033922:  Hold'em Limit ($3/$6 USD) - 2017/05/01 15:38:25 ET
Table 'Kokkola' 6-max Seat #3 is the button
Seat 3: Arsenavet ($135.40 in chips)
Seat 4: Krazy90 ($211.07 in chips)
Arsenavet: posts small blind $1
Krazy90: posts big blind $3
*** HOLE CARDS ***
Arsenavet: raises $3 to $6
Krazy90: calls $3
*** FLOP *** [Th 8d Ac]
Krazy90: checks
Arsenavet: bets $3
Krazy90: calls $3
*** TURN *** [Th 8d Ac] [3c]
Krazy90: checks
Arsenavet: bets $6
Krazy90: calls $6
*** RIVER *** [Th 8d Ac 3c] [8c]
Krazy90: checks
Arsenavet: bets $6
Krazy90: raises $6 to $12
Arsenavet: calls $6
*** SHOW DOWN ***
Krazy90: shows [8s 7c] (three of a kind, Eights)
Arsenavet: mucks hand
Krazy90 collected $53.50 from pot
*** SUMMARY ***
Total pot $54 | Rake $0.50
Board [Th 8d Ac 3c 8c]
Seat 3: Arsenavet (button) (small blind) mucked
Seat 4: Krazy90 (big blind) showed [8s 7c] and won ($53.50) with three of a kind, Eights


PokerStars Hand #169823093024:  Hold'em Limit ($3/$6 USD) - 2017/05/01 15:39:29 ET
Table 'Kokkola' 6-max Seat #4 is the button
Seat 3: Arsenavet ($81.40 in chips)
Seat 4: Krazy90 ($264.07 in chips)
Krazy90: posts small blind $1
Arsenavet: posts big blind $3
*** HOLE CARDS ***
Krazy90: raises $3 to $6
Arsenavet: calls $3
*** FLOP *** [8s 7s Td]
Arsenavet: checks
Krazy90: bets $3
Arsenavet: calls $3
*** TURN *** [8s 7s Td] [4c]
Arsenavet: checks
Krazy90: checks
*** RIVER *** [8s 7s Td 4c] [4s]
Arsenavet: bets $6
Krazy90: folds
Uncalled bet ($6) returned to Arsenavet
Arsenavet collected $17.64 from pot
Arsenavet: doesn't show hand
*** SUMMARY ***
Total pot $18 | Rake $0.36
Board [8s 7s Td 4c 4s]
Seat 3: Arsenavet (big blind) collected ($17.64)
Seat 4: Krazy90 (button) (small blind) folded on the River


PokerStars Hand #169823122562:  Hold'em Limit ($3/$6 USD) - 2017/05/01 15:40:02 ET
Table 'Kokkola' 6-max Seat #3 is the button
Seat 3: Arsenavet ($90.04 in chips)
Seat 4: Krazy90 ($255.07 in chips)
Arsenavet: posts small blind $1
Krazy90: posts big blind $3
*** HOLE CARDS ***
Arsenavet: raises $3 to $6
Krazy90: calls $3
*** FLOP *** [2h Kh 8d]
Krazy90: checks
Arsenavet: bets $3
Krazy90: folds
Uncalled bet ($3) returned to Arsenavet
Arsenavet collected $11.76 from pot
Arsenavet: doesn't show hand
*** SUMMARY ***
Total pot $12 | Rake $0.24
Board [2h Kh 8d]
Seat 3: Arsenavet (button) (small blind) collected ($11.76)
Seat 4: Krazy90 (big blind) folded on the Flop


PokerStars Hand #169823185475:  Hold'em Limit ($3/$6 USD) - 2017/05/01 15:41:11 ET
Table 'Kokkola' 6-max Seat #4 is the button
Seat 3: Arsenavet ($73.80 in chips)
Seat 4: Krazy90 ($270.35 in chips)
Krazy90: posts small blind $1
Arsenavet: posts big blind $3
*** HOLE CARDS ***
Krazy90: raises $3 to $6
Arsenavet: calls $3
*** FLOP *** [Js 8h 9s]
Arsenavet: checks
Krazy90: checks
*** TURN *** [Js 8h 9s] [7c]
Arsenavet: bets $6
Krazy90: folds
Uncalled bet ($6) returned to Arsenavet
Arsenavet collected $11.76 from pot
Arsenavet: doesn't show hand
*** SUMMARY ***
Total pot $12 | Rake $0.24
Board [Js 8h 9s 7c]
Seat 3: Arsenavet (big blind) collected ($11.76)
Seat 4: Krazy90 (button) (small blind) folded on the Turn


PokerStars Hand #169823140250:  Hold'em Limit ($3/$6 USD) - 2017/05/01 15:40:21 ET
Table 'Kokkola' 6-max Seat #4 is the button
Seat 3: Arsenavet ($95.80 in chips)
Seat 4: Krazy90 ($249.07 in chips)
Krazy90: posts small blind $1
Arsenavet: posts big blind $3
*** HOLE CARDS ***
Krazy90: raises $3 to $6
Arsenavet: calls $3
*** FLOP *** [Jh 9s 5h]
Arsenavet: checks
Krazy90: bets $3
Arsenavet: calls $3
*** TURN *** [Jh 9s 5h] [9h]
Arsenavet: checks
Krazy90: bets $6
Arsenavet: folds
Uncalled bet ($6) returned to Krazy90
Krazy90 collected $17.64 from pot
Krazy90: doesn't show hand
*** SUMMARY ***
Total pot $18 | Rake $0.36
Board [Jh 9s 5h 9h]
Seat 3: Arsenavet (big blind) folded on the Turn
Seat 4: Krazy90 (button) (small blind) collected ($17.64)


PokerStars Hand #169823174407:  Hold'em Limit ($3/$6 USD) - 2017/05/01 15:40:59 ET
Table 'Kokkola' 6-max Seat #4 is the button
Seat 3: Arsenavet ($77.80 in chips)
Seat 4: Krazy90 ($266.35 in chips)
Krazy90: posts small blind $1
Arsenavet: posts big blind $3
*** HOLE CARDS ***
Krazy90: raises $3 to $6
Arsenavet: folds
Uncalled bet ($3) returned to Krazy90
Krazy90 collected $6 from pot
Krazy90: doesn't show hand
*** SUMMARY ***
Total pot $6 | Rake $0
Seat 3: Arsenavet (big blind) folded before Flop
Seat 4: Krazy90 (button) (small blind) collected ($6)


PokerStars Hand #169823157178:  Hold'em Limit ($3/$6 USD) - 2017/05/01 15:40:40 ET
Table 'Kokkola' 6-max Seat #3 is the button
Seat 3: Arsenavet ($86.80 in chips)
Seat 4: Krazy90 ($257.71 in chips)
Arsenavet: posts small blind $1
Krazy90: posts big blind $3
*** HOLE CARDS ***
Arsenavet: raises $3 to $6
Krazy90: calls $3
*** FLOP *** [6s Jh Ac]
Krazy90: checks
Arsenavet: bets $3
Krazy90: calls $3
*** TURN *** [6s Jh Ac] [Jc]
Krazy90: checks
Arsenavet: checks
*** RIVER *** [6s Jh Ac Jc] [Ad]
Krazy90: bets $6
Arsenavet: folds
Uncalled bet ($6) returned to Krazy90
Krazy90 collected $17.64 from pot
Krazy90: doesn't show hand
*** SUMMARY ***
Total pot $18 | Rake $0.36
Board [6s Jh Ac Jc Ad]
Seat 3: Arsenavet (button) (small blind) folded on the River
Seat 4: Krazy90 (big blind) collected ($17.64)


PokerStars Hand #169823181240:  Hold'em Limit ($3/$6 USD) - 2017/05/01 15:41:07 ET
Table 'Kokkola' 6-max Seat #3 is the button
Seat 3: Arsenavet ($74.80 in chips)
Seat 4: Krazy90 ($269.35 in chips)
Arsenavet: posts small blind $1
Krazy90: posts big blind $3
*** HOLE CARDS ***
Arsenavet: folds
Uncalled bet ($2) returned to Krazy90
Krazy90 collected $2 from pot
Krazy90: doesn't show hand
*** SUMMARY ***
Total pot $2 | Rake $0
Seat 3: Arsenavet (button) (small blind) folded before Flop
Seat 4: Krazy90 (big blind) collected ($2)


PokerStars Hand #169823206631:  Hold'em Limit ($3/$6 USD) - 2017/05/01 15:41:35 ET
Table 'Kokkola' 6-max Seat #3 is the button
Seat 3: Arsenavet ($79.56 in chips)
Seat 4: Krazy90 ($264.35 in chips)
Arsenavet: posts small blind $1
Krazy90: posts big blind $3
*** HOLE CARDS ***
Arsenavet: folds
Uncalled bet ($2) returned to Krazy90
Krazy90 collected $2 from pot
Krazy90: doesn't show hand
*** SUMMARY ***
Total pot $2 | Rake $0
Seat 3: Arsenavet (button) (small blind) folded before Flop
Seat 4: Krazy90 (big blind) collected ($2)


PokerStars Hand #169823232624:  Hold'em Limit ($3/$6 USD) - 2017/05/01 15:42:03 ET
Table 'Kokkola' 6-max Seat #4 is the button
Seat 3: Arsenavet ($78.56 in chips)
Seat 4: Krazy90 ($265.35 in chips)
Krazy90: posts small blind $1
Arsenavet: posts big blind $3
*** HOLE CARDS ***
Krazy90: folds
Uncalled bet ($2) returned to Arsenavet
Arsenavet collected $2 from pot
Arsenavet: doesn't show hand
*** SUMMARY ***
Total pot $2 | Rake $0
Seat 3: Arsenavet (big blind) collected ($2)
Seat 4: Krazy90 (button) (small blind) folded before Flop


PokerStars Hand #169823225871:  Hold'em Limit ($3/$6 USD) - 2017/05/01 15:41:56 ET
Table 'Kokkola' 6-max Seat #3 is the button
Seat 3: Arsenavet ($79.56 in chips)
Seat 4: Krazy90 ($264.35 in chips)
Arsenavet: posts small blind $1
Krazy90: posts big blind $3
*** HOLE CARDS ***
Arsenavet: folds
Uncalled bet ($2) returned to Krazy90
Krazy90 collected $2 from pot
Krazy90: doesn't show hand
*** SUMMARY ***
Total pot $2 | Rake $0
Seat 3: Arsenavet (button) (small blind) folded before Flop
Seat 4: Krazy90 (big blind) collected ($2)


PokerStars Hand #169823211661:  Hold'em Limit ($3/$6 USD) - 2017/05/01 15:41:40 ET
Table 'Kokkola' 6-max Seat #4 is the button
Seat 3: Arsenavet ($78.56 in chips)
Seat 4: Krazy90 ($265.35 in chips)
Krazy90: posts small blind $1
Arsenavet: posts big blind $3
*** HOLE CARDS ***
Krazy90: folds
Uncalled bet ($2) returned to Arsenavet
Arsenavet collected $2 from pot
Arsenavet: doesn't show hand
*** SUMMARY ***
Total pot $2 | Rake $0
Seat 3: Arsenavet (big blind) collected ($2)
Seat 4: Krazy90 (button) (small blind) folded before Flop


PokerStars Hand #169823236803:  Hold'em Limit ($3/$6 USD) - 2017/05/01 15:42:08 ET
Table 'Kokkola' 6-max Seat #3 is the button
Seat 3: Arsenavet ($79.56 in chips)
Seat 4: Krazy90 ($264.35 in chips)
Arsenavet: posts small blind $1
Krazy90: posts big blind $3
*** HOLE CARDS ***
Arsenavet: raises $3 to $6
Krazy90: calls $3
*** FLOP *** [2c Qs 3s]
Krazy90: checks
Arsenavet: bets $3
Krazy90: calls $3
*** TURN *** [2c Qs 3s] [Ah]
Krazy90: checks
Arsenavet: bets $6
Krazy90: calls $6
*** RIVER *** [2c Qs 3s Ah] [6s]
Krazy90: checks
Arsenavet: checks
*** SHOW DOWN ***
Krazy90: shows [5c Ad] (a pair of Aces)
Arsenavet: mucks hand
Krazy90 collected $29.50 from pot
*** SUMMARY ***
Total pot $30 | Rake $0.50
Board [2c Qs 3s Ah 6s]
Seat 3: Arsenavet (button) (small blind) mucked
Seat 4: Krazy90 (big blind) showed [5c Ad] and won ($29.50) with a pair of Aces


PokerStars Hand #169823270761:  Hold'em Limit ($3/$6 USD) - 2017/05/01 15:42:45 ET
Table 'Kokkola' 6-max Seat #4 is the button
Seat 3: Arsenavet ($64.56 in chips)
Seat 4: Krazy90 ($278.85 in chips)
Krazy90: posts small blind $1
Arsenavet: posts big blind $3
*** HOLE CARDS ***
Krazy90: raises $3 to $6
Arsenavet: calls $3
*** FLOP *** [6h Kc Qh]
Arsenavet: checks
Krazy90: checks
*** TURN *** [6h Kc Qh] [4c]
Arsenavet: checks
Krazy90: bets $6
Arsenavet: folds
Uncalled bet ($6) returned to Krazy90
Krazy90 collected $11.76 from pot
Krazy90: doesn't show hand
*** SUMMARY ***
Total pot $12 | Rake $0.24
Board [6h Kc Qh 4c]
Seat 3: Arsenavet (big blind) folded on the Turn
Seat 4: Krazy90 (button) (small blind) collected ($11.76)


PokerStars Hand #169823296326:  Hold'em Limit ($3/$6 USD) - 2017/05/01 15:43:12 ET
Table 'Kokkola' 6-max Seat #4 is the button
Seat 3: Arsenavet ($49.56 in chips)
Seat 4: Krazy90 ($293.25 in chips)
Krazy90: posts small blind $1
Arsenavet: posts big blind $3
*** HOLE CARDS ***
Krazy90: raises $3 to $6
Arsenavet: calls $3
*** FLOP *** [4d 6s Kd]
Arsenavet: checks
Krazy90: bets $3
Arsenavet: folds
Uncalled bet ($3) returned to Krazy90
Krazy90 collected $11.76 from pot
Krazy90: doesn't show hand
*** SUMMARY ***
Total pot $12 | Rake $0.24
Board [4d 6s Kd]
Seat 3: Arsenavet (big blind) folded on the Flop
Seat 4: Krazy90 (button) (small blind) collected ($11.76)


PokerStars Hand #169823359983:  Hold'em Limit ($3/$6 USD) - 2017/05/01 15:44:21 ET
Table 'Kokkola' 6-max Seat #4 is the button
Seat 3: Arsenavet ($64.06 in chips)
Seat 4: Krazy90 ($278.01 in chips)
Krazy90: posts small blind $1
Arsenavet: posts big blind $3
*** HOLE CARDS ***
Krazy90: folds
Uncalled bet ($2) returned to Arsenavet
Arsenavet collected $2 from pot
Arsenavet: doesn't show hand
*** SUMMARY ***
Total pot $2 | Rake $0
Seat 3: Arsenavet (big blind) collected ($2)
Seat 4: Krazy90 (button) (small blind) folded before Flop


PokerStars Hand #169823308196:  Hold'em Limit ($3/$6 USD) - 2017/05/01 15:43:25 ET
Table 'Kokkola' 6-max Seat #3 is the button
Seat 3: Arsenavet ($43.56 in chips)
Seat 4: Krazy90 ($299.01 in chips)
Arsenavet: posts small blind $1
Krazy90: posts big blind $3
*** HOLE CARDS ***
Arsenavet: raises $3 to $6
Krazy90: calls $3
*** FLOP *** [4s Ks 5h]
Krazy90: checks
Arsenavet: bets $3
Krazy90: calls $3
*** TURN *** [4s Ks 5h] [5d]
Krazy90: checks
Arsenavet: bets $6
Krazy90: calls $6
*** RIVER *** [4s Ks 5h 5d] [3h]
Krazy90: checks
Arsenavet: bets $6
Krazy90: calls $6
*** SHOW DOWN ***
Arsenavet: shows [8c Kc] (two pair, Kings and Fives)
Krazy90: mucks hand
Arsenavet collected $41.50 from pot
*** SUMMARY ***
Total pot $42 | Rake $0.50
Board [4s Ks 5h 5d 3h]
Seat 3: Arsenavet (button) (small blind) showed [8c Kc] and won ($41.50) with two pair, Kings and Fives
Seat 4: Krazy90 (big blind) mucked


PokerStars Hand #169823364265:  Hold'em Limit ($3/$6 USD) - 2017/05/01 15:44:26 ET
Table 'Kokkola' 6-max Seat #3 is the button
Seat 3: Arsenavet ($65.06 in chips)
Seat 4: Krazy90 ($277.01 in chips)
Arsenavet: posts small blind $1
Krazy90: posts big blind $3
*** HOLE CARDS ***
Arsenavet: calls $2
Krazy90: checks
*** FLOP *** [4h Qs 2s]
Krazy90: checks
Arsenavet: bets $3
Krazy90: folds
Uncalled bet ($3) returned to Arsenavet
Arsenavet collected $5.88 from pot
Arsenavet: doesn't show hand
*** SUMMARY ***
Total pot $6 | Rake $0.12
Board [4h Qs 2s]
Seat 3: Arsenavet (button) (small blind) collected ($5.88)
Seat 4: Krazy90 (big blind) folded on the Flop


PokerStars Hand #169823408205:  Hold'em Limit ($3/$6 USD) - 2017/05/01 15:45:13 ET
Table 'Kokkola' 6-max Seat #3 is the button
Seat 3: Arsenavet ($53.94 in chips)
Seat 4: Krazy90 ($287.53 in chips)
Arsenavet: posts small blind $1
Krazy90: posts big blind $3
*** HOLE CARDS ***
Arsenavet: raises $3 to $6
Krazy90: folds
Uncalled bet ($3) returned to Arsenavet
Arsenavet collected $6 from pot
Arsenavet: doesn't show hand
*** SUMMARY ***
Total pot $6 | Rake $0
Seat 3: Arsenavet (button) (small blind) collected ($6)
Seat 4: Krazy90 (big blind) folded before Flop


PokerStars Hand #169823380061:  Hold'em Limit ($3/$6 USD) - 2017/05/01 15:44:43 ET
Table 'Kokkola' 6-max Seat #3 is the button
Seat 3: Arsenavet ($68.94 in chips)
Seat 4: Krazy90 ($273.01 in chips)
Arsenavet: posts small blind $1
Krazy90: posts big blind $3
*** HOLE CARDS ***
Arsenavet: calls $2
Krazy90: checks
*** FLOP *** [4c 7s 3d]
Krazy90: checks
Arsenavet: bets $3
Krazy90: calls $3
*** TURN *** [4c 7s 3d] [6c]
Krazy90: checks
Arsenavet: checks
*** RIVER *** [4c 7s 3d 6c] [8c]
Krazy90: bets $6
Arsenavet: calls $6
*** SHOW DOWN ***
Krazy90: shows [5h Ad] (a straight, Four to Eight)
Arsenavet: mucks hand
Krazy90 collected $23.52 from pot
*** SUMMARY ***
Total pot $24 | Rake $0.48
Board [4c 7s 3d 6c 8c]
Seat 3: Arsenavet (button) (small blind) mucked
Seat 4: Krazy90 (big blind) showed [5h Ad] and won ($23.52) with a straight, Four to Eight


PokerStars Hand #169823402864:  Hold'em Limit ($3/$6 USD) - 2017/05/01 15:45:07 ET
Table 'Kokkola' 6-max Seat #4 is the button
Seat 3: Arsenavet ($56.94 in chips)
Seat 4: Krazy90 ($284.53 in chips)
Krazy90: posts small blind $1
Arsenavet: posts big blind $3
*** HOLE CARDS ***
Krazy90: raises $3 to $6
Arsenavet: folds
Uncalled bet ($3) returned to Krazy90
Krazy90 collected $6 from pot
Krazy90: doesn't show hand
*** SUMMARY ***
Total pot $6 | Rake $0
Seat 3: Arsenavet (big blind) folded before Flop
Seat 4: Krazy90 (button) (small blind) collected ($6)


PokerStars Hand #169823374071:  Hold'em Limit ($3/$6 USD) - 2017/05/01 15:44:36 ET
Table 'Kokkola' 6-max Seat #4 is the button
Seat 3: Arsenavet ($67.94 in chips)
Seat 4: Krazy90 ($274.01 in chips)
Krazy90: posts small blind $1
Arsenavet: posts big blind $3
*** HOLE CARDS ***
Krazy90: folds
Uncalled bet ($2) returned to Arsenavet
Arsenavet collected $2 from pot
Arsenavet: doesn't show hand
*** SUMMARY ***
Total pot $2 | Rake $0
Seat 3: Arsenavet (big blind) collected ($2)
Seat 4: Krazy90 (button) (small blind) folded before Flop


PokerStars Hand #169823427090:  Hold'em Limit ($3/$6 USD) - 2017/05/01 15:45:34 ET
Table 'Kokkola' 6-max Seat #4 is the button
Seat 3: Arsenavet ($56.94 in chips)
Seat 4: Krazy90 ($284.53 in chips)
Krazy90: posts small blind $1
Arsenavet: posts big blind $3
*** HOLE CARDS ***
Krazy90: raises $3 to $6
Arsenavet: calls $3
*** FLOP *** [As 2d Qd]
Arsenavet: checks
Krazy90: bets $3
Arsenavet: folds
Uncalled bet ($3) returned to Krazy90
Krazy90 collected $11.76 from pot
Krazy90: doesn't show hand
*** SUMMARY ***
Total pot $12 | Rake $0.24
Board [As 2d Qd]
Seat 3: Arsenavet (big blind) folded on the Flop
Seat 4: Krazy90 (button) (small blind) collected ($11.76)


PokerStars Hand #169823480485:  Hold'em Limit ($3/$6 USD) - 2017/05/01 15:46:33 ET
Table 'Kokkola' 6-max Seat #4 is the button
Seat 3: Arsenavet ($62.34 in chips)
Seat 4: Krazy90 ($278.29 in chips)
Krazy90: posts small blind $1
Arsenavet: posts big blind $3
*** HOLE CARDS ***
Krazy90: raises $3 to $6
Arsenavet: folds
Uncalled bet ($3) returned to Krazy90
Krazy90 collected $6 from pot
Krazy90: doesn't show hand
*** SUMMARY ***
Total pot $6 | Rake $0
Seat 3: Arsenavet (big blind) folded before Flop
Seat 4: Krazy90 (button) (small blind) collected ($6)


PokerStars Hand #169823463868:  Hold'em Limit ($3/$6 USD) - 2017/05/01 15:46:14 ET
Table 'Kokkola' 6-max Seat #3 is the button
Seat 3: Arsenavet ($56.58 in chips)
Seat 4: Krazy90 ($284.29 in chips)
Arsenavet: posts small blind $1
Krazy90: posts big blind $3
*** HOLE CARDS ***
Arsenavet: raises $3 to $6
Krazy90: calls $3
*** FLOP *** [Ks 6s Kd]
Krazy90: checks
Arsenavet: checks
*** TURN *** [Ks 6s Kd] [Jd]
Krazy90: checks
Arsenavet: checks
*** RIVER *** [Ks 6s Kd Jd] [Tc]
Krazy90: checks
Arsenavet: checks
*** SHOW DOWN ***
Krazy90: shows [6c 4s] (two pair, Kings and Sixes)
Arsenavet: shows [Ts 9d] (two pair, Kings and Tens)
Arsenavet collected $11.76 from pot
*** SUMMARY ***
Total pot $12 | Rake $0.24
Board [Ks 6s Kd Jd Tc]
Seat 3: Arsenavet (button) (small blind) showed [Ts 9d] and won ($11.76) with two pair, Kings and Tens
Seat 4: Krazy90 (big blind) showed [6c 4s] and lost with two pair, Kings and Sixes


PokerStars Hand #169823457495:  Hold'em Limit ($3/$6 USD) - 2017/05/01 15:46:07 ET
Table 'Kokkola' 6-max Seat #4 is the button
Seat 3: Arsenavet ($59.58 in chips)
Seat 4: Krazy90 ($281.29 in chips)
Krazy90: posts small blind $1
Arsenavet: posts big blind $3
*** HOLE CARDS ***
Krazy90: raises $3 to $6
Arsenavet: folds
Uncalled bet ($3) returned to Krazy90
Krazy90 collected $6 from pot
Krazy90: doesn't show hand
*** SUMMARY ***
Total pot $6 | Rake $0
Seat 3: Arsenavet (big blind) folded before Flop
Seat 4: Krazy90 (button) (small blind) collected ($6)


PokerStars Hand #169823439047:  Hold'em Limit ($3/$6 USD) - 2017/05/01 15:45:47 ET
Table 'Kokkola' 6-max Seat #3 is the button
Seat 3: Arsenavet ($50.94 in chips)
Seat 4: Krazy90 ($290.29 in chips)
Arsenavet: posts small blind $1
Krazy90: posts big blind $3
*** HOLE CARDS ***
Arsenavet: raises $3 to $6
Krazy90: calls $3
*** FLOP *** [3c Js 2s]
Krazy90: checks
Arsenavet: bets $3
Krazy90: calls $3
*** TURN *** [3c Js 2s] [Qs]
Krazy90: checks
Arsenavet: bets $6
Krazy90: folds
Uncalled bet ($6) returned to Arsenavet
Arsenavet collected $17.64 from pot
Arsenavet: doesn't show hand
*** SUMMARY ***
Total pot $18 | Rake $0.36
Board [3c Js 2s Qs]
Seat 3: Arsenavet (button) (small blind) collected ($17.64)
Seat 4: Krazy90 (big blind) folded on the Turn


PokerStars Hand #169823515913:  Hold'em Limit ($3/$6 USD) - 2017/05/01 15:47:11 ET
Table 'Kokkola' 6-max Seat #4 is the button
Seat 3: Arsenavet ($62.34 in chips)
Seat 4: Krazy90 ($278.29 in chips)
Krazy90: posts small blind $1
Arsenavet: posts big blind $3
*** HOLE CARDS ***
Krazy90: folds
Uncalled bet ($2) returned to Arsenavet
Arsenavet collected $2 from pot
Arsenavet: doesn't show hand
*** SUMMARY ***
Total pot $2 | Rake $0
Seat 3: Arsenavet (big blind) collected ($2)
Seat 4: Krazy90 (button) (small blind) folded before Flop


PokerStars Hand #169823504004:  Hold'em Limit ($3/$6 USD) - 2017/05/01 15:46:58 ET
Table 'Kokkola' 6-max Seat #3 is the button
Seat 3: Arsenavet ($59.34 in chips)
Seat 4: Krazy90 ($281.29 in chips)
Arsenavet: posts small blind $1
Krazy90: posts big blind $3
*** HOLE CARDS ***
Arsenavet: raises $3 to $6
Krazy90: folds
Uncalled bet ($3) returned to Arsenavet
Arsenavet collected $6 from pot
Arsenavet: doesn't show hand
*** SUMMARY ***
Total pot $6 | Rake $0
Seat 3: Arsenavet (button) (small blind) collected ($6)
Seat 4: Krazy90 (big blind) folded before Flop


PokerStars Hand #169823497535:  Hold'em Limit ($3/$6 USD) - 2017/05/01 15:46:51 ET
Table 'Kokkola' 6-max Seat #4 is the button
Seat 3: Arsenavet ($62.34 in chips)
Seat 4: Krazy90 ($278.29 in chips)
Krazy90: posts small blind $1
Arsenavet: posts big blind $3
*** HOLE CARDS ***
Krazy90: raises $3 to $6
Arsenavet: folds
Uncalled bet ($3) returned to Krazy90
Krazy90 collected $6 from pot
Krazy90: doesn't show hand
*** SUMMARY ***
Total pot $6 | Rake $0
Seat 3: Arsenavet (big blind) folded before Flop
Seat 4: Krazy90 (button) (small blind) collected ($6)


PokerStars Hand #169823486239:  Hold'em Limit ($3/$6 USD) - 2017/05/01 15:46:39 ET
Table 'Kokkola' 6-max Seat #3 is the button
Seat 3: Arsenavet ($59.34 in chips)
Seat 4: Krazy90 ($281.29 in chips)
Arsenavet: posts small blind $1
Krazy90: posts big blind $3
*** HOLE CARDS ***
Arsenavet: raises $3 to $6
Krazy90: folds
Uncalled bet ($3) returned to Arsenavet
Arsenavet collected $6 from pot
Arsenavet: doesn't show hand
*** SUMMARY ***
Total pot $6 | Rake $0
Seat 3: Arsenavet (button) (small blind) collected ($6)
Seat 4: Krazy90 (big blind) folded before Flop


PokerStars Hand #169823531868:  Hold'em Limit ($3/$6 USD) - 2017/05/01 15:47:27 ET
Table 'Kokkola' 6-max Seat #3 is the button
Seat 3: Arsenavet ($63.34 in chips)
Seat 4: Krazy90 ($277.29 in chips)
Arsenavet: posts small blind $1
Krazy90: posts big blind $3
*** HOLE CARDS ***
Arsenavet: folds
Uncalled bet ($2) returned to Krazy90
Krazy90 collected $2 from pot
Krazy90: doesn't show hand
*** SUMMARY ***
Total pot $2 | Rake $0
Seat 3: Arsenavet (button) (small blind) folded before Flop
Seat 4: Krazy90 (big blind) collected ($2)


PokerStars Hand #169823535696:  Hold'em Limit ($3/$6 USD) - 2017/05/01 15:47:31 ET
Table 'Kokkola' 6-max Seat #4 is the button
Seat 3: Arsenavet ($62.34 in chips)
Seat 4: Krazy90 ($278.29 in chips)
Krazy90: posts small blind $1
Arsenavet: posts big blind $3
*** HOLE CARDS ***
Krazy90: raises $3 to $6
Arsenavet: calls $3
*** FLOP *** [4c Ah 8d]
Arsenavet: checks
Krazy90: bets $3
Arsenavet: calls $3
*** TURN *** [4c Ah 8d] [Qc]
Arsenavet: checks
Krazy90: bets $6
Arsenavet: calls $6
*** RIVER *** [4c Ah 8d Qc] [Ks]
Arsenavet: checks
Krazy90: bets $6
Arsenavet: calls $6
*** SHOW DOWN ***
Krazy90: shows [Td 7d] (high card Ace)
Arsenavet: shows [3s As] (a pair of Aces)
Arsenavet collected $41.50 from pot
*** SUMMARY ***
Total pot $42 | Rake $0.50
Board [4c Ah 8d Qc Ks]
Seat 3: Arsenavet (big blind) showed [3s As] and won ($41.50) with a pair of Aces
Seat 4: Krazy90 (button) (small blind) showed [Td 7d] and lost with high card Ace


PokerStars Hand #169823554231:  Hold'em Limit ($3/$6 USD) - 2017/05/01 15:47:51 ET
Table 'Kokkola' 6-max Seat #3 is the button
Seat 3: Arsenavet ($82.84 in chips)
Seat 4: Krazy90 ($257.29 in chips)
Arsenavet: posts small blind $1
Krazy90: posts big blind $3
*** HOLE CARDS ***
Arsenavet: raises $3 to $6
Krazy90: calls $3
*** FLOP *** [3d Tc As]
Krazy90: checks
Arsenavet: bets $3
Krazy90: calls $3
*** TURN *** [3d Tc As] [7h]
Krazy90: checks
Arsenavet: bets $6
simper11 joins the table at seat #2
Krazy90: folds
Uncalled bet ($6) returned to Arsenavet
Arsenavet collected $17.64 from pot
Arsenavet: doesn't show hand
*** SUMMARY ***
Total pot $18 | Rake $0.36
Board [3d Tc As 7h]
Seat 3: Arsenavet (button) (small blind) collected ($17.64)
Seat 4: Krazy90 (big blind) folded on the Turn


PokerStars Hand #169829452551:  Hold'em Limit ($3/$6 USD) - 2017/05/01 17:46:50 ET
Table 'Kokkola' 6-max Seat #1 is the button
Seat 1: pompier40 ($144.24 in chips)
Seat 6: Chessnok ($127.19 in chips)
pompier40: posts small blind $1
calimero63: is sitting out
Chessnok: posts big blind $3
*** HOLE CARDS ***
pompier40: raises $3 to $6
calimero63 leaves the table
Chessnok: calls $3
*** FLOP *** [Jc Kd 9h]
Chessnok: checks
pompier40: bets $3
Chessnok: calls $3
*** TURN *** [Jc Kd 9h] [2s]
Chessnok: checks
pompier40: bets $6
Chessnok: calls $6
*** RIVER *** [Jc Kd 9h 2s] [Ac]
Chessnok: checks
pompier40: checks
*** SHOW DOWN ***
Chessnok: shows [9c 8s] (a pair of Nines)
pompier40: shows [Ts Jh] (a pair of Jacks)
pompier40 collected $29.50 from pot
*** SUMMARY ***
Total pot $30 | Rake $0.50
Board [Jc Kd 9h 2s Ac]
Seat 1: pompier40 (button) (small blind) showed [Ts Jh] and won ($29.50) with a pair of Jacks
Seat 6: Chessnok (big blind) showed [9c 8s] and lost with a pair of Nines


PokerStars Hand #169829478354:  Hold'em Limit ($3/$6 USD) - 2017/05/01 17:47:25 ET
Table 'Kokkola' 6-max Seat #6 is the button
Seat 1: pompier40 ($158.74 in chips)
Seat 6: Chessnok ($112.19 in chips)
Chessnok: posts small blind $1
pompier40: posts big blind $3
*** HOLE CARDS ***
Chessnok: raises $3 to $6
pompier40: folds
Uncalled bet ($3) returned to Chessnok
Chessnok collected $6 from pot
Chessnok: doesn't show hand
*** SUMMARY ***
Total pot $6 | Rake $0
Seat 1: pompier40 (big blind) folded before Flop
Seat 6: Chessnok (button) (small blind) collected ($6)


PokerStars Hand #169829486611:  Hold'em Limit ($3/$6 USD) - 2017/05/01 17:47:36 ET
Table 'Kokkola' 6-max Seat #1 is the button
Seat 1: pompier40 ($155.74 in chips)
Seat 6: Chessnok ($115.19 in chips)
pompier40: posts small blind $1
Chessnok: posts big blind $3
*** HOLE CARDS ***
pompier40: raises $3 to $6
Chessnok: calls $3
*** FLOP *** [Th 2c Ac]
Chessnok: checks
pompier40: bets $3
Chessnok: folds
Uncalled bet ($3) returned to pompier40
pompier40 collected $11.76 from pot
*** SUMMARY ***
Total pot $12 | Rake $0.24
Board [Th 2c Ac]
Seat 1: pompier40 (button) (small blind) collected ($11.76)
Seat 6: Chessnok (big blind) folded on the Flop


PokerStars Hand #169829507320:  Hold'em Limit ($3/$6 USD) - 2017/05/01 17:48:03 ET
Table 'Kokkola' 6-max Seat #6 is the button
Seat 1: pompier40 ($161.50 in chips)
Seat 6: Chessnok ($109.19 in chips)
Chessnok: posts small blind $1
pompier40: posts big blind $3
*** HOLE CARDS ***
Chessnok: raises $3 to $6
pompier40: folds
Uncalled bet ($3) returned to Chessnok
Chessnok collected $6 from pot
Chessnok: doesn't show hand
*** SUMMARY ***
Total pot $6 | Rake $0
Seat 1: pompier40 (big blind) folded before Flop
Seat 6: Chessnok (button) (small blind) collected ($6)


PokerStars Hand #169829549428:  Hold'em Limit ($3/$6 USD) - 2017/05/01 17:48:59 ET
Table 'Kokkola' 6-max Seat #1 is the button
Seat 1: pompier40 ($179 in chips)
Seat 6: Chessnok ($91.19 in chips)
pompier40: posts small blind $1
Chessnok: posts big blind $3
*** HOLE CARDS ***
pompier40: raises $3 to $6
Chessnok: raises $3 to $9
pompier40: raises $3 to $12
Betting is capped
Chessnok: calls $3
*** FLOP *** [3c 3d 2s]
Chessnok: bets $3
pompier40: raises $3 to $6
Chessnok: raises $3 to $9
pompier40: calls $3
*** TURN *** [3c 3d 2s] [9s]
Chessnok: bets $6
pompier40: calls $6
*** RIVER *** [3c 3d 2s 9s] [8c]
Chessnok: bets $6
pompier40: calls $6
*** SHOW DOWN ***
Chessnok: shows [Ks Kh] (two pair, Kings and Threes)
pompier40: mucks hand
Chessnok collected $65.50 from pot
*** SUMMARY ***
Total pot $66 | Rake $0.50
Board [3c 3d 2s 9s 8c]
Seat 1: pompier40 (button) (small blind) mucked
Seat 6: Chessnok (big blind) showed [Ks Kh] and won ($65.50) with two pair, Kings and Threes


PokerStars Hand #169829545344:  Hold'em Limit ($3/$6 USD) - 2017/05/01 17:48:54 ET
Table 'Kokkola' 6-max Seat #6 is the button
Seat 1: pompier40 ($182 in chips)
Seat 6: Chessnok ($88.19 in chips)
Chessnok: posts small blind $1
pompier40: posts big blind $3
*** HOLE CARDS ***
Chessnok: raises $3 to $6
pompier40: folds
Uncalled bet ($3) returned to Chessnok
Chessnok collected $6 from pot
Chessnok: doesn't show hand
*** SUMMARY ***
Total pot $6 | Rake $0
Seat 1: pompier40 (big blind) folded before Flop
Seat 6: Chessnok (button) (small blind) collected ($6)


PokerStars Hand #169829517714:  Hold'em Limit ($3/$6 USD) - 2017/05/01 17:48:17 ET
Table 'Kokkola' 6-max Seat #1 is the button
Seat 1: pompier40 ($158.50 in chips)
Seat 6: Chessnok ($112.19 in chips)
pompier40: posts small blind $1
Jack_Wu1985 was removed from the table for failing to post
Chessnok: posts big blind $3
*** HOLE CARDS ***
pompier40: raises $3 to $6
Chessnok: raises $3 to $9
pompier40: raises $3 to $12
Betting is capped
Chessnok: calls $3
*** FLOP *** [9c 5d 2h]
Chessnok: bets $3
pompier40: raises $3 to $6
Chessnok: calls $3
*** TURN *** [9c 5d 2h] [Js]
Chessnok: checks
pompier40: bets $6
Chessnok: calls $6
*** RIVER *** [9c 5d 2h Js] [4c]
Chessnok: checks
pompier40: checks
*** SHOW DOWN ***
Chessnok: shows [Kc Ts] (high card King)
pompier40: shows [Ks Ad] (high card Ace)
pompier40 collected $47.50 from pot
*** SUMMARY ***
Total pot $48 | Rake $0.50
Board [9c 5d 2h Js 4c]
Seat 1: pompier40 (button) (small blind) showed [Ks Ad] and won ($47.50) with high card Ace
Seat 6: Chessnok (big blind) showed [Kc Ts] and lost with high card King


PokerStars Hand #169829571433:  Hold'em Limit ($3/$6 USD) - 2017/05/01 17:49:28 ET
Table 'Kokkola' 6-max Seat #6 is the button
Seat 1: pompier40 ($146 in chips)
Seat 6: Chessnok ($123.69 in chips)
Chessnok: posts small blind $1
pompier40: posts big blind $3
*** HOLE CARDS ***
Chessnok: raises $3 to $6
pompier40: calls $3
*** FLOP *** [4s Tc Ts]
pompier40: bets $3
Chessnok: calls $3
*** TURN *** [4s Tc Ts] [7d]
pompier40: bets $6
Chessnok: calls $6
*** RIVER *** [4s Tc Ts 7d] [Jh]
pompier40: bets $6
Chessnok: calls $6
*** SHOW DOWN ***
pompier40: shows [2s Qs] (a pair of Tens)
Chessnok: shows [9s Ah] (a pair of Tens - Ace kicker)
Chessnok collected $41.50 from pot
*** SUMMARY ***
Total pot $42 | Rake $0.50
Board [4s Tc Ts 7d Jh]
Seat 1: pompier40 (big blind) showed [2s Qs] and lost with a pair of Tens
Seat 6: Chessnok (button) (small blind) showed [9s Ah] and won ($41.50) with a pair of Tens


PokerStars Hand #169829587746:  Hold'em Limit ($3/$6 USD) - 2017/05/01 17:49:50 ET
Table 'Kokkola' 6-max Seat #1 is the button
Seat 1: pompier40 ($125 in chips)
Seat 6: Chessnok ($144.19 in chips)
pompier40: posts small blind $1
Chessnok: posts big blind $3
*** HOLE CARDS ***
pompier40: raises $3 to $6
Chessnok: raises $3 to $9
pompier40: raises $3 to $12
Betting is capped
Chessnok: calls $3
*** FLOP *** [7s Ks Qc]
Chessnok: bets $3
pompier40: raises $3 to $6
Chessnok: raises $3 to $9
pompier40: calls $3
*** TURN *** [7s Ks Qc] [Kc]
Chessnok: bets $6
pompier40: calls $6
*** RIVER *** [7s Ks Qc Kc] [2d]
Chessnok: checks
pompier40: bets $6
Chessnok: calls $6
*** SHOW DOWN ***
pompier40: shows [7d Qd] (two pair, Kings and Queens)
Chessnok: mucks hand
pompier40 collected $65.50 from pot
*** SUMMARY ***
Total pot $66 | Rake $0.50
Board [7s Ks Qc Kc 2d]
Seat 1: pompier40 (button) (small blind) showed [7d Qd] and won ($65.50) with two pair, Kings and Queens
Seat 6: Chessnok (big blind) mucked


PokerStars Hand #169829608829:  Hold'em Limit ($3/$6 USD) - 2017/05/01 17:50:19 ET
Table 'Kokkola' 6-max Seat #6 is the button
Seat 1: pompier40 ($157.50 in chips)
Seat 6: Chessnok ($111.19 in chips)
Chessnok: posts small blind $1
pompier40: posts big blind $3
*** HOLE CARDS ***
Chessnok: raises $3 to $6
pompier40: raises $3 to $9
Chessnok: calls $3
*** FLOP *** [Jc 6c 5c]
pompier40: bets $3
Chessnok: calls $3
*** TURN *** [Jc 6c 5c] [Jd]
pompier40: bets $6
Chessnok: calls $6
*** RIVER *** [Jc 6c 5c Jd] [Kc]
pompier40: bets $6
Chessnok: raises $6 to $12
pompier40: calls $6
*** SHOW DOWN ***
Chessnok: shows [Ac 2h] (a flush, Ace high)
pompier40: mucks hand
Chessnok collected $59.50 from pot
*** SUMMARY ***
Total pot $60 | Rake $0.50
Board [Jc 6c 5c Jd Kc]
Seat 1: pompier40 (big blind) mucked
Seat 6: Chessnok (button) (small blind) showed [Ac 2h] and won ($59.50) with a flush, Ace high


PokerStars Hand #169829674163:  Hold'em Limit ($3/$6 USD) - 2017/05/01 17:51:46 ET
Table 'Kokkola' 6-max Seat #6 is the button
Seat 1: pompier40 ($142 in chips)
Seat 6: Chessnok ($125.69 in chips)
Chessnok: posts small blind $1
pompier40: posts big blind $3
*** HOLE CARDS ***
Chessnok: raises $3 to $6
pompier40: calls $3
*** FLOP *** [4s 6c 2h]
pompier40: checks
Chessnok: bets $3
pompier40: calls $3
*** TURN *** [4s 6c 2h] [7h]
pompier40: checks
Chessnok: bets $6
pompier40: calls $6
*** RIVER *** [4s 6c 2h 7h] [6h]
pompier40: checks
Chessnok: bets $6
pompier40: folds
Uncalled bet ($6) returned to Chessnok
Chessnok collected $29.50 from pot
Chessnok: doesn't show hand
*** SUMMARY ***
Total pot $30 | Rake $0.50
Board [4s 6c 2h 7h 6h]
Seat 1: pompier40 (big blind) folded on the River
Seat 6: Chessnok (button) (small blind) collected ($29.50)


PokerStars Hand #169829643795:  Hold'em Limit ($3/$6 USD) - 2017/05/01 17:51:05 ET
Table 'Kokkola' 6-max Seat #1 is the button
Seat 1: pompier40 ($127.50 in chips)
Seat 6: Chessnok ($140.69 in chips)
pompier40: posts small blind $1
Chessnok: posts big blind $3
*** HOLE CARDS ***
pompier40: raises $3 to $6
Chessnok: calls $3
*** FLOP *** [4d Kd 7d]
Chessnok: checks
pompier40: bets $3
Chessnok: calls $3
*** TURN *** [4d Kd 7d] [Jh]
Chessnok: checks
pompier40: bets $6
Chessnok: calls $6
*** RIVER *** [4d Kd 7d Jh] [6d]
Chessnok: checks
pompier40: bets $6
Chessnok: folds
Uncalled bet ($6) returned to pompier40
pompier40 collected $29.50 from pot
*** SUMMARY ***
Total pot $30 | Rake $0.50
Board [4d Kd 7d Jh 6d]
Seat 1: pompier40 (button) (small blind) collected ($29.50)
Seat 6: Chessnok (big blind) folded on the River


PokerStars Hand #169829697890:  Hold'em Limit ($3/$6 USD) - 2017/05/01 17:52:19 ET
Table 'Kokkola' 6-max Seat #1 is the button
Seat 1: pompier40 ($127 in chips)
Seat 6: Chessnok ($140.19 in chips)
pompier40: posts small blind $1
Chessnok: posts big blind $3
*** HOLE CARDS ***
pompier40: raises $3 to $6
Chessnok: folds
Uncalled bet ($3) returned to pompier40
pompier40 collected $6 from pot
*** SUMMARY ***
Total pot $6 | Rake $0
Seat 1: pompier40 (button) (small blind) collected ($6)
Seat 6: Chessnok (big blind) folded before Flop


PokerStars Hand #169829752539:  Hold'em Limit ($3/$6 USD) - 2017/05/01 17:53:33 ET
Table 'Kokkola' 6-max Seat #1 is the button
Seat 1: pompier40 ($102 in chips)
Seat 6: Chessnok ($164.69 in chips)
pompier40: posts small blind $1
Chessnok: posts big blind $3
*** HOLE CARDS ***
pompier40: folds
Uncalled bet ($2) returned to Chessnok
Chessnok collected $2 from pot
Chessnok: doesn't show hand
*** SUMMARY ***
Total pot $2 | Rake $0
Seat 1: pompier40 (button) (small blind) folded before Flop
Seat 6: Chessnok (big blind) collected ($2)


PokerStars Hand #169829741802:  Hold'em Limit ($3/$6 USD) - 2017/05/01 17:53:18 ET
Table 'Kokkola' 6-max Seat #1 is the button
Seat 1: pompier40 ($106 in chips)
Seat 6: Chessnok ($160.69 in chips)
pompier40: posts small blind $1
Chessnok: posts big blind $3
*** HOLE CARDS ***
pompier40: folds
Uncalled bet ($2) returned to Chessnok
Chessnok collected $2 from pot
Chessnok: doesn't show hand
*** SUMMARY ***
Total pot $2 | Rake $0
Seat 1: pompier40 (button) (small blind) folded before Flop
Seat 6: Chessnok (big blind) collected ($2)


PokerStars Hand #169829706499:  Hold'em Limit ($3/$6 USD) - 2017/05/01 17:52:30 ET
Table 'Kokkola' 6-max Seat #6 is the button
Seat 1: pompier40 ($130 in chips)
Seat 6: Chessnok ($137.19 in chips)
Chessnok: posts small blind $1
pompier40: posts big blind $3
*** HOLE CARDS ***
Chessnok: raises $3 to $6
pompier40: raises $3 to $9
Chessnok: calls $3
*** FLOP *** [6s Kh 9c]
pompier40: bets $3
Chessnok: calls $3
*** TURN *** [6s Kh 9c] [9s]
pompier40: bets $6
Chessnok: calls $6
*** RIVER *** [6s Kh 9c 9s] [6d]
pompier40: bets $6
Chessnok: calls $6
*** SHOW DOWN ***
pompier40: shows [8h 7h] (two pair, Nines and Sixes)
Chessnok: shows [Kc 3h] (two pair, Kings and Nines)
Chessnok collected $47.50 from pot
*** SUMMARY ***
Total pot $48 | Rake $0.50
Board [6s Kh 9c 9s 6d]
Seat 1: pompier40 (big blind) showed [8h 7h] and lost with two pair, Nines and Sixes
Seat 6: Chessnok (button) (small blind) showed [Kc 3h] and won ($47.50) with two pair, Kings and Nines


PokerStars Hand #169829745955:  Hold'em Limit ($3/$6 USD) - 2017/05/01 17:53:24 ET
Table 'Kokkola' 6-max Seat #6 is the button
Seat 1: pompier40 ($105 in chips)
Seat 6: Chessnok ($161.69 in chips)
Chessnok: posts small blind $1
pompier40: posts big blind $3
*** HOLE CARDS ***
Chessnok: raises $3 to $6
pompier40: folds
Uncalled bet ($3) returned to Chessnok
Chessnok collected $6 from pot
Chessnok: doesn't show hand
*** SUMMARY ***
Total pot $6 | Rake $0
Seat 1: pompier40 (big blind) folded before Flop
Seat 6: Chessnok (button) (small blind) collected ($6)


PokerStars Hand #169829770715:  Hold'em Limit ($3/$6 USD) - 2017/05/01 17:53:58 ET
Table 'Kokkola' 6-max Seat #6 is the button
Seat 1: pompier40 ($97 in chips)
Seat 6: Chessnok ($169.69 in chips)
Chessnok: posts small blind $1
pompier40: posts big blind $3
*** HOLE CARDS ***
Chessnok: folds
Uncalled bet ($2) returned to pompier40
pompier40 collected $2 from pot
*** SUMMARY ***
Total pot $2 | Rake $0
Seat 1: pompier40 (big blind) collected ($2)
Seat 6: Chessnok (button) (small blind) folded before Flop


PokerStars Hand #169829764418:  Hold'em Limit ($3/$6 USD) - 2017/05/01 17:53:49 ET
Table 'Kokkola' 6-max Seat #1 is the button
Seat 1: pompier40 ($98 in chips)
Seat 6: Chessnok ($168.69 in chips)
pompier40: posts small blind $1
Chessnok: posts big blind $3
*** HOLE CARDS ***
pompier40: folds
Uncalled bet ($2) returned to Chessnok
Chessnok collected $2 from pot
Chessnok: doesn't show hand
*** SUMMARY ***
Total pot $2 | Rake $0
Seat 1: pompier40 (button) (small blind) folded before Flop
Seat 6: Chessnok (big blind) collected ($2)


PokerStars Hand #169829756651:  Hold'em Limit ($3/$6 USD) - 2017/05/01 17:53:39 ET
Table 'Kokkola' 6-max Seat #6 is the button
Seat 1: pompier40 ($101 in chips)
Seat 6: Chessnok ($165.69 in chips)
Chessnok: posts small blind $1
pompier40: posts big blind $3
*** HOLE CARDS ***
Chessnok: raises $3 to $6
pompier40: folds
Uncalled bet ($3) returned to Chessnok
Chessnok collected $6 from pot
Chessnok: doesn't show hand
*** SUMMARY ***
Total pot $6 | Rake $0
Seat 1: pompier40 (big blind) folded before Flop
Seat 6: Chessnok (button) (small blind) collected ($6)


PokerStars Hand #169829774435:  Hold'em Limit ($3/$6 USD) - 2017/05/01 17:54:03 ET
Table 'Kokkola' 6-max Seat #1 is the button
Seat 1: pompier40 ($98 in chips)
Seat 6: Chessnok ($168.69 in chips)
pompier40: posts small blind $1
Chessnok: posts big blind $3
*** HOLE CARDS ***
pompier40: folds
Uncalled bet ($2) returned to Chessnok
Chessnok collected $2 from pot
Chessnok: doesn't show hand
*** SUMMARY ***
Total pot $2 | Rake $0
Seat 1: pompier40 (button) (small blind) folded before Flop
Seat 6: Chessnok (big blind) collected ($2)


PokerStars Hand #169829778595:  Hold'em Limit ($3/$6 USD) - 2017/05/01 17:54:09 ET
Table 'Kokkola' 6-max Seat #6 is the button
Seat 1: pompier40 ($97 in chips)
Seat 6: Chessnok ($169.69 in chips)
Chessnok: posts small blind $1
pompier40: posts big blind $3
*** HOLE CARDS ***
Chessnok: raises $3 to $6
pompier40: calls $3
*** FLOP *** [Kh 9s Qd]
pompier40: checks
Chessnok: bets $3
pompier40: calls $3
*** TURN *** [Kh 9s Qd] [Jh]
pompier40: checks
Chessnok: checks
*** RIVER *** [Kh 9s Qd Jh] [Qh]
pompier40: bets $6
Chessnok: calls $6
*** SHOW DOWN ***
pompier40: shows [Qs 8d] (three of a kind, Queens)
Chessnok: mucks hand
pompier40 collected $29.50 from pot
*** SUMMARY ***
Total pot $30 | Rake $0.50
Board [Kh 9s Qd Jh Qh]
Seat 1: pompier40 (big blind) showed [Qs 8d] and won ($29.50) with three of a kind, Queens
Seat 6: Chessnok (button) (small blind) mucked


