PokerStars Hand #160474051015:  Hold'em Limit ($3/$6 USD) - 2016/10/26 14:37:01 ET
Table 'Kokkola' 6-max Seat #3 is the button
Seat 3: Ag3r0n ($80.64 in chips)
Seat 6: poyyyy ($79.10 in chips)
Ag3r0n: posts small blind $1
poyyyy: posts big blind $3
*** HOLE CARDS ***
Ag3r0n: folds
Uncalled bet ($2) returned to poyyyy
poyyyy collected $2 from pot
poyyyy: doesn't show hand
*** SUMMARY ***
Total pot $2 | Rake $0
Seat 3: Ag3r0n (button) (small blind) folded before Flop
Seat 6: poyyyy (big blind) collected ($2)


PokerStars Hand #160474036472:  Hold'em Limit ($3/$6 USD) - 2016/10/26 14:36:44 ET
Table 'Kokkola' 6-max Seat #6 is the button
Seat 3: Ag3r0n ($72 in chips)
Seat 6: poyyyy ($88.10 in chips)
poyyyy: posts small blind $1
Ag3r0n: posts big blind $3
*** HOLE CARDS ***
poyyyy: calls $2
Ag3r0n: raises $3 to $6
poyyyy: calls $3
*** FLOP *** [5h Tc 6s]
Ag3r0n: bets $3
poyyyy: calls $3
*** TURN *** [5h Tc 6s] [Js]
Ag3r0n: bets $6
poyyyy: folds
Uncalled bet ($6) returned to Ag3r0n
Ag3r0n collected $17.64 from pot
*** SUMMARY ***
Total pot $18 | Rake $0.36
Board [5h Tc 6s Js]
Seat 3: Ag3r0n (big blind) collected ($17.64)
Seat 6: poyyyy (button) (small blind) folded on the Turn


PokerStars Hand #160474054941:  Hold'em Limit ($3/$6 USD) - 2016/10/26 14:37:05 ET
Table 'Kokkola' 6-max Seat #6 is the button
Seat 3: Ag3r0n ($79.64 in chips)
Seat 6: poyyyy ($80.10 in chips)
poyyyy: posts small blind $1
Ag3r0n: posts big blind $3
*** HOLE CARDS ***
poyyyy: folds
Uncalled bet ($2) returned to Ag3r0n
Ag3r0n collected $2 from pot
*** SUMMARY ***
Total pot $2 | Rake $0
Seat 3: Ag3r0n (big blind) collected ($2)
Seat 6: poyyyy (button) (small blind) folded before Flop


PokerStars Hand #160474059665:  Hold'em Limit ($3/$6 USD) - 2016/10/26 14:37:11 ET
Table 'Kokkola' 6-max Seat #3 is the button
Seat 3: Ag3r0n ($80.64 in chips)
Seat 6: poyyyy ($79.10 in chips)
Ag3r0n: posts small blind $1
poyyyy: posts big blind $3
*** HOLE CARDS ***
Ag3r0n: raises $3 to $6
poyyyy: calls $3
*** FLOP *** [Ad 3d Qd]
poyyyy: checks
Ag3r0n: bets $3
poyyyy: folds
Uncalled bet ($3) returned to Ag3r0n
Ag3r0n collected $11.76 from pot
*** SUMMARY ***
Total pot $12 | Rake $0.24
Board [Ad 3d Qd]
Seat 3: Ag3r0n (button) (small blind) collected ($11.76)
Seat 6: poyyyy (big blind) folded on the Flop


PokerStars Hand #160474071325:  Hold'em Limit ($3/$6 USD) - 2016/10/26 14:37:23 ET
Table 'Kokkola' 6-max Seat #6 is the button
Seat 3: Ag3r0n ($86.40 in chips)
Seat 6: poyyyy ($73.10 in chips)
poyyyy: posts small blind $1
Ag3r0n: posts big blind $3
*** HOLE CARDS ***
poyyyy: raises $3 to $6
Ag3r0n: raises $3 to $9
poyyyy: calls $3
*** FLOP *** [Td 6h 3h]
Ag3r0n: bets $3
poyyyy: calls $3
*** TURN *** [Td 6h 3h] [5h]
vestimokrec joins the table at seat #1
Ag3r0n: bets $6
poyyyy: calls $6
*** RIVER *** [Td 6h 3h 5h] [2d]
Ag3r0n: bets $6
poyyyy: raises $6 to $12
Ag3r0n: calls $6
*** SHOW DOWN ***
poyyyy: shows [4d 8d] (a straight, Deuce to Six)
Ag3r0n: mucks hand
poyyyy collected $59.50 from pot
*** SUMMARY ***
Total pot $60 | Rake $0.50
Board [Td 6h 3h 5h 2d]
Seat 3: Ag3r0n (big blind) mucked
Seat 6: poyyyy (button) (small blind) showed [4d 8d] and won ($59.50) with a straight, Deuce to Six


PokerStars Hand #160474098699:  Hold'em Limit ($3/$6 USD) - 2016/10/26 14:37:56 ET
Table 'Kokkola' 6-max Seat #3 is the button
Seat 3: Ag3r0n ($72 in chips)
Seat 6: poyyyy ($102.60 in chips)
Ag3r0n: posts small blind $1
poyyyy: posts big blind $3
*** HOLE CARDS ***
Ag3r0n: folds
Uncalled bet ($2) returned to poyyyy
poyyyy collected $2 from pot
poyyyy: doesn't show hand
*** SUMMARY ***
Total pot $2 | Rake $0
Seat 3: Ag3r0n (button) (small blind) folded before Flop
Seat 6: poyyyy (big blind) collected ($2)


PokerStars Hand #160475667383:  Hold'em Limit ($3/$6 USD) - 2016/10/26 15:09:31 ET
Table 'Kokkola' 6-max Seat #4 is the button
Seat 3: Ag3r0n ($86.19 in chips)
Seat 4: DECAlpha ($77.80 in chips)
DECAlpha: posts small blind $1
Zubasa07: is sitting out
vestimokrec: is sitting out
Ag3r0n: posts big blind $3
*** HOLE CARDS ***
Zubasa07 leaves the table
vestimokrec leaves the table
DECAlpha: folds
Uncalled bet ($2) returned to Ag3r0n
Ag3r0n collected $2 from pot
*** SUMMARY ***
Total pot $2 | Rake $0
Seat 3: Ag3r0n (big blind) collected ($2)
Seat 4: DECAlpha (button) (small blind) folded before Flop


PokerStars Hand #160475694716:  Hold'em Limit ($3/$6 USD) - 2016/10/26 15:10:02 ET
Table 'Kokkola' 6-max Seat #3 is the button
Seat 3: Ag3r0n ($87.19 in chips)
Seat 4: DECAlpha ($76.80 in chips)
Ag3r0n: posts small blind $1
DECAlpha: posts big blind $3
*** HOLE CARDS ***
Ag3r0n: raises $3 to $6
DECAlpha: calls $3
*** FLOP *** [3c As 9s]
DECAlpha: checks
Ag3r0n: bets $3
DECAlpha: folds
Uncalled bet ($3) returned to Ag3r0n
Ag3r0n collected $11.76 from pot
*** SUMMARY ***
Total pot $12 | Rake $0.24
Board [3c As 9s]
Seat 3: Ag3r0n (button) (small blind) collected ($11.76)
Seat 4: DECAlpha (big blind) folded on the Flop


PokerStars Hand #160475709170:  Hold'em Limit ($3/$6 USD) - 2016/10/26 15:10:18 ET
Table 'Kokkola' 6-max Seat #4 is the button
Seat 3: Ag3r0n ($92.95 in chips)
Seat 4: DECAlpha ($70.80 in chips)
DECAlpha: posts small blind $1
Ag3r0n: posts big blind $3
*** HOLE CARDS ***
DECAlpha: raises $3 to $6
Ag3r0n: calls $3
*** FLOP *** [7d 4d 9d]
Ag3r0n: checks
DECAlpha: bets $3
Ag3r0n: calls $3
*** TURN *** [7d 4d 9d] [8h]
Ag3r0n: checks
DECAlpha: bets $6
Ag3r0n: calls $6
*** RIVER *** [7d 4d 9d 8h] [As]
Ag3r0n: checks
DECAlpha: checks
*** SHOW DOWN ***
Ag3r0n: shows [Jd 6h] (high card Ace)
DECAlpha: shows [Ts 9c] (a pair of Nines)
DECAlpha collected $29.50 from pot
*** SUMMARY ***
Total pot $30 | Rake $0.50
Board [7d 4d 9d 8h As]
Seat 3: Ag3r0n (big blind) showed [Jd 6h] and lost with high card Ace
Seat 4: DECAlpha (button) (small blind) showed [Ts 9c] and won ($29.50) with a pair of Nines


PokerStars Hand #160475724423:  Hold'em Limit ($3/$6 USD) - 2016/10/26 15:10:36 ET
Table 'Kokkola' 6-max Seat #3 is the button
Seat 3: Ag3r0n ($77.95 in chips)
Seat 4: DECAlpha ($85.30 in chips)
Ag3r0n: posts small blind $1
DECAlpha: posts big blind $3
*** HOLE CARDS ***
Ag3r0n: folds
Uncalled bet ($2) returned to DECAlpha
DECAlpha collected $2 from pot
DECAlpha: doesn't show hand
*** SUMMARY ***
Total pot $2 | Rake $0
Seat 3: Ag3r0n (button) (small blind) folded before Flop
Seat 4: DECAlpha (big blind) collected ($2)


PokerStars Hand #160475728583:  Hold'em Limit ($3/$6 USD) - 2016/10/26 15:10:40 ET
Table 'Kokkola' 6-max Seat #4 is the button
Seat 3: Ag3r0n ($76.95 in chips)
Seat 4: DECAlpha ($86.30 in chips)
DECAlpha: posts small blind $1
Ag3r0n: posts big blind $3
*** HOLE CARDS ***
DECAlpha: raises $3 to $6
Ag3r0n: calls $3
*** FLOP *** [Ac 3d 6c]
Ag3r0n: checks
DECAlpha: bets $3
Ag3r0n: raises $3 to $6
DECAlpha: calls $3
*** TURN *** [Ac 3d 6c] [4h]
Ag3r0n: bets $6
DECAlpha: calls $6
*** RIVER *** [Ac 3d 6c 4h] [9s]
Ag3r0n: checks
DECAlpha: checks
*** SHOW DOWN ***
Ag3r0n: shows [7s 4s] (a pair of Fours)
DECAlpha: mucks hand
Ag3r0n collected $35.50 from pot
*** SUMMARY ***
Total pot $36 | Rake $0.50
Board [Ac 3d 6c 4h 9s]
Seat 3: Ag3r0n (big blind) showed [7s 4s] and won ($35.50) with a pair of Fours
Seat 4: DECAlpha (button) (small blind) mucked


PokerStars Hand #160475744965:  Hold'em Limit ($3/$6 USD) - 2016/10/26 15:10:59 ET
Table 'Kokkola' 6-max Seat #3 is the button
Seat 3: Ag3r0n ($94.45 in chips)
Seat 4: DECAlpha ($68.30 in chips)
Ag3r0n: posts small blind $1
DECAlpha: posts big blind $3
*** HOLE CARDS ***
Ag3r0n: raises $3 to $6
DECAlpha: raises $3 to $9
Ag3r0n: calls $3
*** FLOP *** [6s 6d 7h]
DECAlpha: bets $3
Ag3r0n: calls $3
*** TURN *** [6s 6d 7h] [9c]
DECAlpha: bets $6
Ag3r0n: folds
Uncalled bet ($6) returned to DECAlpha
DECAlpha collected $23.52 from pot
DECAlpha: doesn't show hand
*** SUMMARY ***
Total pot $24 | Rake $0.48
Board [6s 6d 7h 9c]
Seat 3: Ag3r0n (button) (small blind) folded on the Turn
Seat 4: DECAlpha (big blind) collected ($23.52)


PokerStars Hand #160475757766:  Hold'em Limit ($3/$6 USD) - 2016/10/26 15:11:14 ET
Table 'Kokkola' 6-max Seat #4 is the button
Seat 3: Ag3r0n ($82.45 in chips)
Seat 4: DECAlpha ($79.82 in chips)
DECAlpha: posts small blind $1
Ag3r0n: posts big blind $3
*** HOLE CARDS ***
DECAlpha: calls $2
Ag3r0n: checks
*** FLOP *** [9s 7d 4c]
Ag3r0n: checks
DECAlpha: bets $3
Ag3r0n: folds
Uncalled bet ($3) returned to DECAlpha
DECAlpha collected $5.88 from pot
DECAlpha: doesn't show hand
*** SUMMARY ***
Total pot $6 | Rake $0.12
Board [9s 7d 4c]
Seat 3: Ag3r0n (big blind) folded on the Flop
Seat 4: DECAlpha (button) (small blind) collected ($5.88)


PokerStars Hand #160475770154:  Hold'em Limit ($3/$6 USD) - 2016/10/26 15:11:28 ET
Table 'Kokkola' 6-max Seat #4 is the button
Seat 3: Ag3r0n ($82.45 in chips)
Seat 4: DECAlpha ($79.70 in chips)
DECAlpha: posts small blind $1
Ag3r0n: posts big blind $3
*** HOLE CARDS ***
DECAlpha: folds
Uncalled bet ($2) returned to Ag3r0n
HAOYUN88888 joins the table at seat #6
Ag3r0n collected $2 from pot
*** SUMMARY ***
Total pot $2 | Rake $0
Seat 3: Ag3r0n (big blind) collected ($2)
Seat 4: DECAlpha (button) (small blind) folded before Flop


PokerStars Hand #160475765743:  Hold'em Limit ($3/$6 USD) - 2016/10/26 15:11:23 ET
Table 'Kokkola' 6-max Seat #3 is the button
Seat 3: Ag3r0n ($79.45 in chips)
Seat 4: DECAlpha ($82.70 in chips)
Ag3r0n: posts small blind $1
DECAlpha: posts big blind $3
*** HOLE CARDS ***
Ag3r0n: raises $3 to $6
DECAlpha: folds
Uncalled bet ($3) returned to Ag3r0n
Ag3r0n collected $6 from pot
*** SUMMARY ***
Total pot $6 | Rake $0
Seat 3: Ag3r0n (button) (small blind) collected ($6)
Seat 4: DECAlpha (big blind) folded before Flop


PokerStars Hand #160475773879:  Hold'em Limit ($3/$6 USD) - 2016/10/26 15:11:32 ET
Table 'Kokkola' 6-max Seat #3 is the button
Seat 3: Ag3r0n ($83.45 in chips)
Seat 4: DECAlpha ($78.70 in chips)
Ag3r0n: posts small blind $1
DECAlpha: posts big blind $3
*** HOLE CARDS ***
Ag3r0n: raises $3 to $6
DECAlpha: raises $3 to $9
Ag3r0n: calls $3
*** FLOP *** [9c 7d Jc]
DECAlpha: bets $3
Ag3r0n: calls $3
*** TURN *** [9c 7d Jc] [4h]
DECAlpha: bets $6
Ag3r0n: calls $6
*** RIVER *** [9c 7d Jc 4h] [Ks]
DECAlpha: bets $6
Ag3r0n: folds
Uncalled bet ($6) returned to DECAlpha
DECAlpha collected $35.50 from pot
DECAlpha: doesn't show hand
*** SUMMARY ***
Total pot $36 | Rake $0.50
Board [9c 7d Jc 4h Ks]
Seat 3: Ag3r0n (button) (small blind) folded on the River
Seat 4: DECAlpha (big blind) collected ($35.50)


PokerStars Hand #160478296383:  Hold'em Limit ($3/$6 USD) - 2016/10/26 15:57:38 ET
Table 'Kokkola' 6-max Seat #3 is the button
Seat 3: Ag3r0n ($233.37 in chips)
Seat 4: DECAlpha ($43.50 in chips)
Ag3r0n: posts small blind $1
DECAlpha: posts big blind $3
*** HOLE CARDS ***
Ag3r0n: raises $3 to $6
DECAlpha: calls $3
*** FLOP *** [2d Kd 4d]
DECAlpha: checks
Ag3r0n: bets $3
DECAlpha: folds
Uncalled bet ($3) returned to Ag3r0n
Ag3r0n collected $11.76 from pot
*** SUMMARY ***
Total pot $12 | Rake $0.24
Board [2d Kd 4d]
Seat 3: Ag3r0n (button) (small blind) collected ($11.76)
Seat 4: DECAlpha (big blind) folded on the Flop


PokerStars Hand #160478293553:  Hold'em Limit ($3/$6 USD) - 2016/10/26 15:57:34 ET
Table 'Kokkola' 6-max Seat #4 is the button
Seat 3: Ag3r0n ($232.37 in chips)
Seat 4: DECAlpha ($44.50 in chips)
DECAlpha: posts small blind $1
Ag3r0n: posts big blind $3
*** HOLE CARDS ***
DECAlpha: folds
Uncalled bet ($2) returned to Ag3r0n
Ag3r0n collected $2 from pot
*** SUMMARY ***
Total pot $2 | Rake $0
Seat 3: Ag3r0n (big blind) collected ($2)
Seat 4: DECAlpha (button) (small blind) folded before Flop


PokerStars Hand #160478346094:  Hold'em Limit ($3/$6 USD) - 2016/10/26 15:58:48 ET
Table 'Kokkola' 6-max Seat #4 is the button
Seat 3: Ag3r0n ($223.63 in chips)
Seat 4: DECAlpha ($51.50 in chips)
DECAlpha: posts small blind $1
Ag3r0n: posts big blind $3
*** HOLE CARDS ***
DECAlpha: raises $3 to $6
Ag3r0n: folds
Uncalled bet ($3) returned to DECAlpha
DECAlpha collected $6 from pot
DECAlpha: doesn't show hand
*** SUMMARY ***
Total pot $6 | Rake $0
Seat 3: Ag3r0n (big blind) folded before Flop
Seat 4: DECAlpha (button) (small blind) collected ($6)


PokerStars Hand #160478316314:  Hold'em Limit ($3/$6 USD) - 2016/10/26 15:58:07 ET
Table 'Kokkola' 6-max Seat #3 is the button
Seat 3: Ag3r0n ($224.13 in chips)
Seat 4: DECAlpha ($52 in chips)
Ag3r0n: posts small blind $1
DECAlpha: posts big blind $3
*** HOLE CARDS ***
Ag3r0n: raises $3 to $6
DECAlpha: calls $3
*** FLOP *** [3c 2c 5h]
DECAlpha: checks
Ag3r0n: bets $3
DECAlpha: raises $3 to $6
Ag3r0n: calls $3
*** TURN *** [3c 2c 5h] [Td]
DECAlpha: checks
Ag3r0n: bets $6
DECAlpha: calls $6
*** RIVER *** [3c 2c 5h Td] [7s]
DECAlpha: checks
Ag3r0n: checks
*** SHOW DOWN ***
DECAlpha: shows [Jc 4d] (high card Jack)
Ag3r0n: shows [2s Qh] (a pair of Deuces)
Ag3r0n collected $35.50 from pot
*** SUMMARY ***
Total pot $36 | Rake $0.50
Board [3c 2c 5h Td 7s]
Seat 3: Ag3r0n (button) (small blind) showed [2s Qh] and won ($35.50) with a pair of Deuces
Seat 4: DECAlpha (big blind) showed [Jc 4d] and lost with high card Jack


PokerStars Hand #160478328791:  Hold'em Limit ($3/$6 USD) - 2016/10/26 15:58:24 ET
Table 'Kokkola' 6-max Seat #4 is the button
Seat 3: Ag3r0n ($241.63 in chips)
Seat 4: DECAlpha ($34 in chips)
DECAlpha: posts small blind $1
Zubasa07 was removed from the table for failing to post
ih06764 was removed from the table for failing to post
Ag3r0n: posts big blind $3
*** HOLE CARDS ***
DECAlpha: raises $3 to $6
Ag3r0n: folds
Uncalled bet ($3) returned to DECAlpha
DECAlpha collected $6 from pot
DECAlpha: doesn't show hand
*** SUMMARY ***
Total pot $6 | Rake $0
Seat 3: Ag3r0n (big blind) folded before Flop
Seat 4: DECAlpha (button) (small blind) collected ($6)


PokerStars Hand #160478332808:  Hold'em Limit ($3/$6 USD) - 2016/10/26 15:58:30 ET
Table 'Kokkola' 6-max Seat #3 is the button
Seat 3: Ag3r0n ($238.63 in chips)
Seat 4: DECAlpha ($37 in chips)
vestimokrec leaves the table
Ag3r0n: posts small blind $1
DECAlpha: posts big blind $3
*** HOLE CARDS ***
Chessnok joins the table at seat #6
Chessnok leaves the table
Ag3r0n: raises $3 to $6
DECAlpha: calls $3
*** FLOP *** [Jd 7s 5h]
DECAlpha: checks
Ag3r0n: bets $3
DECAlpha: calls $3
*** TURN *** [Jd 7s 5h] [2c]
DECAlpha: checks
Ag3r0n: bets $6
DECAlpha: raises $6 to $12
Ag3r0n: folds
Uncalled bet ($6) returned to DECAlpha
DECAlpha collected $29.50 from pot
DECAlpha: doesn't show hand
*** SUMMARY ***
Total pot $30 | Rake $0.50
Board [Jd 7s 5h 2c]
Seat 3: Ag3r0n (button) (small blind) folded on the Turn
Seat 4: DECAlpha (big blind) collected ($29.50)


PokerStars Hand #160478350323:  Hold'em Limit ($3/$6 USD) - 2016/10/26 15:58:54 ET
Table 'Kokkola' 6-max Seat #3 is the button
Seat 3: Ag3r0n ($220.63 in chips)
Seat 4: DECAlpha ($54.50 in chips)
Ag3r0n: posts small blind $1
DECAlpha: posts big blind $3
*** HOLE CARDS ***
Ag3r0n: raises $3 to $6
DECAlpha: raises $3 to $9
Ag3r0n: calls $3
*** FLOP *** [Js 2s 4d]
DECAlpha: bets $3
Ag3r0n: calls $3
*** TURN *** [Js 2s 4d] [3d]
DECAlpha: bets $6
Ag3r0n: calls $6
*** RIVER *** [Js 2s 4d 3d] [Th]
DECAlpha: checks
Ag3r0n: checks
*** SHOW DOWN ***
DECAlpha: shows [Qc Kd] (high card King)
Ag3r0n: shows [Qd 2d] (a pair of Deuces)
Ag3r0n collected $35.50 from pot
*** SUMMARY ***
Total pot $36 | Rake $0.50
Board [Js 2s 4d 3d Th]
Seat 3: Ag3r0n (button) (small blind) showed [Qd 2d] and won ($35.50) with a pair of Deuces
Seat 4: DECAlpha (big blind) showed [Qc Kd] and lost with high card King


PokerStars Hand #160478371696:  Hold'em Limit ($3/$6 USD) - 2016/10/26 15:59:25 ET
Table 'Kokkola' 6-max Seat #3 is the button
Seat 3: Ag3r0n ($226.13 in chips)
Seat 4: DECAlpha ($48.02 in chips)
Ag3r0n: posts small blind $1
DECAlpha: posts big blind $3
*** HOLE CARDS ***
Ag3r0n: folds
Uncalled bet ($2) returned to DECAlpha
DECAlpha collected $2 from pot
DECAlpha: doesn't show hand
*** SUMMARY ***
Total pot $2 | Rake $0
Seat 3: Ag3r0n (button) (small blind) folded before Flop
Seat 4: DECAlpha (big blind) collected ($2)


PokerStars Hand #160478363048:  Hold'em Limit ($3/$6 USD) - 2016/10/26 15:59:12 ET
Table 'Kokkola' 6-max Seat #4 is the button
Seat 3: Ag3r0n ($238.13 in chips)
Seat 4: DECAlpha ($36.50 in chips)
DECAlpha: posts small blind $1
Ag3r0n: posts big blind $3
*** HOLE CARDS ***
DECAlpha: raises $3 to $6
Ag3r0n: raises $3 to $9
DECAlpha: raises $3 to $12
Betting is capped
Ag3r0n: calls $3
*** FLOP *** [Th 3h 3d]
Ag3r0n: checks
DECAlpha: bets $3
Ag3r0n: folds
Uncalled bet ($3) returned to DECAlpha
DECAlpha collected $23.52 from pot
DECAlpha: doesn't show hand
*** SUMMARY ***
Total pot $24 | Rake $0.48
Board [Th 3h 3d]
Seat 3: Ag3r0n (big blind) folded on the Flop
Seat 4: DECAlpha (button) (small blind) collected ($23.52)


