PokerStars Hand #174030570233:  Hold'em Limit ($3/$6 USD) - 2017/08/07 8:44:38 ET
Table 'Kokkola' 6-max Seat #3 is the button
Seat 3: Fetish73 ($84 in chips)
Seat 4: zimin10 ($72 in chips)
Fetish73 is disconnected
Fetish73 is connected
Fetish73: posts small blind $1
zimin10: posts big blind $3
*** HOLE CARDS ***
GoliafUa leaves the table
Fetish73: folds
Uncalled bet ($2) returned to zimin10
zimin10 collected $2 from pot
*** SUMMARY ***
Total pot $2 | Rake $0
Seat 3: Fetish73 (button) (small blind) folded before Flop
Seat 4: zimin10 (big blind) collected ($2)


PokerStars Hand #174030578801:  Hold'em Limit ($3/$6 USD) - 2017/08/07 8:44:56 ET
Table 'Kokkola' 6-max Seat #4 is the button
Seat 3: Fetish73 ($83 in chips)
Seat 4: zimin10 ($73 in chips)
zimin10: posts small blind $1
Fetish73: posts big blind $3
*** HOLE CARDS ***
zimin10: raises $3 to $6
Fetish73: calls $3
*** FLOP *** [Th Ac Jh]
Fetish73: checks
zimin10: bets $3
Fetish73: raises $3 to $6
zimin10: calls $3
*** TURN *** [Th Ac Jh] [2d]
Fetish73: bets $6
zimin10: folds
Uncalled bet ($6) returned to Fetish73
Fetish73 collected $23.52 from pot
*** SUMMARY ***
Total pot $24 | Rake $0.48
Board [Th Ac Jh 2d]
Seat 3: Fetish73 (big blind) collected ($23.52)
Seat 4: zimin10 (button) (small blind) folded on the Turn


PokerStars Hand #174030590081:  Hold'em Limit ($3/$6 USD) - 2017/08/07 8:45:20 ET
Table 'Kokkola' 6-max Seat #4 is the button
Seat 3: Fetish73 ($97.52 in chips)
Seat 4: zimin10 ($72 in chips)
zimin10: posts small blind $1
Fetish73: posts big blind $3
*** HOLE CARDS ***
zimin10: raises $3 to $6
Fetish73: folds
Uncalled bet ($3) returned to zimin10
zimin10 collected $6 from pot
*** SUMMARY ***
Total pot $6 | Rake $0
Seat 3: Fetish73 (big blind) folded before Flop
Seat 4: zimin10 (button) (small blind) collected ($6)


PokerStars Hand #174030585990:  Hold'em Limit ($3/$6 USD) - 2017/08/07 8:45:11 ET
Table 'Kokkola' 6-max Seat #3 is the button
Seat 3: Fetish73 ($94.52 in chips)
Seat 4: zimin10 ($72 in chips)
Fetish73: posts small blind $1
zimin10: posts big blind $3
*** HOLE CARDS ***
Fetish73: raises $3 to $6
zimin10: folds
Uncalled bet ($3) returned to Fetish73
Fetish73 collected $6 from pot
*** SUMMARY ***
Total pot $6 | Rake $0
Seat 3: Fetish73 (button) (small blind) collected ($6)
Seat 4: zimin10 (big blind) folded before Flop


PokerStars Hand #174030595560:  Hold'em Limit ($3/$6 USD) - 2017/08/07 8:45:32 ET
Table 'Kokkola' 6-max Seat #4 is the button
Seat 3: Fetish73 ($93.52 in chips)
Seat 4: zimin10 ($76 in chips)
zimin10: posts small blind $1
Fetish73: posts big blind $3
*** HOLE CARDS ***
zimin10: raises $3 to $6
Fetish73: calls $3
*** FLOP *** [Jd 9d 9c]
Fetish73: checks
zimin10: bets $3
Fetish73: folds
Uncalled bet ($3) returned to zimin10
zimin10 collected $11.76 from pot
*** SUMMARY ***
Total pot $12 | Rake $0.24
Board [Jd 9d 9c]
Seat 3: Fetish73 (big blind) folded on the Flop
Seat 4: zimin10 (button) (small blind) collected ($11.76)


PokerStars Hand #174030629366:  Hold'em Limit ($3/$6 USD) - 2017/08/07 8:46:44 ET
Table 'Kokkola' 6-max Seat #4 is the button
Seat 3: Fetish73 ($104.02 in chips)
Seat 4: zimin10 ($72 in chips)
zimin10: posts small blind $1
Fetish73: posts big blind $3
*** HOLE CARDS ***
zimin10: raises $3 to $6
Fetish73: folds
Uncalled bet ($3) returned to zimin10
zimin10 collected $6 from pot
*** SUMMARY ***
Total pot $6 | Rake $0
Seat 3: Fetish73 (big blind) folded before Flop
Seat 4: zimin10 (button) (small blind) collected ($6)


PokerStars Hand #174030634739:  Hold'em Limit ($3/$6 USD) - 2017/08/07 8:46:56 ET
Table 'Kokkola' 6-max Seat #4 is the button
Seat 3: Fetish73 ($100.02 in chips)
Seat 4: zimin10 ($76 in chips)
zimin10: posts small blind $1
Fetish73: posts big blind $3
*** HOLE CARDS ***
zimin10: raises $3 to $6
Fetish73: folds
Uncalled bet ($3) returned to zimin10
zimin10 collected $6 from pot
*** SUMMARY ***
Total pot $6 | Rake $0
Seat 3: Fetish73 (big blind) folded before Flop
Seat 4: zimin10 (button) (small blind) collected ($6)


PokerStars Hand #174030621565:  Hold'em Limit ($3/$6 USD) - 2017/08/07 8:46:27 ET
Table 'Kokkola' 6-max Seat #3 is the button
Seat 3: Fetish73 ($80.52 in chips)
Seat 4: zimin10 ($88.52 in chips)
Fetish73: posts small blind $1
zimin10: posts big blind $3
*** HOLE CARDS ***
Fetish73: raises $3 to $6
zimin10: raises $3 to $9
Fetish73: calls $3
*** FLOP *** [2s 9d Jc]
zimin10: bets $3
Fetish73: calls $3
*** TURN *** [2s 9d Jc] [Td]
zimin10: bets $6
Fetish73: calls $6
*** RIVER *** [2s 9d Jc Td] [8s]
zimin10: bets $6
Fetish73: calls $6
*** SHOW DOWN ***
zimin10: shows [8h Th] (two pair, Tens and Eights)
Fetish73: shows [7c Ac] (a straight, Seven to Jack)
Fetish73 collected $47.50 from pot
*** SUMMARY ***
Total pot $48 | Rake $0.50
Board [2s 9d Jc Td 8s]
Seat 3: Fetish73 (button) (small blind) showed [7c Ac] and won ($47.50) with a straight, Seven to Jack
Seat 4: zimin10 (big blind) showed [8h Th] and lost with two pair, Tens and Eights


PokerStars Hand #174030608509:  Hold'em Limit ($3/$6 USD) - 2017/08/07 8:46:00 ET
Table 'Kokkola' 6-max Seat #4 is the button
Seat 3: Fetish73 ($86.52 in chips)
Seat 4: zimin10 ($82.76 in chips)
zimin10: posts small blind $1
Fetish73: posts big blind $3
*** HOLE CARDS ***
zimin10: raises $3 to $6
Fetish73: calls $3
*** FLOP *** [8h 8d Jh]
Fetish73: checks
zimin10: bets $3
Fetish73: folds
Uncalled bet ($3) returned to zimin10
zimin10 collected $11.76 from pot
*** SUMMARY ***
Total pot $12 | Rake $0.24
Board [8h 8d Jh]
Seat 3: Fetish73 (big blind) folded on the Flop
Seat 4: zimin10 (button) (small blind) collected ($11.76)


PokerStars Hand #174030632308:  Hold'em Limit ($3/$6 USD) - 2017/08/07 8:46:50 ET
Table 'Kokkola' 6-max Seat #3 is the button
Seat 3: Fetish73 ($101.02 in chips)
Seat 4: zimin10 ($75 in chips)
Fetish73: posts small blind $1
zimin10: posts big blind $3
*** HOLE CARDS ***
Fetish73: folds
Uncalled bet ($2) returned to zimin10
zimin10 collected $2 from pot
*** SUMMARY ***
Total pot $2 | Rake $0
Seat 3: Fetish73 (button) (small blind) folded before Flop
Seat 4: zimin10 (big blind) collected ($2)


PokerStars Hand #174030638760:  Hold'em Limit ($3/$6 USD) - 2017/08/07 8:47:04 ET
Table 'Kokkola' 6-max Seat #3 is the button
Seat 3: Fetish73 ($97.02 in chips)
Seat 4: zimin10 ($79 in chips)
Fetish73: posts small blind $1
zimin10: posts big blind $3
*** HOLE CARDS ***
Fetish73: raises $3 to $6
bee50402 joins the table at seat #2
zimin10: folds
Uncalled bet ($3) returned to Fetish73
Fetish73 collected $6 from pot
*** SUMMARY ***
Total pot $6 | Rake $0
Seat 3: Fetish73 (button) (small blind) collected ($6)
Seat 4: zimin10 (big blind) folded before Flop


PokerStars Hand #174032140092:  Hold'em Limit ($3/$6 USD) - 2017/08/07 9:38:34 ET
Table 'Kokkola' 6-max Seat #6 is the button
Seat 5: harrydonkey ($89.23 in chips)
Seat 6: javel ($203.09 in chips)
javel: posts small blind $1
fleabaggs: is sitting out
harrydonkey: posts big blind $3
*** HOLE CARDS ***
fleabaggs leaves the table
javel: folds
Uncalled bet ($2) returned to harrydonkey
harrydonkey collected $2 from pot
harrydonkey: doesn't show hand
*** SUMMARY ***
Total pot $2 | Rake $0
Seat 5: harrydonkey (big blind) collected ($2)
Seat 6: javel (button) (small blind) folded before Flop


