PokerStars Hand #159352026896:  Hold'em Limit ($3/$6 USD) - 2016/10/01 19:05:18 ET
Table 'Kolga' 6-max Seat #1 is the button
Seat 1: LWNS ($91.50 in chips)
Seat 2: rascal_319 ($107.52 in chips)
LWNS: posts small blind $1
rascal_319: posts big blind $3
*** HOLE CARDS ***
LWNS: folds
Uncalled bet ($2) returned to rascal_319
rascal_319 collected $2 from pot
StormToTo joins the table at seat #6
*** SUMMARY ***
Total pot $2 | Rake $0
Seat 1: LWNS (button) (small blind) folded before Flop
Seat 2: rascal_319 (big blind) collected ($2)


PokerStars Hand #159352007540:  Hold'em Limit ($3/$6 USD) - 2016/10/01 19:04:47 ET
Table 'Kolga' 6-max Seat #1 is the button
Seat 1: LWNS ($80 in chips)
Seat 2: rascal_319 ($120 in chips)
LWNS: posts small blind $1
rascal_319: posts big blind $3
*** HOLE CARDS ***
LWNS: raises $3 to $6
rascal_319: calls $3
*** FLOP *** [Qc 4s Kh]
rascal_319: checks
LWNS: bets $3
rascal_319: raises $3 to $6
LWNS: calls $3
*** TURN *** [Qc 4s Kh] [3c]
rascal_319: bets $6
LWNS: folds
Uncalled bet ($6) returned to rascal_319
rascal_319 collected $23.52 from pot
*** SUMMARY ***
Total pot $24 | Rake $0.48
Board [Qc 4s Kh 3c]
Seat 1: LWNS (button) (small blind) folded on the Turn
Seat 2: rascal_319 (big blind) collected ($23.52)


PokerStars Hand #159352016560:  Hold'em Limit ($3/$6 USD) - 2016/10/01 19:05:02 ET
Table 'Kolga' 6-max Seat #2 is the button
Seat 1: LWNS ($68 in chips)
Seat 2: rascal_319 ($131.52 in chips)
rascal_319: posts small blind $1
LWNS: posts big blind $3
*** HOLE CARDS ***
rascal_319: raises $3 to $6
LWNS: calls $3
*** FLOP *** [2c 4c Qh]
LWNS: checks
rascal_319: bets $3
LWNS: raises $3 to $6
rascal_319: calls $3
*** TURN *** [2c 4c Qh] [Qs]
LWNS: bets $6
rascal_319: calls $6
*** RIVER *** [2c 4c Qh Qs] [Ks]
LWNS: bets $6
rascal_319: calls $6
*** SHOW DOWN ***
LWNS: shows [9h Qc] (three of a kind, Queens)
rascal_319: mucks hand
LWNS collected $47.50 from pot
*** SUMMARY ***
Total pot $48 | Rake $0.50
Board [2c 4c Qh Qs Ks]
Seat 1: LWNS (big blind) showed [9h Qc] and won ($47.50) with three of a kind, Queens
Seat 2: rascal_319 (button) (small blind) mucked


PokerStars Hand #159352093571:  Hold'em Limit ($3/$6 USD) - 2016/10/01 19:07:08 ET
Table 'Kolga' 6-max Seat #6 is the button
Seat 2: rascal_319 ($100.52 in chips)
Seat 6: StormToTo ($168.43 in chips)
LolDnkaments will be allowed to play after the button
StormToTo: posts small blind $1
LWNS: is sitting out
rascal_319: posts big blind $3
*** HOLE CARDS ***
StormToTo: folds
Uncalled bet ($2) returned to rascal_319
LWNS leaves the table
rascal_319 collected $2 from pot
*** SUMMARY ***
Total pot $2 | Rake $0
Seat 2: rascal_319 (big blind) collected ($2)
Seat 6: StormToTo (button) (small blind) folded before Flop


