PokerStars Hand #145093620353:  Hold'em Limit ($3/$6 USD) - 2015/12/09 16:57:49 ET
Table 'Kolga' 6-max Seat #4 is the button
Seat 3: tomhradil112 ($58.76 in chips)
Seat 4: AzureCaper ($78.76 in chips)
AzureCaper: posts small blind $1
tomhradil112: posts big blind $3
*** HOLE CARDS ***
AzureCaper: raises $3 to $6
tomhradil112: raises $3 to $9
AzureCaper: calls $3
*** FLOP *** [9d Ks 2c]
tomhradil112: bets $3
AzureCaper: folds
Uncalled bet ($3) returned to tomhradil112
tomhradil112 collected $17.64 from pot
*** SUMMARY ***
Total pot $18 | Rake $0.36
Board [9d Ks 2c]
Seat 3: tomhradil112 (big blind) collected ($17.64)
Seat 4: AzureCaper (button) (small blind) folded on the Flop


PokerStars Hand #145093616959:  Hold'em Limit ($3/$6 USD) - 2015/12/09 16:57:45 ET
Table 'Kolga' 6-max Seat #3 is the button
Seat 3: tomhradil112 ($59.76 in chips)
Seat 4: AzureCaper ($77.76 in chips)
tomhradil112: posts small blind $1
AzureCaper: posts big blind $3
*** HOLE CARDS ***
tomhradil112: folds
Uncalled bet ($2) returned to AzureCaper
AzureCaper collected $2 from pot
AzureCaper: doesn't show hand
*** SUMMARY ***
Total pot $2 | Rake $0
Seat 3: tomhradil112 (button) (small blind) folded before Flop
Seat 4: AzureCaper (big blind) collected ($2)


PokerStars Hand #145093609678:  Hold'em Limit ($3/$6 USD) - 2015/12/09 16:57:35 ET
Table 'Kolga' 6-max Seat #4 is the button
Seat 3: tomhradil112 ($65.76 in chips)
Seat 4: AzureCaper ($72 in chips)
AzureCaper: posts small blind $1
tomhradil112: posts big blind $3
*** HOLE CARDS ***
AzureCaper: raises $3 to $6
tomhradil112: calls $3
*** FLOP *** [Ah 6c Kd]
tomhradil112: checks
AzureCaper: bets $3
tomhradil112: folds
Uncalled bet ($3) returned to AzureCaper
AzureCaper collected $11.76 from pot
AzureCaper: doesn't show hand
*** SUMMARY ***
Total pot $12 | Rake $0.24
Board [Ah 6c Kd]
Seat 3: tomhradil112 (big blind) folded on the Flop
Seat 4: AzureCaper (button) (small blind) collected ($11.76)


PokerStars Hand #145094125409:  Hold'em Limit ($3/$6 USD) - 2015/12/09 17:07:29 ET
Table 'Kolga' 6-max Seat #1 is the button
Seat 1: Yip Kai-Man ($112.47 in chips)
Seat 4: AzureCaper ($72 in chips)
Yip Kai-Man: posts small blind $1
gurkenfred: is sitting out
AzureCaper: posts big blind $3
*** HOLE CARDS ***
gurkenfred leaves the table
Yip Kai-Man: folds
Uncalled bet ($2) returned to AzureCaper
AzureCaper collected $2 from pot
AzureCaper: doesn't show hand
*** SUMMARY ***
Total pot $2 | Rake $0
Seat 1: Yip Kai-Man (button) (small blind) folded before Flop
Seat 4: AzureCaper (big blind) collected ($2)


