PokerStars Hand #156357535311:  Hold'em Limit ($3/$6 USD) - 2016/07/23 18:18:01 ET
Table 'Kolga' 10-max Seat #10 is the button
Seat 5: simper11 ($146.14 in chips)
Seat 10: 35Front9 ($93 in chips)
35Front9: posts small blind $1
simper11: posts big blind $3
*** HOLE CARDS ***
35Front9: folds
Uncalled bet ($2) returned to simper11
simper11 collected $2 from pot
simper11: doesn't show hand
*** SUMMARY ***
Total pot $2 | Rake $0
Seat 5: simper11 (big blind) collected ($2)
Seat 10: 35Front9 (button) (small blind) folded before Flop


PokerStars Hand #156357524922:  Hold'em Limit ($3/$6 USD) - 2016/07/23 18:17:45 ET
Table 'Kolga' 10-max Seat #5 is the button
Seat 5: simper11 ($137.50 in chips)
Seat 10: 35Front9 ($102 in chips)
simper11: posts small blind $1
35Front9: posts big blind $3
*** HOLE CARDS ***
simper11: raises $3 to $6
35Front9: calls $3
*** FLOP *** [9d Th 2s]
35Front9: checks
simper11: bets $3
35Front9: calls $3
*** TURN *** [9d Th 2s] [2c]
35Front9: checks
simper11: bets $6
35Front9: folds
Uncalled bet ($6) returned to simper11
simper11 collected $17.64 from pot
simper11: doesn't show hand
*** SUMMARY ***
Total pot $18 | Rake $0.36
Board [9d Th 2s 2c]
Seat 5: simper11 (button) (small blind) collected ($17.64)
Seat 10: 35Front9 (big blind) folded on the Turn


PokerStars Hand #156357538755:  Hold'em Limit ($3/$6 USD) - 2016/07/23 18:18:07 ET
Table 'Kolga' 10-max Seat #5 is the button
Seat 5: simper11 ($147.14 in chips)
Seat 10: 35Front9 ($92 in chips)
simper11: posts small blind $1
35Front9: posts big blind $3
*** HOLE CARDS ***
simper11: raises $3 to $6
35Front9: raises $3 to $9
simper11: calls $3
*** FLOP *** [2s 8s 2c]
35Front9: checks
simper11: bets $3
35Front9: calls $3
*** TURN *** [2s 8s 2c] [4d]
35Front9: checks
simper11: bets $6
35Front9: calls $6
*** RIVER *** [2s 8s 2c 4d] [Ks]
35Front9: checks
simper11: checks
*** SHOW DOWN ***
35Front9: shows [Qd Jh] (a pair of Deuces)
simper11: shows [5s 8h] (two pair, Eights and Deuces)
simper11 collected $35.50 from pot
*** SUMMARY ***
Total pot $36 | Rake $0.50
Board [2s 8s 2c 4d Ks]
Seat 5: simper11 (button) (small blind) showed [5s 8h] and won ($35.50) with two pair, Eights and Deuces
Seat 10: 35Front9 (big blind) showed [Qd Jh] and lost with a pair of Deuces


PokerStars Hand #156357566868:  Hold'em Limit ($3/$6 USD) - 2016/07/23 18:18:50 ET
Table 'Kolga' 10-max Seat #5 is the button
Seat 5: simper11 ($191.14 in chips)
Seat 10: 35Front9 ($47 in chips)
simper11: posts small blind $1
35Front9: posts big blind $3
*** HOLE CARDS ***
simper11: raises $3 to $6
35Front9: folds
Uncalled bet ($3) returned to simper11
simper11 collected $6 from pot
simper11: doesn't show hand
*** SUMMARY ***
Total pot $6 | Rake $0
Seat 5: simper11 (button) (small blind) collected ($6)
Seat 10: 35Front9 (big blind) folded before Flop


PokerStars Hand #156357553966:  Hold'em Limit ($3/$6 USD) - 2016/07/23 18:18:30 ET
Table 'Kolga' 10-max Seat #10 is the button
Seat 5: simper11 ($164.64 in chips)
Seat 10: 35Front9 ($74 in chips)
35Front9: posts small blind $1
simper11: posts big blind $3
*** HOLE CARDS ***
35Front9: raises $3 to $6
simper11: calls $3
*** FLOP *** [Th Kh Js]
simper11: checks
35Front9: bets $3
simper11: calls $3
*** TURN *** [Th Kh Js] [Qh]
simper11: checks
35Front9: bets $6
simper11: raises $6 to $12
35Front9: calls $6
*** RIVER *** [Th Kh Js Qh] [8d]
simper11: bets $6
35Front9: calls $6
*** SHOW DOWN ***
simper11: shows [As 4c] (a straight, Ten to Ace)
35Front9: mucks hand
simper11 collected $53.50 from pot
*** SUMMARY ***
Total pot $54 | Rake $0.50
Board [Th Kh Js Qh 8d]
Seat 5: simper11 (big blind) showed [As 4c] and won ($53.50) with a straight, Ten to Ace
Seat 10: 35Front9 (button) (small blind) mucked


PokerStars Hand #156357579829:  Hold'em Limit ($3/$6 USD) - 2016/07/23 18:19:10 ET
Table 'Kolga' 10-max Seat #5 is the button
Seat 5: simper11 ($205.66 in chips)
Seat 10: 35Front9 ($32 in chips)
simper11: posts small blind $1
35Front9: posts big blind $3
*** HOLE CARDS ***
simper11: folds
Uncalled bet ($2) returned to 35Front9
35Front9 collected $2 from pot
35Front9: doesn't show hand
*** SUMMARY ***
Total pot $2 | Rake $0
Seat 5: simper11 (button) (small blind) folded before Flop
Seat 10: 35Front9 (big blind) collected ($2)


PokerStars Hand #156357570368:  Hold'em Limit ($3/$6 USD) - 2016/07/23 18:18:55 ET
Table 'Kolga' 10-max Seat #10 is the button
Seat 5: simper11 ($194.14 in chips)
Seat 10: 35Front9 ($44 in chips)
35Front9: posts small blind $1
simper11: posts big blind $3
*** HOLE CARDS ***
35Front9: raises $3 to $6
simper11: calls $3
*** FLOP *** [Ts 7d Th]
simper11: checks
35Front9: checks
*** TURN *** [Ts 7d Th] [6h]
simper11: checks
35Front9: bets $6
simper11: calls $6
*** RIVER *** [Ts 7d Th 6h] [Jh]
simper11: checks
35Front9: checks
*** SHOW DOWN ***
simper11: shows [Kd 6s] (two pair, Tens and Sixes)
35Front9: mucks hand
simper11 collected $23.52 from pot
*** SUMMARY ***
Total pot $24 | Rake $0.48
Board [Ts 7d Th 6h Jh]
Seat 5: simper11 (big blind) showed [Kd 6s] and won ($23.52) with two pair, Tens and Sixes
Seat 10: 35Front9 (button) (small blind) mucked


PokerStars Hand #156357582986:  Hold'em Limit ($3/$6 USD) - 2016/07/23 18:19:14 ET
Table 'Kolga' 10-max Seat #10 is the button
Seat 5: simper11 ($204.66 in chips)
Seat 10: 35Front9 ($33 in chips)
35Front9: posts small blind $1
simper11: posts big blind $3
*** HOLE CARDS ***
35Front9: folds
Uncalled bet ($2) returned to simper11
simper11 collected $2 from pot
simper11: doesn't show hand
*** SUMMARY ***
Total pot $2 | Rake $0
Seat 5: simper11 (big blind) collected ($2)
Seat 10: 35Front9 (button) (small blind) folded before Flop


PokerStars Hand #156357586479:  Hold'em Limit ($3/$6 USD) - 2016/07/23 18:19:20 ET
Table 'Kolga' 10-max Seat #5 is the button
Seat 5: simper11 ($205.66 in chips)
Seat 10: 35Front9 ($32 in chips)
simper11: posts small blind $1
35Front9: posts big blind $3
*** HOLE CARDS ***
simper11: raises $3 to $6
35Front9: calls $3
*** FLOP *** [Tc Th 2c]
35Front9: checks
plummgg joins the table at seat #6
simper11: bets $3
GoliafUa joins the table at seat #7
35Front9: folds
Uncalled bet ($3) returned to simper11
simper11 collected $11.76 from pot
simper11: doesn't show hand
*** SUMMARY ***
Total pot $12 | Rake $0.24
Board [Tc Th 2c]
Seat 5: simper11 (button) (small blind) collected ($11.76)
Seat 10: 35Front9 (big blind) folded on the Flop


PokerStars Hand #156357596882:  Hold'em Limit ($3/$6 USD) - 2016/07/23 18:19:36 ET
Table 'Kolga' 10-max Seat #10 is the button
Seat 5: simper11 ($211.42 in chips)
Seat 10: 35Front9 ($26 in chips)
35Front9: posts small blind $1
simper11: posts big blind $3
*** HOLE CARDS ***
35Front9: raises $3 to $6
simper11: folds
Uncalled bet ($3) returned to 35Front9
35Front9 collected $6 from pot
35Front9: doesn't show hand
*** SUMMARY ***
Total pot $6 | Rake $0
Seat 5: simper11 (big blind) folded before Flop
Seat 10: 35Front9 (button) (small blind) collected ($6)


PokerStars Hand #156357757379:  Hold'em Limit ($3/$6 USD) - 2016/07/23 18:23:45 ET
Table 'Kolga' 10-max Seat #5 is the button
Seat 5: simper11 ($225.77 in chips)
Seat 10: 35Front9 ($33.26 in chips)
simper11: posts small blind $1
35Front9: posts big blind $3
*** HOLE CARDS ***
simper11: raises $3 to $6
plummgg leaves the table
35Front9: folds
Uncalled bet ($3) returned to simper11
simper11 collected $6 from pot
simper11: doesn't show hand
*** SUMMARY ***
Total pot $6 | Rake $0
Seat 5: simper11 (button) (small blind) collected ($6)
Seat 10: 35Front9 (big blind) folded before Flop


PokerStars Hand #156357843637:  Hold'em Limit ($3/$6 USD) - 2016/07/23 18:26:00 ET
Table 'Kolga' 10-max Seat #10 is the button
Seat 5: simper11 ($203.29 in chips)
Seat 10: 35Front9 ($113.92 in chips)
35Front9: posts small blind $1
simper11: posts big blind $3
*** HOLE CARDS ***
35Front9: folds
Uncalled bet ($2) returned to simper11
simper11 collected $2 from pot
simper11: doesn't show hand
*** SUMMARY ***
Total pot $2 | Rake $0
Seat 5: simper11 (big blind) collected ($2)
Seat 10: 35Front9 (button) (small blind) folded before Flop


PokerStars Hand #156357840847:  Hold'em Limit ($3/$6 USD) - 2016/07/23 18:25:56 ET
Table 'Kolga' 10-max Seat #5 is the button
Seat 5: simper11 ($204.29 in chips)
Seat 10: 35Front9 ($112.92 in chips)
simper11: posts small blind $1
35Front9: posts big blind $3
*** HOLE CARDS ***
simper11: folds
Uncalled bet ($2) returned to 35Front9
35Front9 collected $2 from pot
35Front9: doesn't show hand
*** SUMMARY ***
Total pot $2 | Rake $0
Seat 5: simper11 (button) (small blind) folded before Flop
Seat 10: 35Front9 (big blind) collected ($2)


PokerStars Hand #156357831845:  Hold'em Limit ($3/$6 USD) - 2016/07/23 18:25:41 ET
Table 'Kolga' 10-max Seat #10 is the button
Seat 5: simper11 ($203.29 in chips)
Seat 10: 35Front9 ($113.92 in chips)
35Front9: posts small blind $1
simper11: posts big blind $3
*** HOLE CARDS ***
35Front9: folds
Uncalled bet ($2) returned to simper11
simper11 collected $2 from pot
simper11: doesn't show hand
*** SUMMARY ***
Total pot $2 | Rake $0
Seat 5: simper11 (big blind) collected ($2)
Seat 10: 35Front9 (button) (small blind) folded before Flop


PokerStars Hand #156357877838:  Hold'em Limit ($3/$6 USD) - 2016/07/23 18:26:54 ET
Table 'Kolga' 10-max Seat #5 is the button
Seat 5: simper11 ($236.55 in chips)
Seat 10: 35Front9 ($79.92 in chips)
simper11: posts small blind $1
35Front9: posts big blind $3
*** HOLE CARDS ***
simper11: folds
Uncalled bet ($2) returned to 35Front9
35Front9 collected $2 from pot
35Front9: doesn't show hand
*** SUMMARY ***
Total pot $2 | Rake $0
Seat 5: simper11 (button) (small blind) folded before Flop
Seat 10: 35Front9 (big blind) collected ($2)


PokerStars Hand #156357861299:  Hold'em Limit ($3/$6 USD) - 2016/07/23 18:26:28 ET
Table 'Kolga' 10-max Seat #10 is the button
Seat 5: simper11 ($210.05 in chips)
Seat 10: 35Front9 ($106.92 in chips)
35Front9: posts small blind $1
simper11: posts big blind $3
*** HOLE CARDS ***
35Front9: raises $3 to $6
simper11: calls $3
*** FLOP *** [3d 7s 5s]
simper11: bets $3
35Front9: calls $3
*** TURN *** [3d 7s 5s] [7h]
simper11: bets $6
35Front9: raises $6 to $12
simper11: calls $6
*** RIVER *** [3d 7s 5s 7h] [Ad]
simper11: checks
35Front9: bets $6
simper11: calls $6
*** SHOW DOWN ***
35Front9: shows [8d 6d] (a pair of Sevens)
simper11: shows [5c 4h] (two pair, Sevens and Fives)
simper11 collected $53.50 from pot
*** SUMMARY ***
Total pot $54 | Rake $0.50
Board [3d 7s 5s 7h Ad]
Seat 5: simper11 (big blind) showed [5c 4h] and won ($53.50) with two pair, Sevens and Fives
Seat 10: 35Front9 (button) (small blind) showed [8d 6d] and lost with a pair of Sevens


PokerStars Hand #156357847206:  Hold'em Limit ($3/$6 USD) - 2016/07/23 18:26:06 ET
Table 'Kolga' 10-max Seat #5 is the button
Seat 5: simper11 ($204.29 in chips)
Seat 10: 35Front9 ($112.92 in chips)
simper11: posts small blind $1
35Front9: posts big blind $3
*** HOLE CARDS ***
simper11: raises $3 to $6
35Front9: calls $3
*** FLOP *** [Js 7s 9d]
35Front9: checks
simper11: bets $3
35Front9: folds
Uncalled bet ($3) returned to simper11
simper11 collected $11.76 from pot
simper11: doesn't show hand
*** SUMMARY ***
Total pot $12 | Rake $0.24
Board [Js 7s 9d]
Seat 5: simper11 (button) (small blind) collected ($11.76)
Seat 10: 35Front9 (big blind) folded on the Flop


PokerStars Hand #156357915048:  Hold'em Limit ($3/$6 USD) - 2016/07/23 18:27:53 ET
Table 'Kolga' 10-max Seat #10 is the button
Seat 5: simper11 ($195.55 in chips)
Seat 10: 35Front9 ($119.70 in chips)
35Front9: posts small blind $1
simper11: posts big blind $3
*** HOLE CARDS ***
35Front9: raises $3 to $6
simper11: folds
Uncalled bet ($3) returned to 35Front9
35Front9 collected $6 from pot
35Front9: doesn't show hand
*** SUMMARY ***
Total pot $6 | Rake $0
Seat 5: simper11 (big blind) folded before Flop
Seat 10: 35Front9 (button) (small blind) collected ($6)


PokerStars Hand #156357905645:  Hold'em Limit ($3/$6 USD) - 2016/07/23 18:27:38 ET
Table 'Kolga' 10-max Seat #5 is the button
Seat 5: simper11 ($216.55 in chips)
Seat 10: 35Front9 ($99.20 in chips)
simper11: posts small blind $1
35Front9: posts big blind $3
*** HOLE CARDS ***
simper11: raises $3 to $6
35Front9: raises $3 to $9
simper11: calls $3
*** FLOP *** [2s 2d Ad]
35Front9: checks
simper11: checks
*** TURN *** [2s 2d Ad] [6s]
35Front9: bets $6
simper11: calls $6
*** RIVER *** [2s 2d Ad 6s] [9c]
35Front9: bets $6
simper11: calls $6
*** SHOW DOWN ***
35Front9: shows [As 8d] (two pair, Aces and Deuces)
simper11: mucks hand
35Front9 collected $41.50 from pot
*** SUMMARY ***
Total pot $42 | Rake $0.50
Board [2s 2d Ad 6s 9c]
Seat 5: simper11 (button) (small blind) mucked
Seat 10: 35Front9 (big blind) showed [As 8d] and won ($41.50) with two pair, Aces and Deuces


PokerStars Hand #156357896389:  Hold'em Limit ($3/$6 USD) - 2016/07/23 18:27:23 ET
Table 'Kolga' 10-max Seat #10 is the button
Seat 5: simper11 ($225.55 in chips)
Seat 10: 35Front9 ($90.56 in chips)
35Front9: posts small blind $1
simper11: posts big blind $3
*** HOLE CARDS ***
35Front9: raises $3 to $6
simper11: calls $3
*** FLOP *** [Kh Ad 9c]
simper11: checks
35Front9: bets $3
simper11: calls $3
*** TURN *** [Kh Ad 9c] [Qc]
simper11: checks
35Front9: bets $6
simper11: folds
Uncalled bet ($6) returned to 35Front9
35Front9 collected $17.64 from pot
35Front9: doesn't show hand
*** SUMMARY ***
Total pot $18 | Rake $0.36
Board [Kh Ad 9c Qc]
Seat 5: simper11 (big blind) folded on the Turn
Seat 10: 35Front9 (button) (small blind) collected ($17.64)


PokerStars Hand #156357893296:  Hold'em Limit ($3/$6 USD) - 2016/07/23 18:27:18 ET
Table 'Kolga' 10-max Seat #5 is the button
Seat 5: simper11 ($226.55 in chips)
Seat 10: 35Front9 ($89.56 in chips)
simper11: posts small blind $1
35Front9: posts big blind $3
*** HOLE CARDS ***
simper11: folds
Uncalled bet ($2) returned to 35Front9
35Front9 collected $2 from pot
35Front9: doesn't show hand
*** SUMMARY ***
Total pot $2 | Rake $0
Seat 5: simper11 (button) (small blind) folded before Flop
Seat 10: 35Front9 (big blind) collected ($2)


PokerStars Hand #156357881965:  Hold'em Limit ($3/$6 USD) - 2016/07/23 18:27:00 ET
Table 'Kolga' 10-max Seat #10 is the button
Seat 5: simper11 ($235.55 in chips)
Seat 10: 35Front9 ($80.92 in chips)
35Front9: posts small blind $1
simper11: posts big blind $3
*** HOLE CARDS ***
35Front9: raises $3 to $6
simper11: calls $3
*** FLOP *** [4s 7c 8d]
simper11: checks
35Front9: bets $3
simper11: calls $3
*** TURN *** [4s 7c 8d] [2c]
simper11: checks
35Front9: bets $6
simper11: folds
Uncalled bet ($6) returned to 35Front9
35Front9 collected $17.64 from pot
35Front9: doesn't show hand
*** SUMMARY ***
Total pot $18 | Rake $0.36
Board [4s 7c 8d 2c]
Seat 5: simper11 (big blind) folded on the Turn
Seat 10: 35Front9 (button) (small blind) collected ($17.64)


PokerStars Hand #156357943413:  Hold'em Limit ($3/$6 USD) - 2016/07/23 18:28:38 ET
Table 'Kolga' 10-max Seat #10 is the button
Seat 5: simper11 ($177.31 in chips)
Seat 10: 35Front9 ($137.20 in chips)
35Front9: posts small blind $1
simper11: posts big blind $3
*** HOLE CARDS ***
35Front9: raises $3 to $6
simper11: calls $3
*** FLOP *** [7d Kc 9h]
simper11: checks
35Front9: bets $3
simper11: raises $3 to $6
35Front9: raises $3 to $9
simper11: calls $3
*** TURN *** [7d Kc 9h] [8s]
simper11: checks
35Front9: bets $6
simper11: calls $6
*** RIVER *** [7d Kc 9h 8s] [3s]
simper11: checks
35Front9: bets $6
simper11: calls $6
*** SHOW DOWN ***
35Front9: shows [5c Kd] (a pair of Kings)
simper11: mucks hand
35Front9 collected $53.50 from pot
*** SUMMARY ***
Total pot $54 | Rake $0.50
Board [7d Kc 9h 8s 3s]
Seat 5: simper11 (big blind) mucked
Seat 10: 35Front9 (button) (small blind) showed [5c Kd] and won ($53.50) with a pair of Kings


PokerStars Hand #156357937126:  Hold'em Limit ($3/$6 USD) - 2016/07/23 18:28:27 ET
Table 'Kolga' 10-max Seat #5 is the button
Seat 5: simper11 ($171.55 in chips)
Seat 10: 35Front9 ($143.20 in chips)
simper11: posts small blind $1
35Front9: posts big blind $3
*** HOLE CARDS ***
simper11: raises $3 to $6
35Front9: calls $3
*** FLOP *** [Qs Jd Th]
35Front9: checks
simper11: bets $3
35Front9: folds
Uncalled bet ($3) returned to simper11
simper11 collected $11.76 from pot
simper11: doesn't show hand
*** SUMMARY ***
Total pot $12 | Rake $0.24
Board [Qs Jd Th]
Seat 5: simper11 (button) (small blind) collected ($11.76)
Seat 10: 35Front9 (big blind) folded on the Flop


PokerStars Hand #156357933650:  Hold'em Limit ($3/$6 USD) - 2016/07/23 18:28:22 ET
Table 'Kolga' 10-max Seat #10 is the button
Seat 5: simper11 ($174.55 in chips)
Seat 10: 35Front9 ($140.20 in chips)
35Front9: posts small blind $1
simper11: posts big blind $3
*** HOLE CARDS ***
35Front9: raises $3 to $6
simper11: folds
Uncalled bet ($3) returned to 35Front9
35Front9 collected $6 from pot
35Front9: doesn't show hand
*** SUMMARY ***
Total pot $6 | Rake $0
Seat 5: simper11 (big blind) folded before Flop
Seat 10: 35Front9 (button) (small blind) collected ($6)


PokerStars Hand #156357919936:  Hold'em Limit ($3/$6 USD) - 2016/07/23 18:28:01 ET
Table 'Kolga' 10-max Seat #5 is the button
Seat 5: simper11 ($192.55 in chips)
Seat 10: 35Front9 ($122.70 in chips)
simper11: posts small blind $1
35Front9: posts big blind $3
*** HOLE CARDS ***
simper11: raises $3 to $6
35Front9: raises $3 to $9
simper11: calls $3
*** FLOP *** [Qh Ks 7c]
35Front9: bets $3
simper11: calls $3
*** TURN *** [Qh Ks 7c] [Ts]
35Front9: bets $6
simper11: calls $6
*** RIVER *** [Qh Ks 7c Ts] [3h]
35Front9: bets $6
simper11: folds
Uncalled bet ($6) returned to 35Front9
35Front9 collected $35.50 from pot
35Front9: doesn't show hand
*** SUMMARY ***
Total pot $36 | Rake $0.50
Board [Qh Ks 7c Ts 3h]
Seat 5: simper11 (button) (small blind) folded on the River
Seat 10: 35Front9 (big blind) collected ($35.50)


PokerStars Hand #156357993007:  Hold'em Limit ($3/$6 USD) - 2016/07/23 18:29:57 ET
Table 'Kolga' 10-max Seat #5 is the button
Seat 5: simper11 ($202.83 in chips)
Seat 10: 35Front9 ($109.70 in chips)
simper11: posts small blind $1
35Front9: posts big blind $3
*** HOLE CARDS ***
simper11: folds
Uncalled bet ($2) returned to 35Front9
35Front9 collected $2 from pot
35Front9: doesn't show hand
*** SUMMARY ***
Total pot $2 | Rake $0
Seat 5: simper11 (button) (small blind) folded before Flop
Seat 10: 35Front9 (big blind) collected ($2)


PokerStars Hand #156357981114:  Hold'em Limit ($3/$6 USD) - 2016/07/23 18:29:38 ET
Table 'Kolga' 10-max Seat #10 is the button
Seat 5: simper11 ($188.33 in chips)
Seat 10: 35Front9 ($124.70 in chips)
35Front9: posts small blind $1
simper11: posts big blind $3
*** HOLE CARDS ***
35Front9: calls $2
simper11: checks
*** FLOP *** [Kh 8h 9d]
simper11: checks
35Front9: bets $3
simper11: raises $3 to $6
35Front9: calls $3
*** TURN *** [Kh 8h 9d] [3s]
simper11: bets $6
35Front9: calls $6
*** RIVER *** [Kh 8h 9d 3s] [3h]
simper11: bets $6
35Front9: folds
Uncalled bet ($6) returned to simper11
simper11 collected $29.50 from pot
simper11: doesn't show hand
*** SUMMARY ***
Total pot $30 | Rake $0.50
Board [Kh 8h 9d 3s 3h]
Seat 5: simper11 (big blind) collected ($29.50)
Seat 10: 35Front9 (button) (small blind) folded on the River


PokerStars Hand #156357977022:  Hold'em Limit ($3/$6 USD) - 2016/07/23 18:29:31 ET
Table 'Kolga' 10-max Seat #5 is the button
Seat 5: simper11 ($185.33 in chips)
Seat 10: 35Front9 ($127.70 in chips)
simper11: posts small blind $1
35Front9: posts big blind $3
*** HOLE CARDS ***
simper11: raises $3 to $6
35Front9: folds
Uncalled bet ($3) returned to simper11
simper11 collected $6 from pot
simper11: doesn't show hand
*** SUMMARY ***
Total pot $6 | Rake $0
Seat 5: simper11 (button) (small blind) collected ($6)
Seat 10: 35Front9 (big blind) folded before Flop


PokerStars Hand #156357966159:  Hold'em Limit ($3/$6 USD) - 2016/07/23 18:29:14 ET
Table 'Kolga' 10-max Seat #10 is the button
Seat 5: simper11 ($173.81 in chips)
Seat 10: 35Front9 ($139.70 in chips)
35Front9: posts small blind $1
simper11: posts big blind $3
*** HOLE CARDS ***
35Front9: raises $3 to $6
simper11: calls $3
*** FLOP *** [3s 6h Jh]
simper11: checks
35Front9: checks
*** TURN *** [3s 6h Jh] [Ts]
simper11: checks
35Front9: bets $6
simper11: calls $6
*** RIVER *** [3s 6h Jh Ts] [7h]
simper11: checks
35Front9: checks
*** SHOW DOWN ***
simper11: shows [6s Qd] (a pair of Sixes)
35Front9: mucks hand
simper11 collected $23.52 from pot
*** SUMMARY ***
Total pot $24 | Rake $0.48
Board [3s 6h Jh Ts 7h]
Seat 5: simper11 (big blind) showed [6s Qd] and won ($23.52) with a pair of Sixes
Seat 10: 35Front9 (button) (small blind) mucked


PokerStars Hand #156357955752:  Hold'em Limit ($3/$6 USD) - 2016/07/23 18:28:57 ET
Table 'Kolga' 10-max Seat #5 is the button
Seat 5: simper11 ($150.31 in chips)
Seat 10: 35Front9 ($163.70 in chips)
simper11: posts small blind $1
35Front9: posts big blind $3
*** HOLE CARDS ***
simper11: raises $3 to $6
35Front9: calls $3
*** FLOP *** [Jd 9c Jc]
35Front9: bets $3
simper11: raises $3 to $6
35Front9: calls $3
*** TURN *** [Jd 9c Jc] [3h]
35Front9: checks
simper11: bets $6
35Front9: calls $6
*** RIVER *** [Jd 9c Jc 3h] [Qh]
35Front9: bets $6
simper11: calls $6
*** SHOW DOWN ***
35Front9: shows [9d 6c] (two pair, Jacks and Nines)
simper11: shows [5h Js] (three of a kind, Jacks)
simper11 collected $47.50 from pot
*** SUMMARY ***
Total pot $48 | Rake $0.50
Board [Jd 9c Jc 3h Qh]
Seat 5: simper11 (button) (small blind) showed [5h Js] and won ($47.50) with three of a kind, Jacks
Seat 10: 35Front9 (big blind) showed [9d 6c] and lost with two pair, Jacks and Nines


PokerStars Hand #156358027198:  Hold'em Limit ($3/$6 USD) - 2016/07/23 18:30:51 ET
Table 'Kolga' 10-max Seat #10 is the button
Seat 5: simper11 ($177.83 in chips)
Seat 10: 35Front9 ($133.84 in chips)
35Front9: posts small blind $1
simper11: posts big blind $3
*** HOLE CARDS ***
35Front9: raises $3 to $6
simper11: calls $3
*** FLOP *** [Jh As Ad]
simper11: checks
35Front9: bets $3
simper11: folds
Uncalled bet ($3) returned to 35Front9
35Front9 collected $11.76 from pot
35Front9: doesn't show hand
*** SUMMARY ***
Total pot $12 | Rake $0.24
Board [Jh As Ad]
Seat 5: simper11 (big blind) folded on the Flop
Seat 10: 35Front9 (button) (small blind) collected ($11.76)


PokerStars Hand #156358017380:  Hold'em Limit ($3/$6 USD) - 2016/07/23 18:30:35 ET
Table 'Kolga' 10-max Seat #5 is the button
Seat 5: simper11 ($195.83 in chips)
Seat 10: 35Front9 ($116.34 in chips)
simper11: posts small blind $1
35Front9: posts big blind $3
*** HOLE CARDS ***
simper11: raises $3 to $6
35Front9: calls $3
*** FLOP *** [Ac 3d 4h]
35Front9: bets $3
simper11: raises $3 to $6
35Front9: calls $3
*** TURN *** [Ac 3d 4h] [9h]
35Front9: bets $6
simper11: calls $6
*** RIVER *** [Ac 3d 4h 9h] [Ks]
35Front9: bets $6
simper11: folds
Uncalled bet ($6) returned to 35Front9
35Front9 collected $35.50 from pot
35Front9: doesn't show hand
*** SUMMARY ***
Total pot $36 | Rake $0.50
Board [Ac 3d 4h 9h Ks]
Seat 5: simper11 (button) (small blind) folded on the River
Seat 10: 35Front9 (big blind) collected ($35.50)


PokerStars Hand #156358009090:  Hold'em Limit ($3/$6 USD) - 2016/07/23 18:30:22 ET
Table 'Kolga' 10-max Seat #10 is the button
Seat 5: simper11 ($198.83 in chips)
Seat 10: 35Front9 ($113.46 in chips)
35Front9: posts small blind $1
simper11: posts big blind $3
*** HOLE CARDS ***
35Front9: calls $2
simper11: checks
*** FLOP *** [8s 3s 9h]
simper11: checks
35Front9: checks
*** TURN *** [8s 3s 9h] [9s]
simper11: checks
35Front9: bets $6
simper11: folds
Uncalled bet ($6) returned to 35Front9
35Front9 collected $5.88 from pot
35Front9: doesn't show hand
*** SUMMARY ***
Total pot $6 | Rake $0.12
Board [8s 3s 9h 9s]
Seat 5: simper11 (big blind) folded on the Turn
Seat 10: 35Front9 (button) (small blind) collected ($5.88)


PokerStars Hand #156358005953:  Hold'em Limit ($3/$6 USD) - 2016/07/23 18:30:17 ET
Table 'Kolga' 10-max Seat #5 is the button
Seat 5: simper11 ($195.83 in chips)
Seat 10: 35Front9 ($116.46 in chips)
simper11: posts small blind $1
35Front9: posts big blind $3
*** HOLE CARDS ***
simper11: raises $3 to $6
35Front9: folds
Uncalled bet ($3) returned to simper11
simper11 collected $6 from pot
simper11: doesn't show hand
*** SUMMARY ***
Total pot $6 | Rake $0
Seat 5: simper11 (button) (small blind) collected ($6)
Seat 10: 35Front9 (big blind) folded before Flop


PokerStars Hand #156357999009:  Hold'em Limit ($3/$6 USD) - 2016/07/23 18:30:06 ET
Table 'Kolga' 10-max Seat #10 is the button
Seat 5: simper11 ($201.83 in chips)
Seat 10: 35Front9 ($110.70 in chips)
35Front9: posts small blind $1
simper11: posts big blind $3
*** HOLE CARDS ***
35Front9: raises $3 to $6
simper11: calls $3
*** FLOP *** [8s 9d Td]
simper11: checks
35Front9: bets $3
simper11: folds
Uncalled bet ($3) returned to 35Front9
35Front9 collected $11.76 from pot
35Front9: doesn't show hand
*** SUMMARY ***
Total pot $12 | Rake $0.24
Board [8s 9d Td]
Seat 5: simper11 (big blind) folded on the Flop
Seat 10: 35Front9 (button) (small blind) collected ($11.76)


PokerStars Hand #156358068859:  Hold'em Limit ($3/$6 USD) - 2016/07/23 18:31:58 ET
Table 'Kolga' 10-max Seat #10 is the button
Seat 5: simper11 ($123.83 in chips)
Seat 10: 35Front9 ($186.12 in chips)
35Front9: posts small blind $1
simper11: posts big blind $3
*** HOLE CARDS ***
35Front9: folds
Uncalled bet ($2) returned to simper11
simper11 collected $2 from pot
simper11: doesn't show hand
*** SUMMARY ***
Total pot $2 | Rake $0
Seat 5: simper11 (big blind) collected ($2)
Seat 10: 35Front9 (button) (small blind) folded before Flop


PokerStars Hand #156358059727:  Hold'em Limit ($3/$6 USD) - 2016/07/23 18:31:43 ET
Table 'Kolga' 10-max Seat #5 is the button
Seat 5: simper11 ($147.83 in chips)
Seat 10: 35Front9 ($162.62 in chips)
simper11: posts small blind $1
35Front9: posts big blind $3
*** HOLE CARDS ***
simper11: raises $3 to $6
35Front9: calls $3
*** FLOP *** [5d 2d 4c]
35Front9: checks
simper11: bets $3
35Front9: raises $3 to $6
simper11: calls $3
*** TURN *** [5d 2d 4c] [7c]
35Front9: bets $6
simper11: calls $6
*** RIVER *** [5d 2d 4c 7c] [4d]
35Front9: bets $6
simper11: calls $6
*** SHOW DOWN ***
35Front9: shows [5c Kd] (two pair, Fives and Fours)
simper11: mucks hand
35Front9 collected $47.50 from pot
*** SUMMARY ***
Total pot $48 | Rake $0.50
Board [5d 2d 4c 7c 4d]
Seat 5: simper11 (button) (small blind) mucked
Seat 10: 35Front9 (big blind) showed [5c Kd] and won ($47.50) with two pair, Fives and Fours


PokerStars Hand #156358051938:  Hold'em Limit ($3/$6 USD) - 2016/07/23 18:31:31 ET
Table 'Kolga' 10-max Seat #10 is the button
Seat 5: simper11 ($153.83 in chips)
Seat 10: 35Front9 ($156.86 in chips)
35Front9: posts small blind $1
simper11: posts big blind $3
*** HOLE CARDS ***
35Front9: raises $3 to $6
simper11: calls $3
*** FLOP *** [6d 9h 6c]
simper11: checks
35Front9: checks
*** TURN *** [6d 9h 6c] [7c]
simper11: checks
35Front9: bets $6
simper11: folds
Uncalled bet ($6) returned to 35Front9
35Front9 collected $11.76 from pot
35Front9: doesn't show hand
*** SUMMARY ***
Total pot $12 | Rake $0.24
Board [6d 9h 6c 7c]
Seat 5: simper11 (big blind) folded on the Turn
Seat 10: 35Front9 (button) (small blind) collected ($11.76)


PokerStars Hand #156358048533:  Hold'em Limit ($3/$6 USD) - 2016/07/23 18:31:25 ET
Table 'Kolga' 10-max Seat #5 is the button
Seat 5: simper11 ($150.83 in chips)
Seat 10: 35Front9 ($159.86 in chips)
simper11: posts small blind $1
35Front9: posts big blind $3
*** HOLE CARDS ***
simper11: raises $3 to $6
35Front9: folds
Uncalled bet ($3) returned to simper11
simper11 collected $6 from pot
simper11: doesn't show hand
*** SUMMARY ***
Total pot $6 | Rake $0
Seat 5: simper11 (button) (small blind) collected ($6)
Seat 10: 35Front9 (big blind) folded before Flop


PokerStars Hand #156358038661:  Hold'em Limit ($3/$6 USD) - 2016/07/23 18:31:10 ET
Table 'Kolga' 10-max Seat #10 is the button
Seat 5: simper11 ($165.83 in chips)
Seat 10: 35Front9 ($145.36 in chips)
35Front9: posts small blind $1
simper11: posts big blind $3
*** HOLE CARDS ***
35Front9: calls $2
simper11: checks
*** FLOP *** [2h As 9d]
simper11: checks
35Front9: checks
*** TURN *** [2h As 9d] [6s]
simper11: checks
35Front9: bets $6
simper11: calls $6
*** RIVER *** [2h As 9d 6s] [7c]
simper11: checks
35Front9: bets $6
simper11: calls $6
*** SHOW DOWN ***
35Front9: shows [8c 7h] (a pair of Sevens)
simper11: mucks hand
35Front9 collected $29.50 from pot
*** SUMMARY ***
Total pot $30 | Rake $0.50
Board [2h As 9d 6s 7c]
Seat 5: simper11 (big blind) mucked
Seat 10: 35Front9 (button) (small blind) showed [8c 7h] and won ($29.50) with a pair of Sevens


PokerStars Hand #156358033170:  Hold'em Limit ($3/$6 USD) - 2016/07/23 18:31:01 ET
Table 'Kolga' 10-max Seat #5 is the button
Seat 5: simper11 ($171.83 in chips)
Seat 10: 35Front9 ($139.60 in chips)
simper11: posts small blind $1
35Front9: posts big blind $3
*** HOLE CARDS ***
simper11: raises $3 to $6
35Front9: calls $3
*** FLOP *** [Qh Th Jd]
35Front9: bets $3
simper11: folds
Uncalled bet ($3) returned to 35Front9
35Front9 collected $11.76 from pot
35Front9: doesn't show hand
*** SUMMARY ***
Total pot $12 | Rake $0.24
Board [Qh Th Jd]
Seat 5: simper11 (button) (small blind) folded on the Flop
Seat 10: 35Front9 (big blind) collected ($11.76)


PokerStars Hand #156358106373:  Hold'em Limit ($3/$6 USD) - 2016/07/23 18:32:58 ET
Table 'Kolga' 10-max Seat #10 is the button
Seat 5: simper11 ($120 in chips)
Seat 10: 35Front9 ($212.88 in chips)
35Front9: posts small blind $1
simper11: posts big blind $3
*** HOLE CARDS ***
35Front9: calls $2
simper11: raises $3 to $6
35Front9: calls $3
*** FLOP *** [Ks Jh 4h]
simper11: bets $3
35Front9: folds
Uncalled bet ($3) returned to simper11
simper11 collected $11.76 from pot
simper11: doesn't show hand
*** SUMMARY ***
Total pot $12 | Rake $0.24
Board [Ks Jh 4h]
Seat 5: simper11 (big blind) collected ($11.76)
Seat 10: 35Front9 (button) (small blind) folded on the Flop


PokerStars Hand #156358097241:  Hold'em Limit ($3/$6 USD) - 2016/07/23 18:32:43 ET
Table 'Kolga' 10-max Seat #5 is the button
Seat 5: simper11 ($129.64 in chips)
Seat 10: 35Front9 ($195.38 in chips)
simper11: posts small blind $1
35Front9: posts big blind $3
*** HOLE CARDS ***
simper11: raises $3 to $6
35Front9: raises $3 to $9
simper11: calls $3
*** FLOP *** [5d Ah 2h]
35Front9: bets $3
simper11: calls $3
*** TURN *** [5d Ah 2h] [9d]
35Front9: bets $6
simper11: calls $6
*** RIVER *** [5d Ah 2h 9d] [5s]
35Front9: bets $6
simper11: folds
Uncalled bet ($6) returned to 35Front9
35Front9 collected $35.50 from pot
35Front9: doesn't show hand
*** SUMMARY ***
Total pot $36 | Rake $0.50
Board [5d Ah 2h 9d 5s]
Seat 5: simper11 (button) (small blind) folded on the River
Seat 10: 35Front9 (big blind) collected ($35.50)


PokerStars Hand #156358094036:  Hold'em Limit ($3/$6 USD) - 2016/07/23 18:32:38 ET
Table 'Kolga' 10-max Seat #10 is the button
Seat 5: simper11 ($128.64 in chips)
Seat 10: 35Front9 ($196.38 in chips)
35Front9: posts small blind $1
simper11: posts big blind $3
*** HOLE CARDS ***
35Front9: folds
Uncalled bet ($2) returned to simper11
simper11 collected $2 from pot
simper11: doesn't show hand
*** SUMMARY ***
Total pot $2 | Rake $0
Seat 5: simper11 (big blind) collected ($2)
Seat 10: 35Front9 (button) (small blind) folded before Flop


PokerStars Hand #156358088152:  Hold'em Limit ($3/$6 USD) - 2016/07/23 18:32:28 ET
Table 'Kolga' 10-max Seat #5 is the button
Seat 5: simper11 ($120 in chips)
Seat 10: 35Front9 ($205.38 in chips)
simper11: posts small blind $1
35Front9: posts big blind $3
*** HOLE CARDS ***
simper11: raises $3 to $6
35Front9: calls $3
*** FLOP *** [Ad 3d As]
35Front9: bets $3
simper11: raises $3 to $6
35Front9: folds
Uncalled bet ($3) returned to simper11
simper11 collected $17.64 from pot
simper11: doesn't show hand
*** SUMMARY ***
Total pot $18 | Rake $0.36
Board [Ad 3d As]
Seat 5: simper11 (button) (small blind) collected ($17.64)
Seat 10: 35Front9 (big blind) folded on the Flop


PokerStars Hand #156358082321:  Hold'em Limit ($3/$6 USD) - 2016/07/23 18:32:19 ET
Table 'Kolga' 10-max Seat #10 is the button
Seat 5: simper11 ($120 in chips)
Seat 10: 35Front9 ($199.62 in chips)
35Front9: posts small blind $1
simper11: posts big blind $3
*** HOLE CARDS ***
35Front9: raises $3 to $6
simper11: calls $3
*** FLOP *** [9c 7s Tc]
simper11: checks
35Front9: bets $3
simper11: folds
Uncalled bet ($3) returned to 35Front9
35Front9 collected $11.76 from pot
35Front9: doesn't show hand
*** SUMMARY ***
Total pot $12 | Rake $0.24
Board [9c 7s Tc]
Seat 5: simper11 (big blind) folded on the Flop
Seat 10: 35Front9 (button) (small blind) collected ($11.76)


PokerStars Hand #156358072018:  Hold'em Limit ($3/$6 USD) - 2016/07/23 18:32:03 ET
Table 'Kolga' 10-max Seat #5 is the button
Seat 5: simper11 ($124.83 in chips)
Seat 10: 35Front9 ($185.12 in chips)
simper11: posts small blind $1
35Front9: posts big blind $3
*** HOLE CARDS ***
simper11: raises $3 to $6
35Front9: calls $3
*** FLOP *** [3s 3d 5d]
35Front9: checks
simper11: bets $3
35Front9: calls $3
*** TURN *** [3s 3d 5d] [Kd]
35Front9: checks
simper11: checks
*** RIVER *** [3s 3d 5d Kd] [6d]
35Front9: bets $6
simper11: calls $6
*** SHOW DOWN ***
35Front9: shows [5c Jd] (a flush, King high)
simper11: mucks hand
35Front9 collected $29.50 from pot
*** SUMMARY ***
Total pot $30 | Rake $0.50
Board [3s 3d 5d Kd 6d]
Seat 5: simper11 (button) (small blind) mucked
Seat 10: 35Front9 (big blind) showed [5c Jd] and won ($29.50) with a flush, King high


PokerStars Hand #156358139949:  Hold'em Limit ($3/$6 USD) - 2016/07/23 18:33:50 ET
Table 'Kolga' 10-max Seat #5 is the button
Seat 5: simper11 ($125.64 in chips)
Seat 10: 35Front9 ($225.38 in chips)
simper11: posts small blind $1
35Front9: posts big blind $3
*** HOLE CARDS ***
simper11: raises $3 to $6
35Front9: calls $3
*** FLOP *** [7d Ks 7s]
35Front9: bets $3
simper11: raises $3 to $6
35Front9: folds
Uncalled bet ($3) returned to simper11
simper11 collected $17.64 from pot
simper11: doesn't show hand
*** SUMMARY ***
Total pot $18 | Rake $0.36
Board [7d Ks 7s]
Seat 5: simper11 (button) (small blind) collected ($17.64)
Seat 10: 35Front9 (big blind) folded on the Flop


PokerStars Hand #156358135357:  Hold'em Limit ($3/$6 USD) - 2016/07/23 18:33:43 ET
Table 'Kolga' 10-max Seat #10 is the button
Seat 5: simper11 ($128.64 in chips)
Seat 10: 35Front9 ($222.38 in chips)
35Front9: posts small blind $1
simper11: posts big blind $3
*** HOLE CARDS ***
35Front9: raises $3 to $6
simper11: folds
Uncalled bet ($3) returned to 35Front9
35Front9 collected $6 from pot
35Front9: doesn't show hand
*** SUMMARY ***
Total pot $6 | Rake $0
Seat 5: simper11 (big blind) folded before Flop
Seat 10: 35Front9 (button) (small blind) collected ($6)


PokerStars Hand #156358127195:  Hold'em Limit ($3/$6 USD) - 2016/07/23 18:33:30 ET
Table 'Kolga' 10-max Seat #5 is the button
Seat 5: simper11 ($120 in chips)
Seat 10: 35Front9 ($231.38 in chips)
simper11: posts small blind $1
35Front9: posts big blind $3
*** HOLE CARDS ***
simper11: raises $3 to $6
35Front9: calls $3
*** FLOP *** [Tc Ts 4c]
35Front9: checks
simper11: bets $3
35Front9: calls $3
*** TURN *** [Tc Ts 4c] [4d]
35Front9: checks
simper11: bets $6
35Front9: folds
Uncalled bet ($6) returned to simper11
simper11 collected $17.64 from pot
simper11: doesn't show hand
*** SUMMARY ***
Total pot $18 | Rake $0.36
Board [Tc Ts 4c 4d]
Seat 5: simper11 (button) (small blind) collected ($17.64)
Seat 10: 35Front9 (big blind) folded on the Turn


PokerStars Hand #156358116124:  Hold'em Limit ($3/$6 USD) - 2016/07/23 18:33:12 ET
Table 'Kolga' 10-max Seat #10 is the button
Seat 5: simper11 ($124.76 in chips)
Seat 10: 35Front9 ($207.88 in chips)
35Front9: posts small blind $1
simper11: posts big blind $3
*** HOLE CARDS ***
35Front9: raises $3 to $6
simper11: raises $3 to $9
35Front9: calls $3
*** FLOP *** [2h 8s 7s]
simper11: bets $3
35Front9: calls $3
*** TURN *** [2h 8s 7s] [Kh]
simper11: bets $6
35Front9: calls $6
*** RIVER *** [2h 8s 7s Kh] [3s]
simper11: bets $6
35Front9: raises $6 to $12
simper11: folds
Uncalled bet ($6) returned to 35Front9
35Front9 collected $47.50 from pot
35Front9: doesn't show hand
*** SUMMARY ***
Total pot $48 | Rake $0.50
Board [2h 8s 7s Kh 3s]
Seat 5: simper11 (big blind) folded on the River
Seat 10: 35Front9 (button) (small blind) collected ($47.50)


PokerStars Hand #156358112599:  Hold'em Limit ($3/$6 USD) - 2016/07/23 18:33:07 ET
Table 'Kolga' 10-max Seat #5 is the button
Seat 5: simper11 ($125.76 in chips)
Seat 10: 35Front9 ($206.88 in chips)
simper11: posts small blind $1
35Front9: posts big blind $3
*** HOLE CARDS ***
simper11: folds
Uncalled bet ($2) returned to 35Front9
35Front9 collected $2 from pot
35Front9: doesn't show hand
*** SUMMARY ***
Total pot $2 | Rake $0
Seat 5: simper11 (button) (small blind) folded before Flop
Seat 10: 35Front9 (big blind) collected ($2)


PokerStars Hand #156358180664:  Hold'em Limit ($3/$6 USD) - 2016/07/23 18:34:52 ET
Table 'Kolga' 10-max Seat #5 is the button
Seat 5: simper11 ($157.54 in chips)
Seat 10: 35Front9 ($191.88 in chips)
simper11: posts small blind $1
35Front9: posts big blind $3
*** HOLE CARDS ***
simper11: raises $3 to $6
35Front9: raises $3 to $9
simper11: calls $3
*** FLOP *** [Kh 3d 8s]
35Front9: bets $3
simper11: calls $3
*** TURN *** [Kh 3d 8s] [2s]
35Front9: bets $6
simper11: calls $6
*** RIVER *** [Kh 3d 8s 2s] [Jd]
35Front9: bets $6
simper11: calls $6
*** SHOW DOWN ***
35Front9: shows [Js Qd] (a pair of Jacks)
simper11: mucks hand
35Front9 collected $47.50 from pot
*** SUMMARY ***
Total pot $48 | Rake $0.50
Board [Kh 3d 8s 2s Jd]
Seat 5: simper11 (button) (small blind) mucked
Seat 10: 35Front9 (big blind) showed [Js Qd] and won ($47.50) with a pair of Jacks


PokerStars Hand #156358166318:  Hold'em Limit ($3/$6 USD) - 2016/07/23 18:34:30 ET
Table 'Kolga' 10-max Seat #10 is the button
Seat 5: simper11 ($172.54 in chips)
Seat 10: 35Front9 ($177.38 in chips)
35Front9: posts small blind $1
simper11: posts big blind $3
*** HOLE CARDS ***
35Front9: calls $2
simper11: checks
*** FLOP *** [7s 3h 5h]
simper11: checks
35Front9: checks
*** TURN *** [7s 3h 5h] [Kc]
simper11: checks
35Front9: checks
*** RIVER *** [7s 3h 5h Kc] [Kd]
simper11: bets $6
35Front9: raises $6 to $12
simper11: calls $6
*** SHOW DOWN ***
35Front9: shows [Kh 4c] (three of a kind, Kings)
simper11: mucks hand
35Front9 collected $29.50 from pot
*** SUMMARY ***
Total pot $30 | Rake $0.50
Board [7s 3h 5h Kc Kd]
Seat 5: simper11 (big blind) mucked
Seat 10: 35Front9 (button) (small blind) showed [Kh 4c] and won ($29.50) with three of a kind, Kings


PokerStars Hand #156358157036:  Hold'em Limit ($3/$6 USD) - 2016/07/23 18:34:16 ET
Table 'Kolga' 10-max Seat #5 is the button
Seat 5: simper11 ($166.78 in chips)
Seat 10: 35Front9 ($183.38 in chips)
simper11: posts small blind $1
35Front9: posts big blind $3
*** HOLE CARDS ***
simper11: raises $3 to $6
35Front9: calls $3
*** FLOP *** [7s 4s Th]
35Front9: checks
simper11: bets $3
35Front9: folds
Uncalled bet ($3) returned to simper11
simper11 collected $11.76 from pot
simper11: doesn't show hand
*** SUMMARY ***
Total pot $12 | Rake $0.24
Board [7s 4s Th]
Seat 5: simper11 (button) (small blind) collected ($11.76)
Seat 10: 35Front9 (big blind) folded on the Flop


PokerStars Hand #156358146295:  Hold'em Limit ($3/$6 USD) - 2016/07/23 18:34:00 ET
Table 'Kolga' 10-max Seat #10 is the button
Seat 5: simper11 ($134.28 in chips)
Seat 10: 35Front9 ($216.38 in chips)
35Front9: posts small blind $1
simper11: posts big blind $3
*** HOLE CARDS ***
35Front9: calls $2
simper11: raises $3 to $6
35Front9: calls $3
*** FLOP *** [Kc Js 2d]
simper11: bets $3
35Front9: calls $3
*** TURN *** [Kc Js 2d] [Qh]
simper11: bets $6
35Front9: calls $6
*** RIVER *** [Kc Js 2d Qh] [Kh]
simper11: bets $6
35Front9: raises $6 to $12
simper11: raises $6 to $18
35Front9: calls $6
*** SHOW DOWN ***
simper11: shows [Th 9h] (a straight, Nine to King)
35Front9: mucks hand
simper11 collected $65.50 from pot
*** SUMMARY ***
Total pot $66 | Rake $0.50
Board [Kc Js 2d Qh Kh]
Seat 5: simper11 (big blind) showed [Th 9h] and won ($65.50) with a straight, Nine to King
Seat 10: 35Front9 (button) (small blind) mucked


PokerStars Hand #156358190155:  Hold'em Limit ($3/$6 USD) - 2016/07/23 18:35:07 ET
Table 'Kolga' 10-max Seat #10 is the button
Seat 5: simper11 ($133.54 in chips)
Seat 10: 35Front9 ($215.38 in chips)
35Front9: posts small blind $1
simper11: posts big blind $3
*** HOLE CARDS ***
35Front9: raises $3 to $6
simper11: calls $3
*** FLOP *** [Th 7s 5h]
simper11: checks
35Front9: bets $3
simper11: raises $3 to $6
35Front9: calls $3
*** TURN *** [Th 7s 5h] [6h]
simper11: bets $6
35Front9: calls $6
*** RIVER *** [Th 7s 5h 6h] [2c]
simper11: bets $6
35Front9: calls $6
*** SHOW DOWN ***
simper11: shows [3d 7d] (a pair of Sevens)
35Front9: shows [9h 9c] (a pair of Nines)
35Front9 collected $47.50 from pot
*** SUMMARY ***
Total pot $48 | Rake $0.50
Board [Th 7s 5h 6h 2c]
Seat 5: simper11 (big blind) showed [3d 7d] and lost with a pair of Sevens
Seat 10: 35Front9 (button) (small blind) showed [9h 9c] and won ($47.50) with a pair of Nines


PokerStars Hand #156358205783:  Hold'em Limit ($3/$6 USD) - 2016/07/23 18:35:31 ET
Table 'Kolga' 10-max Seat #10 is the button
Seat 5: simper11 ($120 in chips)
Seat 10: 35Front9 ($244.64 in chips)
35Front9: posts small blind $1
simper11: posts big blind $3
*** HOLE CARDS ***
35Front9: raises $3 to $6
simper11: folds
Uncalled bet ($3) returned to 35Front9
35Front9 collected $6 from pot
35Front9: doesn't show hand
*** SUMMARY ***
Total pot $6 | Rake $0
Seat 5: simper11 (big blind) folded before Flop
Seat 10: 35Front9 (button) (small blind) collected ($6)


PokerStars Hand #156358199889:  Hold'em Limit ($3/$6 USD) - 2016/07/23 18:35:22 ET
Table 'Kolga' 10-max Seat #5 is the button
Seat 5: simper11 ($120 in chips)
Seat 10: 35Front9 ($238.88 in chips)
simper11: posts small blind $1
35Front9: posts big blind $3
*** HOLE CARDS ***
simper11: raises $3 to $6
35Front9: calls $3
*** FLOP *** [As Qs 9h]
35Front9: bets $3
simper11: folds
Uncalled bet ($3) returned to 35Front9
35Front9 collected $11.76 from pot
35Front9: doesn't show hand
*** SUMMARY ***
Total pot $12 | Rake $0.24
Board [As Qs 9h]
Seat 5: simper11 (button) (small blind) folded on the Flop
Seat 10: 35Front9 (big blind) collected ($11.76)


PokerStars Hand #156358209591:  Hold'em Limit ($3/$6 USD) - 2016/07/23 18:35:37 ET
Table 'Kolga' 10-max Seat #5 is the button
Seat 5: simper11 ($120 in chips)
Seat 10: 35Front9 ($247.64 in chips)
simper11: posts small blind $1
35Front9: posts big blind $3
*** HOLE CARDS ***
simper11: folds
Uncalled bet ($2) returned to 35Front9
35Front9 collected $2 from pot
35Front9: doesn't show hand
*** SUMMARY ***
Total pot $2 | Rake $0
Seat 5: simper11 (button) (small blind) folded before Flop
Seat 10: 35Front9 (big blind) collected ($2)


PokerStars Hand #156358212824:  Hold'em Limit ($3/$6 USD) - 2016/07/23 18:35:42 ET
Table 'Kolga' 10-max Seat #10 is the button
Seat 5: simper11 ($120 in chips)
Seat 10: 35Front9 ($248.64 in chips)
35Front9: posts small blind $1
simper11: posts big blind $3
*** HOLE CARDS ***
35Front9: calls $2
simper11: checks
*** FLOP *** [8s 5h 6c]
simper11: checks
35Front9: checks
*** TURN *** [8s 5h 6c] [5s]
simper11: checks
35Front9: checks
*** RIVER *** [8s 5h 6c 5s] [6h]
simper11: checks
35Front9: bets $6
simper11: folds
Uncalled bet ($6) returned to 35Front9
35Front9 collected $5.88 from pot
35Front9: doesn't show hand
*** SUMMARY ***
Total pot $6 | Rake $0.12
Board [8s 5h 6c 5s 6h]
Seat 5: simper11 (big blind) folded on the River
Seat 10: 35Front9 (button) (small blind) collected ($5.88)


PokerStars Hand #156358231982:  Hold'em Limit ($3/$6 USD) - 2016/07/23 18:36:11 ET
Table 'Kolga' 10-max Seat #10 is the button
Seat 5: simper11 ($120 in chips)
Seat 10: 35Front9 ($266.02 in chips)
35Front9: posts small blind $1
simper11: posts big blind $3
*** HOLE CARDS ***
35Front9: folds
Uncalled bet ($2) returned to simper11
simper11 collected $2 from pot
simper11: doesn't show hand
*** SUMMARY ***
Total pot $2 | Rake $0
Seat 5: simper11 (big blind) collected ($2)
Seat 10: 35Front9 (button) (small blind) folded before Flop


PokerStars Hand #156358222684:  Hold'em Limit ($3/$6 USD) - 2016/07/23 18:35:57 ET
Table 'Kolga' 10-max Seat #5 is the button
Seat 5: simper11 ($120 in chips)
Seat 10: 35Front9 ($251.52 in chips)
simper11: posts small blind $1
35Front9: posts big blind $3
*** HOLE CARDS ***
simper11: raises $3 to $6
35Front9: raises $3 to $9
simper11: calls $3
*** FLOP *** [7c 2s 4h]
35Front9: checks
simper11: checks
*** TURN *** [7c 2s 4h] [Ks]
35Front9: bets $6
simper11: calls $6
*** RIVER *** [7c 2s 4h Ks] [9s]
35Front9: bets $6
simper11: folds
Uncalled bet ($6) returned to 35Front9
35Front9 collected $29.50 from pot
35Front9: doesn't show hand
*** SUMMARY ***
Total pot $30 | Rake $0.50
Board [7c 2s 4h Ks 9s]
Seat 5: simper11 (button) (small blind) folded on the River
Seat 10: 35Front9 (big blind) collected ($29.50)


PokerStars Hand #156358235212:  Hold'em Limit ($3/$6 USD) - 2016/07/23 18:36:16 ET
Table 'Kolga' 10-max Seat #5 is the button
Seat 5: simper11 ($121 in chips)
Seat 10: 35Front9 ($265.02 in chips)
simper11: posts small blind $1
35Front9: posts big blind $3
*** HOLE CARDS ***
simper11: folds
Uncalled bet ($2) returned to 35Front9
35Front9 collected $2 from pot
35Front9: doesn't show hand
*** SUMMARY ***
Total pot $2 | Rake $0
Seat 5: simper11 (button) (small blind) folded before Flop
Seat 10: 35Front9 (big blind) collected ($2)


PokerStars Hand #156358237883:  Hold'em Limit ($3/$6 USD) - 2016/07/23 18:36:21 ET
Table 'Kolga' 10-max Seat #10 is the button
Seat 5: simper11 ($120 in chips)
Seat 10: 35Front9 ($266.02 in chips)
35Front9: posts small blind $1
simper11: posts big blind $3
*** HOLE CARDS ***
35Front9: raises $3 to $6
simper11: raises $3 to $9
35Front9: calls $3
*** FLOP *** [7h 5d 6d]
simper11: bets $3
35Front9: calls $3
*** TURN *** [7h 5d 6d] [Th]
simper11: bets $6
35Front9: calls $6
*** RIVER *** [7h 5d 6d Th] [3s]
simper11: bets $6
35Front9: folds
Uncalled bet ($6) returned to simper11
simper11 collected $35.50 from pot
simper11: doesn't show hand
*** SUMMARY ***
Total pot $36 | Rake $0.50
Board [7h 5d 6d Th 3s]
Seat 5: simper11 (big blind) collected ($35.50)
Seat 10: 35Front9 (button) (small blind) folded on the River


PokerStars Hand #156358255885:  Hold'em Limit ($3/$6 USD) - 2016/07/23 18:36:35 ET
Table 'Kolga' 10-max Seat #5 is the button
Seat 5: simper11 ($137.50 in chips)
Seat 10: 35Front9 ($248.02 in chips)
simper11: posts small blind $1
35Front9: posts big blind $3
*** HOLE CARDS ***
simper11: folds
Uncalled bet ($2) returned to 35Front9
35Front9 collected $2 from pot
35Front9: doesn't show hand
*** SUMMARY ***
Total pot $2 | Rake $0
Seat 5: simper11 (button) (small blind) folded before Flop
Seat 10: 35Front9 (big blind) collected ($2)


PokerStars Hand #156358259392:  Hold'em Limit ($3/$6 USD) - 2016/07/23 18:36:41 ET
Table 'Kolga' 10-max Seat #10 is the button
Seat 5: simper11 ($136.50 in chips)
Seat 10: 35Front9 ($249.02 in chips)
35Front9: posts small blind $1
simper11: posts big blind $3
*** HOLE CARDS ***
35Front9: raises $3 to $6
simper11: calls $3
*** FLOP *** [As 9s Kh]
simper11: checks
35Front9: bets $3
simper11: raises $3 to $6
35Front9: folds
Uncalled bet ($3) returned to simper11
simper11 collected $17.64 from pot
simper11: doesn't show hand
*** SUMMARY ***
Total pot $18 | Rake $0.36
Board [As 9s Kh]
Seat 5: simper11 (big blind) collected ($17.64)
Seat 10: 35Front9 (button) (small blind) folded on the Flop


PokerStars Hand #156358266460:  Hold'em Limit ($3/$6 USD) - 2016/07/23 18:36:51 ET
Table 'Kolga' 10-max Seat #5 is the button
Seat 5: simper11 ($145.14 in chips)
Seat 10: 35Front9 ($240.02 in chips)
simper11: posts small blind $1
35Front9: posts big blind $3
*** HOLE CARDS ***
simper11: raises $3 to $6
35Front9: calls $3
*** FLOP *** [7d Ah 4d]
35Front9: checks
simper11: bets $3
35Front9: raises $3 to $6
simper11: raises $3 to $9
35Front9: raises $3 to $12
Betting is capped
simper11: calls $3
*** TURN *** [7d Ah 4d] [Kd]
35Front9: bets $6
simper11: calls $6
*** RIVER *** [7d Ah 4d Kd] [Jd]
35Front9: bets $6
simper11: calls $6
*** SHOW DOWN ***
35Front9: shows [2d 5d] (a flush, King high)
simper11: mucks hand
35Front9 collected $59.50 from pot
*** SUMMARY ***
Total pot $60 | Rake $0.50
Board [7d Ah 4d Kd Jd]
Seat 5: simper11 (button) (small blind) mucked
Seat 10: 35Front9 (big blind) showed [2d 5d] and won ($59.50) with a flush, King high


PokerStars Hand #156358277492:  Hold'em Limit ($3/$6 USD) - 2016/07/23 18:37:08 ET
Table 'Kolga' 10-max Seat #10 is the button
Seat 5: simper11 ($120 in chips)
Seat 10: 35Front9 ($269.52 in chips)
35Front9: posts small blind $1
simper11: posts big blind $3
*** HOLE CARDS ***
simper11 said, "lolol"
35Front9: raises $3 to $6
simper11 said, "olol"
simper11: folds
Uncalled bet ($3) returned to 35Front9
35Front9 collected $6 from pot
35Front9: doesn't show hand
*** SUMMARY ***
Total pot $6 | Rake $0
Seat 5: simper11 (big blind) folded before Flop
Seat 10: 35Front9 (button) (small blind) collected ($6)


PokerStars Hand #156358282993:  Hold'em Limit ($3/$6 USD) - 2016/07/23 18:37:17 ET
Table 'Kolga' 10-max Seat #5 is the button
Seat 5: simper11 ($120 in chips)
Seat 10: 35Front9 ($272.52 in chips)
simper11: posts small blind $1
35Front9: posts big blind $3
*** HOLE CARDS ***
simper11: raises $3 to $6
35Front9: calls $3
*** FLOP *** [Qd 5s 3s]
35Front9: bets $3
simper11: raises $3 to $6
35Front9: calls $3
*** TURN *** [Qd 5s 3s] [Kh]
35Front9: checks
simper11: checks
*** RIVER *** [Qd 5s 3s Kh] [6d]
35Front9: bets $6
simper11: calls $6
*** SHOW DOWN ***
35Front9: shows [4h 5c] (a pair of Fives)
simper11: mucks hand
35Front9 collected $35.50 from pot
*** SUMMARY ***
Total pot $36 | Rake $0.50
Board [Qd 5s 3s Kh 6d]
Seat 5: simper11 (button) (small blind) mucked
Seat 10: 35Front9 (big blind) showed [4h 5c] and won ($35.50) with a pair of Fives


PokerStars Hand #156358295929:  Hold'em Limit ($3/$6 USD) - 2016/07/23 18:37:37 ET
Table 'Kolga' 10-max Seat #10 is the button
Seat 5: simper11 ($120 in chips)
Seat 10: 35Front9 ($290.02 in chips)
35Front9: posts small blind $1
simper11: posts big blind $3
*** HOLE CARDS ***
35Front9: calls $2
simper11: checks
*** FLOP *** [2c 5s 6d]
simper11: checks
35Front9: checks
*** TURN *** [2c 5s 6d] [6s]
simper11: checks
35Front9: checks
*** RIVER *** [2c 5s 6d 6s] [2d]
simper11: checks
35Front9: bets $6
simper11: folds
Uncalled bet ($6) returned to 35Front9
35Front9 collected $5.88 from pot
35Front9: doesn't show hand
*** SUMMARY ***
Total pot $6 | Rake $0.12
Board [2c 5s 6d 6s 2d]
Seat 5: simper11 (big blind) folded on the River
Seat 10: 35Front9 (button) (small blind) collected ($5.88)


PokerStars Hand #156358304846:  Hold'em Limit ($3/$6 USD) - 2016/07/23 18:37:51 ET
Table 'Kolga' 10-max Seat #5 is the button
Seat 5: simper11 ($120 in chips)
Seat 10: 35Front9 ($292.90 in chips)
simper11: posts small blind $1
35Front9: posts big blind $3
*** HOLE CARDS ***
simper11: raises $3 to $6
35Front9: calls $3
*** FLOP *** [As Kh 9s]
35Front9: checks
simper11: bets $3
35Front9: calls $3
*** TURN *** [As Kh 9s] [4d]
35Front9: checks
simper11: bets $6
35Front9: folds
Uncalled bet ($6) returned to simper11
simper11 collected $17.64 from pot
simper11: doesn't show hand
*** SUMMARY ***
Total pot $18 | Rake $0.36
Board [As Kh 9s 4d]
Seat 5: simper11 (button) (small blind) collected ($17.64)
Seat 10: 35Front9 (big blind) folded on the Turn


PokerStars Hand #156358313691:  Hold'em Limit ($3/$6 USD) - 2016/07/23 18:38:04 ET
Table 'Kolga' 10-max Seat #10 is the button
Seat 5: simper11 ($128.64 in chips)
Seat 10: 35Front9 ($283.90 in chips)
35Front9: posts small blind $1
simper11: posts big blind $3
*** HOLE CARDS ***
35Front9: calls $2
simper11: checks
*** FLOP *** [Jd 4d 7c]
simper11: checks
35Front9: checks
*** TURN *** [Jd 4d 7c] [5c]
simper11: checks
35Front9: bets $6
simper11: calls $6
*** RIVER *** [Jd 4d 7c 5c] [Kh]
simper11: checks
35Front9: bets $6
simper11: folds
Uncalled bet ($6) returned to 35Front9
35Front9 collected $17.64 from pot
35Front9: doesn't show hand
*** SUMMARY ***
Total pot $18 | Rake $0.36
Board [Jd 4d 7c 5c Kh]
Seat 5: simper11 (big blind) folded on the River
Seat 10: 35Front9 (button) (small blind) collected ($17.64)


PokerStars Hand #156358324044:  Hold'em Limit ($3/$6 USD) - 2016/07/23 18:38:21 ET
Table 'Kolga' 10-max Seat #5 is the button
Seat 5: simper11 ($120 in chips)
Seat 10: 35Front9 ($292.54 in chips)
simper11: posts small blind $1
35Front9: posts big blind $3
*** HOLE CARDS ***
simper11: raises $3 to $6
35Front9: raises $3 to $9
simper11: calls $3
*** FLOP *** [4c 6s 8c]
35Front9: bets $3
simper11: raises $3 to $6
35Front9: raises $3 to $9
simper11: calls $3
*** TURN *** [4c 6s 8c] [5h]
35Front9: bets $6
simper11: calls $6
*** RIVER *** [4c 6s 8c 5h] [3s]
35Front9: bets $6
simper11: calls $6
*** SHOW DOWN ***
35Front9: shows [9d 9h] (a pair of Nines)
simper11: mucks hand
35Front9 collected $59.50 from pot
*** SUMMARY ***
Total pot $60 | Rake $0.50
Board [4c 6s 8c 5h 3s]
Seat 5: simper11 (button) (small blind) mucked
Seat 10: 35Front9 (big blind) showed [9d 9h] and won ($59.50) with a pair of Nines


PokerStars Hand #156358334285:  Hold'em Limit ($3/$6 USD) - 2016/07/23 18:38:37 ET
Table 'Kolga' 10-max Seat #10 is the button
Seat 5: simper11 ($120 in chips)
Seat 10: 35Front9 ($322.04 in chips)
35Front9: posts small blind $1
simper11: posts big blind $3
*** HOLE CARDS ***
35Front9: raises $3 to $6
simper11: calls $3
*** FLOP *** [Qs 8d 8h]
simper11: checks
35Front9: checks
*** TURN *** [Qs 8d 8h] [6s]
simper11: checks
35Front9: checks
*** RIVER *** [Qs 8d 8h 6s] [2h]
simper11: checks
35Front9: bets $6
simper11 said, "ololo"
simper11: folds
Uncalled bet ($6) returned to 35Front9
35Front9 collected $11.76 from pot
35Front9: doesn't show hand
*** SUMMARY ***
Total pot $12 | Rake $0.24
Board [Qs 8d 8h 6s 2h]
Seat 5: simper11 (big blind) folded on the River
Seat 10: 35Front9 (button) (small blind) collected ($11.76)


PokerStars Hand #156358346051:  Hold'em Limit ($3/$6 USD) - 2016/07/23 18:38:55 ET
Table 'Kolga' 10-max Seat #5 is the button
Seat 5: simper11 ($120 in chips)
Seat 10: 35Front9 ($327.80 in chips)
simper11: posts small blind $1
35Front9: posts big blind $3
*** HOLE CARDS ***
simper11: raises $3 to $6
35Front9: calls $3
*** FLOP *** [As 9c Kd]
35Front9: checks
simper11: bets $3
35Front9: raises $3 to $6
simper11: folds
Uncalled bet ($3) returned to 35Front9
35Front9 collected $17.64 from pot
35Front9: doesn't show hand
*** SUMMARY ***
Total pot $18 | Rake $0.36
Board [As 9c Kd]
Seat 5: simper11 (button) (small blind) folded on the Flop
Seat 10: 35Front9 (big blind) collected ($17.64)


PokerStars Hand #156358352406:  Hold'em Limit ($3/$6 USD) - 2016/07/23 18:39:05 ET
Table 'Kolga' 10-max Seat #10 is the button
Seat 5: simper11 ($120 in chips)
Seat 10: 35Front9 ($336.44 in chips)
35Front9: posts small blind $1
simper11: posts big blind $3
*** HOLE CARDS ***
35Front9: folds
Uncalled bet ($2) returned to simper11
simper11 collected $2 from pot
simper11: doesn't show hand
*** SUMMARY ***
Total pot $2 | Rake $0
Seat 5: simper11 (big blind) collected ($2)
Seat 10: 35Front9 (button) (small blind) folded before Flop


PokerStars Hand #156358355658:  Hold'em Limit ($3/$6 USD) - 2016/07/23 18:39:11 ET
Table 'Kolga' 10-max Seat #5 is the button
Seat 5: simper11 ($121 in chips)
Seat 10: 35Front9 ($335.44 in chips)
simper11: posts small blind $1
35Front9: posts big blind $3
*** HOLE CARDS ***
simper11: raises $3 to $6
35Front9: calls $3
*** FLOP *** [6s 2d 8s]
35Front9: checks
simper11: bets $3
35Front9: calls $3
*** TURN *** [6s 2d 8s] [6c]
35Front9: checks
simper11: checks
*** RIVER *** [6s 2d 8s 6c] [6h]
35Front9: bets $6
simper11: calls $6
*** SHOW DOWN ***
35Front9: shows [7c 7d] (a full house, Sixes full of Sevens)
simper11: mucks hand
35Front9 collected $29.50 from pot
*** SUMMARY ***
Total pot $30 | Rake $0.50
Board [6s 2d 8s 6c 6h]
Seat 5: simper11 (button) (small blind) mucked
Seat 10: 35Front9 (big blind) showed [7c 7d] and won ($29.50) with a full house, Sixes full of Sevens


PokerStars Hand #156358365814:  Hold'em Limit ($3/$6 USD) - 2016/07/23 18:39:27 ET
Table 'Kolga' 10-max Seat #10 is the button
Seat 5: simper11 ($120 in chips)
Seat 10: 35Front9 ($349.94 in chips)
35Front9: posts small blind $1
simper11: posts big blind $3
*** HOLE CARDS ***
35Front9: raises $3 to $6
simper11: raises $3 to $9
35Front9: calls $3
*** FLOP *** [7s 4d Ts]
simper11: bets $3
35Front9: raises $3 to $6
simper11: calls $3
*** TURN *** [7s 4d Ts] [8h]
simper11: checks
35Front9: bets $6
simper11: raises $6 to $12
35Front9: calls $6
*** RIVER *** [7s 4d Ts 8h] [7h]
simper11: bets $6
35Front9: folds
Uncalled bet ($6) returned to simper11
simper11 collected $53.50 from pot
simper11: doesn't show hand
*** SUMMARY ***
Total pot $54 | Rake $0.50
Board [7s 4d Ts 8h 7h]
Seat 5: simper11 (big blind) collected ($53.50)
Seat 10: 35Front9 (button) (small blind) folded on the River


PokerStars Hand #156358378820:  Hold'em Limit ($3/$6 USD) - 2016/07/23 18:39:47 ET
Table 'Kolga' 10-max Seat #5 is the button
Seat 5: simper11 ($146.50 in chips)
Seat 10: 35Front9 ($322.94 in chips)
simper11: posts small blind $1
35Front9: posts big blind $3
*** HOLE CARDS ***
simper11: raises $3 to $6
35Front9: calls $3
*** FLOP *** [4h Qc Jh]
35Front9: checks
simper11: bets $3
35Front9: calls $3
*** TURN *** [4h Qc Jh] [Ad]
35Front9: checks
simper11: bets $6
35Front9: folds
Uncalled bet ($6) returned to simper11
simper11 collected $17.64 from pot
simper11: doesn't show hand
*** SUMMARY ***
Total pot $18 | Rake $0.36
Board [4h Qc Jh Ad]
Seat 5: simper11 (button) (small blind) collected ($17.64)
Seat 10: 35Front9 (big blind) folded on the Turn


PokerStars Hand #156358399968:  Hold'em Limit ($3/$6 USD) - 2016/07/23 18:40:21 ET
Table 'Kolga' 10-max Seat #5 is the button
Seat 5: simper11 ($166.66 in chips)
Seat 10: 35Front9 ($301.94 in chips)
simper11: posts small blind $1
35Front9: posts big blind $3
*** HOLE CARDS ***
simper11: folds
Uncalled bet ($2) returned to 35Front9
35Front9 collected $2 from pot
35Front9: doesn't show hand
*** SUMMARY ***
Total pot $2 | Rake $0
Seat 5: simper11 (button) (small blind) folded before Flop
Seat 10: 35Front9 (big blind) collected ($2)


PokerStars Hand #156358391548:  Hold'em Limit ($3/$6 USD) - 2016/07/23 18:40:07 ET
Table 'Kolga' 10-max Seat #10 is the button
Seat 5: simper11 ($155.14 in chips)
Seat 10: 35Front9 ($313.94 in chips)
35Front9: posts small blind $1
simper11: posts big blind $3
*** HOLE CARDS ***
35Front9: raises $3 to $6
simper11: calls $3
*** FLOP *** [3h 4s 2d]
simper11: checks
35Front9: checks
*** TURN *** [3h 4s 2d] [Tc]
simper11: bets $6
35Front9: calls $6
*** RIVER *** [3h 4s 2d Tc] [Jd]
simper11: bets $6
35Front9: folds
Uncalled bet ($6) returned to simper11
simper11 collected $23.52 from pot
simper11: doesn't show hand
*** SUMMARY ***
Total pot $24 | Rake $0.48
Board [3h 4s 2d Tc Jd]
Seat 5: simper11 (big blind) collected ($23.52)
Seat 10: 35Front9 (button) (small blind) folded on the River


PokerStars Hand #156358402946:  Hold'em Limit ($3/$6 USD) - 2016/07/23 18:40:25 ET
Table 'Kolga' 10-max Seat #10 is the button
Seat 5: simper11 ($165.66 in chips)
Seat 10: 35Front9 ($302.94 in chips)
35Front9: posts small blind $1
simper11: posts big blind $3
*** HOLE CARDS ***
35Front9: raises $3 to $6
simper11: calls $3
*** FLOP *** [Kd 7s 4h]
simper11: checks
35Front9: bets $3
simper11: calls $3
*** TURN *** [Kd 7s 4h] [2h]
simper11: checks
35Front9: checks
*** RIVER *** [Kd 7s 4h 2h] [Ac]
simper11: checks
35Front9: checks
*** SHOW DOWN ***
simper11: shows [3s 3h] (a pair of Threes)
35Front9: mucks hand
simper11 collected $17.64 from pot
*** SUMMARY ***
Total pot $18 | Rake $0.36
Board [Kd 7s 4h 2h Ac]
Seat 5: simper11 (big blind) showed [3s 3h] and won ($17.64) with a pair of Threes
Seat 10: 35Front9 (button) (small blind) mucked


PokerStars Hand #156358413184:  Hold'em Limit ($3/$6 USD) - 2016/07/23 18:40:42 ET
Table 'Kolga' 10-max Seat #5 is the button
Seat 5: simper11 ($174.30 in chips)
Seat 10: 35Front9 ($293.94 in chips)
simper11: posts small blind $1
35Front9: posts big blind $3
*** HOLE CARDS ***
simper11: raises $3 to $6
35Front9: calls $3
*** FLOP *** [9s 7d 3h]
35Front9: checks
simper11: bets $3
35Front9: calls $3
*** TURN *** [9s 7d 3h] [Jh]
35Front9: checks
simper11: bets $6
35Front9: folds
Uncalled bet ($6) returned to simper11
simper11 collected $17.64 from pot
simper11: doesn't show hand
*** SUMMARY ***
Total pot $18 | Rake $0.36
Board [9s 7d 3h Jh]
Seat 5: simper11 (button) (small blind) collected ($17.64)
Seat 10: 35Front9 (big blind) folded on the Turn


PokerStars Hand #156358422511:  Hold'em Limit ($3/$6 USD) - 2016/07/23 18:40:57 ET
Table 'Kolga' 10-max Seat #10 is the button
Seat 5: simper11 ($182.94 in chips)
Seat 10: 35Front9 ($284.94 in chips)
35Front9: posts small blind $1
simper11: posts big blind $3
*** HOLE CARDS ***
35Front9: raises $3 to $6
simper11: raises $3 to $9
35Front9: raises $3 to $12
Betting is capped
simper11: calls $3
*** FLOP *** [6s 3h Ts]
simper11: checks
35Front9: bets $3
simper11: calls $3
*** TURN *** [6s 3h Ts] [9h]
simper11: checks
35Front9: bets $6
simper11: calls $6
*** RIVER *** [6s 3h Ts 9h] [7c]
simper11: checks
35Front9: checks
*** SHOW DOWN ***
simper11: shows [8d 8c] (a straight, Six to Ten)
35Front9: mucks hand
simper11 collected $41.50 from pot
*** SUMMARY ***
Total pot $42 | Rake $0.50
Board [6s 3h Ts 9h 7c]
Seat 5: simper11 (big blind) showed [8d 8c] and won ($41.50) with a straight, Six to Ten
Seat 10: 35Front9 (button) (small blind) mucked


PokerStars Hand #156358432774:  Hold'em Limit ($3/$6 USD) - 2016/07/23 18:41:13 ET
Table 'Kolga' 10-max Seat #5 is the button
Seat 5: simper11 ($203.44 in chips)
Seat 10: 35Front9 ($263.94 in chips)
simper11: posts small blind $1
35Front9: posts big blind $3
*** HOLE CARDS ***
GoliafUa leaves the table
simper11: raises $3 to $6
35Front9: calls $3
*** FLOP *** [3d 9d 5h]
35Front9: bets $3
simper11: raises $3 to $6
35Front9: calls $3
*** TURN *** [3d 9d 5h] [Jd]
35Front9: checks
simper11: checks
*** RIVER *** [3d 9d 5h Jd] [5s]
35Front9: bets $6
simper11: calls $6
*** SHOW DOWN ***
35Front9: shows [2h 3h] (two pair, Fives and Threes)
simper11: shows [3s Ac] (two pair, Fives and Threes - Ace kicker)
simper11 collected $35.50 from pot
*** SUMMARY ***
Total pot $36 | Rake $0.50
Board [3d 9d 5h Jd 5s]
Seat 5: simper11 (button) (small blind) showed [3s Ac] and won ($35.50) with two pair, Fives and Threes
Seat 10: 35Front9 (big blind) showed [2h 3h] and lost with two pair, Fives and Threes


PokerStars Hand #156358443154:  Hold'em Limit ($3/$6 USD) - 2016/07/23 18:41:30 ET
Table 'Kolga' 10-max Seat #10 is the button
Seat 5: simper11 ($220.94 in chips)
Seat 10: 35Front9 ($245.94 in chips)
35Front9: posts small blind $1
simper11: posts big blind $3
*** HOLE CARDS ***
35Front9: raises $3 to $6
simper11: calls $3
*** FLOP *** [5d 5h 7s]
simper11: checks
35Front9: checks
*** TURN *** [5d 5h 7s] [5s]
simper11: checks
35Front9: checks
*** RIVER *** [5d 5h 7s 5s] [9h]
simper11: checks
35Front9: checks
*** SHOW DOWN ***
simper11: shows [Th 4h] (three of a kind, Fives)
35Front9: shows [Ad 6s] (three of a kind, Fives - Ace kicker)
35Front9 collected $11.76 from pot
*** SUMMARY ***
Total pot $12 | Rake $0.24
Board [5d 5h 7s 5s 9h]
Seat 5: simper11 (big blind) showed [Th 4h] and lost with three of a kind, Fives
Seat 10: 35Front9 (button) (small blind) showed [Ad 6s] and won ($11.76) with three of a kind, Fives


PokerStars Hand #156358451988:  Hold'em Limit ($3/$6 USD) - 2016/07/23 18:41:44 ET
Table 'Kolga' 10-max Seat #5 is the button
Seat 5: simper11 ($214.94 in chips)
Seat 10: 35Front9 ($251.70 in chips)
simper11: posts small blind $1
35Front9: posts big blind $3
*** HOLE CARDS ***
simper11: raises $3 to $6
35Front9: calls $3
*** FLOP *** [7s As 2c]
35Front9: bets $3
simper11: raises $3 to $6
35Front9: calls $3
*** TURN *** [7s As 2c] [5s]
35Front9: checks
simper11: bets $6
35Front9: folds
Uncalled bet ($6) returned to simper11
simper11 collected $23.52 from pot
simper11: doesn't show hand
*** SUMMARY ***
Total pot $24 | Rake $0.48
Board [7s As 2c 5s]
Seat 5: simper11 (button) (small blind) collected ($23.52)
Seat 10: 35Front9 (big blind) folded on the Turn


PokerStars Hand #156358460570:  Hold'em Limit ($3/$6 USD) - 2016/07/23 18:41:58 ET
Table 'Kolga' 10-max Seat #10 is the button
Seat 5: simper11 ($226.46 in chips)
Seat 10: 35Front9 ($239.70 in chips)
35Front9: posts small blind $1
simper11: posts big blind $3
*** HOLE CARDS ***
35Front9: raises $3 to $6
simper11: folds
Uncalled bet ($3) returned to 35Front9
35Front9 collected $6 from pot
35Front9: doesn't show hand
*** SUMMARY ***
Total pot $6 | Rake $0
Seat 5: simper11 (big blind) folded before Flop
Seat 10: 35Front9 (button) (small blind) collected ($6)


PokerStars Hand #156358463928:  Hold'em Limit ($3/$6 USD) - 2016/07/23 18:42:04 ET
Table 'Kolga' 10-max Seat #5 is the button
Seat 5: simper11 ($223.46 in chips)
Seat 10: 35Front9 ($242.70 in chips)
simper11: posts small blind $1
35Front9: posts big blind $3
*** HOLE CARDS ***
simper11: raises $3 to $6
35Front9: raises $3 to $9
simper11: calls $3
*** FLOP *** [Kc Kd 8s]
35Front9: bets $3
simper11: calls $3
*** TURN *** [Kc Kd 8s] [6d]
35Front9: bets $6
simper11: calls $6
*** RIVER *** [Kc Kd 8s 6d] [Jh]
35Front9: bets $6
simper11: calls $6
*** SHOW DOWN ***
35Front9: shows [Tc Qs] (a pair of Kings)
simper11: shows [Td 8h] (two pair, Kings and Eights)
simper11 collected $47.50 from pot
*** SUMMARY ***
Total pot $48 | Rake $0.50
Board [Kc Kd 8s 6d Jh]
Seat 5: simper11 (button) (small blind) showed [Td 8h] and won ($47.50) with two pair, Kings and Eights
Seat 10: 35Front9 (big blind) showed [Tc Qs] and lost with a pair of Kings


PokerStars Hand #156358472887:  Hold'em Limit ($3/$6 USD) - 2016/07/23 18:42:18 ET
Table 'Kolga' 10-max Seat #10 is the button
Seat 5: simper11 ($246.96 in chips)
Seat 10: 35Front9 ($218.70 in chips)
35Front9: posts small blind $1
simper11: posts big blind $3
*** HOLE CARDS ***
35Front9: folds
Uncalled bet ($2) returned to simper11
simper11 collected $2 from pot
simper11: doesn't show hand
*** SUMMARY ***
Total pot $2 | Rake $0
Seat 5: simper11 (big blind) collected ($2)
Seat 10: 35Front9 (button) (small blind) folded before Flop


PokerStars Hand #156358476967:  Hold'em Limit ($3/$6 USD) - 2016/07/23 18:42:25 ET
Table 'Kolga' 10-max Seat #5 is the button
Seat 5: simper11 ($247.96 in chips)
Seat 10: 35Front9 ($217.70 in chips)
simper11: posts small blind $1
35Front9: posts big blind $3
*** HOLE CARDS ***
simper11: raises $3 to $6
35Front9: raises $3 to $9
simper11: calls $3
*** FLOP *** [Td Kc 4d]
35Front9: bets $3
simper11: calls $3
*** TURN *** [Td Kc 4d] [Ks]
35Front9: bets $6
simper11: calls $6
*** RIVER *** [Td Kc 4d Ks] [3s]
35Front9: bets $6
simper11: calls $6
*** SHOW DOWN ***
35Front9: shows [4h 3h] (two pair, Kings and Fours)
simper11: mucks hand
35Front9 collected $47.50 from pot
*** SUMMARY ***
Total pot $48 | Rake $0.50
Board [Td Kc 4d Ks 3s]
Seat 5: simper11 (button) (small blind) mucked
Seat 10: 35Front9 (big blind) showed [4h 3h] and won ($47.50) with two pair, Kings and Fours


PokerStars Hand #156358485955:  Hold'em Limit ($3/$6 USD) - 2016/07/23 18:42:39 ET
Table 'Kolga' 10-max Seat #10 is the button
Seat 5: simper11 ($223.96 in chips)
Seat 10: 35Front9 ($241.20 in chips)
35Front9: posts small blind $1
simper11: posts big blind $3
*** HOLE CARDS ***
35Front9: folds
Uncalled bet ($2) returned to simper11
simper11 collected $2 from pot
simper11: doesn't show hand
*** SUMMARY ***
Total pot $2 | Rake $0
Seat 5: simper11 (big blind) collected ($2)
Seat 10: 35Front9 (button) (small blind) folded before Flop


PokerStars Hand #156358489155:  Hold'em Limit ($3/$6 USD) - 2016/07/23 18:42:45 ET
Table 'Kolga' 10-max Seat #5 is the button
Seat 5: simper11 ($224.96 in chips)
Seat 10: 35Front9 ($240.20 in chips)
simper11: posts small blind $1
35Front9: posts big blind $3
*** HOLE CARDS ***
simper11: folds
Uncalled bet ($2) returned to 35Front9
35Front9 collected $2 from pot
35Front9: doesn't show hand
*** SUMMARY ***
Total pot $2 | Rake $0
Seat 5: simper11 (button) (small blind) folded before Flop
Seat 10: 35Front9 (big blind) collected ($2)


PokerStars Hand #156358500725:  Hold'em Limit ($3/$6 USD) - 2016/07/23 18:43:03 ET
Table 'Kolga' 10-max Seat #5 is the button
Seat 5: simper11 ($199.96 in chips)
Seat 10: 35Front9 ($264.70 in chips)
simper11: posts small blind $1
35Front9: posts big blind $3
*** HOLE CARDS ***
simper11: folds
Uncalled bet ($2) returned to 35Front9
35Front9 collected $2 from pot
35Front9: doesn't show hand
*** SUMMARY ***
Total pot $2 | Rake $0
Seat 5: simper11 (button) (small blind) folded before Flop
Seat 10: 35Front9 (big blind) collected ($2)


PokerStars Hand #156358492633:  Hold'em Limit ($3/$6 USD) - 2016/07/23 18:42:50 ET
Table 'Kolga' 10-max Seat #10 is the button
Seat 5: simper11 ($223.96 in chips)
Seat 10: 35Front9 ($241.20 in chips)
35Front9: posts small blind $1
simper11: posts big blind $3
*** HOLE CARDS ***
35Front9: raises $3 to $6
simper11: calls $3
*** FLOP *** [2h 2s 7c]
simper11: checks
35Front9: checks
*** TURN *** [2h 2s 7c] [Ts]
simper11: bets $6
35Front9: calls $6
*** RIVER *** [2h 2s 7c Ts] [Ac]
simper11: bets $6
35Front9: raises $6 to $12
simper11: calls $6
*** SHOW DOWN ***
35Front9: shows [As Td] (two pair, Aces and Tens)
simper11: mucks hand
35Front9 collected $47.50 from pot
*** SUMMARY ***
Total pot $48 | Rake $0.50
Board [2h 2s 7c Ts Ac]
Seat 5: simper11 (big blind) mucked
Seat 10: 35Front9 (button) (small blind) showed [As Td] and won ($47.50) with two pair, Aces and Tens


PokerStars Hand #156358503553:  Hold'em Limit ($3/$6 USD) - 2016/07/23 18:43:08 ET
Table 'Kolga' 10-max Seat #10 is the button
Seat 5: simper11 ($198.96 in chips)
Seat 10: 35Front9 ($265.70 in chips)
35Front9: posts small blind $1
simper11: posts big blind $3
*** HOLE CARDS ***
35Front9: raises $3 to $6
simper11: calls $3
*** FLOP *** [5d Jd 4h]
simper11: checks
35Front9: checks
*** TURN *** [5d Jd 4h] [Jc]
simper11: bets $6
35Front9: calls $6
*** RIVER *** [5d Jd 4h Jc] [9c]
simper11: bets $6
35Front9: raises $6 to $12
simper11: calls $6
*** SHOW DOWN ***
35Front9: shows [4d 4s] (a full house, Fours full of Jacks)
simper11: mucks hand
35Front9 collected $47.50 from pot
*** SUMMARY ***
Total pot $48 | Rake $0.50
Board [5d Jd 4h Jc 9c]
Seat 5: simper11 (big blind) mucked
Seat 10: 35Front9 (button) (small blind) showed [4d 4s] and won ($47.50) with a full house, Fours full of Jacks


PokerStars Hand #156358512475:  Hold'em Limit ($3/$6 USD) - 2016/07/23 18:43:22 ET
Table 'Kolga' 10-max Seat #5 is the button
Seat 5: simper11 ($174.96 in chips)
Seat 10: 35Front9 ($289.20 in chips)
simper11: posts small blind $1
35Front9: posts big blind $3
*** HOLE CARDS ***
simper11: raises $3 to $6
35Front9: calls $3
*** FLOP *** [Kd 3h Jh]
35Front9: checks
simper11: bets $3
35Front9: raises $3 to $6
simper11: calls $3
*** TURN *** [Kd 3h Jh] [Jc]
35Front9: checks
simper11: bets $6
35Front9: calls $6
*** RIVER *** [Kd 3h Jh Jc] [5h]
35Front9: bets $6
simper11: calls $6
*** SHOW DOWN ***
35Front9: shows [8h 9h] (a flush, Jack high)
simper11: mucks hand
35Front9 collected $47.50 from pot
*** SUMMARY ***
Total pot $48 | Rake $0.50
Board [Kd 3h Jh Jc 5h]
Seat 5: simper11 (button) (small blind) mucked
Seat 10: 35Front9 (big blind) showed [8h 9h] and won ($47.50) with a flush, Jack high


PokerStars Hand #156358524049:  Hold'em Limit ($3/$6 USD) - 2016/07/23 18:43:41 ET
Table 'Kolga' 10-max Seat #10 is the button
Seat 5: simper11 ($150.96 in chips)
Seat 10: 35Front9 ($312.70 in chips)
35Front9: posts small blind $1
simper11: posts big blind $3
*** HOLE CARDS ***
35Front9: calls $2
simper11: checks
*** FLOP *** [3h Ah Qs]
simper11: checks
35Front9: bets $3
simper11: calls $3
*** TURN *** [3h Ah Qs] [3s]
simper11: checks
35Front9: checks
*** RIVER *** [3h Ah Qs 3s] [6h]
simper11: bets $6
35Front9: raises $6 to $12
simper11: raises $6 to $18
35Front9: calls $6
*** SHOW DOWN ***
simper11: shows [Ks 3c] (three of a kind, Threes)
35Front9: mucks hand
simper11 collected $47.50 from pot
*** SUMMARY ***
Total pot $48 | Rake $0.50
Board [3h Ah Qs 3s 6h]
Seat 5: simper11 (big blind) showed [Ks 3c] and won ($47.50) with three of a kind, Threes
Seat 10: 35Front9 (button) (small blind) mucked


PokerStars Hand #156358535048:  Hold'em Limit ($3/$6 USD) - 2016/07/23 18:43:59 ET
Table 'Kolga' 10-max Seat #5 is the button
Seat 5: simper11 ($174.46 in chips)
Seat 10: 35Front9 ($288.70 in chips)
simper11: posts small blind $1
35Front9: posts big blind $3
*** HOLE CARDS ***
simper11: raises $3 to $6
35Front9: folds
Uncalled bet ($3) returned to simper11
simper11 collected $6 from pot
simper11: doesn't show hand
*** SUMMARY ***
Total pot $6 | Rake $0
Seat 5: simper11 (button) (small blind) collected ($6)
Seat 10: 35Front9 (big blind) folded before Flop


PokerStars Hand #156358539023:  Hold'em Limit ($3/$6 USD) - 2016/07/23 18:44:05 ET
Table 'Kolga' 10-max Seat #10 is the button
Seat 5: simper11 ($177.46 in chips)
Seat 10: 35Front9 ($285.70 in chips)
35Front9: posts small blind $1
simper11: posts big blind $3
*** HOLE CARDS ***
35Front9: calls $2
simper11: checks
*** FLOP *** [Ac 9c 4h]
simper11: checks
35Front9: bets $3
simper11: folds
Uncalled bet ($3) returned to 35Front9
35Front9 collected $5.88 from pot
35Front9: doesn't show hand
*** SUMMARY ***
Total pot $6 | Rake $0.12
Board [Ac 9c 4h]
Seat 5: simper11 (big blind) folded on the Flop
Seat 10: 35Front9 (button) (small blind) collected ($5.88)


PokerStars Hand #156358545340:  Hold'em Limit ($3/$6 USD) - 2016/07/23 18:44:16 ET
Table 'Kolga' 10-max Seat #5 is the button
Seat 5: simper11 ($174.46 in chips)
Seat 10: 35Front9 ($288.58 in chips)
simper11: posts small blind $1
35Front9: posts big blind $3
*** HOLE CARDS ***
simper11: raises $3 to $6
35Front9: calls $3
*** FLOP *** [Tc 7c 6d]
35Front9: checks
simper11: bets $3
35Front9: raises $3 to $6
simper11: folds
Uncalled bet ($3) returned to 35Front9
35Front9 collected $17.64 from pot
35Front9: doesn't show hand
*** SUMMARY ***
Total pot $18 | Rake $0.36
Board [Tc 7c 6d]
Seat 5: simper11 (button) (small blind) folded on the Flop
Seat 10: 35Front9 (big blind) collected ($17.64)


PokerStars Hand #156358552146:  Hold'em Limit ($3/$6 USD) - 2016/07/23 18:44:27 ET
Table 'Kolga' 10-max Seat #10 is the button
Seat 5: simper11 ($165.46 in chips)
Seat 10: 35Front9 ($297.22 in chips)
35Front9: posts small blind $1
simper11: posts big blind $3
*** HOLE CARDS ***
35Front9: calls $2
simper11: raises $3 to $6
35Front9: calls $3
*** FLOP *** [Ks 7h 4s]
simper11: bets $3
35Front9: calls $3
*** TURN *** [Ks 7h 4s] [Ac]
simper11: bets $6
35Front9: folds
Uncalled bet ($6) returned to simper11
simper11 collected $17.64 from pot
simper11: doesn't show hand
*** SUMMARY ***
Total pot $18 | Rake $0.36
Board [Ks 7h 4s Ac]
Seat 5: simper11 (big blind) collected ($17.64)
Seat 10: 35Front9 (button) (small blind) folded on the Turn


PokerStars Hand #156358559051:  Hold'em Limit ($3/$6 USD) - 2016/07/23 18:44:38 ET
Table 'Kolga' 10-max Seat #5 is the button
Seat 5: simper11 ($174.10 in chips)
Seat 10: 35Front9 ($288.22 in chips)
simper11: posts small blind $1
35Front9: posts big blind $3
*** HOLE CARDS ***
simper11: raises $3 to $6
35Front9: calls $3
*** FLOP *** [Kh 4s 8c]
35Front9: checks
simper11: bets $3
35Front9: folds
Uncalled bet ($3) returned to simper11
simper11 collected $11.76 from pot
simper11: doesn't show hand
*** SUMMARY ***
Total pot $12 | Rake $0.24
Board [Kh 4s 8c]
Seat 5: simper11 (button) (small blind) collected ($11.76)
Seat 10: 35Front9 (big blind) folded on the Flop


PokerStars Hand #156358566013:  Hold'em Limit ($3/$6 USD) - 2016/07/23 18:44:49 ET
Table 'Kolga' 10-max Seat #10 is the button
Seat 5: simper11 ($179.86 in chips)
Seat 10: 35Front9 ($282.22 in chips)
35Front9: posts small blind $1
simper11: posts big blind $3
*** HOLE CARDS ***
35Front9: raises $3 to $6
simper11: calls $3
*** FLOP *** [Qs 7d 3h]
simper11: checks
35Front9: bets $3
simper11: folds
Uncalled bet ($3) returned to 35Front9
35Front9 collected $11.76 from pot
35Front9: doesn't show hand
*** SUMMARY ***
Total pot $12 | Rake $0.24
Board [Qs 7d 3h]
Seat 5: simper11 (big blind) folded on the Flop
Seat 10: 35Front9 (button) (small blind) collected ($11.76)


PokerStars Hand #156358571840:  Hold'em Limit ($3/$6 USD) - 2016/07/23 18:44:59 ET
Table 'Kolga' 10-max Seat #5 is the button
Seat 5: simper11 ($173.86 in chips)
Seat 10: 35Front9 ($287.98 in chips)
simper11: posts small blind $1
35Front9: posts big blind $3
*** HOLE CARDS ***
simper11: folds
Uncalled bet ($2) returned to 35Front9
35Front9 collected $2 from pot
35Front9: doesn't show hand
*** SUMMARY ***
Total pot $2 | Rake $0
Seat 5: simper11 (button) (small blind) folded before Flop
Seat 10: 35Front9 (big blind) collected ($2)


PokerStars Hand #156358574453:  Hold'em Limit ($3/$6 USD) - 2016/07/23 18:45:03 ET
Table 'Kolga' 10-max Seat #10 is the button
Seat 5: simper11 ($172.86 in chips)
Seat 10: 35Front9 ($288.98 in chips)
35Front9: posts small blind $1
simper11: posts big blind $3
*** HOLE CARDS ***
35Front9: raises $3 to $6
simper11: calls $3
*** FLOP *** [2c 8d Ad]
simper11: checks
35Front9: bets $3
simper11: folds
Uncalled bet ($3) returned to 35Front9
35Front9 collected $11.76 from pot
35Front9: doesn't show hand
*** SUMMARY ***
Total pot $12 | Rake $0.24
Board [2c 8d Ad]
Seat 5: simper11 (big blind) folded on the Flop
Seat 10: 35Front9 (button) (small blind) collected ($11.76)


PokerStars Hand #156358582375:  Hold'em Limit ($3/$6 USD) - 2016/07/23 18:45:16 ET
Table 'Kolga' 10-max Seat #5 is the button
Seat 5: simper11 ($166.86 in chips)
Seat 10: 35Front9 ($294.74 in chips)
simper11: posts small blind $1
35Front9: posts big blind $3
*** HOLE CARDS ***
simper11: raises $3 to $6
35Front9: calls $3
*** FLOP *** [5c 8h 2h]
35Front9: checks
simper11: bets $3
35Front9: calls $3
*** TURN *** [5c 8h 2h] [6h]
35Front9: checks
simper11: bets $6
35Front9: raises $6 to $12
simper11: calls $6
*** RIVER *** [5c 8h 2h 6h] [2c]
35Front9: bets $6
simper11: calls $6
*** SHOW DOWN ***
35Front9: shows [Js Th] (a pair of Deuces)
simper11: shows [6d 4h] (two pair, Sixes and Deuces)
simper11 collected $53.50 from pot
*** SUMMARY ***
Total pot $54 | Rake $0.50
Board [5c 8h 2h 6h 2c]
Seat 5: simper11 (button) (small blind) showed [6d 4h] and won ($53.50) with two pair, Sixes and Deuces
Seat 10: 35Front9 (big blind) showed [Js Th] and lost with a pair of Deuces


PokerStars Hand #156358599009:  Hold'em Limit ($3/$6 USD) - 2016/07/23 18:45:44 ET
Table 'Kolga' 10-max Seat #5 is the button
Seat 5: simper11 ($190.36 in chips)
Seat 10: 35Front9 ($270.62 in chips)
simper11: posts small blind $1
35Front9: posts big blind $3
*** HOLE CARDS ***
simper11: folds
Uncalled bet ($2) returned to 35Front9
35Front9 collected $2 from pot
35Front9: doesn't show hand
*** SUMMARY ***
Total pot $2 | Rake $0
Seat 5: simper11 (button) (small blind) folded before Flop
Seat 10: 35Front9 (big blind) collected ($2)


PokerStars Hand #156358591553:  Hold'em Limit ($3/$6 USD) - 2016/07/23 18:45:32 ET
Table 'Kolga' 10-max Seat #10 is the button
Seat 5: simper11 ($193.36 in chips)
Seat 10: 35Front9 ($267.74 in chips)
35Front9: posts small blind $1
simper11: posts big blind $3
*** HOLE CARDS ***
35Front9: calls $2
simper11: checks
*** FLOP *** [4c Qs As]
simper11: checks
35Front9: checks
*** TURN *** [4c Qs As] [7c]
simper11: checks
35Front9: checks
*** RIVER *** [4c Qs As 7c] [Ad]
simper11: checks
35Front9: checks
*** SHOW DOWN ***
simper11: shows [2s 5d] (a pair of Aces)
35Front9: shows [8c Kh] (a pair of Aces - King kicker)
35Front9 collected $5.88 from pot
*** SUMMARY ***
Total pot $6 | Rake $0.12
Board [4c Qs As 7c Ad]
Seat 5: simper11 (big blind) showed [2s 5d] and lost with a pair of Aces
Seat 10: 35Front9 (button) (small blind) showed [8c Kh] and won ($5.88) with a pair of Aces


PokerStars Hand #156358601778:  Hold'em Limit ($3/$6 USD) - 2016/07/23 18:45:49 ET
Table 'Kolga' 10-max Seat #10 is the button
Seat 5: simper11 ($189.36 in chips)
Seat 10: 35Front9 ($271.62 in chips)
35Front9: posts small blind $1
simper11: posts big blind $3
*** HOLE CARDS ***
35Front9: folds
Uncalled bet ($2) returned to simper11
simper11 collected $2 from pot
simper11: doesn't show hand
*** SUMMARY ***
Total pot $2 | Rake $0
Seat 5: simper11 (big blind) collected ($2)
Seat 10: 35Front9 (button) (small blind) folded before Flop


PokerStars Hand #156358604820:  Hold'em Limit ($3/$6 USD) - 2016/07/23 18:45:54 ET
Table 'Kolga' 10-max Seat #5 is the button
Seat 5: simper11 ($190.36 in chips)
Seat 10: 35Front9 ($270.62 in chips)
simper11: posts small blind $1
35Front9: posts big blind $3
*** HOLE CARDS ***
simper11: raises $3 to $6
35Front9: calls $3
*** FLOP *** [Ts Kd 3d]
35Front9: checks
simper11: bets $3
35Front9: raises $3 to $6
simper11: calls $3
*** TURN *** [Ts Kd 3d] [2h]
35Front9: bets $6
simper11: calls $6
*** RIVER *** [Ts Kd 3d 2h] [8d]
35Front9: bets $6
simper11: calls $6
*** SHOW DOWN ***
35Front9: shows [4h 7h] (high card King)
simper11: shows [Ad 8h] (a pair of Eights)
simper11 collected $47.50 from pot
*** SUMMARY ***
Total pot $48 | Rake $0.50
Board [Ts Kd 3d 2h 8d]
Seat 5: simper11 (button) (small blind) showed [Ad 8h] and won ($47.50) with a pair of Eights
Seat 10: 35Front9 (big blind) showed [4h 7h] and lost with high card King


PokerStars Hand #156358621861:  Hold'em Limit ($3/$6 USD) - 2016/07/23 18:46:22 ET
Table 'Kolga' 10-max Seat #5 is the button
Seat 5: simper11 ($210.86 in chips)
Seat 10: 35Front9 ($249.62 in chips)
simper11: posts small blind $1
35Front9: posts big blind $3
*** HOLE CARDS ***
simper11: raises $3 to $6
35Front9: raises $3 to $9
simper11: calls $3
*** FLOP *** [2c Kd Tc]
35Front9: bets $3
simper11: folds
Uncalled bet ($3) returned to 35Front9
35Front9 collected $17.64 from pot
35Front9: doesn't show hand
*** SUMMARY ***
Total pot $18 | Rake $0.36
Board [2c Kd Tc]
Seat 5: simper11 (button) (small blind) folded on the Flop
Seat 10: 35Front9 (big blind) collected ($17.64)


PokerStars Hand #156358618681:  Hold'em Limit ($3/$6 USD) - 2016/07/23 18:46:17 ET
Table 'Kolga' 10-max Seat #10 is the button
Seat 5: simper11 ($213.86 in chips)
Seat 10: 35Front9 ($246.62 in chips)
35Front9: posts small blind $1
simper11: posts big blind $3
*** HOLE CARDS ***
35Front9: raises $3 to $6
simper11: folds
Uncalled bet ($3) returned to 35Front9
35Front9 collected $6 from pot
35Front9: doesn't show hand
*** SUMMARY ***
Total pot $6 | Rake $0
Seat 5: simper11 (big blind) folded before Flop
Seat 10: 35Front9 (button) (small blind) collected ($6)


PokerStars Hand #156358627086:  Hold'em Limit ($3/$6 USD) - 2016/07/23 18:46:31 ET
Table 'Kolga' 10-max Seat #10 is the button
Seat 5: simper11 ($201.86 in chips)
Seat 10: 35Front9 ($258.26 in chips)
35Front9: posts small blind $1
simper11: posts big blind $3
*** HOLE CARDS ***
35Front9: raises $3 to $6
simper11: calls $3
*** FLOP *** [Jc Qc Kh]
simper11: checks
35Front9: bets $3
simper11: raises $3 to $6
35Front9: folds
Uncalled bet ($3) returned to simper11
simper11 collected $17.64 from pot
simper11: doesn't show hand
*** SUMMARY ***
Total pot $18 | Rake $0.36
Board [Jc Qc Kh]
Seat 5: simper11 (big blind) collected ($17.64)
Seat 10: 35Front9 (button) (small blind) folded on the Flop


PokerStars Hand #156358633240:  Hold'em Limit ($3/$6 USD) - 2016/07/23 18:46:41 ET
Table 'Kolga' 10-max Seat #5 is the button
Seat 5: simper11 ($210.50 in chips)
Seat 10: 35Front9 ($249.26 in chips)
simper11: posts small blind $1
35Front9: posts big blind $3
*** HOLE CARDS ***
simper11: raises $3 to $6
35Front9: calls $3
*** FLOP *** [5h 3c Qd]
35Front9: checks
simper11: bets $3
35Front9: calls $3
*** TURN *** [5h 3c Qd] [4s]
35Front9: checks
simper11: checks
*** RIVER *** [5h 3c Qd 4s] [7h]
35Front9: bets $6
simper11: folds
Uncalled bet ($6) returned to 35Front9
35Front9 collected $17.64 from pot
35Front9: doesn't show hand
*** SUMMARY ***
Total pot $18 | Rake $0.36
Board [5h 3c Qd 4s 7h]
Seat 5: simper11 (button) (small blind) folded on the River
Seat 10: 35Front9 (big blind) collected ($17.64)


PokerStars Hand #156358653262:  Hold'em Limit ($3/$6 USD) - 2016/07/23 18:47:14 ET
Table 'Kolga' 10-max Seat #5 is the button
Seat 5: simper11 ($216 in chips)
Seat 10: 35Front9 ($242.90 in chips)
simper11: posts small blind $1
35Front9: posts big blind $3
*** HOLE CARDS ***
simper11: folds
Uncalled bet ($2) returned to 35Front9
35Front9 collected $2 from pot
35Front9: doesn't show hand
*** SUMMARY ***
Total pot $2 | Rake $0
Seat 5: simper11 (button) (small blind) folded before Flop
Seat 10: 35Front9 (big blind) collected ($2)


PokerStars Hand #156358643221:  Hold'em Limit ($3/$6 USD) - 2016/07/23 18:46:57 ET
Table 'Kolga' 10-max Seat #10 is the button
Seat 5: simper11 ($201.50 in chips)
Seat 10: 35Front9 ($257.90 in chips)
35Front9: posts small blind $1
simper11: posts big blind $3
*** HOLE CARDS ***
35Front9: raises $3 to $6
simper11: calls $3
*** FLOP *** [5s Jc Ah]
simper11: checks
35Front9: bets $3
simper11: raises $3 to $6
35Front9: raises $3 to $9
simper11: calls $3
*** TURN *** [5s Jc Ah] [4d]
simper11: checks
35Front9: checks
*** RIVER *** [5s Jc Ah 4d] [9c]
simper11: bets $6
35Front9: folds
Uncalled bet ($6) returned to simper11
simper11 collected $29.50 from pot
simper11: doesn't show hand
*** SUMMARY ***
Total pot $30 | Rake $0.50
Board [5s Jc Ah 4d 9c]
Seat 5: simper11 (big blind) collected ($29.50)
Seat 10: 35Front9 (button) (small blind) folded on the River


PokerStars Hand #156358655908:  Hold'em Limit ($3/$6 USD) - 2016/07/23 18:47:18 ET
Table 'Kolga' 10-max Seat #10 is the button
Seat 5: simper11 ($215 in chips)
Seat 10: 35Front9 ($243.90 in chips)
35Front9: posts small blind $1
simper11: posts big blind $3
*** HOLE CARDS ***
35Front9: raises $3 to $6
simper11: raises $3 to $9
35Front9: raises $3 to $12
Betting is capped
simper11: calls $3
*** FLOP *** [9s 7d 2d]
simper11: checks
35Front9: bets $3
simper11: raises $3 to $6
35Front9: raises $3 to $9
simper11: calls $3
*** TURN *** [9s 7d 2d] [9c]
simper11: checks
35Front9: checks
*** RIVER *** [9s 7d 2d 9c] [4c]
simper11: checks
35Front9: bets $6
simper11: calls $6
*** SHOW DOWN ***
35Front9: shows [8d 6c] (a pair of Nines)
simper11: shows [Qd Kd] (a pair of Nines - King kicker)
simper11 collected $53.50 from pot
*** SUMMARY ***
Total pot $54 | Rake $0.50
Board [9s 7d 2d 9c 4c]
Seat 5: simper11 (big blind) showed [Qd Kd] and won ($53.50) with a pair of Nines
Seat 10: 35Front9 (button) (small blind) showed [8d 6c] and lost with a pair of Nines


PokerStars Hand #156358668115:  Hold'em Limit ($3/$6 USD) - 2016/07/23 18:47:38 ET
Table 'Kolga' 10-max Seat #5 is the button
Seat 5: simper11 ($241.50 in chips)
Seat 10: 35Front9 ($216.90 in chips)
simper11: posts small blind $1
35Front9: posts big blind $3
*** HOLE CARDS ***
simper11: raises $3 to $6
35Front9: raises $3 to $9
simper11: calls $3
*** FLOP *** [7c 6c Ad]
35Front9: bets $3
simper11: calls $3
*** TURN *** [7c 6c Ad] [Ah]
35Front9: bets $6
simper11: raises $6 to $12
35Front9: calls $6
*** RIVER *** [7c 6c Ad Ah] [3h]
35Front9: checks
simper11: bets $6
35Front9: calls $6
*** SHOW DOWN ***
simper11: shows [Ac 5c] (three of a kind, Aces)
35Front9: mucks hand
simper11 collected $59.50 from pot
*** SUMMARY ***
Total pot $60 | Rake $0.50
Board [7c 6c Ad Ah 3h]
Seat 5: simper11 (button) (small blind) showed [Ac 5c] and won ($59.50) with three of a kind, Aces
Seat 10: 35Front9 (big blind) mucked


PokerStars Hand #156358678800:  Hold'em Limit ($3/$6 USD) - 2016/07/23 18:47:56 ET
Table 'Kolga' 10-max Seat #10 is the button
Seat 5: simper11 ($271 in chips)
Seat 10: 35Front9 ($186.90 in chips)
35Front9: posts small blind $1
simper11: posts big blind $3
*** HOLE CARDS ***
35Front9: raises $3 to $6
simper11: calls $3
*** FLOP *** [2c 9h 4h]
simper11: checks
35Front9: bets $3
simper11: calls $3
*** TURN *** [2c 9h 4h] [5s]
simper11: checks
35Front9: bets $6
simper11: calls $6
*** RIVER *** [2c 9h 4h 5s] [Jc]
simper11: checks
35Front9: checks
*** SHOW DOWN ***
simper11: shows [7c 5h] (a pair of Fives)
35Front9: mucks hand
simper11 collected $29.50 from pot
*** SUMMARY ***
Total pot $30 | Rake $0.50
Board [2c 9h 4h 5s Jc]
Seat 5: simper11 (big blind) showed [7c 5h] and won ($29.50) with a pair of Fives
Seat 10: 35Front9 (button) (small blind) mucked


PokerStars Hand #156358687026:  Hold'em Limit ($3/$6 USD) - 2016/07/23 18:48:10 ET
Table 'Kolga' 10-max Seat #5 is the button
Seat 5: simper11 ($285.50 in chips)
Seat 10: 35Front9 ($171.90 in chips)
simper11: posts small blind $1
35Front9: posts big blind $3
*** HOLE CARDS ***
simper11: raises $3 to $6
35Front9: calls $3
*** FLOP *** [6h 9s Ac]
35Front9: checks
simper11: bets $3
35Front9: raises $3 to $6
simper11: folds
Uncalled bet ($3) returned to 35Front9
35Front9 collected $17.64 from pot
35Front9: doesn't show hand
*** SUMMARY ***
Total pot $18 | Rake $0.36
Board [6h 9s Ac]
Seat 5: simper11 (button) (small blind) folded on the Flop
Seat 10: 35Front9 (big blind) collected ($17.64)


PokerStars Hand #156358693614:  Hold'em Limit ($3/$6 USD) - 2016/07/23 18:48:21 ET
Table 'Kolga' 10-max Seat #10 is the button
Seat 5: simper11 ($276.50 in chips)
Seat 10: 35Front9 ($180.54 in chips)
35Front9: posts small blind $1
simper11: posts big blind $3
*** HOLE CARDS ***
35Front9: folds
Uncalled bet ($2) returned to simper11
simper11 collected $2 from pot
simper11: doesn't show hand
*** SUMMARY ***
Total pot $2 | Rake $0
Seat 5: simper11 (big blind) collected ($2)
Seat 10: 35Front9 (button) (small blind) folded before Flop


PokerStars Hand #156358696848:  Hold'em Limit ($3/$6 USD) - 2016/07/23 18:48:26 ET
Table 'Kolga' 10-max Seat #5 is the button
Seat 5: simper11 ($277.50 in chips)
Seat 10: 35Front9 ($179.54 in chips)
simper11: posts small blind $1
35Front9: posts big blind $3
*** HOLE CARDS ***
simper11: raises $3 to $6
35Front9: raises $3 to $9
simper11: calls $3
*** FLOP *** [6d 9d 8c]
35Front9: bets $3
simper11: calls $3
*** TURN *** [6d 9d 8c] [Qd]
35Front9: bets $6
simper11: calls $6
*** RIVER *** [6d 9d 8c Qd] [6h]
35Front9: bets $6
simper11: calls $6
*** SHOW DOWN ***
35Front9: shows [Ad Ah] (two pair, Aces and Sixes)
simper11: mucks hand
35Front9 collected $47.50 from pot
*** SUMMARY ***
Total pot $48 | Rake $0.50
Board [6d 9d 8c Qd 6h]
Seat 5: simper11 (button) (small blind) mucked
Seat 10: 35Front9 (big blind) showed [Ad Ah] and won ($47.50) with two pair, Aces and Sixes


PokerStars Hand #156358712177:  Hold'em Limit ($3/$6 USD) - 2016/07/23 18:48:52 ET
Table 'Kolga' 10-max Seat #5 is the button
Seat 5: simper11 ($250.50 in chips)
Seat 10: 35Front9 ($205.92 in chips)
simper11: posts small blind $1
35Front9: posts big blind $3
*** HOLE CARDS ***
simper11: raises $3 to $6
35Front9: folds
Uncalled bet ($3) returned to simper11
simper11 collected $6 from pot
simper11: doesn't show hand
*** SUMMARY ***
Total pot $6 | Rake $0
Seat 5: simper11 (button) (small blind) collected ($6)
Seat 10: 35Front9 (big blind) folded before Flop


PokerStars Hand #156358704850:  Hold'em Limit ($3/$6 USD) - 2016/07/23 18:48:39 ET
Table 'Kolga' 10-max Seat #10 is the button
Seat 5: simper11 ($253.50 in chips)
Seat 10: 35Front9 ($203.04 in chips)
35Front9: posts small blind $1
simper11: posts big blind $3
*** HOLE CARDS ***
35Front9: calls $2
simper11: checks
*** FLOP *** [3h As 9d]
simper11: checks
35Front9: checks
*** TURN *** [3h As 9d] [Qd]
simper11: checks
35Front9: checks
*** RIVER *** [3h As 9d Qd] [7h]
simper11: checks
35Front9: checks
*** SHOW DOWN ***
simper11: shows [4c Tc] (high card Ace)
35Front9: shows [7d 6c] (a pair of Sevens)
35Front9 collected $5.88 from pot
*** SUMMARY ***
Total pot $6 | Rake $0.12
Board [3h As 9d Qd 7h]
Seat 5: simper11 (big blind) showed [4c Tc] and lost with high card Ace
Seat 10: 35Front9 (button) (small blind) showed [7d 6c] and won ($5.88) with a pair of Sevens


PokerStars Hand #156358719251:  Hold'em Limit ($3/$6 USD) - 2016/07/23 18:49:04 ET
Table 'Kolga' 10-max Seat #5 is the button
Seat 5: simper11 ($250.50 in chips)
Seat 10: 35Front9 ($205.92 in chips)
simper11: posts small blind $1
35Front9: posts big blind $3
*** HOLE CARDS ***
simper11: raises $3 to $6
35Front9: folds
Uncalled bet ($3) returned to simper11
simper11 collected $6 from pot
simper11: doesn't show hand
*** SUMMARY ***
Total pot $6 | Rake $0
Seat 5: simper11 (button) (small blind) collected ($6)
Seat 10: 35Front9 (big blind) folded before Flop


PokerStars Hand #156358715768:  Hold'em Limit ($3/$6 USD) - 2016/07/23 18:48:58 ET
Table 'Kolga' 10-max Seat #10 is the button
Seat 5: simper11 ($253.50 in chips)
Seat 10: 35Front9 ($202.92 in chips)
35Front9: posts small blind $1
simper11: posts big blind $3
*** HOLE CARDS ***
35Front9: raises $3 to $6
simper11: folds
Uncalled bet ($3) returned to 35Front9
35Front9 collected $6 from pot
35Front9: doesn't show hand
*** SUMMARY ***
Total pot $6 | Rake $0
Seat 5: simper11 (big blind) folded before Flop
Seat 10: 35Front9 (button) (small blind) collected ($6)


PokerStars Hand #156358722678:  Hold'em Limit ($3/$6 USD) - 2016/07/23 18:49:09 ET
Table 'Kolga' 10-max Seat #10 is the button
Seat 5: simper11 ($253.50 in chips)
Seat 10: 35Front9 ($202.92 in chips)
35Front9: posts small blind $1
simper11: posts big blind $3
*** HOLE CARDS ***
35Front9: raises $3 to $6
simper11: raises $3 to $9
35Front9: calls $3
*** FLOP *** [9c Th 2d]
simper11: bets $3
35Front9: calls $3
*** TURN *** [9c Th 2d] [7s]
simper11: bets $6
35Front9: calls $6
*** RIVER *** [9c Th 2d 7s] [8d]
simper11: bets $6
35Front9: calls $6
*** SHOW DOWN ***
simper11: shows [8c 8s] (three of a kind, Eights)
35Front9: mucks hand
simper11 collected $47.50 from pot
*** SUMMARY ***
Total pot $48 | Rake $0.50
Board [9c Th 2d 7s 8d]
Seat 5: simper11 (big blind) showed [8c 8s] and won ($47.50) with three of a kind, Eights
Seat 10: 35Front9 (button) (small blind) mucked


PokerStars Hand #156358732807:  Hold'em Limit ($3/$6 USD) - 2016/07/23 18:49:27 ET
Table 'Kolga' 10-max Seat #5 is the button
Seat 5: simper11 ($277 in chips)
Seat 10: 35Front9 ($178.92 in chips)
simper11: posts small blind $1
35Front9: posts big blind $3
*** HOLE CARDS ***
simper11: raises $3 to $6
35Front9: raises $3 to $9
simper11: calls $3
*** FLOP *** [2d Th 7d]
35Front9: bets $3
simper11: folds
Uncalled bet ($3) returned to 35Front9
35Front9 collected $17.64 from pot
35Front9: doesn't show hand
*** SUMMARY ***
Total pot $18 | Rake $0.36
Board [2d Th 7d]
Seat 5: simper11 (button) (small blind) folded on the Flop
Seat 10: 35Front9 (big blind) collected ($17.64)


PokerStars Hand #156358738434:  Hold'em Limit ($3/$6 USD) - 2016/07/23 18:49:36 ET
Table 'Kolga' 10-max Seat #10 is the button
Seat 5: simper11 ($268 in chips)
Seat 10: 35Front9 ($187.56 in chips)
35Front9: posts small blind $1
simper11: posts big blind $3
*** HOLE CARDS ***
35Front9: calls $2
simper11: checks
*** FLOP *** [9c 7s Jc]
simper11: checks
35Front9: checks
*** TURN *** [9c 7s Jc] [Kd]
simper11: checks
35Front9: bets $6
simper11: folds
Uncalled bet ($6) returned to 35Front9
35Front9 collected $5.88 from pot
35Front9: doesn't show hand
*** SUMMARY ***
Total pot $6 | Rake $0.12
Board [9c 7s Jc Kd]
Seat 5: simper11 (big blind) folded on the Turn
Seat 10: 35Front9 (button) (small blind) collected ($5.88)


PokerStars Hand #156358754816:  Hold'em Limit ($3/$6 USD) - 2016/07/23 18:50:04 ET
Table 'Kolga' 10-max Seat #10 is the button
Seat 5: simper11 ($285.50 in chips)
Seat 10: 35Front9 ($169.44 in chips)
35Front9: posts small blind $1
simper11: posts big blind $3
*** HOLE CARDS ***
35Front9: raises $3 to $6
simper11: folds
Uncalled bet ($3) returned to 35Front9
35Front9 collected $6 from pot
35Front9: doesn't show hand
*** SUMMARY ***
Total pot $6 | Rake $0
Seat 5: simper11 (big blind) folded before Flop
Seat 10: 35Front9 (button) (small blind) collected ($6)


PokerStars Hand #156358745445:  Hold'em Limit ($3/$6 USD) - 2016/07/23 18:49:48 ET
Table 'Kolga' 10-max Seat #5 is the button
Seat 5: simper11 ($265 in chips)
Seat 10: 35Front9 ($190.44 in chips)
simper11: posts small blind $1
35Front9: posts big blind $3
*** HOLE CARDS ***
simper11: raises $3 to $6
35Front9: calls $3
*** FLOP *** [Ts 3h 5c]
35Front9: checks
simper11: bets $3
35Front9: calls $3
*** TURN *** [Ts 3h 5c] [3c]
35Front9: checks
simper11: bets $6
35Front9: calls $6
*** RIVER *** [Ts 3h 5c 3c] [9c]
35Front9: checks
simper11: bets $6
35Front9: calls $6
*** SHOW DOWN ***
simper11: shows [Tc Th] (a full house, Tens full of Threes)
35Front9: mucks hand
simper11 collected $41.50 from pot
*** SUMMARY ***
Total pot $42 | Rake $0.50
Board [Ts 3h 5c 3c 9c]
Seat 5: simper11 (button) (small blind) showed [Tc Th] and won ($41.50) with a full house, Tens full of Threes
Seat 10: 35Front9 (big blind) mucked


PokerStars Hand #156358786232:  Hold'em Limit ($3/$6 USD) - 2016/07/23 18:50:57 ET
Table 'Kolga' 10-max Seat #10 is the button
Seat 5: simper11 ($213.50 in chips)
Seat 10: 35Front9 ($239.96 in chips)
35Front9: posts small blind $1
simper11: posts big blind $3
*** HOLE CARDS ***
35Front9: calls $2
simper11: raises $3 to $6
35Front9: calls $3
*** FLOP *** [Js 7s 4d]
simper11: bets $3
35Front9: calls $3
*** TURN *** [Js 7s 4d] [Td]
simper11: bets $6
35Front9: folds
Uncalled bet ($6) returned to simper11
simper11 collected $17.64 from pot
simper11: doesn't show hand
*** SUMMARY ***
Total pot $18 | Rake $0.36
Board [Js 7s 4d Td]
Seat 5: simper11 (big blind) collected ($17.64)
Seat 10: 35Front9 (button) (small blind) folded on the Turn


PokerStars Hand #156358778265:  Hold'em Limit ($3/$6 USD) - 2016/07/23 18:50:43 ET
Table 'Kolga' 10-max Seat #5 is the button
Seat 5: simper11 ($225.50 in chips)
Seat 10: 35Front9 ($228.44 in chips)
simper11: posts small blind $1
35Front9: posts big blind $3
*** HOLE CARDS ***
simper11: raises $3 to $6
35Front9: raises $3 to $9
simper11: calls $3
*** FLOP *** [5d 2s 5c]
35Front9: bets $3
simper11: calls $3
*** TURN *** [5d 2s 5c] [3c]
35Front9: bets $6
simper11: folds
Uncalled bet ($6) returned to 35Front9
35Front9 collected $23.52 from pot
35Front9: doesn't show hand
*** SUMMARY ***
Total pot $24 | Rake $0.48
Board [5d 2s 5c 3c]
Seat 5: simper11 (button) (small blind) folded on the Turn
Seat 10: 35Front9 (big blind) collected ($23.52)


PokerStars Hand #156358768784:  Hold'em Limit ($3/$6 USD) - 2016/07/23 18:50:27 ET
Table 'Kolga' 10-max Seat #10 is the button
Seat 5: simper11 ($255.50 in chips)
Seat 10: 35Front9 ($198.94 in chips)
35Front9: posts small blind $1
simper11: posts big blind $3
*** HOLE CARDS ***
35Front9: raises $3 to $6
simper11: raises $3 to $9
35Front9: calls $3
*** FLOP *** [Td 8c Th]
simper11: bets $3
35Front9: calls $3
*** TURN *** [Td 8c Th] [2c]
simper11: bets $6
35Front9: calls $6
*** RIVER *** [Td 8c Th 2c] [4d]
simper11: bets $6
35Front9: raises $6 to $12
simper11: calls $6
*** SHOW DOWN ***
35Front9: shows [6d Ah] (a pair of Tens)
simper11: mucks hand
35Front9 collected $59.50 from pot
*** SUMMARY ***
Total pot $60 | Rake $0.50
Board [Td 8c Th 2c 4d]
Seat 5: simper11 (big blind) mucked
Seat 10: 35Front9 (button) (small blind) showed [6d Ah] and won ($59.50) with a pair of Tens


PokerStars Hand #156358758136:  Hold'em Limit ($3/$6 USD) - 2016/07/23 18:50:09 ET
Table 'Kolga' 10-max Seat #5 is the button
Seat 5: simper11 ($282.50 in chips)
Seat 10: 35Front9 ($172.44 in chips)
simper11: posts small blind $1
35Front9: posts big blind $3
*** HOLE CARDS ***
simper11: raises $3 to $6
35Front9: raises $3 to $9
simper11: calls $3
*** FLOP *** [8d 9s 8c]
35Front9: checks
simper11: checks
*** TURN *** [8d 9s 8c] [3h]
35Front9: checks
simper11: checks
*** RIVER *** [8d 9s 8c 3h] [6d]
35Front9: bets $6
simper11: raises $6 to $12
35Front9: raises $6 to $18
simper11: calls $6
*** SHOW DOWN ***
35Front9: shows [Jd 8s] (three of a kind, Eights)
simper11: mucks hand
35Front9 collected $53.50 from pot
*** SUMMARY ***
Total pot $54 | Rake $0.50
Board [8d 9s 8c 3h 6d]
Seat 5: simper11 (button) (small blind) mucked
Seat 10: 35Front9 (big blind) showed [Jd 8s] and won ($53.50) with three of a kind, Eights


PokerStars Hand #156358818041:  Hold'em Limit ($3/$6 USD) - 2016/07/23 18:51:51 ET
Table 'Kolga' 10-max Seat #10 is the button
Seat 5: simper11 ($218.78 in chips)
Seat 10: 35Front9 ($233.48 in chips)
35Front9: posts small blind $1
simper11: posts big blind $3
*** HOLE CARDS ***
35Front9: raises $3 to $6
simper11: raises $3 to $9
35Front9: raises $3 to $12
Betting is capped
simper11: calls $3
*** FLOP *** [Ts Js Jh]
simper11: checks
35Front9: bets $3
simper11: calls $3
*** TURN *** [Ts Js Jh] [5d]
simper11: checks
35Front9: bets $6
simper11: calls $6
*** RIVER *** [Ts Js Jh 5d] [4s]
simper11: checks
35Front9: bets $6
simper11: calls $6
*** SHOW DOWN ***
35Front9: shows [Kd Ks] (two pair, Kings and Jacks)
simper11: mucks hand
35Front9 collected $53.50 from pot
*** SUMMARY ***
Total pot $54 | Rake $0.50
Board [Ts Js Jh 5d 4s]
Seat 5: simper11 (big blind) mucked
Seat 10: 35Front9 (button) (small blind) showed [Kd Ks] and won ($53.50) with two pair, Kings and Jacks


PokerStars Hand #156358812314:  Hold'em Limit ($3/$6 USD) - 2016/07/23 18:51:41 ET
Table 'Kolga' 10-max Seat #5 is the button
Seat 5: simper11 ($213.02 in chips)
Seat 10: 35Front9 ($239.48 in chips)
simper11: posts small blind $1
35Front9: posts big blind $3
*** HOLE CARDS ***
simper11: raises $3 to $6
35Front9: calls $3
*** FLOP *** [7c Jd 5c]
35Front9: checks
simper11: bets $3
35Front9: folds
Uncalled bet ($3) returned to simper11
simper11 collected $11.76 from pot
simper11: doesn't show hand
*** SUMMARY ***
Total pot $12 | Rake $0.24
Board [7c Jd 5c]
Seat 5: simper11 (button) (small blind) collected ($11.76)
Seat 10: 35Front9 (big blind) folded on the Flop


PokerStars Hand #156358804743:  Hold'em Limit ($3/$6 USD) - 2016/07/23 18:51:28 ET
Table 'Kolga' 10-max Seat #10 is the button
Seat 5: simper11 ($210.14 in chips)
Seat 10: 35Front9 ($242.48 in chips)
35Front9: posts small blind $1
simper11: posts big blind $3
*** HOLE CARDS ***
35Front9: calls $2
simper11: checks
*** FLOP *** [4s 9d Ac]
simper11: checks
35Front9: checks
*** TURN *** [4s 9d Ac] [4d]
simper11: checks
35Front9: checks
*** RIVER *** [4s 9d Ac 4d] [5s]
simper11: bets $6
35Front9: folds
Uncalled bet ($6) returned to simper11
simper11 collected $5.88 from pot
simper11: doesn't show hand
*** SUMMARY ***
Total pot $6 | Rake $0.12
Board [4s 9d Ac 4d 5s]
Seat 5: simper11 (big blind) collected ($5.88)
Seat 10: 35Front9 (button) (small blind) folded on the River


PokerStars Hand #156358792980:  Hold'em Limit ($3/$6 USD) - 2016/07/23 18:51:08 ET
Table 'Kolga' 10-max Seat #5 is the button
Seat 5: simper11 ($222.14 in chips)
Seat 10: 35Front9 ($230.96 in chips)
simper11: posts small blind $1
35Front9: posts big blind $3
*** HOLE CARDS ***
simper11: raises $3 to $6
35Front9: calls $3
*** FLOP *** [6d 5c 2s]
35Front9: checks
simper11: checks
*** TURN *** [6d 5c 2s] [9s]
35Front9: bets $6
simper11: calls $6
*** RIVER *** [6d 5c 2s 9s] [Ac]
35Front9: bets $6
simper11: folds
Uncalled bet ($6) returned to 35Front9
35Front9 collected $23.52 from pot
35Front9: doesn't show hand
*** SUMMARY ***
Total pot $24 | Rake $0.48
Board [6d 5c 2s 9s Ac]
Seat 5: simper11 (button) (small blind) folded on the River
Seat 10: 35Front9 (big blind) collected ($23.52)


PokerStars Hand #156358852643:  Hold'em Limit ($3/$6 USD) - 2016/07/23 18:52:51 ET
Table 'Kolga' 10-max Seat #5 is the button
Seat 5: simper11 ($206.18 in chips)
Seat 10: 35Front9 ($244.86 in chips)
simper11: posts small blind $1
35Front9: posts big blind $3
*** HOLE CARDS ***
simper11: raises $3 to $6
35Front9: calls $3
*** FLOP *** [9d 8h 9h]
35Front9: checks
simper11: bets $3
35Front9: calls $3
*** TURN *** [9d 8h 9h] [6h]
35Front9: checks
simper11: checks
*** RIVER *** [9d 8h 9h 6h] [Ac]
35Front9: bets $6
simper11: raises $6 to $12
35Front9: raises $6 to $18
simper11: calls $6
*** SHOW DOWN ***
35Front9: shows [8d 9c] (a full house, Nines full of Eights)
simper11: mucks hand
35Front9 collected $53.50 from pot
*** SUMMARY ***
Total pot $54 | Rake $0.50
Board [9d 8h 9h 6h Ac]
Seat 5: simper11 (button) (small blind) mucked
Seat 10: 35Front9 (big blind) showed [8d 9c] and won ($53.50) with a full house, Nines full of Eights


PokerStars Hand #156358843252:  Hold'em Limit ($3/$6 USD) - 2016/07/23 18:52:35 ET
Table 'Kolga' 10-max Seat #10 is the button
Seat 5: simper11 ($197.54 in chips)
Seat 10: 35Front9 ($253.86 in chips)
35Front9: posts small blind $1
simper11: posts big blind $3
*** HOLE CARDS ***
35Front9: raises $3 to $6
simper11: calls $3
*** FLOP *** [Jd Kd Th]
simper11: checks
35Front9: bets $3
simper11: calls $3
*** TURN *** [Jd Kd Th] [7h]
simper11: checks
35Front9: checks
*** RIVER *** [Jd Kd Th 7h] [8h]
simper11: checks
35Front9: checks
*** SHOW DOWN ***
simper11: shows [Js 3c] (a pair of Jacks)
35Front9: mucks hand
simper11 collected $17.64 from pot
*** SUMMARY ***
Total pot $18 | Rake $0.36
Board [Jd Kd Th 7h 8h]
Seat 5: simper11 (big blind) showed [Js 3c] and won ($17.64) with a pair of Jacks
Seat 10: 35Front9 (button) (small blind) mucked


PokerStars Hand #156358840021:  Hold'em Limit ($3/$6 USD) - 2016/07/23 18:52:29 ET
Table 'Kolga' 10-max Seat #5 is the button
Seat 5: simper11 ($194.54 in chips)
Seat 10: 35Front9 ($256.86 in chips)
simper11: posts small blind $1
35Front9: posts big blind $3
*** HOLE CARDS ***
simper11: raises $3 to $6
35Front9: folds
Uncalled bet ($3) returned to simper11
simper11 collected $6 from pot
simper11: doesn't show hand
*** SUMMARY ***
Total pot $6 | Rake $0
Seat 5: simper11 (button) (small blind) collected ($6)
Seat 10: 35Front9 (big blind) folded before Flop


PokerStars Hand #156358834758:  Hold'em Limit ($3/$6 USD) - 2016/07/23 18:52:20 ET
Table 'Kolga' 10-max Seat #10 is the button
Seat 5: simper11 ($197.54 in chips)
Seat 10: 35Front9 ($253.98 in chips)
35Front9: posts small blind $1
simper11: posts big blind $3
*** HOLE CARDS ***
35Front9: calls $2
simper11: checks
*** FLOP *** [Qh 2s Ad]
simper11: checks
35Front9: bets $3
simper11: folds
Uncalled bet ($3) returned to 35Front9
35Front9 collected $5.88 from pot
35Front9: doesn't show hand
*** SUMMARY ***
Total pot $6 | Rake $0.12
Board [Qh 2s Ad]
Seat 5: simper11 (big blind) folded on the Flop
Seat 10: 35Front9 (button) (small blind) collected ($5.88)


PokerStars Hand #156358829202:  Hold'em Limit ($3/$6 USD) - 2016/07/23 18:52:10 ET
Table 'Kolga' 10-max Seat #5 is the button
Seat 5: simper11 ($191.78 in chips)
Seat 10: 35Front9 ($259.98 in chips)
simper11: posts small blind $1
35Front9: posts big blind $3
*** HOLE CARDS ***
simper11: raises $3 to $6
35Front9: calls $3
*** FLOP *** [Ad 6h 3s]
35Front9: checks
simper11: bets $3
35Front9: folds
Uncalled bet ($3) returned to simper11
simper11 collected $11.76 from pot
simper11: doesn't show hand
*** SUMMARY ***
Total pot $12 | Rake $0.24
Board [Ad 6h 3s]
Seat 5: simper11 (button) (small blind) collected ($11.76)
Seat 10: 35Front9 (big blind) folded on the Flop


PokerStars Hand #156358887544:  Hold'em Limit ($3/$6 USD) - 2016/07/23 18:53:51 ET
Table 'Kolga' 10-max Seat #5 is the button
Seat 5: simper11 ($192.58 in chips)
Seat 10: 35Front9 ($257.24 in chips)
simper11: posts small blind $1
35Front9: posts big blind $3
*** HOLE CARDS ***
simper11: raises $3 to $6
35Front9: calls $3
*** FLOP *** [Jc 5h 6s]
35Front9: checks
simper11: bets $3
35Front9: folds
Uncalled bet ($3) returned to simper11
simper11 collected $11.76 from pot
simper11: doesn't show hand
*** SUMMARY ***
Total pot $12 | Rake $0.24
Board [Jc 5h 6s]
Seat 5: simper11 (button) (small blind) collected ($11.76)
Seat 10: 35Front9 (big blind) folded on the Flop


PokerStars Hand #156358881201:  Hold'em Limit ($3/$6 USD) - 2016/07/23 18:53:40 ET
Table 'Kolga' 10-max Seat #10 is the button
Seat 5: simper11 ($195.58 in chips)
Seat 10: 35Front9 ($254.36 in chips)
35Front9: posts small blind $1
simper11: posts big blind $3
*** HOLE CARDS ***
35Front9: calls $2
simper11: checks
*** FLOP *** [Ks Kh Qc]
simper11: checks
35Front9: bets $3
simper11: folds
Uncalled bet ($3) returned to 35Front9
35Front9 collected $5.88 from pot
35Front9: doesn't show hand
*** SUMMARY ***
Total pot $6 | Rake $0.12
Board [Ks Kh Qc]
Seat 5: simper11 (big blind) folded on the Flop
Seat 10: 35Front9 (button) (small blind) collected ($5.88)


PokerStars Hand #156358877506:  Hold'em Limit ($3/$6 USD) - 2016/07/23 18:53:34 ET
Table 'Kolga' 10-max Seat #5 is the button
Seat 5: simper11 ($192.58 in chips)
Seat 10: 35Front9 ($257.36 in chips)
simper11: posts small blind $1
35Front9: posts big blind $3
*** HOLE CARDS ***
simper11: raises $3 to $6
35Front9: folds
Uncalled bet ($3) returned to simper11
simper11 collected $6 from pot
simper11: doesn't show hand
*** SUMMARY ***
Total pot $6 | Rake $0
Seat 5: simper11 (button) (small blind) collected ($6)
Seat 10: 35Front9 (big blind) folded before Flop


PokerStars Hand #156358867963:  Hold'em Limit ($3/$6 USD) - 2016/07/23 18:53:17 ET
Table 'Kolga' 10-max Seat #5 is the button
Seat 5: simper11 ($184.94 in chips)
Seat 10: 35Front9 ($265.36 in chips)
simper11: posts small blind $1
35Front9: posts big blind $3
*** HOLE CARDS ***
simper11: folds
Uncalled bet ($2) returned to 35Front9
35Front9 collected $2 from pot
35Front9: doesn't show hand
*** SUMMARY ***
Total pot $2 | Rake $0
Seat 5: simper11 (button) (small blind) folded before Flop
Seat 10: 35Front9 (big blind) collected ($2)


PokerStars Hand #156358862062:  Hold'em Limit ($3/$6 USD) - 2016/07/23 18:53:07 ET
Table 'Kolga' 10-max Seat #10 is the button
Seat 5: simper11 ($179.18 in chips)
Seat 10: 35Front9 ($271.36 in chips)
35Front9: posts small blind $1
simper11: posts big blind $3
*** HOLE CARDS ***
35Front9: calls $2
simper11: checks
*** FLOP *** [4c 6s 2h]
simper11: bets $3
35Front9: calls $3
*** TURN *** [4c 6s 2h] [Qc]
simper11: bets $6
35Front9: folds
Uncalled bet ($6) returned to simper11
simper11 collected $11.76 from pot
simper11: doesn't show hand
*** SUMMARY ***
Total pot $12 | Rake $0.24
Board [4c 6s 2h Qc]
Seat 5: simper11 (big blind) collected ($11.76)
Seat 10: 35Front9 (button) (small blind) folded on the Turn


PokerStars Hand #156358920114:  Hold'em Limit ($3/$6 USD) - 2016/07/23 18:54:47 ET
Table 'Kolga' 10-max Seat #5 is the button
Seat 5: simper11 ($224.34 in chips)
Seat 10: 35Front9 ($223.74 in chips)
simper11: posts small blind $1
35Front9: posts big blind $3
*** HOLE CARDS ***
simper11: raises $3 to $6
35Front9: calls $3
*** FLOP *** [Ks 9h 6c]
35Front9: bets $3
simper11: raises $3 to $6
35Front9: calls $3
*** TURN *** [Ks 9h 6c] [8d]
35Front9: checks
simper11: bets $6
35Front9: calls $6
*** RIVER *** [Ks 9h 6c 8d] [8s]
35Front9: bets $6
simper11: calls $6
*** SHOW DOWN ***
35Front9: shows [8h 7s] (three of a kind, Eights)
simper11: mucks hand
35Front9 collected $47.50 from pot
*** SUMMARY ***
Total pot $48 | Rake $0.50
Board [Ks 9h 6c 8d 8s]
Seat 5: simper11 (button) (small blind) mucked
Seat 10: 35Front9 (big blind) showed [8h 7s] and won ($47.50) with three of a kind, Eights


PokerStars Hand #156358911290:  Hold'em Limit ($3/$6 USD) - 2016/07/23 18:54:32 ET
Table 'Kolga' 10-max Seat #10 is the button
Seat 5: simper11 ($194.84 in chips)
Seat 10: 35Front9 ($253.74 in chips)
35Front9: posts small blind $1
simper11: posts big blind $3
*** HOLE CARDS ***
35Front9: raises $3 to $6
simper11: calls $3
*** FLOP *** [2d 6h 7h]
simper11: checks
35Front9: checks
*** TURN *** [2d 6h 7h] [6s]
simper11: bets $6
35Front9: calls $6
*** RIVER *** [2d 6h 7h 6s] [Ah]
simper11: bets $6
35Front9: raises $6 to $12
simper11: raises $6 to $18
35Front9: calls $6
*** SHOW DOWN ***
simper11: shows [2h 9h] (a flush, Ace high)
35Front9: mucks hand
simper11 collected $59.50 from pot
*** SUMMARY ***
Total pot $60 | Rake $0.50
Board [2d 6h 7h 6s Ah]
Seat 5: simper11 (big blind) showed [2h 9h] and won ($59.50) with a flush, Ace high
Seat 10: 35Front9 (button) (small blind) mucked


PokerStars Hand #156358901564:  Hold'em Limit ($3/$6 USD) - 2016/07/23 18:54:15 ET
Table 'Kolga' 10-max Seat #5 is the button
Seat 5: simper11 ($212.84 in chips)
Seat 10: 35Front9 ($236.24 in chips)
simper11: posts small blind $1
35Front9: posts big blind $3
*** HOLE CARDS ***
simper11: raises $3 to $6
35Front9: calls $3
*** FLOP *** [4h 6d 8d]
35Front9: bets $3
simper11: raises $3 to $6
35Front9: calls $3
*** TURN *** [4h 6d 8d] [Kh]
35Front9: checks
simper11: bets $6
35Front9: calls $6
*** RIVER *** [4h 6d 8d Kh] [8s]
35Front9: checks
simper11: checks
*** SHOW DOWN ***
35Front9: shows [As 6h] (two pair, Eights and Sixes)
simper11: mucks hand
35Front9 collected $35.50 from pot
*** SUMMARY ***
Total pot $36 | Rake $0.50
Board [4h 6d 8d Kh 8s]
Seat 5: simper11 (button) (small blind) mucked
Seat 10: 35Front9 (big blind) showed [As 6h] and won ($35.50) with two pair, Eights and Sixes


PokerStars Hand #156358892605:  Hold'em Limit ($3/$6 USD) - 2016/07/23 18:54:00 ET
Table 'Kolga' 10-max Seat #10 is the button
Seat 5: simper11 ($198.34 in chips)
Seat 10: 35Front9 ($251.24 in chips)
35Front9: posts small blind $1
simper11: posts big blind $3
*** HOLE CARDS ***
35Front9: calls $2
simper11: checks
*** FLOP *** [3s 4s 8h]
simper11: checks
35Front9: bets $3
simper11: raises $3 to $6
35Front9: calls $3
*** TURN *** [3s 4s 8h] [Qc]
simper11: bets $6
35Front9: calls $6
*** RIVER *** [3s 4s 8h Qc] [Ac]
simper11: bets $6
35Front9: folds
Uncalled bet ($6) returned to simper11
simper11 collected $29.50 from pot
simper11: doesn't show hand
*** SUMMARY ***
Total pot $30 | Rake $0.50
Board [3s 4s 8h Qc Ac]
Seat 5: simper11 (big blind) collected ($29.50)
Seat 10: 35Front9 (button) (small blind) folded on the River


PokerStars Hand #156358954930:  Hold'em Limit ($3/$6 USD) - 2016/07/23 18:55:55 ET
Table 'Kolga' 10-max Seat #10 is the button
Seat 5: simper11 ($244.36 in chips)
Seat 10: 35Front9 ($202.24 in chips)
35Front9: posts small blind $1
simper11: posts big blind $3
*** HOLE CARDS ***
35Front9: raises $3 to $6
simper11: calls $3
*** FLOP *** [4c 3s 4h]
simper11: checks
35Front9: bets $3
simper11: calls $3
*** TURN *** [4c 3s 4h] [8h]
simper11: checks
35Front9: bets $6
simper11: calls $6
*** RIVER *** [4c 3s 4h 8h] [7c]
simper11: checks
35Front9: checks
*** SHOW DOWN ***
simper11: shows [3h 9h] (two pair, Fours and Threes)
35Front9: mucks hand
simper11 collected $29.50 from pot
*** SUMMARY ***
Total pot $30 | Rake $0.50
Board [4c 3s 4h 8h 7c]
Seat 5: simper11 (big blind) showed [3h 9h] and won ($29.50) with two pair, Fours and Threes
Seat 10: 35Front9 (button) (small blind) mucked


PokerStars Hand #156358947536:  Hold'em Limit ($3/$6 USD) - 2016/07/23 18:55:39 ET
Table 'Kolga' 10-max Seat #5 is the button
Seat 5: simper11 ($214.86 in chips)
Seat 10: 35Front9 ($232.24 in chips)
simper11: posts small blind $1
35Front9: posts big blind $3
*** HOLE CARDS ***
simper11: raises $3 to $6
35Front9: calls $3
*** FLOP *** [Qd 8c 9d]
35Front9: bets $3
simper11: raises $3 to $6
35Front9: calls $3
*** TURN *** [Qd 8c 9d] [Ts]
35Front9: checks
simper11: checks
*** RIVER *** [Qd 8c 9d Ts] [9h]
35Front9: bets $6
simper11: raises $6 to $12
35Front9: raises $6 to $18
simper11: calls $6
*** SHOW DOWN ***
35Front9: shows [6s 9c] (three of a kind, Nines)
simper11: shows [9s Ac] (three of a kind, Nines - Ace kicker)
simper11 collected $59.50 from pot
*** SUMMARY ***
Total pot $60 | Rake $0.50
Board [Qd 8c 9d Ts 9h]
Seat 5: simper11 (button) (small blind) showed [9s Ac] and won ($59.50) with three of a kind, Nines
Seat 10: 35Front9 (big blind) showed [6s 9c] and lost with three of a kind, Nines


PokerStars Hand #156358941947:  Hold'em Limit ($3/$6 USD) - 2016/07/23 18:55:27 ET
Table 'Kolga' 10-max Seat #10 is the button
Seat 5: simper11 ($206.22 in chips)
Seat 10: 35Front9 ($241.24 in chips)
35Front9: posts small blind $1
simper11: posts big blind $3
*** HOLE CARDS ***
35Front9: raises $3 to $6
simper11: calls $3
*** FLOP *** [7h 9c Td]
simper11: bets $3
35Front9: calls $3
*** TURN *** [7h 9c Td] [As]
simper11: bets $6
35Front9: folds
Uncalled bet ($6) returned to simper11
simper11 collected $17.64 from pot
simper11: doesn't show hand
*** SUMMARY ***
Total pot $18 | Rake $0.36
Board [7h 9c Td As]
Seat 5: simper11 (big blind) collected ($17.64)
Seat 10: 35Front9 (button) (small blind) folded on the Turn


PokerStars Hand #156358939236:  Hold'em Limit ($3/$6 USD) - 2016/07/23 18:55:21 ET
Table 'Kolga' 10-max Seat #5 is the button
Seat 5: simper11 ($203.22 in chips)
Seat 10: 35Front9 ($244.24 in chips)
simper11: posts small blind $1
35Front9: posts big blind $3
*** HOLE CARDS ***
simper11: raises $3 to $6
35Front9: folds
Uncalled bet ($3) returned to simper11
simper11 collected $6 from pot
simper11: doesn't show hand
*** SUMMARY ***
Total pot $6 | Rake $0
Seat 5: simper11 (button) (small blind) collected ($6)
Seat 10: 35Front9 (big blind) folded before Flop


PokerStars Hand #156358930453:  Hold'em Limit ($3/$6 USD) - 2016/07/23 18:55:05 ET
Table 'Kolga' 10-max Seat #10 is the button
Seat 5: simper11 ($200.34 in chips)
Seat 10: 35Front9 ($247.24 in chips)
35Front9: posts small blind $1
simper11: posts big blind $3
*** HOLE CARDS ***
35Front9: calls $2
simper11: checks
*** FLOP *** [As 8d 6d]
simper11: checks
35Front9: checks
*** TURN *** [As 8d 6d] [8h]
simper11: checks
35Front9: checks
*** RIVER *** [As 8d 6d 8h] [Kc]
simper11: checks
35Front9: checks
*** SHOW DOWN ***
simper11: shows [3s Qs] (a pair of Eights)
35Front9: mucks hand
simper11 collected $5.88 from pot
*** SUMMARY ***
Total pot $6 | Rake $0.12
Board [As 8d 6d 8h Kc]
Seat 5: simper11 (big blind) showed [3s Qs] and won ($5.88) with a pair of Eights
Seat 10: 35Front9 (button) (small blind) mucked


PokerStars Hand #156358980980:  Hold'em Limit ($3/$6 USD) - 2016/07/23 18:56:49 ET
Table 'Kolga' 10-max Seat #5 is the button
Seat 5: simper11 ($288.11 in chips)
Seat 10: 35Front9 ($156.99 in chips)
simper11: posts small blind $1
35Front9: posts big blind $3
*** HOLE CARDS ***
simper11: raises $3 to $6
35Front9: calls $3
*** FLOP *** [6d 3c Ad]
Chessnok joins the table at seat #1
35Front9: checks
simper11: bets $3
35Front9: folds
Uncalled bet ($3) returned to simper11
simper11 collected $11.76 from pot
simper11: doesn't show hand
*** SUMMARY ***
Total pot $12 | Rake $0.24
Board [6d 3c Ad]
Seat 5: simper11 (button) (small blind) collected ($11.76)
Seat 10: 35Front9 (big blind) folded on the Flop


PokerStars Hand #156358972653:  Hold'em Limit ($3/$6 USD) - 2016/07/23 18:56:32 ET
Table 'Kolga' 10-max Seat #10 is the button
Seat 5: simper11 ($288.36 in chips)
Seat 10: 35Front9 ($157.24 in chips)
35Front9: posts small blind $1
simper11: posts big blind $3
*** HOLE CARDS ***
35Front9: raises $3 to $6
simper11: calls $3
*** FLOP *** [Qd Jh As]
simper11: checks
35Front9: checks
*** TURN *** [Qd Jh As] [Ac]
simper11: checks
35Front9: bets $6
simper11: calls $6
*** RIVER *** [Qd Jh As Ac] [Qh]
simper11: checks
35Front9: bets $6
simper11: calls $6
*** SHOW DOWN ***
35Front9: shows [4h 8h] (two pair, Aces and Queens)
simper11: shows [7s Jc] (two pair, Aces and Queens)
simper11 collected $17.75 from pot
35Front9 collected $17.75 from pot
*** SUMMARY ***
Total pot $36 | Rake $0.50
Board [Qd Jh As Ac Qh]
Seat 5: simper11 (big blind) showed [7s Jc] and won ($17.75) with two pair, Aces and Queens
Seat 10: 35Front9 (button) (small blind) showed [4h 8h] and won ($17.75) with two pair, Aces and Queens


PokerStars Hand #156358963024:  Hold'em Limit ($3/$6 USD) - 2016/07/23 18:56:12 ET
Table 'Kolga' 10-max Seat #5 is the button
Seat 5: simper11 ($258.86 in chips)
Seat 10: 35Front9 ($187.24 in chips)
simper11: posts small blind $1
35Front9: posts big blind $3
*** HOLE CARDS ***
simper11: raises $3 to $6
35Front9: calls $3
*** FLOP *** [7d Jh Qd]
35Front9: checks
simper11: bets $3
35Front9: raises $3 to $6
simper11: calls $3
*** TURN *** [7d Jh Qd] [9s]
35Front9: bets $6
simper11: calls $6
*** RIVER *** [7d Jh Qd 9s] [Ks]
35Front9: bets $6
simper11: raises $6 to $12
35Front9: calls $6
*** SHOW DOWN ***
simper11: shows [9c Ts] (a straight, Nine to King)
35Front9: mucks hand
simper11 collected $59.50 from pot
*** SUMMARY ***
Total pot $60 | Rake $0.50
Board [7d Jh Qd 9s Ks]
Seat 5: simper11 (button) (small blind) showed [9c Ts] and won ($59.50) with a straight, Nine to King
Seat 10: 35Front9 (big blind) mucked


PokerStars Hand #156359410752:  Hold'em Limit ($3/$6 USD) - 2016/07/23 19:09:59 ET
Table 'Kolga' 10-max Seat #6 is the button
Seat 5: simper11 ($234.73 in chips)
Seat 6: hookonhook ($114.36 in chips)
hookonhook: posts small blind $1
Chessnok: is sitting out
simper11: posts big blind $3
*** HOLE CARDS ***
hookonhook: raises $3 to $6
simper11: calls $3
*** FLOP *** [2d As 2h]
simper11: checks
hookonhook: bets $3
simper11: folds
Uncalled bet ($3) returned to hookonhook
hookonhook collected $11.76 from pot
hookonhook: doesn't show hand
*** SUMMARY ***
Total pot $12 | Rake $0.24
Board [2d As 2h]
Seat 5: simper11 (big blind) folded on the Flop
Seat 6: hookonhook (button) (small blind) collected ($11.76)


PokerStars Hand #156359416964:  Hold'em Limit ($3/$6 USD) - 2016/07/23 19:10:09 ET
Table 'Kolga' 10-max Seat #5 is the button
Seat 5: simper11 ($228.73 in chips)
Seat 6: hookonhook ($120.12 in chips)
simper11: posts small blind $1
hookonhook: posts big blind $3
*** HOLE CARDS ***
simper11: raises $3 to $6
hookonhook: raises $3 to $9
simper11: calls $3
*** FLOP *** [Qs 9s 3d]
hookonhook: bets $3
simper11: calls $3
*** TURN *** [Qs 9s 3d] [5d]
hookonhook: bets $6
simper11: calls $6
*** RIVER *** [Qs 9s 3d 5d] [Ks]
hookonhook: bets $6
simper11: raises $6 to $12
hookonhook: raises $6 to $18
simper11: folds
Uncalled bet ($6) returned to hookonhook
hookonhook collected $59.50 from pot
hookonhook: doesn't show hand
*** SUMMARY ***
Total pot $60 | Rake $0.50
Board [Qs 9s 3d 5d Ks]
Seat 5: simper11 (button) (small blind) folded on the River
Seat 6: hookonhook (big blind) collected ($59.50)


PokerStars Hand #156359428991:  Hold'em Limit ($3/$6 USD) - 2016/07/23 19:10:30 ET
Table 'Kolga' 10-max Seat #6 is the button
Seat 5: simper11 ($198.73 in chips)
Seat 6: hookonhook ($149.62 in chips)
hookonhook: posts small blind $1
simper11: posts big blind $3
*** HOLE CARDS ***
hookonhook: raises $3 to $6
simper11: calls $3
*** FLOP *** [Kc 9c 9h]
simper11: checks
hookonhook: bets $3
simper11: folds
Uncalled bet ($3) returned to hookonhook
hookonhook collected $11.76 from pot
hookonhook: doesn't show hand
*** SUMMARY ***
Total pot $12 | Rake $0.24
Board [Kc 9c 9h]
Seat 5: simper11 (big blind) folded on the Flop
Seat 6: hookonhook (button) (small blind) collected ($11.76)


PokerStars Hand #156359443762:  Hold'em Limit ($3/$6 USD) - 2016/07/23 19:10:55 ET
Table 'Kolga' 10-max Seat #6 is the button
Seat 5: simper11 ($210.23 in chips)
Seat 6: hookonhook ($137.38 in chips)
hookonhook: posts small blind $1
simper11: posts big blind $3
*** HOLE CARDS ***
hookonhook: raises $3 to $6
simper11: folds
Uncalled bet ($3) returned to hookonhook
hookonhook collected $6 from pot
hookonhook: doesn't show hand
*** SUMMARY ***
Total pot $6 | Rake $0
Seat 5: simper11 (big blind) folded before Flop
Seat 6: hookonhook (button) (small blind) collected ($6)


PokerStars Hand #156359433728:  Hold'em Limit ($3/$6 USD) - 2016/07/23 19:10:38 ET
Table 'Kolga' 10-max Seat #5 is the button
Seat 5: simper11 ($192.73 in chips)
Seat 6: hookonhook ($155.38 in chips)
simper11: posts small blind $1
hookonhook: posts big blind $3
*** HOLE CARDS ***
simper11: raises $3 to $6
hookonhook: raises $3 to $9
simper11: calls $3
*** FLOP *** [4h 6h 6c]
hookonhook: bets $3
simper11: calls $3
*** TURN *** [4h 6h 6c] [Qh]
hookonhook: checks
simper11: checks
*** RIVER *** [4h 6h 6c Qh] [Js]
hookonhook: checks
simper11: bets $6
hookonhook: calls $6
*** SHOW DOWN ***
simper11: shows [Jd 5h] (two pair, Jacks and Sixes)
hookonhook: mucks hand
simper11 collected $35.50 from pot
*** SUMMARY ***
Total pot $36 | Rake $0.50
Board [4h 6h 6c Qh Js]
Seat 5: simper11 (button) (small blind) showed [Jd 5h] and won ($35.50) with two pair, Jacks and Sixes
Seat 6: hookonhook (big blind) mucked


PokerStars Hand #156359456742:  Hold'em Limit ($3/$6 USD) - 2016/07/23 19:11:18 ET
Table 'Kolga' 10-max Seat #6 is the button
Seat 5: simper11 ($206.98 in chips)
Seat 6: hookonhook ($140.13 in chips)
hookonhook: posts small blind $1
simper11: posts big blind $3
*** HOLE CARDS ***
hookonhook: folds
Uncalled bet ($2) returned to simper11
simper11 collected $2 from pot
simper11: doesn't show hand
*** SUMMARY ***
Total pot $2 | Rake $0
Seat 5: simper11 (big blind) collected ($2)
Seat 6: hookonhook (button) (small blind) folded before Flop


PokerStars Hand #156359446794:  Hold'em Limit ($3/$6 USD) - 2016/07/23 19:11:01 ET
Table 'Kolga' 10-max Seat #5 is the button
Seat 5: simper11 ($207.23 in chips)
Seat 6: hookonhook ($140.38 in chips)
simper11: posts small blind $1
hookonhook: posts big blind $3
*** HOLE CARDS ***
simper11: raises $3 to $6
hookonhook: calls $3
*** FLOP *** [Jc 5c 5d]
hookonhook: checks
simper11: bets $3
hookonhook: raises $3 to $6
simper11: calls $3
*** TURN *** [Jc 5c 5d] [5h]
hookonhook: bets $6
simper11: calls $6
*** RIVER *** [Jc 5c 5d 5h] [4d]
hookonhook: bets $6
simper11: calls $6
*** SHOW DOWN ***
hookonhook: shows [4c 9c] (a full house, Fives full of Fours)
simper11: shows [As 4s] (a full house, Fives full of Fours)
hookonhook collected $23.75 from pot
simper11 collected $23.75 from pot
*** SUMMARY ***
Total pot $48 | Rake $0.50
Board [Jc 5c 5d 5h 4d]
Seat 5: simper11 (button) (small blind) showed [As 4s] and won ($23.75) with a full house, Fives full of Fours
Seat 6: hookonhook (big blind) showed [4c 9c] and won ($23.75) with a full house, Fives full of Fours


PokerStars Hand #156359459603:  Hold'em Limit ($3/$6 USD) - 2016/07/23 19:11:23 ET
Table 'Kolga' 10-max Seat #5 is the button
Seat 5: simper11 ($207.98 in chips)
Seat 6: hookonhook ($139.13 in chips)
simper11: posts small blind $1
hookonhook: posts big blind $3
*** HOLE CARDS ***
simper11: folds
Uncalled bet ($2) returned to hookonhook
hookonhook collected $2 from pot
hookonhook: doesn't show hand
*** SUMMARY ***
Total pot $2 | Rake $0
Seat 5: simper11 (button) (small blind) folded before Flop
Seat 6: hookonhook (big blind) collected ($2)


PokerStars Hand #156359462083:  Hold'em Limit ($3/$6 USD) - 2016/07/23 19:11:27 ET
Table 'Kolga' 10-max Seat #6 is the button
Seat 5: simper11 ($206.98 in chips)
Seat 6: hookonhook ($140.13 in chips)
hookonhook: posts small blind $1
simper11: posts big blind $3
*** HOLE CARDS ***
hookonhook: raises $3 to $6
simper11: calls $3
*** FLOP *** [5h 3s 7d]
simper11: checks
hookonhook: bets $3
simper11: raises $3 to $6
hookonhook: calls $3
*** TURN *** [5h 3s 7d] [2h]
simper11: bets $6
hookonhook: folds
Uncalled bet ($6) returned to simper11
simper11 collected $23.52 from pot
simper11: doesn't show hand
*** SUMMARY ***
Total pot $24 | Rake $0.48
Board [5h 3s 7d 2h]
Seat 5: simper11 (big blind) collected ($23.52)
Seat 6: hookonhook (button) (small blind) folded on the Turn


PokerStars Hand #156359469342:  Hold'em Limit ($3/$6 USD) - 2016/07/23 19:11:40 ET
Table 'Kolga' 10-max Seat #5 is the button
Seat 5: simper11 ($218.50 in chips)
Seat 6: hookonhook ($128.13 in chips)
simper11: posts small blind $1
hookonhook: posts big blind $3
*** HOLE CARDS ***
simper11: raises $3 to $6
hookonhook: raises $3 to $9
simper11: calls $3
*** FLOP *** [9h 8s 3d]
hookonhook: bets $3
simper11: calls $3
*** TURN *** [9h 8s 3d] [Qs]
hookonhook: bets $6
simper11: raises $6 to $12
hookonhook: calls $6
*** RIVER *** [9h 8s 3d Qs] [Jh]
hookonhook: checks
simper11: bets $6
hookonhook: raises $6 to $12
simper11: calls $6
*** SHOW DOWN ***
hookonhook: shows [9c Th] (a straight, Eight to Queen)
simper11: mucks hand
hookonhook collected $71.50 from pot
*** SUMMARY ***
Total pot $72 | Rake $0.50
Board [9h 8s 3d Qs Jh]
Seat 5: simper11 (button) (small blind) mucked
Seat 6: hookonhook (big blind) showed [9c Th] and won ($71.50) with a straight, Eight to Queen


PokerStars Hand #156359489886:  Hold'em Limit ($3/$6 USD) - 2016/07/23 19:12:16 ET
Table 'Kolga' 10-max Seat #5 is the button
Seat 5: simper11 ($158.50 in chips)
Seat 6: hookonhook ($187.13 in chips)
simper11: posts small blind $1
hookonhook: posts big blind $3
*** HOLE CARDS ***
simper11: folds
Uncalled bet ($2) returned to hookonhook
hookonhook collected $2 from pot
hookonhook: doesn't show hand
*** SUMMARY ***
Total pot $2 | Rake $0
Seat 5: simper11 (button) (small blind) folded before Flop
Seat 6: hookonhook (big blind) collected ($2)


PokerStars Hand #156359479313:  Hold'em Limit ($3/$6 USD) - 2016/07/23 19:11:58 ET
Table 'Kolga' 10-max Seat #6 is the button
Seat 5: simper11 ($182.50 in chips)
Seat 6: hookonhook ($163.63 in chips)
hookonhook: posts small blind $1
simper11: posts big blind $3
*** HOLE CARDS ***
hookonhook: raises $3 to $6
simper11: raises $3 to $9
hookonhook: calls $3
*** FLOP *** [2d 4h Qd]
simper11: bets $3
hookonhook: calls $3
*** TURN *** [2d 4h Qd] [4d]
simper11: bets $6
hookonhook: calls $6
*** RIVER *** [2d 4h Qd 4d] [5d]
simper11: bets $6
hookonhook: raises $6 to $12
simper11: folds
Uncalled bet ($6) returned to hookonhook
hookonhook collected $47.50 from pot
hookonhook: doesn't show hand
*** SUMMARY ***
Total pot $48 | Rake $0.50
Board [2d 4h Qd 4d 5d]
Seat 5: simper11 (big blind) folded on the River
Seat 6: hookonhook (button) (small blind) collected ($47.50)


PokerStars Hand #156359492520:  Hold'em Limit ($3/$6 USD) - 2016/07/23 19:12:21 ET
Table 'Kolga' 10-max Seat #6 is the button
Seat 5: simper11 ($157.50 in chips)
Seat 6: hookonhook ($188.13 in chips)
hookonhook: posts small blind $1
simper11: posts big blind $3
*** HOLE CARDS ***
hookonhook: raises $3 to $6
simper11: calls $3
*** FLOP *** [3c 8d Jc]
simper11: checks
hookonhook: bets $3
simper11: raises $3 to $6
hookonhook: calls $3
*** TURN *** [3c 8d Jc] [9h]
simper11: bets $6
hookonhook: calls $6
*** RIVER *** [3c 8d Jc 9h] [As]
simper11: bets $6
hookonhook: calls $6
*** SHOW DOWN ***
simper11: shows [Ad 8c] (two pair, Aces and Eights)
hookonhook: mucks hand
simper11 collected $47.50 from pot
*** SUMMARY ***
Total pot $48 | Rake $0.50
Board [3c 8d Jc 9h As]
Seat 5: simper11 (big blind) showed [Ad 8c] and won ($47.50) with two pair, Aces and Eights
Seat 6: hookonhook (button) (small blind) mucked


PokerStars Hand #156359500832:  Hold'em Limit ($3/$6 USD) - 2016/07/23 19:12:36 ET
Table 'Kolga' 10-max Seat #5 is the button
Seat 5: simper11 ($181 in chips)
Seat 6: hookonhook ($164.13 in chips)
simper11: posts small blind $1
hookonhook: posts big blind $3
*** HOLE CARDS ***
simper11: raises $3 to $6
hookonhook: calls $3
*** FLOP *** [Qs 2d Qd]
hookonhook: checks
simper11: bets $3
hookonhook: folds
Uncalled bet ($3) returned to simper11
simper11 collected $11.76 from pot
simper11: doesn't show hand
*** SUMMARY ***
Total pot $12 | Rake $0.24
Board [Qs 2d Qd]
Seat 5: simper11 (button) (small blind) collected ($11.76)
Seat 6: hookonhook (big blind) folded on the Flop


PokerStars Hand #156359506912:  Hold'em Limit ($3/$6 USD) - 2016/07/23 19:12:46 ET
Table 'Kolga' 10-max Seat #6 is the button
Seat 5: simper11 ($186.76 in chips)
Seat 6: hookonhook ($158.13 in chips)
hookonhook: posts small blind $1
simper11: posts big blind $3
*** HOLE CARDS ***
hookonhook: raises $3 to $6
simper11: calls $3
*** FLOP *** [9s Jc Qd]
simper11: checks
hookonhook: bets $3
simper11: calls $3
*** TURN *** [9s Jc Qd] [Ah]
simper11: checks
hookonhook: bets $6
simper11: calls $6
*** RIVER *** [9s Jc Qd Ah] [Qs]
simper11: checks
hookonhook: bets $6
simper11: calls $6
*** SHOW DOWN ***
hookonhook: shows [As 5d] (two pair, Aces and Queens)
simper11: mucks hand
hookonhook collected $41.50 from pot
*** SUMMARY ***
Total pot $42 | Rake $0.50
Board [9s Jc Qd Ah Qs]
Seat 5: simper11 (big blind) mucked
Seat 6: hookonhook (button) (small blind) showed [As 5d] and won ($41.50) with two pair, Aces and Queens


PokerStars Hand #156359517223:  Hold'em Limit ($3/$6 USD) - 2016/07/23 19:13:04 ET
Table 'Kolga' 10-max Seat #5 is the button
Seat 5: simper11 ($165.76 in chips)
Seat 6: hookonhook ($178.63 in chips)
simper11: posts small blind $1
hookonhook: posts big blind $3
*** HOLE CARDS ***
simper11: raises $3 to $6
hookonhook: calls $3
*** FLOP *** [7h 3c 9d]
hookonhook: checks
simper11: bets $3
hookonhook: raises $3 to $6
simper11: raises $3 to $9
hookonhook: calls $3
*** TURN *** [7h 3c 9d] [3h]
hookonhook: checks
simper11: bets $6
hookonhook: calls $6
*** RIVER *** [7h 3c 9d 3h] [6d]
hookonhook: checks
simper11: bets $6
hookonhook: folds
Uncalled bet ($6) returned to simper11
simper11 collected $41.50 from pot
simper11: doesn't show hand
*** SUMMARY ***
Total pot $42 | Rake $0.50
Board [7h 3c 9d 3h 6d]
Seat 5: simper11 (button) (small blind) collected ($41.50)
Seat 6: hookonhook (big blind) folded on the River


PokerStars Hand #156359528240:  Hold'em Limit ($3/$6 USD) - 2016/07/23 19:13:24 ET
Table 'Kolga' 10-max Seat #6 is the button
Seat 5: simper11 ($186.26 in chips)
Seat 6: hookonhook ($157.63 in chips)
hookonhook: posts small blind $1
simper11: posts big blind $3
*** HOLE CARDS ***
hookonhook: folds
Uncalled bet ($2) returned to simper11
simper11 collected $2 from pot
simper11: doesn't show hand
*** SUMMARY ***
Total pot $2 | Rake $0
Seat 5: simper11 (big blind) collected ($2)
Seat 6: hookonhook (button) (small blind) folded before Flop


PokerStars Hand #156359531570:  Hold'em Limit ($3/$6 USD) - 2016/07/23 19:13:30 ET
Table 'Kolga' 10-max Seat #5 is the button
Seat 5: simper11 ($187.26 in chips)
Seat 6: hookonhook ($156.63 in chips)
simper11: posts small blind $1
hookonhook: posts big blind $3
*** HOLE CARDS ***
simper11: raises $3 to $6
hookonhook: raises $3 to $9
simper11: calls $3
*** FLOP *** [9s 9c 7c]
hookonhook: bets $3
simper11: calls $3
*** TURN *** [9s 9c 7c] [Ah]
hookonhook: bets $6
simper11: calls $6
*** RIVER *** [9s 9c 7c Ah] [Jc]
hookonhook: bets $6
simper11: calls $6
*** SHOW DOWN ***
hookonhook: shows [5d 5c] (two pair, Nines and Fives)
simper11: shows [6d Ac] (two pair, Aces and Nines)
simper11 collected $47.50 from pot
*** SUMMARY ***
Total pot $48 | Rake $0.50
Board [9s 9c 7c Ah Jc]
Seat 5: simper11 (button) (small blind) showed [6d Ac] and won ($47.50) with two pair, Aces and Nines
Seat 6: hookonhook (big blind) showed [5d 5c] and lost with two pair, Nines and Fives


PokerStars Hand #156359540036:  Hold'em Limit ($3/$6 USD) - 2016/07/23 19:13:44 ET
Table 'Kolga' 10-max Seat #6 is the button
Seat 5: simper11 ($210.76 in chips)
Seat 6: hookonhook ($132.63 in chips)
hookonhook: posts small blind $1
simper11: posts big blind $3
*** HOLE CARDS ***
hookonhook: raises $3 to $6
simper11: raises $3 to $9
hookonhook: calls $3
*** FLOP *** [Qs Js 9s]
simper11: bets $3
hookonhook: calls $3
*** TURN *** [Qs Js 9s] [Jh]
simper11: bets $6
hookonhook: calls $6
*** RIVER *** [Qs Js 9s Jh] [8s]
simper11: bets $6
hookonhook: calls $6
*** SHOW DOWN ***
simper11: shows [Jc Qc] (a full house, Jacks full of Queens)
hookonhook: mucks hand
simper11 collected $47.50 from pot
*** SUMMARY ***
Total pot $48 | Rake $0.50
Board [Qs Js 9s Jh 8s]
Seat 5: simper11 (big blind) showed [Jc Qc] and won ($47.50) with a full house, Jacks full of Queens
Seat 6: hookonhook (button) (small blind) mucked


PokerStars Hand #156359547946:  Hold'em Limit ($3/$6 USD) - 2016/07/23 19:13:58 ET
Table 'Kolga' 10-max Seat #5 is the button
Seat 5: simper11 ($234.26 in chips)
Seat 6: hookonhook ($108.63 in chips)
simper11: posts small blind $1
hookonhook: posts big blind $3
*** HOLE CARDS ***
simper11: raises $3 to $6
hookonhook: raises $3 to $9
simper11: calls $3
*** FLOP *** [7s Qs Qh]
hookonhook: bets $3
simper11: calls $3
*** TURN *** [7s Qs Qh] [4h]
hookonhook: bets $6
simper11: raises $6 to $12
hookonhook: calls $6
*** RIVER *** [7s Qs Qh 4h] [6h]
hookonhook: checks
simper11: bets $6
hookonhook: calls $6
*** SHOW DOWN ***
simper11: shows [6c Qc] (a full house, Queens full of Sixes)
hookonhook: mucks hand
simper11 collected $59.50 from pot
*** SUMMARY ***
Total pot $60 | Rake $0.50
Board [7s Qs Qh 4h 6h]
Seat 5: simper11 (button) (small blind) showed [6c Qc] and won ($59.50) with a full house, Queens full of Sixes
Seat 6: hookonhook (big blind) mucked


PokerStars Hand #156359576234:  Hold'em Limit ($3/$6 USD) - 2016/07/23 19:14:36 ET
Table 'Kolga' 10-max Seat #5 is the button
Seat 5: simper11 ($302.26 in chips)
Seat 6: hookonhook ($39.63 in chips)
simper11: posts small blind $1
hookonhook: posts big blind $3
*** HOLE CARDS ***
simper11: raises $3 to $6
hookonhook: folds
Uncalled bet ($3) returned to simper11
simper11 collected $6 from pot
simper11: doesn't show hand
*** SUMMARY ***
Total pot $6 | Rake $0
Seat 5: simper11 (button) (small blind) collected ($6)
Seat 6: hookonhook (big blind) folded before Flop


PokerStars Hand #156359556658:  Hold'em Limit ($3/$6 USD) - 2016/07/23 19:14:14 ET
Table 'Kolga' 10-max Seat #6 is the button
Seat 5: simper11 ($263.76 in chips)
Seat 6: hookonhook ($78.63 in chips)
hookonhook: posts small blind $1
simper11: posts big blind $3
*** HOLE CARDS ***
hookonhook: raises $3 to $6
simper11: raises $3 to $9
hookonhook: raises $3 to $12
Betting is capped
simper11: calls $3
*** FLOP *** [6h 7s 2c]
simper11: checks
hookonhook: bets $3
simper11: raises $3 to $6
hookonhook: raises $3 to $9
simper11: calls $3
*** TURN *** [6h 7s 2c] [Kc]
simper11: checks
hookonhook: bets $6
simper11: raises $6 to $12
hookonhook: calls $6
*** RIVER *** [6h 7s 2c Kc] [4h]
simper11: bets $6
hookonhook: calls $6
*** SHOW DOWN ***
simper11: shows [Jh Js] (a pair of Jacks)
hookonhook: mucks hand
simper11 collected $77.50 from pot
*** SUMMARY ***
Total pot $78 | Rake $0.50
Board [6h 7s 2c Kc 4h]
Seat 5: simper11 (big blind) showed [Jh Js] and won ($77.50) with a pair of Jacks
Seat 6: hookonhook (button) (small blind) mucked


PokerStars Hand #156359579231:  Hold'em Limit ($3/$6 USD) - 2016/07/23 19:14:42 ET
Table 'Kolga' 10-max Seat #6 is the button
Seat 5: simper11 ($305.26 in chips)
Seat 6: hookonhook ($36.63 in chips)
hookonhook: posts small blind $1
simper11: posts big blind $3
*** HOLE CARDS ***
hookonhook: folds
Uncalled bet ($2) returned to simper11
simper11 collected $2 from pot
simper11: doesn't show hand
*** SUMMARY ***
Total pot $2 | Rake $0
Seat 5: simper11 (big blind) collected ($2)
Seat 6: hookonhook (button) (small blind) folded before Flop


PokerStars Hand #156359589028:  Hold'em Limit ($3/$6 USD) - 2016/07/23 19:14:59 ET
Table 'Kolga' 10-max Seat #6 is the button
Seat 5: simper11 ($329.76 in chips)
Seat 6: hookonhook ($11.63 in chips)
hookonhook: posts small blind $1
simper11: posts big blind $3
*** HOLE CARDS ***
hookonhook: folds
Uncalled bet ($2) returned to simper11
simper11 collected $2 from pot
simper11: doesn't show hand
*** SUMMARY ***
Total pot $2 | Rake $0
Seat 5: simper11 (big blind) collected ($2)
Seat 6: hookonhook (button) (small blind) folded before Flop


PokerStars Hand #156359581870:  Hold'em Limit ($3/$6 USD) - 2016/07/23 19:14:46 ET
Table 'Kolga' 10-max Seat #5 is the button
Seat 5: simper11 ($306.26 in chips)
Seat 6: hookonhook ($35.63 in chips)
simper11: posts small blind $1
hookonhook: posts big blind $3
*** HOLE CARDS ***
simper11: raises $3 to $6
hookonhook: raises $3 to $9
simper11: calls $3
*** FLOP *** [Ad Ks Ac]
hookonhook: bets $3
simper11: calls $3
*** TURN *** [Ad Ks Ac] [5d]
hookonhook: bets $6
simper11: calls $6
*** RIVER *** [Ad Ks Ac 5d] [2h]
hookonhook: bets $6
simper11: calls $6
*** SHOW DOWN ***
hookonhook: shows [6c 6d] (two pair, Aces and Sixes)
simper11: shows [Kc 6s] (two pair, Aces and Kings)
simper11 collected $47.50 from pot
*** SUMMARY ***
Total pot $48 | Rake $0.50
Board [Ad Ks Ac 5d 2h]
Seat 5: simper11 (button) (small blind) showed [Kc 6s] and won ($47.50) with two pair, Aces and Kings
Seat 6: hookonhook (big blind) showed [6c 6d] and lost with two pair, Aces and Sixes


PokerStars Hand #156359603881:  Hold'em Limit ($3/$6 USD) - 2016/07/23 19:15:25 ET
Table 'Kolga' 10-max Seat #5 is the button
Seat 5: simper11 ($330.76 in chips)
Seat 6: hookonhook ($88.11 in chips)
simper11: posts small blind $1
hookonhook: posts big blind $3
*** HOLE CARDS ***
simper11: raises $3 to $6
hookonhook: calls $3
*** FLOP *** [Qd 9d Jc]
hookonhook: checks
simper11: bets $3
hookonhook: raises $3 to $6
simper11: calls $3
*** TURN *** [Qd 9d Jc] [Kc]
hookonhook: bets $6
simper11: raises $6 to $12
hookonhook: calls $6
*** RIVER *** [Qd 9d Jc Kc] [6h]
hookonhook: checks
simper11: bets $6
hookonhook: calls $6
*** SHOW DOWN ***
simper11: shows [Kd 4c] (a pair of Kings)
hookonhook: shows [Qs 6s] (two pair, Queens and Sixes)
hookonhook collected $59.50 from pot
*** SUMMARY ***
Total pot $60 | Rake $0.50
Board [Qd 9d Jc Kc 6h]
Seat 5: simper11 (button) (small blind) showed [Kd 4c] and lost with a pair of Kings
Seat 6: hookonhook (big blind) showed [Qs 6s] and won ($59.50) with two pair, Queens and Sixes


PokerStars Hand #156359615115:  Hold'em Limit ($3/$6 USD) - 2016/07/23 19:15:45 ET
Table 'Kolga' 10-max Seat #6 is the button
Seat 5: simper11 ($300.76 in chips)
Seat 6: hookonhook ($117.61 in chips)
hookonhook: posts small blind $1
simper11: posts big blind $3
*** HOLE CARDS ***
hookonhook: raises $3 to $6
simper11: calls $3
*** FLOP *** [6d As Kd]
simper11: checks
hookonhook: bets $3
simper11: raises $3 to $6
hookonhook: calls $3
*** TURN *** [6d As Kd] [9h]
simper11: bets $6
hookonhook: raises $6 to $12
simper11: calls $6
*** RIVER *** [6d As Kd 9h] [Qc]
simper11: checks
hookonhook: checks
*** SHOW DOWN ***
simper11: shows [Jd 3d] (high card Ace)
hookonhook: shows [6s 3c] (a pair of Sixes)
hookonhook collected $47.50 from pot
*** SUMMARY ***
Total pot $48 | Rake $0.50
Board [6d As Kd 9h Qc]
Seat 5: simper11 (big blind) showed [Jd 3d] and lost with high card Ace
Seat 6: hookonhook (button) (small blind) showed [6s 3c] and won ($47.50) with a pair of Sixes


PokerStars Hand #156359627477:  Hold'em Limit ($3/$6 USD) - 2016/07/23 19:16:07 ET
Table 'Kolga' 10-max Seat #6 is the button
Seat 5: simper11 ($275.76 in chips)
Seat 6: hookonhook ($142.11 in chips)
hookonhook: posts small blind $1
simper11: posts big blind $3
*** HOLE CARDS ***
hookonhook: folds
Uncalled bet ($2) returned to simper11
simper11 collected $2 from pot
simper11: doesn't show hand
*** SUMMARY ***
Total pot $2 | Rake $0
Seat 5: simper11 (big blind) collected ($2)
Seat 6: hookonhook (button) (small blind) folded before Flop


PokerStars Hand #156359624934:  Hold'em Limit ($3/$6 USD) - 2016/07/23 19:16:03 ET
Table 'Kolga' 10-max Seat #5 is the button
Seat 5: simper11 ($276.76 in chips)
Seat 6: hookonhook ($141.11 in chips)
simper11: posts small blind $1
hookonhook: posts big blind $3
*** HOLE CARDS ***
simper11: folds
Uncalled bet ($2) returned to hookonhook
hookonhook collected $2 from pot
hookonhook: doesn't show hand
*** SUMMARY ***
Total pot $2 | Rake $0
Seat 5: simper11 (button) (small blind) folded before Flop
Seat 6: hookonhook (big blind) collected ($2)


PokerStars Hand #156359630457:  Hold'em Limit ($3/$6 USD) - 2016/07/23 19:16:12 ET
Table 'Kolga' 10-max Seat #5 is the button
Seat 5: simper11 ($276.76 in chips)
Seat 6: hookonhook ($141.11 in chips)
simper11: posts small blind $1
hookonhook: posts big blind $3
*** HOLE CARDS ***
simper11: raises $3 to $6
hookonhook: calls $3
*** FLOP *** [3h 2s 8c]
hookonhook: checks
simper11: bets $3
hookonhook: calls $3
*** TURN *** [3h 2s 8c] [2c]
hookonhook: checks
simper11: checks
*** RIVER *** [3h 2s 8c 2c] [8d]
hookonhook: checks
simper11: checks
*** SHOW DOWN ***
hookonhook: shows [5s 7d] (two pair, Eights and Deuces)
simper11: shows [5d Kd] (two pair, Eights and Deuces - King kicker)
simper11 collected $17.64 from pot
*** SUMMARY ***
Total pot $18 | Rake $0.36
Board [3h 2s 8c 2c 8d]
Seat 5: simper11 (button) (small blind) showed [5d Kd] and won ($17.64) with two pair, Eights and Deuces
Seat 6: hookonhook (big blind) showed [5s 7d] and lost with two pair, Eights and Deuces


PokerStars Hand #156359642481:  Hold'em Limit ($3/$6 USD) - 2016/07/23 19:16:34 ET
Table 'Kolga' 10-max Seat #6 is the button
Seat 5: simper11 ($285.40 in chips)
Seat 6: hookonhook ($132.11 in chips)
hookonhook: posts small blind $1
simper11: posts big blind $3
*** HOLE CARDS ***
hookonhook: raises $3 to $6
simper11: folds
Uncalled bet ($3) returned to hookonhook
hookonhook collected $6 from pot
hookonhook: doesn't show hand
*** SUMMARY ***
Total pot $6 | Rake $0
Seat 5: simper11 (big blind) folded before Flop
Seat 6: hookonhook (button) (small blind) collected ($6)


PokerStars Hand #156359645180:  Hold'em Limit ($3/$6 USD) - 2016/07/23 19:16:39 ET
Table 'Kolga' 10-max Seat #5 is the button
Seat 5: simper11 ($282.40 in chips)
Seat 6: hookonhook ($135.11 in chips)
simper11: posts small blind $1
hookonhook: posts big blind $3
*** HOLE CARDS ***
simper11: raises $3 to $6
hookonhook: calls $3
*** FLOP *** [7s Kh 5d]
hookonhook: checks
simper11: bets $3
hookonhook: raises $3 to $6
simper11: folds
Uncalled bet ($3) returned to hookonhook
hookonhook collected $17.64 from pot
hookonhook: doesn't show hand
*** SUMMARY ***
Total pot $18 | Rake $0.36
Board [7s Kh 5d]
Seat 5: simper11 (button) (small blind) folded on the Flop
Seat 6: hookonhook (big blind) collected ($17.64)


PokerStars Hand #156359650556:  Hold'em Limit ($3/$6 USD) - 2016/07/23 19:16:49 ET
Table 'Kolga' 10-max Seat #6 is the button
Seat 5: simper11 ($273.40 in chips)
Seat 6: hookonhook ($143.75 in chips)
hookonhook: posts small blind $1
simper11: posts big blind $3
*** HOLE CARDS ***
hookonhook: raises $3 to $6
simper11: calls $3
*** FLOP *** [3d 5s 3c]
simper11: checks
hookonhook: checks
*** TURN *** [3d 5s 3c] [5c]
simper11: checks
hookonhook: checks
*** RIVER *** [3d 5s 3c 5c] [6s]
simper11: checks
hookonhook: bets $6
simper11: folds
Uncalled bet ($6) returned to hookonhook
hookonhook collected $11.76 from pot
hookonhook: doesn't show hand
*** SUMMARY ***
Total pot $12 | Rake $0.24
Board [3d 5s 3c 5c 6s]
Seat 5: simper11 (big blind) folded on the River
Seat 6: hookonhook (button) (small blind) collected ($11.76)


PokerStars Hand #156359660616:  Hold'em Limit ($3/$6 USD) - 2016/07/23 19:17:07 ET
Table 'Kolga' 10-max Seat #5 is the button
Seat 5: simper11 ($267.40 in chips)
Seat 6: hookonhook ($149.51 in chips)
simper11: posts small blind $1
hookonhook: posts big blind $3
*** HOLE CARDS ***
simper11: raises $3 to $6
hookonhook: calls $3
*** FLOP *** [2c 8c 7d]
hookonhook: checks
simper11: bets $3
hookonhook: calls $3
*** TURN *** [2c 8c 7d] [7c]
hookonhook: checks
simper11: bets $6
hookonhook: calls $6
*** RIVER *** [2c 8c 7d 7c] [Td]
hookonhook: checks
simper11: bets $6
hookonhook: folds
Uncalled bet ($6) returned to simper11
simper11 collected $29.50 from pot
simper11: doesn't show hand
*** SUMMARY ***
Total pot $30 | Rake $0.50
Board [2c 8c 7d 7c Td]
Seat 5: simper11 (button) (small blind) collected ($29.50)
Seat 6: hookonhook (big blind) folded on the River


PokerStars Hand #156359670262:  Hold'em Limit ($3/$6 USD) - 2016/07/23 19:17:24 ET
Table 'Kolga' 10-max Seat #6 is the button
Seat 5: simper11 ($281.90 in chips)
Seat 6: hookonhook ($134.51 in chips)
hookonhook: posts small blind $1
simper11: posts big blind $3
*** HOLE CARDS ***
hookonhook: raises $3 to $6
simper11: calls $3
*** FLOP *** [Td 4d Qc]
simper11: checks
hookonhook: bets $3
simper11: calls $3
*** TURN *** [Td 4d Qc] [Js]
simper11: checks
hookonhook: bets $6
simper11: calls $6
*** RIVER *** [Td 4d Qc Js] [3h]
simper11: checks
hookonhook: bets $6
simper11: folds
Uncalled bet ($6) returned to hookonhook
hookonhook collected $29.50 from pot
hookonhook: doesn't show hand
*** SUMMARY ***
Total pot $30 | Rake $0.50
Board [Td 4d Qc Js 3h]
Seat 5: simper11 (big blind) folded on the River
Seat 6: hookonhook (button) (small blind) collected ($29.50)


PokerStars Hand #156359679578:  Hold'em Limit ($3/$6 USD) - 2016/07/23 19:17:41 ET
Table 'Kolga' 10-max Seat #5 is the button
Seat 5: simper11 ($266.90 in chips)
Seat 6: hookonhook ($149.01 in chips)
simper11: posts small blind $1
hookonhook: posts big blind $3
*** HOLE CARDS ***
simper11: raises $3 to $6
hookonhook: calls $3
*** FLOP *** [4d Js 3c]
hookonhook: checks
simper11: bets $3
hookonhook: calls $3
*** TURN *** [4d Js 3c] [3h]
hookonhook: checks
simper11: bets $6
hookonhook: raises $6 to $12
simper11: calls $6
*** RIVER *** [4d Js 3c 3h] [Ks]
hookonhook: bets $6
simper11: calls $6
*** SHOW DOWN ***
hookonhook: shows [6s 3d] (three of a kind, Threes)
simper11: mucks hand
hookonhook collected $53.50 from pot
*** SUMMARY ***
Total pot $54 | Rake $0.50
Board [4d Js 3c 3h Ks]
Seat 5: simper11 (button) (small blind) mucked
Seat 6: hookonhook (big blind) showed [6s 3d] and won ($53.50) with three of a kind, Threes


PokerStars Hand #156359688373:  Hold'em Limit ($3/$6 USD) - 2016/07/23 19:17:57 ET
Table 'Kolga' 10-max Seat #6 is the button
Seat 5: simper11 ($239.90 in chips)
Seat 6: hookonhook ($175.51 in chips)
hookonhook: posts small blind $1
simper11: posts big blind $3
*** HOLE CARDS ***
hookonhook: raises $3 to $6
simper11: calls $3
*** FLOP *** [Tc 4c 2d]
simper11: checks
hookonhook: bets $3
simper11: calls $3
*** TURN *** [Tc 4c 2d] [Qs]
simper11: checks
hookonhook: bets $6
simper11: folds
Uncalled bet ($6) returned to hookonhook
hookonhook collected $17.64 from pot
hookonhook: doesn't show hand
*** SUMMARY ***
Total pot $18 | Rake $0.36
Board [Tc 4c 2d Qs]
Seat 5: simper11 (big blind) folded on the Turn
Seat 6: hookonhook (button) (small blind) collected ($17.64)


PokerStars Hand #156359706367:  Hold'em Limit ($3/$6 USD) - 2016/07/23 19:18:30 ET
Table 'Kolga' 10-max Seat #6 is the button
Seat 5: simper11 ($221.90 in chips)
Seat 6: hookonhook ($192.79 in chips)
hookonhook: posts small blind $1
simper11: posts big blind $3
*** HOLE CARDS ***
hookonhook: folds
Uncalled bet ($2) returned to simper11
simper11 collected $2 from pot
simper11: doesn't show hand
*** SUMMARY ***
Total pot $2 | Rake $0
Seat 5: simper11 (big blind) collected ($2)
Seat 6: hookonhook (button) (small blind) folded before Flop


PokerStars Hand #156359695633:  Hold'em Limit ($3/$6 USD) - 2016/07/23 19:18:10 ET
Table 'Kolga' 10-max Seat #5 is the button
Seat 5: simper11 ($230.90 in chips)
Seat 6: hookonhook ($184.15 in chips)
simper11: posts small blind $1
hookonhook: posts big blind $3
*** HOLE CARDS ***
simper11: raises $3 to $6
hookonhook: calls $3
*** FLOP *** [7s 4c 2c]
hookonhook: checks
simper11: bets $3
hookonhook: calls $3
*** TURN *** [7s 4c 2c] [8h]
hookonhook: checks
simper11: checks
*** RIVER *** [7s 4c 2c 8h] [5d]
hookonhook: bets $6
simper11: folds
Uncalled bet ($6) returned to hookonhook
hookonhook collected $17.64 from pot
hookonhook: doesn't show hand
*** SUMMARY ***
Total pot $18 | Rake $0.36
Board [7s 4c 2c 8h 5d]
Seat 5: simper11 (button) (small blind) folded on the River
Seat 6: hookonhook (big blind) collected ($17.64)


PokerStars Hand #156359709109:  Hold'em Limit ($3/$6 USD) - 2016/07/23 19:18:35 ET
Table 'Kolga' 10-max Seat #5 is the button
Seat 5: simper11 ($222.90 in chips)
Seat 6: hookonhook ($191.79 in chips)
simper11: posts small blind $1
hookonhook: posts big blind $3
*** HOLE CARDS ***
simper11: folds
Uncalled bet ($2) returned to hookonhook
hookonhook collected $2 from pot
hookonhook: doesn't show hand
*** SUMMARY ***
Total pot $2 | Rake $0
Seat 5: simper11 (button) (small blind) folded before Flop
Seat 6: hookonhook (big blind) collected ($2)


PokerStars Hand #156359711688:  Hold'em Limit ($3/$6 USD) - 2016/07/23 19:18:40 ET
Table 'Kolga' 10-max Seat #6 is the button
Seat 5: simper11 ($221.90 in chips)
Seat 6: hookonhook ($192.79 in chips)
hookonhook: posts small blind $1
simper11: posts big blind $3
*** HOLE CARDS ***
hookonhook: raises $3 to $6
simper11: calls $3
*** FLOP *** [Th Qd 9h]
simper11: checks
hookonhook: bets $3
simper11: calls $3
*** TURN *** [Th Qd 9h] [Qc]
simper11: checks
hookonhook: bets $6
simper11: calls $6
*** RIVER *** [Th Qd 9h Qc] [6h]
simper11: checks
hookonhook: bets $6
simper11: folds
Uncalled bet ($6) returned to hookonhook
hookonhook collected $29.50 from pot
hookonhook: doesn't show hand
*** SUMMARY ***
Total pot $30 | Rake $0.50
Board [Th Qd 9h Qc 6h]
Seat 5: simper11 (big blind) folded on the River
Seat 6: hookonhook (button) (small blind) collected ($29.50)


PokerStars Hand #156359721089:  Hold'em Limit ($3/$6 USD) - 2016/07/23 19:18:57 ET
Table 'Kolga' 10-max Seat #5 is the button
Seat 5: simper11 ($206.90 in chips)
Seat 6: hookonhook ($207.29 in chips)
simper11: posts small blind $1
hookonhook: posts big blind $3
*** HOLE CARDS ***
simper11: raises $3 to $6
hookonhook: calls $3
*** FLOP *** [Qs 8s 7s]
hookonhook: checks
simper11: bets $3
hookonhook: raises $3 to $6
simper11: folds
Uncalled bet ($3) returned to hookonhook
hookonhook collected $17.64 from pot
hookonhook: doesn't show hand
*** SUMMARY ***
Total pot $18 | Rake $0.36
Board [Qs 8s 7s]
Seat 5: simper11 (button) (small blind) folded on the Flop
Seat 6: hookonhook (big blind) collected ($17.64)


PokerStars Hand #156359733363:  Hold'em Limit ($3/$6 USD) - 2016/07/23 19:19:19 ET
Table 'Kolga' 10-max Seat #5 is the button
Seat 5: simper11 ($206.54 in chips)
Seat 6: hookonhook ($206.93 in chips)
simper11: posts small blind $1
hookonhook: posts big blind $3
*** HOLE CARDS ***
simper11: raises $3 to $6
hookonhook: folds
Uncalled bet ($3) returned to simper11
simper11 collected $6 from pot
simper11: doesn't show hand
*** SUMMARY ***
Total pot $6 | Rake $0
Seat 5: simper11 (button) (small blind) collected ($6)
Seat 6: hookonhook (big blind) folded before Flop


PokerStars Hand #156359727019:  Hold'em Limit ($3/$6 USD) - 2016/07/23 19:19:08 ET
Table 'Kolga' 10-max Seat #6 is the button
Seat 5: simper11 ($197.90 in chips)
Seat 6: hookonhook ($215.93 in chips)
hookonhook: posts small blind $1
simper11: posts big blind $3
*** HOLE CARDS ***
hookonhook: raises $3 to $6
simper11: calls $3
*** FLOP *** [Jc As 2h]
simper11: checks
hookonhook: bets $3
simper11: raises $3 to $6
hookonhook: folds
Uncalled bet ($3) returned to simper11
simper11 collected $17.64 from pot
simper11: doesn't show hand
*** SUMMARY ***
Total pot $18 | Rake $0.36
Board [Jc As 2h]
Seat 5: simper11 (big blind) collected ($17.64)
Seat 6: hookonhook (button) (small blind) folded on the Flop


PokerStars Hand #156359736557:  Hold'em Limit ($3/$6 USD) - 2016/07/23 19:19:25 ET
Table 'Kolga' 10-max Seat #6 is the button
Seat 5: simper11 ($209.54 in chips)
Seat 6: hookonhook ($203.93 in chips)
hookonhook: posts small blind $1
simper11: posts big blind $3
*** HOLE CARDS ***
hookonhook: raises $3 to $6
simper11: calls $3
*** FLOP *** [6h 9d 7c]
simper11: bets $3
hookonhook: calls $3
*** TURN *** [6h 9d 7c] [Jd]
simper11: checks
hookonhook: bets $6
simper11: calls $6
*** RIVER *** [6h 9d 7c Jd] [5d]
simper11: checks
hookonhook: checks
*** SHOW DOWN ***
simper11: shows [6s As] (a pair of Sixes)
hookonhook: shows [Ac Ad] (a pair of Aces)
hookonhook collected $29.50 from pot
*** SUMMARY ***
Total pot $30 | Rake $0.50
Board [6h 9d 7c Jd 5d]
Seat 5: simper11 (big blind) showed [6s As] and lost with a pair of Sixes
Seat 6: hookonhook (button) (small blind) showed [Ac Ad] and won ($29.50) with a pair of Aces


PokerStars Hand #156359746799:  Hold'em Limit ($3/$6 USD) - 2016/07/23 19:19:44 ET
Table 'Kolga' 10-max Seat #5 is the button
Seat 5: simper11 ($194.54 in chips)
Seat 6: hookonhook ($218.43 in chips)
simper11: posts small blind $1
hookonhook: posts big blind $3
*** HOLE CARDS ***
simper11: raises $3 to $6
hookonhook: calls $3
*** FLOP *** [6h Js 6c]
hookonhook: checks
simper11: bets $3
hookonhook: folds
Uncalled bet ($3) returned to simper11
simper11 collected $11.76 from pot
simper11: doesn't show hand
*** SUMMARY ***
Total pot $12 | Rake $0.24
Board [6h Js 6c]
Seat 5: simper11 (button) (small blind) collected ($11.76)
Seat 6: hookonhook (big blind) folded on the Flop


PokerStars Hand #156359755442:  Hold'em Limit ($3/$6 USD) - 2016/07/23 19:20:00 ET
Table 'Kolga' 10-max Seat #5 is the button
Seat 5: simper11 ($197.30 in chips)
Seat 6: hookonhook ($215.43 in chips)
simper11: posts small blind $1
hookonhook: posts big blind $3
*** HOLE CARDS ***
simper11: raises $3 to $6
hookonhook: calls $3
*** FLOP *** [8c Tc 3h]
hookonhook: checks
simper11: bets $3
hookonhook: folds
Uncalled bet ($3) returned to simper11
simper11 collected $11.76 from pot
simper11: doesn't show hand
*** SUMMARY ***
Total pot $12 | Rake $0.24
Board [8c Tc 3h]
Seat 5: simper11 (button) (small blind) collected ($11.76)
Seat 6: hookonhook (big blind) folded on the Flop


PokerStars Hand #156359752196:  Hold'em Limit ($3/$6 USD) - 2016/07/23 19:19:54 ET
Table 'Kolga' 10-max Seat #6 is the button
Seat 5: simper11 ($200.30 in chips)
Seat 6: hookonhook ($212.43 in chips)
hookonhook: posts small blind $1
simper11: posts big blind $3
*** HOLE CARDS ***
hookonhook: raises $3 to $6
simper11: folds
Uncalled bet ($3) returned to hookonhook
hookonhook collected $6 from pot
hookonhook: doesn't show hand
*** SUMMARY ***
Total pot $6 | Rake $0
Seat 5: simper11 (big blind) folded before Flop
Seat 6: hookonhook (button) (small blind) collected ($6)


PokerStars Hand #156359789886:  Hold'em Limit ($3/$6 USD) - 2016/07/23 19:21:03 ET
Table 'Kolga' 10-max Seat #5 is the button
Seat 5: simper11 ($181.70 in chips)
Seat 6: hookonhook ($229.69 in chips)
simper11: posts small blind $1
hookonhook: posts big blind $3
*** HOLE CARDS ***
simper11: raises $3 to $6
hookonhook: calls $3
*** FLOP *** [2h Tc Ad]
hookonhook: checks
simper11: bets $3
hookonhook: folds
Uncalled bet ($3) returned to simper11
simper11 collected $11.76 from pot
simper11: doesn't show hand
*** SUMMARY ***
Total pot $12 | Rake $0.24
Board [2h Tc Ad]
Seat 5: simper11 (button) (small blind) collected ($11.76)
Seat 6: hookonhook (big blind) folded on the Flop


PokerStars Hand #156359781968:  Hold'em Limit ($3/$6 USD) - 2016/07/23 19:20:48 ET
Table 'Kolga' 10-max Seat #6 is the button
Seat 5: simper11 ($173.06 in chips)
Seat 6: hookonhook ($238.69 in chips)
hookonhook: posts small blind $1
simper11: posts big blind $3
*** HOLE CARDS ***
hookonhook: raises $3 to $6
simper11: calls $3
*** FLOP *** [8h 3s 4c]
simper11: checks
hookonhook: bets $3
simper11: calls $3
*** TURN *** [8h 3s 4c] [7s]
simper11: checks
hookonhook: checks
*** RIVER *** [8h 3s 4c 7s] [9h]
simper11: bets $6
hookonhook: folds
Uncalled bet ($6) returned to simper11
simper11 collected $17.64 from pot
simper11: doesn't show hand
*** SUMMARY ***
Total pot $18 | Rake $0.36
Board [8h 3s 4c 7s 9h]
Seat 5: simper11 (big blind) collected ($17.64)
Seat 6: hookonhook (button) (small blind) folded on the River


PokerStars Hand #156359778051:  Hold'em Limit ($3/$6 USD) - 2016/07/23 19:20:41 ET
Table 'Kolga' 10-max Seat #5 is the button
Seat 5: simper11 ($170.06 in chips)
Seat 6: hookonhook ($241.69 in chips)
simper11: posts small blind $1
hookonhook: posts big blind $3
*** HOLE CARDS ***
simper11: raises $3 to $6
hookonhook: folds
Uncalled bet ($3) returned to simper11
simper11 collected $6 from pot
simper11: doesn't show hand
*** SUMMARY ***
Total pot $6 | Rake $0
Seat 5: simper11 (button) (small blind) collected ($6)
Seat 6: hookonhook (big blind) folded before Flop


PokerStars Hand #156359773633:  Hold'em Limit ($3/$6 USD) - 2016/07/23 19:20:33 ET
Table 'Kolga' 10-max Seat #6 is the button
Seat 5: simper11 ($176.06 in chips)
Seat 6: hookonhook ($235.93 in chips)
hookonhook: posts small blind $1
simper11: posts big blind $3
*** HOLE CARDS ***
hookonhook: raises $3 to $6
simper11: calls $3
*** FLOP *** [Th 9s 5c]
simper11: checks
hookonhook: bets $3
simper11: folds
Uncalled bet ($3) returned to hookonhook
hookonhook collected $11.76 from pot
hookonhook: doesn't show hand
*** SUMMARY ***
Total pot $12 | Rake $0.24
Board [Th 9s 5c]
Seat 5: simper11 (big blind) folded on the Flop
Seat 6: hookonhook (button) (small blind) collected ($11.76)


PokerStars Hand #156359770873:  Hold'em Limit ($3/$6 USD) - 2016/07/23 19:20:28 ET
Table 'Kolga' 10-max Seat #5 is the button
Seat 5: simper11 ($173.06 in chips)
Seat 6: hookonhook ($238.93 in chips)
simper11: posts small blind $1
hookonhook: posts big blind $3
*** HOLE CARDS ***
simper11: raises $3 to $6
hookonhook: folds
Uncalled bet ($3) returned to simper11
simper11 collected $6 from pot
simper11: doesn't show hand
*** SUMMARY ***
Total pot $6 | Rake $0
Seat 5: simper11 (button) (small blind) collected ($6)
Seat 6: hookonhook (big blind) folded before Flop


PokerStars Hand #156359761424:  Hold'em Limit ($3/$6 USD) - 2016/07/23 19:20:11 ET
Table 'Kolga' 10-max Seat #6 is the button
Seat 5: simper11 ($203.06 in chips)
Seat 6: hookonhook ($209.43 in chips)
hookonhook: posts small blind $1
simper11: posts big blind $3
*** HOLE CARDS ***
hookonhook: raises $3 to $6
simper11: calls $3
*** FLOP *** [Kh Jh 8s]
simper11: checks
hookonhook: bets $3
simper11: raises $3 to $6
hookonhook: calls $3
*** TURN *** [Kh Jh 8s] [5h]
simper11: bets $6
hookonhook: raises $6 to $12
simper11: calls $6
*** RIVER *** [Kh Jh 8s 5h] [3d]
simper11: checks
hookonhook: bets $6
simper11: calls $6
*** SHOW DOWN ***
hookonhook: shows [5c 5s] (three of a kind, Fives)
simper11: mucks hand
hookonhook collected $59.50 from pot
*** SUMMARY ***
Total pot $60 | Rake $0.50
Board [Kh Jh 8s 5h 3d]
Seat 5: simper11 (big blind) mucked
Seat 6: hookonhook (button) (small blind) showed [5c 5s] and won ($59.50) with three of a kind, Fives


PokerStars Hand #156359818349:  Hold'em Limit ($3/$6 USD) - 2016/07/23 19:21:55 ET
Table 'Kolga' 10-max Seat #5 is the button
Seat 5: simper11 ($231.46 in chips)
Seat 6: hookonhook ($178.33 in chips)
simper11: posts small blind $1
hookonhook: posts big blind $3
*** HOLE CARDS ***
simper11: folds
Uncalled bet ($2) returned to hookonhook
hookonhook collected $2 from pot
hookonhook: doesn't show hand
*** SUMMARY ***
Total pot $2 | Rake $0
Seat 5: simper11 (button) (small blind) folded before Flop
Seat 6: hookonhook (big blind) collected ($2)


PokerStars Hand #156359809805:  Hold'em Limit ($3/$6 USD) - 2016/07/23 19:21:40 ET
Table 'Kolga' 10-max Seat #6 is the button
Seat 5: simper11 ($207.96 in chips)
Seat 6: hookonhook ($202.33 in chips)
hookonhook: posts small blind $1
simper11: posts big blind $3
*** HOLE CARDS ***
Chessnok leaves the table
hookonhook: raises $3 to $6
simper11: calls $3
*** FLOP *** [8c 8s Ks]
simper11: checks
hookonhook: bets $3
simper11: raises $3 to $6
hookonhook: calls $3
*** TURN *** [8c 8s Ks] [3s]
simper11: bets $6
hookonhook: calls $6
*** RIVER *** [8c 8s Ks 3s] [Ad]
simper11: bets $6
hookonhook: calls $6
*** SHOW DOWN ***
simper11: shows [8h 9c] (three of a kind, Eights)
hookonhook: mucks hand
simper11 collected $47.50 from pot
*** SUMMARY ***
Total pot $48 | Rake $0.50
Board [8c 8s Ks 3s Ad]
Seat 5: simper11 (big blind) showed [8h 9c] and won ($47.50) with three of a kind, Eights
Seat 6: hookonhook (button) (small blind) mucked


PokerStars Hand #156359804974:  Hold'em Limit ($3/$6 USD) - 2016/07/23 19:21:31 ET
Table 'Kolga' 10-max Seat #5 is the button
Seat 5: simper11 ($216.96 in chips)
Seat 6: hookonhook ($193.69 in chips)
simper11: posts small blind $1
hookonhook: posts big blind $3
*** HOLE CARDS ***
simper11: raises $3 to $6
hookonhook: raises $3 to $9
simper11: calls $3
*** FLOP *** [2h As 8d]
hookonhook: bets $3
simper11: folds
Uncalled bet ($3) returned to hookonhook
hookonhook collected $17.64 from pot
hookonhook: doesn't show hand
*** SUMMARY ***
Total pot $18 | Rake $0.36
Board [2h As 8d]
Seat 5: simper11 (button) (small blind) folded on the Flop
Seat 6: hookonhook (big blind) collected ($17.64)


PokerStars Hand #156359795074:  Hold'em Limit ($3/$6 USD) - 2016/07/23 19:21:13 ET
Table 'Kolga' 10-max Seat #6 is the button
Seat 5: simper11 ($187.46 in chips)
Seat 6: hookonhook ($223.69 in chips)
hookonhook: posts small blind $1
simper11: posts big blind $3
*** HOLE CARDS ***
hookonhook: raises $3 to $6
simper11: calls $3
*** FLOP *** [4h 7h Ad]
simper11: checks
hookonhook: bets $3
simper11: raises $3 to $6
hookonhook: calls $3
*** TURN *** [4h 7h Ad] [3s]
simper11: bets $6
hookonhook: calls $6
*** RIVER *** [4h 7h Ad 3s] [7d]
simper11: bets $6
hookonhook: raises $6 to $12
simper11: calls $6
*** SHOW DOWN ***
hookonhook: shows [Ah Kh] (two pair, Aces and Sevens)
simper11: shows [6d 7c] (three of a kind, Sevens)
simper11 collected $59.50 from pot
*** SUMMARY ***
Total pot $60 | Rake $0.50
Board [4h 7h Ad 3s 7d]
Seat 5: simper11 (big blind) showed [6d 7c] and won ($59.50) with three of a kind, Sevens
Seat 6: hookonhook (button) (small blind) showed [Ah Kh] and lost with two pair, Aces and Sevens


PokerStars Hand #156359852082:  Hold'em Limit ($3/$6 USD) - 2016/07/23 19:22:57 ET
Table 'Kolga' 10-max Seat #5 is the button
Seat 5: simper11 ($274.46 in chips)
Seat 6: hookonhook ($134.09 in chips)
simper11: posts small blind $1
hookonhook: posts big blind $3
*** HOLE CARDS ***
simper11: raises $3 to $6
hookonhook: calls $3
*** FLOP *** [Kd 4c Ac]
hookonhook: checks
simper11: bets $3
hookonhook: folds
Uncalled bet ($3) returned to simper11
simper11 collected $11.76 from pot
simper11: doesn't show hand
*** SUMMARY ***
Total pot $12 | Rake $0.24
Board [Kd 4c Ac]
Seat 5: simper11 (button) (small blind) collected ($11.76)
Seat 6: hookonhook (big blind) folded on the Flop


PokerStars Hand #156359845993:  Hold'em Limit ($3/$6 USD) - 2016/07/23 19:22:46 ET
Table 'Kolga' 10-max Seat #6 is the button
Seat 5: simper11 ($280.46 in chips)
Seat 6: hookonhook ($128.33 in chips)
hookonhook: posts small blind $1
simper11: posts big blind $3
*** HOLE CARDS ***
hookonhook: raises $3 to $6
simper11: calls $3
*** FLOP *** [9h 5h 9d]
simper11: checks
hookonhook: bets $3
simper11: folds
Uncalled bet ($3) returned to hookonhook
hookonhook collected $11.76 from pot
hookonhook: doesn't show hand
*** SUMMARY ***
Total pot $12 | Rake $0.24
Board [9h 5h 9d]
Seat 5: simper11 (big blind) folded on the Flop
Seat 6: hookonhook (button) (small blind) collected ($11.76)


PokerStars Hand #156359842810:  Hold'em Limit ($3/$6 USD) - 2016/07/23 19:22:40 ET
Table 'Kolga' 10-max Seat #5 is the button
Seat 5: simper11 ($277.46 in chips)
Seat 6: hookonhook ($131.33 in chips)
simper11: posts small blind $1
hookonhook: posts big blind $3
*** HOLE CARDS ***
simper11: raises $3 to $6
hookonhook: folds
Uncalled bet ($3) returned to simper11
simper11 collected $6 from pot
simper11: doesn't show hand
*** SUMMARY ***
Total pot $6 | Rake $0
Seat 5: simper11 (button) (small blind) collected ($6)
Seat 6: hookonhook (big blind) folded before Flop


PokerStars Hand #156359839394:  Hold'em Limit ($3/$6 USD) - 2016/07/23 19:22:34 ET
Table 'Kolga' 10-max Seat #6 is the button
Seat 5: simper11 ($280.46 in chips)
Seat 6: hookonhook ($128.33 in chips)
hookonhook: posts small blind $1
simper11: posts big blind $3
*** HOLE CARDS ***
hookonhook: raises $3 to $6
simper11: folds
Uncalled bet ($3) returned to hookonhook
hookonhook collected $6 from pot
hookonhook: doesn't show hand
*** SUMMARY ***
Total pot $6 | Rake $0
Seat 5: simper11 (big blind) folded before Flop
Seat 6: hookonhook (button) (small blind) collected ($6)


PokerStars Hand #156359830525:  Hold'em Limit ($3/$6 USD) - 2016/07/23 19:22:18 ET
Table 'Kolga' 10-max Seat #5 is the button
Seat 5: simper11 ($256.96 in chips)
Seat 6: hookonhook ($152.33 in chips)
simper11: posts small blind $1
hookonhook: posts big blind $3
*** HOLE CARDS ***
simper11: raises $3 to $6
hookonhook: raises $3 to $9
simper11: calls $3
*** FLOP *** [9d 8s 6d]
hookonhook: bets $3
simper11: calls $3
*** TURN *** [9d 8s 6d] [Ad]
hookonhook: bets $6
simper11: calls $6
*** RIVER *** [9d 8s 6d Ad] [4c]
hookonhook: bets $6
simper11: raises $6 to $12
hookonhook: folds
Uncalled bet ($6) returned to simper11
simper11 collected $47.50 from pot
simper11: doesn't show hand
*** SUMMARY ***
Total pot $48 | Rake $0.50
Board [9d 8s 6d Ad 4c]
Seat 5: simper11 (button) (small blind) collected ($47.50)
Seat 6: hookonhook (big blind) folded on the River


PokerStars Hand #156359820627:  Hold'em Limit ($3/$6 USD) - 2016/07/23 19:22:00 ET
Table 'Kolga' 10-max Seat #6 is the button
Seat 5: simper11 ($230.46 in chips)
Seat 6: hookonhook ($179.33 in chips)
hookonhook: posts small blind $1
simper11: posts big blind $3
*** HOLE CARDS ***
hookonhook: raises $3 to $6
simper11: raises $3 to $9
hookonhook: calls $3
*** FLOP *** [Kc 9c 6c]
simper11: bets $3
hookonhook: raises $3 to $6
simper11: calls $3
*** TURN *** [Kc 9c 6c] [Qs]
simper11: checks
hookonhook: bets $6
simper11: calls $6
*** RIVER *** [Kc 9c 6c Qs] [2h]
simper11: checks
hookonhook: bets $6
simper11: calls $6
*** SHOW DOWN ***
hookonhook: shows [5s 8c] (high card King)
simper11: shows [Th Ts] (a pair of Tens)
simper11 collected $53.50 from pot
*** SUMMARY ***
Total pot $54 | Rake $0.50
Board [Kc 9c 6c Qs 2h]
Seat 5: simper11 (big blind) showed [Th Ts] and won ($53.50) with a pair of Tens
Seat 6: hookonhook (button) (small blind) showed [5s 8c] and lost with high card King


PokerStars Hand #156359891689:  Hold'em Limit ($3/$6 USD) - 2016/07/23 19:24:10 ET
Table 'Kolga' 10-max Seat #6 is the button
Seat 5: simper11 ($291.48 in chips)
Seat 6: hookonhook ($115.61 in chips)
hookonhook: posts small blind $1
simper11: posts big blind $3
*** HOLE CARDS ***
hookonhook: raises $3 to $6
simper11: folds
Uncalled bet ($3) returned to hookonhook
hookonhook collected $6 from pot
hookonhook: doesn't show hand
*** SUMMARY ***
Total pot $6 | Rake $0
Seat 5: simper11 (big blind) folded before Flop
Seat 6: hookonhook (button) (small blind) collected ($6)


PokerStars Hand #156359881619:  Hold'em Limit ($3/$6 USD) - 2016/07/23 19:23:52 ET
Table 'Kolga' 10-max Seat #5 is the button
Seat 5: simper11 ($303.48 in chips)
Seat 6: hookonhook ($104.09 in chips)
simper11: posts small blind $1
hookonhook: posts big blind $3
*** HOLE CARDS ***
simper11: raises $3 to $6
hookonhook: raises $3 to $9
simper11: calls $3
*** FLOP *** [7s 8s Tc]
hookonhook: bets $3
simper11: calls $3
*** TURN *** [7s 8s Tc] [Qh]
hookonhook: bets $6
simper11: folds
Uncalled bet ($6) returned to hookonhook
hookonhook collected $23.52 from pot
hookonhook: doesn't show hand
*** SUMMARY ***
Total pot $24 | Rake $0.48
Board [7s 8s Tc Qh]
Seat 5: simper11 (button) (small blind) folded on the Turn
Seat 6: hookonhook (big blind) collected ($23.52)


PokerStars Hand #156359878799:  Hold'em Limit ($3/$6 USD) - 2016/07/23 19:23:47 ET
Table 'Kolga' 10-max Seat #6 is the button
Seat 5: simper11 ($302.48 in chips)
Seat 6: hookonhook ($105.09 in chips)
hookonhook: posts small blind $1
simper11: posts big blind $3
*** HOLE CARDS ***
hookonhook: folds
Uncalled bet ($2) returned to simper11
simper11 collected $2 from pot
simper11: doesn't show hand
*** SUMMARY ***
Total pot $2 | Rake $0
Seat 5: simper11 (big blind) collected ($2)
Seat 6: hookonhook (button) (small blind) folded before Flop


PokerStars Hand #156359876236:  Hold'em Limit ($3/$6 USD) - 2016/07/23 19:23:42 ET
Table 'Kolga' 10-max Seat #5 is the button
Seat 5: simper11 ($303.48 in chips)
Seat 6: hookonhook ($104.09 in chips)
simper11: posts small blind $1
hookonhook: posts big blind $3
*** HOLE CARDS ***
simper11: folds
Uncalled bet ($2) returned to hookonhook
hookonhook collected $2 from pot
hookonhook: doesn't show hand
*** SUMMARY ***
Total pot $2 | Rake $0
Seat 5: simper11 (button) (small blind) folded before Flop
Seat 6: hookonhook (big blind) collected ($2)


PokerStars Hand #156359873159:  Hold'em Limit ($3/$6 USD) - 2016/07/23 19:23:36 ET
Table 'Kolga' 10-max Seat #6 is the button
Seat 5: simper11 ($306.48 in chips)
Seat 6: hookonhook ($101.09 in chips)
hookonhook: posts small blind $1
simper11: posts big blind $3
*** HOLE CARDS ***
hookonhook: raises $3 to $6
simper11: folds
Uncalled bet ($3) returned to hookonhook
hookonhook collected $6 from pot
hookonhook: doesn't show hand
*** SUMMARY ***
Total pot $6 | Rake $0
Seat 5: simper11 (big blind) folded before Flop
Seat 6: hookonhook (button) (small blind) collected ($6)


PokerStars Hand #156359867437:  Hold'em Limit ($3/$6 USD) - 2016/07/23 19:23:26 ET
Table 'Kolga' 10-max Seat #5 is the button
Seat 5: simper11 ($300.72 in chips)
Seat 6: hookonhook ($107.09 in chips)
simper11: posts small blind $1
hookonhook: posts big blind $3
*** HOLE CARDS ***
simper11: raises $3 to $6
hookonhook: calls $3
*** FLOP *** [Ks Jc Qs]
hookonhook: checks
simper11: bets $3
hookonhook: folds
Uncalled bet ($3) returned to simper11
simper11 collected $11.76 from pot
simper11: doesn't show hand
*** SUMMARY ***
Total pot $12 | Rake $0.24
Board [Ks Jc Qs]
Seat 5: simper11 (button) (small blind) collected ($11.76)
Seat 6: hookonhook (big blind) folded on the Flop


PokerStars Hand #156359856947:  Hold'em Limit ($3/$6 USD) - 2016/07/23 19:23:06 ET
Table 'Kolga' 10-max Seat #6 is the button
Seat 5: simper11 ($280.22 in chips)
Seat 6: hookonhook ($128.09 in chips)
hookonhook: posts small blind $1
simper11: posts big blind $3
*** HOLE CARDS ***
hookonhook: raises $3 to $6
simper11: calls $3
*** FLOP *** [8d 6c 2c]
simper11: checks
hookonhook: bets $3
simper11: calls $3
*** TURN *** [8d 6c 2c] [5h]
simper11: checks
hookonhook: bets $6
simper11: calls $6
*** RIVER *** [8d 6c 2c 5h] [Qh]
simper11: checks
hookonhook: bets $6
simper11: calls $6
*** SHOW DOWN ***
hookonhook: shows [Kh 5d] (a pair of Fives)
simper11: shows [6d 4c] (a pair of Sixes)
simper11 collected $41.50 from pot
*** SUMMARY ***
Total pot $42 | Rake $0.50
Board [8d 6c 2c 5h Qh]
Seat 5: simper11 (big blind) showed [6d 4c] and won ($41.50) with a pair of Sixes
Seat 6: hookonhook (button) (small blind) showed [Kh 5d] and lost with a pair of Fives


PokerStars Hand #156359921962:  Hold'em Limit ($3/$6 USD) - 2016/07/23 19:25:06 ET
Table 'Kolga' 10-max Seat #5 is the button
Seat 5: simper11 ($341.50 in chips)
Seat 6: hookonhook ($64.61 in chips)
simper11: posts small blind $1
hookonhook: posts big blind $3
*** HOLE CARDS ***
simper11: folds
Uncalled bet ($2) returned to hookonhook
hookonhook collected $2 from pot
hookonhook: doesn't show hand
*** SUMMARY ***
Total pot $2 | Rake $0
Seat 5: simper11 (button) (small blind) folded before Flop
Seat 6: hookonhook (big blind) collected ($2)


PokerStars Hand #156359913832:  Hold'em Limit ($3/$6 USD) - 2016/07/23 19:24:51 ET
Table 'Kolga' 10-max Seat #6 is the button
Seat 5: simper11 ($329.98 in chips)
Seat 6: hookonhook ($76.61 in chips)
hookonhook: posts small blind $1
simper11: posts big blind $3
*** HOLE CARDS ***
hookonhook: raises $3 to $6
simper11: raises $3 to $9
hookonhook: calls $3
*** FLOP *** [8c 2s 3d]
simper11: bets $3
hookonhook: calls $3
*** TURN *** [8c 2s 3d] [Td]
simper11: bets $6
hookonhook: folds
Uncalled bet ($6) returned to simper11
simper11 collected $23.52 from pot
simper11: doesn't show hand
*** SUMMARY ***
Total pot $24 | Rake $0.48
Board [8c 2s 3d Td]
Seat 5: simper11 (big blind) collected ($23.52)
Seat 6: hookonhook (button) (small blind) folded on the Turn


PokerStars Hand #156359911056:  Hold'em Limit ($3/$6 USD) - 2016/07/23 19:24:46 ET
Table 'Kolga' 10-max Seat #5 is the button
Seat 5: simper11 ($330.98 in chips)
Seat 6: hookonhook ($75.61 in chips)
simper11: posts small blind $1
hookonhook: posts big blind $3
*** HOLE CARDS ***
simper11: folds
Uncalled bet ($2) returned to hookonhook
hookonhook collected $2 from pot
hookonhook: doesn't show hand
*** SUMMARY ***
Total pot $2 | Rake $0
Seat 5: simper11 (button) (small blind) folded before Flop
Seat 6: hookonhook (big blind) collected ($2)


PokerStars Hand #156359908179:  Hold'em Limit ($3/$6 USD) - 2016/07/23 19:24:41 ET
Table 'Kolga' 10-max Seat #6 is the button
Seat 5: simper11 ($329.98 in chips)
Seat 6: hookonhook ($76.61 in chips)
hookonhook: posts small blind $1
simper11: posts big blind $3
*** HOLE CARDS ***
hookonhook: folds
Uncalled bet ($2) returned to simper11
simper11 collected $2 from pot
simper11: doesn't show hand
*** SUMMARY ***
Total pot $2 | Rake $0
Seat 5: simper11 (big blind) collected ($2)
Seat 6: hookonhook (button) (small blind) folded before Flop


PokerStars Hand #156359894567:  Hold'em Limit ($3/$6 USD) - 2016/07/23 19:24:16 ET
Table 'Kolga' 10-max Seat #5 is the button
Seat 5: simper11 ($288.48 in chips)
Seat 6: hookonhook ($118.61 in chips)
simper11: posts small blind $1
hookonhook: posts big blind $3
*** HOLE CARDS ***
simper11: raises $3 to $6
hookonhook: raises $3 to $9
simper11: calls $3
*** FLOP *** [5c 6h 7c]
hookonhook: bets $3
simper11: calls $3
*** TURN *** [5c 6h 7c] [Ks]
hookonhook: bets $6
simper11: raises $6 to $12
hookonhook: raises $6 to $18
simper11: raises $6 to $24
Betting is capped
hookonhook: calls $6
*** RIVER *** [5c 6h 7c Ks] [5h]
hookonhook: checks
simper11: bets $6
hookonhook: calls $6
*** SHOW DOWN ***
simper11: shows [4d 3d] (a straight, Three to Seven)
hookonhook: mucks hand
simper11 collected $83.50 from pot
*** SUMMARY ***
Total pot $84 | Rake $0.50
Board [5c 6h 7c Ks 5h]
Seat 5: simper11 (button) (small blind) showed [4d 3d] and won ($83.50) with a straight, Three to Seven
Seat 6: hookonhook (big blind) mucked


PokerStars Hand #156359949619:  Hold'em Limit ($3/$6 USD) - 2016/07/23 19:25:57 ET
Table 'Kolga' 10-max Seat #6 is the button
Seat 5: simper11 ($366.64 in chips)
Seat 6: hookonhook ($98.25 in chips)
hookonhook: posts small blind $1
simper11: posts big blind $3
*** HOLE CARDS ***
hookonhook: raises $3 to $6
simper11: calls $3
*** FLOP *** [Kd Qd Qs]
simper11: checks
hookonhook: bets $3
simper11: folds
Uncalled bet ($3) returned to hookonhook
hookonhook collected $11.76 from pot
hookonhook: doesn't show hand
*** SUMMARY ***
Total pot $12 | Rake $0.24
Board [Kd Qd Qs]
Seat 5: simper11 (big blind) folded on the Flop
Seat 6: hookonhook (button) (small blind) collected ($11.76)


PokerStars Hand #156359939519:  Hold'em Limit ($3/$6 USD) - 2016/07/23 19:25:38 ET
Table 'Kolga' 10-max Seat #5 is the button
Seat 5: simper11 ($375.64 in chips)
Seat 6: hookonhook ($29.61 in chips)
simper11: posts small blind $1
hookonhook: posts big blind $3
*** HOLE CARDS ***
simper11: raises $3 to $6
hookonhook: raises $3 to $9
simper11: calls $3
*** FLOP *** [Qs 3s Kd]
hookonhook: bets $3
simper11: folds
Uncalled bet ($3) returned to hookonhook
hookonhook collected $17.64 from pot
hookonhook: doesn't show hand
*** SUMMARY ***
Total pot $18 | Rake $0.36
Board [Qs 3s Kd]
Seat 5: simper11 (button) (small blind) folded on the Flop
Seat 6: hookonhook (big blind) collected ($17.64)


PokerStars Hand #156359932250:  Hold'em Limit ($3/$6 USD) - 2016/07/23 19:25:25 ET
Table 'Kolga' 10-max Seat #6 is the button
Seat 5: simper11 ($352.14 in chips)
Seat 6: hookonhook ($53.61 in chips)
hookonhook: posts small blind $1
simper11: posts big blind $3
*** HOLE CARDS ***
hookonhook: raises $3 to $6
simper11: raises $3 to $9
hookonhook: calls $3
*** FLOP *** [9c Qh Th]
simper11: bets $3
hookonhook: calls $3
*** TURN *** [9c Qh Th] [5c]
simper11: bets $6
hookonhook: calls $6
*** RIVER *** [9c Qh Th 5c] [Ad]
simper11: bets $6
hookonhook: calls $6
*** SHOW DOWN ***
simper11: shows [Kc Jc] (a straight, Ten to Ace)
hookonhook: mucks hand
simper11 collected $47.50 from pot
*** SUMMARY ***
Total pot $48 | Rake $0.50
Board [9c Qh Th 5c Ad]
Seat 5: simper11 (big blind) showed [Kc Jc] and won ($47.50) with a straight, Ten to Ace
Seat 6: hookonhook (button) (small blind) mucked


PokerStars Hand #156359929201:  Hold'em Limit ($3/$6 USD) - 2016/07/23 19:25:19 ET
Table 'Kolga' 10-max Seat #5 is the button
Seat 5: simper11 ($349.14 in chips)
Seat 6: hookonhook ($56.61 in chips)
simper11: posts small blind $1
hookonhook: posts big blind $3
*** HOLE CARDS ***
simper11: raises $3 to $6
hookonhook: folds
Uncalled bet ($3) returned to simper11
simper11 collected $6 from pot
simper11: doesn't show hand
*** SUMMARY ***
Total pot $6 | Rake $0
Seat 5: simper11 (button) (small blind) collected ($6)
Seat 6: hookonhook (big blind) folded before Flop


PokerStars Hand #156359924550:  Hold'em Limit ($3/$6 USD) - 2016/07/23 19:25:11 ET
Table 'Kolga' 10-max Seat #6 is the button
Seat 5: simper11 ($340.50 in chips)
Seat 6: hookonhook ($65.61 in chips)
hookonhook: posts small blind $1
simper11: posts big blind $3
*** HOLE CARDS ***
hookonhook: raises $3 to $6
simper11: raises $3 to $9
hookonhook: calls $3
*** FLOP *** [4h Kd Ac]
simper11: bets $3
hookonhook: folds
Uncalled bet ($3) returned to simper11
simper11 collected $17.64 from pot
simper11: doesn't show hand
*** SUMMARY ***
Total pot $18 | Rake $0.36
Board [4h Kd Ac]
Seat 5: simper11 (big blind) collected ($17.64)
Seat 6: hookonhook (button) (small blind) folded on the Flop


PokerStars Hand #156359988588:  Hold'em Limit ($3/$6 USD) - 2016/07/23 19:27:09 ET
Table 'Kolga' 10-max Seat #6 is the button
Seat 5: simper11 ($359.90 in chips)
Seat 6: hookonhook ($103.29 in chips)
hookonhook: posts small blind $1
simper11: posts big blind $3
*** HOLE CARDS ***
hookonhook: folds
Uncalled bet ($2) returned to simper11
simper11 collected $2 from pot
simper11: doesn't show hand
*** SUMMARY ***
Total pot $2 | Rake $0
Seat 5: simper11 (big blind) collected ($2)
Seat 6: hookonhook (button) (small blind) folded before Flop


PokerStars Hand #156359980706:  Hold'em Limit ($3/$6 USD) - 2016/07/23 19:26:54 ET
Table 'Kolga' 10-max Seat #5 is the button
Seat 5: simper11 ($371.90 in chips)
Seat 6: hookonhook ($91.77 in chips)
simper11: posts small blind $1
hookonhook: posts big blind $3
*** HOLE CARDS ***
simper11: raises $3 to $6
hookonhook: raises $3 to $9
simper11: calls $3
*** FLOP *** [2d 8s 2s]
hookonhook: bets $3
simper11: calls $3
*** TURN *** [2d 8s 2s] [9h]
hookonhook: bets $6
simper11: folds
Uncalled bet ($6) returned to hookonhook
hookonhook collected $23.52 from pot
hookonhook: doesn't show hand
*** SUMMARY ***
Total pot $24 | Rake $0.48
Board [2d 8s 2s 9h]
Seat 5: simper11 (button) (small blind) folded on the Turn
Seat 6: hookonhook (big blind) collected ($23.52)


PokerStars Hand #156359972977:  Hold'em Limit ($3/$6 USD) - 2016/07/23 19:26:40 ET
Table 'Kolga' 10-max Seat #6 is the button
Seat 5: simper11 ($357.40 in chips)
Seat 6: hookonhook ($106.77 in chips)
hookonhook: posts small blind $1
simper11: posts big blind $3
*** HOLE CARDS ***
hookonhook: raises $3 to $6
simper11: calls $3
*** FLOP *** [4s 8c 4h]
simper11: checks
hookonhook: bets $3
simper11: calls $3
*** TURN *** [4s 8c 4h] [Td]
simper11: checks
hookonhook: checks
*** RIVER *** [4s 8c 4h Td] [8s]
simper11: bets $6
hookonhook: calls $6
*** SHOW DOWN ***
simper11: shows [Ah 9c] (two pair, Eights and Fours)
hookonhook: mucks hand
simper11 collected $29.50 from pot
*** SUMMARY ***
Total pot $30 | Rake $0.50
Board [4s 8c 4h Td 8s]
Seat 5: simper11 (big blind) showed [Ah 9c] and won ($29.50) with two pair, Eights and Fours
Seat 6: hookonhook (button) (small blind) mucked


PokerStars Hand #156359967004:  Hold'em Limit ($3/$6 USD) - 2016/07/23 19:26:29 ET
Table 'Kolga' 10-max Seat #5 is the button
Seat 5: simper11 ($351.64 in chips)
Seat 6: hookonhook ($112.77 in chips)
simper11: posts small blind $1
hookonhook: posts big blind $3
*** HOLE CARDS ***
simper11: raises $3 to $6
hookonhook: calls $3
*** FLOP *** [2c Kd 6h]
hookonhook: checks
simper11: bets $3
hookonhook: folds
Uncalled bet ($3) returned to simper11
simper11 collected $11.76 from pot
simper11: doesn't show hand
*** SUMMARY ***
Total pot $12 | Rake $0.24
Board [2c Kd 6h]
Seat 5: simper11 (button) (small blind) collected ($11.76)
Seat 6: hookonhook (big blind) folded on the Flop


PokerStars Hand #156359964392:  Hold'em Limit ($3/$6 USD) - 2016/07/23 19:26:24 ET
Table 'Kolga' 10-max Seat #6 is the button
Seat 5: simper11 ($354.64 in chips)
Seat 6: hookonhook ($109.77 in chips)
hookonhook: posts small blind $1
simper11: posts big blind $3
*** HOLE CARDS ***
hookonhook: raises $3 to $6
simper11: folds
Uncalled bet ($3) returned to hookonhook
hookonhook collected $6 from pot
*** SUMMARY ***
Total pot $6 | Rake $0
Seat 5: simper11 (big blind) folded before Flop
Seat 6: hookonhook (button) (small blind) collected ($6)


PokerStars Hand #156359955408:  Hold'em Limit ($3/$6 USD) - 2016/07/23 19:26:08 ET
Table 'Kolga' 10-max Seat #5 is the button
Seat 5: simper11 ($360.64 in chips)
Seat 6: hookonhook ($104.01 in chips)
simper11: posts small blind $1
hookonhook: posts big blind $3
*** HOLE CARDS ***
simper11: raises $3 to $6
hookonhook: calls $3
*** FLOP *** [7s 4d Kd]
hookonhook: checks
simper11: checks
*** TURN *** [7s 4d Kd] [2h]
hookonhook: checks
simper11: checks
*** RIVER *** [7s 4d Kd 2h] [2c]
hookonhook: bets $6
simper11: folds
Uncalled bet ($6) returned to hookonhook
hookonhook collected $11.76 from pot
hookonhook: doesn't show hand
*** SUMMARY ***
Total pot $12 | Rake $0.24
Board [7s 4d Kd 2h 2c]
Seat 5: simper11 (button) (small blind) folded on the River
Seat 6: hookonhook (big blind) collected ($11.76)


PokerStars Hand #156360012961:  Hold'em Limit ($3/$6 USD) - 2016/07/23 19:27:54 ET
Table 'Kolga' 10-max Seat #6 is the button
Seat 5: simper11 ($381.40 in chips)
Seat 6: hookonhook ($81.05 in chips)
hookonhook: posts small blind $1
simper11: posts big blind $3
*** HOLE CARDS ***
hookonhook: raises $3 to $6
simper11: calls $3
*** FLOP *** [Td 3d 5s]
simper11: checks
hookonhook: bets $3
simper11: raises $3 to $6
hookonhook: calls $3
*** TURN *** [Td 3d 5s] [8d]
simper11: bets $6
hookonhook: calls $6
*** RIVER *** [Td 3d 5s 8d] [7d]
simper11: bets $6
hookonhook: raises $6 to $12
simper11: raises $6 to $18
hookonhook: folds
Uncalled bet ($6) returned to simper11
simper11 collected $59.50 from pot
simper11: doesn't show hand
*** SUMMARY ***
Total pot $60 | Rake $0.50
Board [Td 3d 5s 8d 7d]
Seat 5: simper11 (big blind) collected ($59.50)
Seat 6: hookonhook (button) (small blind) folded on the River


PokerStars Hand #156360002441:  Hold'em Limit ($3/$6 USD) - 2016/07/23 19:27:35 ET
Table 'Kolga' 10-max Seat #5 is the button
Seat 5: simper11 ($357.90 in chips)
Seat 6: hookonhook ($105.05 in chips)
simper11: posts small blind $1
hookonhook: posts big blind $3
*** HOLE CARDS ***
simper11: raises $3 to $6
hookonhook: calls $3
*** FLOP *** [9h Js 5s]
hookonhook: checks
simper11: bets $3
hookonhook: raises $3 to $6
simper11: calls $3
*** TURN *** [9h Js 5s] [3s]
hookonhook: bets $6
simper11: raises $6 to $12
hookonhook: calls $6
*** RIVER *** [9h Js 5s 3s] [3h]
hookonhook: checks
simper11: bets $6
hookonhook: folds
Uncalled bet ($6) returned to simper11
simper11 collected $47.50 from pot
simper11: doesn't show hand
*** SUMMARY ***
Total pot $48 | Rake $0.50
Board [9h Js 5s 3s 3h]
Seat 5: simper11 (button) (small blind) collected ($47.50)
Seat 6: hookonhook (big blind) folded on the River


PokerStars Hand #156359994484:  Hold'em Limit ($3/$6 USD) - 2016/07/23 19:27:20 ET
Table 'Kolga' 10-max Seat #6 is the button
Seat 5: simper11 ($363.90 in chips)
Seat 6: hookonhook ($99.29 in chips)
hookonhook: posts small blind $1
simper11: posts big blind $3
*** HOLE CARDS ***
hookonhook: raises $3 to $6
simper11: calls $3
*** FLOP *** [Qs 9s Th]
simper11: checks
hookonhook: bets $3
simper11: folds
Uncalled bet ($3) returned to hookonhook
hookonhook collected $11.76 from pot
hookonhook: doesn't show hand
*** SUMMARY ***
Total pot $12 | Rake $0.24
Board [Qs 9s Th]
Seat 5: simper11 (big blind) folded on the Flop
Seat 6: hookonhook (button) (small blind) collected ($11.76)


PokerStars Hand #156359991465:  Hold'em Limit ($3/$6 USD) - 2016/07/23 19:27:15 ET
Table 'Kolga' 10-max Seat #5 is the button
Seat 5: simper11 ($360.90 in chips)
Seat 6: hookonhook ($102.29 in chips)
simper11: posts small blind $1
hookonhook: posts big blind $3
*** HOLE CARDS ***
simper11: raises $3 to $6
hookonhook: folds
Uncalled bet ($3) returned to simper11
simper11 collected $6 from pot
simper11: doesn't show hand
*** SUMMARY ***
Total pot $6 | Rake $0
Seat 5: simper11 (button) (small blind) collected ($6)
Seat 6: hookonhook (big blind) folded before Flop


PokerStars Hand #156360022500:  Hold'em Limit ($3/$6 USD) - 2016/07/23 19:28:12 ET
Table 'Kolga' 10-max Seat #5 is the button
Seat 5: simper11 ($410.90 in chips)
Seat 6: hookonhook ($51.05 in chips)
simper11: posts small blind $1
hookonhook: posts big blind $3
*** HOLE CARDS ***
simper11: raises $3 to $6
hookonhook: raises $3 to $9
Scheubi88 joins the table at seat #7
simper11: calls $3
*** FLOP *** [8s 7d 4h]
hookonhook: bets $3
simper11: raises $3 to $6
hookonhook: calls $3
*** TURN *** [8s 7d 4h] [Qd]
Chessnok joins the table at seat #8
hookonhook: checks
simper11: bets $6
hookonhook: calls $6
*** RIVER *** [8s 7d 4h Qd] [8d]
hookonhook: checks
simper11: bets $6
hookonhook: calls $6
*** SHOW DOWN ***
simper11: shows [As 8h] (three of a kind, Eights)
hookonhook: mucks hand
simper11 collected $53.50 from pot
*** SUMMARY ***
Total pot $54 | Rake $0.50
Board [8s 7d 4h Qd 8d]
Seat 5: simper11 (button) (small blind) showed [As 8h] and won ($53.50) with three of a kind, Eights
Seat 6: hookonhook (big blind) mucked


PokerStars Hand #156360123375:  Hold'em Limit ($3/$6 USD) - 2016/07/23 19:31:23 ET
Table 'Kolga' 10-max Seat #7 is the button
Seat 7: Scheubi88 ($97.46 in chips)
Seat 8: Chessnok ($110.44 in chips)
Scheubi88: posts small blind $1
Chessnok: posts big blind $3
*** HOLE CARDS ***
Scheubi88: raises $3 to $6
Chessnok: folds
Uncalled bet ($3) returned to Scheubi88
Scheubi88 collected $6 from pot
Scheubi88: doesn't show hand
*** SUMMARY ***
Total pot $6 | Rake $0
Seat 7: Scheubi88 (button) (small blind) collected ($6)
Seat 8: Chessnok (big blind) folded before Flop


PokerStars Hand #156360119987:  Hold'em Limit ($3/$6 USD) - 2016/07/23 19:31:17 ET
Table 'Kolga' 10-max Seat #8 is the button
Seat 7: Scheubi88 ($96.46 in chips)
Seat 8: Chessnok ($111.44 in chips)
Chessnok: posts small blind $1
simper11: is sitting out
Scheubi88: posts big blind $3
*** HOLE CARDS ***
Chessnok: folds
Uncalled bet ($2) returned to Scheubi88
Scheubi88 collected $2 from pot
Scheubi88: doesn't show hand
*** SUMMARY ***
Total pot $2 | Rake $0
Seat 7: Scheubi88 (big blind) collected ($2)
Seat 8: Chessnok (button) (small blind) folded before Flop


