PokerStars Hand #145036435138:  Hold'em Limit ($3/$6 USD) - 2015/12/08 14:57:53 ET
Table 'Kolga IV' 6-max Seat #3 is the button
Seat 3: pompier40 ($110 in chips)
Seat 4: scorpio04 ($81.64 in chips)
pompier40: posts small blind $1
scorpio04: posts big blind $3
*** HOLE CARDS ***
pompier40: raises $3 to $6
scorpio04: calls $3
*** FLOP *** [6s Js 2s]
scorpio04: checks
pompier40: bets $3
scorpio04: raises $3 to $6
pompier40: folds
Uncalled bet ($3) returned to scorpio04
scorpio04 collected $17.64 from pot
scorpio04: doesn't show hand
*** SUMMARY ***
Total pot $18 | Rake $0.36
Board [6s Js 2s]
Seat 3: pompier40 (button) (small blind) folded on the Flop
Seat 4: scorpio04 (big blind) collected ($17.64)


PokerStars Hand #145040130190:  Hold'em Limit ($3/$6 USD) - 2015/12/08 15:56:30 ET
Table 'Kolga IV' 6-max Seat #1 is the button
Seat 1: chezlaw ($134.22 in chips)
Seat 4: scorpio04 ($83.17 in chips)
chezlaw: posts small blind $1
scorpio04: posts big blind $3
*** HOLE CARDS ***
chezlaw: folds
Uncalled bet ($2) returned to scorpio04
scorpio04 collected $2 from pot
scorpio04: doesn't show hand
*** SUMMARY ***
Total pot $2 | Rake $0
Seat 1: chezlaw (button) (small blind) folded before Flop
Seat 4: scorpio04 (big blind) collected ($2)


PokerStars Hand #145040111849:  Hold'em Limit ($3/$6 USD) - 2015/12/08 15:56:09 ET
Table 'Kolga IV' 6-max Seat #4 is the button
Seat 1: chezlaw ($140.22 in chips)
Seat 4: scorpio04 ($77.41 in chips)
scorpio04: posts small blind $1
SashaYuvelir: is sitting out
chezlaw: posts big blind $3
*** HOLE CARDS ***
scorpio04: raises $3 to $6
chezlaw: calls $3
*** FLOP *** [4s Ks 5h]
chezlaw: checks
scorpio04: bets $3
chezlaw: folds
Uncalled bet ($3) returned to scorpio04
scorpio04 collected $11.76 from pot
scorpio04: doesn't show hand
*** SUMMARY ***
Total pot $12 | Rake $0.24
Board [4s Ks 5h]
Seat 1: chezlaw (big blind) folded on the Flop
Seat 4: scorpio04 (button) (small blind) collected ($11.76)


PokerStars Hand #145040136320:  Hold'em Limit ($3/$6 USD) - 2015/12/08 15:56:37 ET
Table 'Kolga IV' 6-max Seat #4 is the button
Seat 1: chezlaw ($133.22 in chips)
Seat 4: scorpio04 ($84.17 in chips)
scorpio04: posts small blind $1
chezlaw: posts big blind $3
*** HOLE CARDS ***
scorpio04: raises $3 to $6
chezlaw: folds
Uncalled bet ($3) returned to scorpio04
stronghawk leaves the table
scorpio04 collected $6 from pot
scorpio04: doesn't show hand
*** SUMMARY ***
Total pot $6 | Rake $0
Seat 1: chezlaw (big blind) folded before Flop
Seat 4: scorpio04 (button) (small blind) collected ($6)


PokerStars Hand #145040211474:  Hold'em Limit ($3/$6 USD) - 2015/12/08 15:58:04 ET
Table 'Kolga IV' 6-max Seat #2 is the button
Seat 2: MTails ($120 in chips)
Seat 4: pazii ($120 in chips)
MTails: posts small blind $1
pazii: posts big blind $3
*** HOLE CARDS ***
MTails: raises $3 to $6
pazii: calls $3
*** FLOP *** [9d Jh 8d]
pazii: checks
MTails: bets $3
pazii: raises $3 to $6
MTails: calls $3
*** TURN *** [9d Jh 8d] [7h]
pazii: bets $6
MTails: calls $6
*** RIVER *** [9d Jh 8d 7h] [Th]
pazii: checks
MTails: checks
*** SHOW DOWN ***
pazii: shows [Td 8h] (a straight, Seven to Jack)
MTails: shows [As Ac] (a straight, Seven to Jack)
pazii collected $17.75 from pot
MTails collected $17.75 from pot
*** SUMMARY ***
Total pot $36 | Rake $0.50
Board [9d Jh 8d 7h Th]
Seat 2: MTails (button) (small blind) showed [As Ac] and won ($17.75) with a straight, Seven to Jack
Seat 4: pazii (big blind) showed [Td 8h] and won ($17.75) with a straight, Seven to Jack


PokerStars Hand #145040245670:  Hold'em Limit ($3/$6 USD) - 2015/12/08 15:58:44 ET
Table 'Kolga IV' 6-max Seat #4 is the button
Seat 2: MTails ($119.75 in chips)
Seat 4: pazii ($119.75 in chips)
pazii: posts small blind $1
MTails: posts big blind $3
*** HOLE CARDS ***
pazii: folds
Uncalled bet ($2) returned to MTails
MTails collected $2 from pot
MTails: doesn't show hand
*** SUMMARY ***
Total pot $2 | Rake $0
Seat 2: MTails (big blind) collected ($2)
Seat 4: pazii (button) (small blind) folded before Flop


PokerStars Hand #145042073872:  Hold'em Limit ($3/$6 USD) - 2015/12/08 16:30:16 ET
Table 'Kolga IV' 6-max Seat #2 is the button
Seat 2: xxWITTExx ($90.80 in chips)
Seat 4: scorpio04 ($82.28 in chips)
xxWITTExx: posts small blind $1
crash19867: is sitting out
scorpio04: posts big blind $3
*** HOLE CARDS ***
xxWITTExx: raises $3 to $6
scorpio04: calls $3
*** FLOP *** [9d Ah Tc]
scorpio04: checks
xxWITTExx: bets $3
scorpio04: folds
Uncalled bet ($3) returned to xxWITTExx
xxWITTExx collected $11.76 from pot
*** SUMMARY ***
Total pot $12 | Rake $0.24
Board [9d Ah Tc]
Seat 2: xxWITTExx (button) (small blind) collected ($11.76)
Seat 4: scorpio04 (big blind) folded on the Flop


