PokerStars Hand #157323849123:  Hold'em Limit ($3/$6 USD) - 2016/08/15 17:45:43 ET
Table 'Kollaa' 6-max Seat #3 is the button
Seat 3: simper11 ($120 in chips)
Seat 6: kismespit ($155.77 in chips)
simper11: posts small blind $1
kismespit: posts big blind $3
*** HOLE CARDS ***
simper11: raises $3 to $6
kismespit: calls $3
*** FLOP *** [4c 5d 4d]
kismespit: checks
simper11: bets $3
kismespit: calls $3
*** TURN *** [4c 5d 4d] [Td]
kismespit: checks
simper11: bets $6
kismespit: folds
Uncalled bet ($6) returned to simper11
simper11 collected $17.64 from pot
simper11: doesn't show hand
*** SUMMARY ***
Total pot $18 | Rake $0.36
Board [4c 5d 4d Td]
Seat 3: simper11 (button) (small blind) collected ($17.64)
Seat 6: kismespit (big blind) folded on the Turn


PokerStars Hand #157323891037:  Hold'em Limit ($3/$6 USD) - 2016/08/15 17:46:41 ET
Table 'Kollaa' 6-max Seat #6 is the button
Seat 3: simper11 ($161.66 in chips)
Seat 6: kismespit ($112.77 in chips)
kismespit: posts small blind $1
simper11: posts big blind $3
*** HOLE CARDS ***
kismespit: folds
Uncalled bet ($2) returned to simper11
simper11 collected $2 from pot
simper11: doesn't show hand
*** SUMMARY ***
Total pot $2 | Rake $0
Seat 3: simper11 (big blind) collected ($2)
Seat 6: kismespit (button) (small blind) folded before Flop


PokerStars Hand #157323883582:  Hold'em Limit ($3/$6 USD) - 2016/08/15 17:46:31 ET
Table 'Kollaa' 6-max Seat #3 is the button
Seat 3: simper11 ($155.90 in chips)
Seat 6: kismespit ($118.77 in chips)
simper11: posts small blind $1
kismespit: posts big blind $3
*** HOLE CARDS ***
simper11: raises $3 to $6
kismespit: calls $3
*** FLOP *** [As Ah 6d]
kismespit: checks
simper11: bets $3
kismespit: folds
Uncalled bet ($3) returned to simper11
simper11 collected $11.76 from pot
simper11: doesn't show hand
*** SUMMARY ***
Total pot $12 | Rake $0.24
Board [As Ah 6d]
Seat 3: simper11 (button) (small blind) collected ($11.76)
Seat 6: kismespit (big blind) folded on the Flop


PokerStars Hand #157323870170:  Hold'em Limit ($3/$6 USD) - 2016/08/15 17:46:12 ET
Table 'Kollaa' 6-max Seat #6 is the button
Seat 3: simper11 ($135.40 in chips)
Seat 6: kismespit ($139.77 in chips)
kismespit: posts small blind $1
simper11: posts big blind $3
*** HOLE CARDS ***
kismespit: raises $3 to $6
simper11: calls $3
*** FLOP *** [Kh Qh 9h]
simper11: checks
kismespit: bets $3
simper11: calls $3
*** TURN *** [Kh Qh 9h] [3d]
simper11: checks
kismespit: bets $6
simper11: calls $6
*** RIVER *** [Kh Qh 9h 3d] [Qc]
simper11: checks
kismespit: bets $6
simper11: raises $6 to $12
kismespit: folds
Uncalled bet ($6) returned to simper11
simper11 collected $41.50 from pot
simper11: doesn't show hand
*** SUMMARY ***
Total pot $42 | Rake $0.50
Board [Kh Qh 9h 3d Qc]
Seat 3: simper11 (big blind) collected ($41.50)
Seat 6: kismespit (button) (small blind) folded on the River


PokerStars Hand #157323863213:  Hold'em Limit ($3/$6 USD) - 2016/08/15 17:46:02 ET
Table 'Kollaa' 6-max Seat #3 is the button
Seat 3: simper11 ($129.64 in chips)
Seat 6: kismespit ($145.77 in chips)
simper11: posts small blind $1
kismespit: posts big blind $3
*** HOLE CARDS ***
simper11: raises $3 to $6
kismespit: calls $3
*** FLOP *** [Kd Ac 6s]
kismespit: checks
simper11: bets $3
kismespit: folds
Uncalled bet ($3) returned to simper11
simper11 collected $11.76 from pot
simper11: doesn't show hand
*** SUMMARY ***
Total pot $12 | Rake $0.24
Board [Kd Ac 6s]
Seat 3: simper11 (button) (small blind) collected ($11.76)
Seat 6: kismespit (big blind) folded on the Flop


PokerStars Hand #157323942113:  Hold'em Limit ($3/$6 USD) - 2016/08/15 17:47:54 ET
Table 'Kollaa' 6-max Seat #3 is the button
Seat 3: simper11 ($120 in chips)
Seat 6: kismespit ($155.67 in chips)
simper11: posts small blind $1
kismespit: posts big blind $3
*** HOLE CARDS ***
simper11: raises $3 to $6
kismespit: calls $3
*** FLOP *** [2h Qd 3s]
kismespit: checks
simper11: bets $3
kismespit: folds
Uncalled bet ($3) returned to simper11
simper11 collected $11.76 from pot
simper11: doesn't show hand
*** SUMMARY ***
Total pot $12 | Rake $0.24
Board [2h Qd 3s]
Seat 3: simper11 (button) (small blind) collected ($11.76)
Seat 6: kismespit (big blind) folded on the Flop


PokerStars Hand #157323937543:  Hold'em Limit ($3/$6 USD) - 2016/08/15 17:47:47 ET
Table 'Kollaa' 6-max Seat #6 is the button
Seat 3: simper11 ($120.66 in chips)
Seat 6: kismespit ($152.67 in chips)
kismespit: posts small blind $1
simper11: posts big blind $3
*** HOLE CARDS ***
kismespit: raises $3 to $6
simper11: folds
Uncalled bet ($3) returned to kismespit
kismespit collected $6 from pot
*** SUMMARY ***
Total pot $6 | Rake $0
Seat 3: simper11 (big blind) folded before Flop
Seat 6: kismespit (button) (small blind) collected ($6)


PokerStars Hand #157323925388:  Hold'em Limit ($3/$6 USD) - 2016/08/15 17:47:30 ET
Table 'Kollaa' 6-max Seat #3 is the button
Seat 3: simper11 ($129.66 in chips)
Seat 6: kismespit ($144.03 in chips)
simper11: posts small blind $1
kismespit: posts big blind $3
*** HOLE CARDS ***
simper11: raises $3 to $6
kismespit: calls $3
*** FLOP *** [5s Ah Ks]
kismespit: checks
simper11: bets $3
kismespit: calls $3
*** TURN *** [5s Ah Ks] [6d]
kismespit: checks
simper11: checks
*** RIVER *** [5s Ah Ks 6d] [7d]
kismespit: bets $6
simper11: folds
Uncalled bet ($6) returned to kismespit
kismespit collected $17.64 from pot
*** SUMMARY ***
Total pot $18 | Rake $0.36
Board [5s Ah Ks 6d 7d]
Seat 3: simper11 (button) (small blind) folded on the River
Seat 6: kismespit (big blind) collected ($17.64)


PokerStars Hand #157323910742:  Hold'em Limit ($3/$6 USD) - 2016/08/15 17:47:10 ET
Table 'Kollaa' 6-max Seat #6 is the button
Seat 3: simper11 ($135.66 in chips)
Seat 6: kismespit ($138.27 in chips)
kismespit: posts small blind $1
simper11: posts big blind $3
*** HOLE CARDS ***
kismespit: raises $3 to $6
simper11: calls $3
*** FLOP *** [8h Qd Td]
simper11: checks
kismespit: checks
*** TURN *** [8h Qd Td] [7s]
simper11: checks
kismespit: bets $6
simper11: folds
Uncalled bet ($6) returned to kismespit
kismespit collected $11.76 from pot
kismespit: doesn't show hand
*** SUMMARY ***
Total pot $12 | Rake $0.24
Board [8h Qd Td 7s]
Seat 3: simper11 (big blind) folded on the Turn
Seat 6: kismespit (button) (small blind) collected ($11.76)


PokerStars Hand #157323894528:  Hold'em Limit ($3/$6 USD) - 2016/08/15 17:46:46 ET
Table 'Kollaa' 6-max Seat #3 is the button
Seat 3: simper11 ($162.66 in chips)
Seat 6: kismespit ($111.77 in chips)
simper11: posts small blind $1
kismespit: posts big blind $3
*** HOLE CARDS ***
simper11: raises $3 to $6
kismespit: calls $3
*** FLOP *** [7h 8h Ts]
kismespit: checks
simper11: bets $3
kismespit: calls $3
*** TURN *** [7h 8h Ts] [9d]
kismespit: checks
simper11: bets $6
kismespit: raises $6 to $12
simper11: calls $6
*** RIVER *** [7h 8h Ts 9d] [3c]
kismespit: bets $6
simper11: calls $6
*** SHOW DOWN ***
kismespit: shows [Jd Qs] (a straight, Eight to Queen)
simper11: mucks hand
kismespit collected $53.50 from pot
*** SUMMARY ***
Total pot $54 | Rake $0.50
Board [7h 8h Ts 9d 3c]
Seat 3: simper11 (button) (small blind) mucked
Seat 6: kismespit (big blind) showed [Jd Qs] and won ($53.50) with a straight, Eight to Queen


PokerStars Hand #157323985242:  Hold'em Limit ($3/$6 USD) - 2016/08/15 17:48:55 ET
Table 'Kollaa' 6-max Seat #6 is the button
Seat 3: simper11 ($142.92 in chips)
Seat 6: kismespit ($131.67 in chips)
kismespit: posts small blind $1
simper11: posts big blind $3
*** HOLE CARDS ***
kismespit: folds
Uncalled bet ($2) returned to simper11
simper11 collected $2 from pot
simper11: doesn't show hand
*** SUMMARY ***
Total pot $2 | Rake $0
Seat 3: simper11 (big blind) collected ($2)
Seat 6: kismespit (button) (small blind) folded before Flop


PokerStars Hand #157323974499:  Hold'em Limit ($3/$6 USD) - 2016/08/15 17:48:39 ET
Table 'Kollaa' 6-max Seat #3 is the button
Seat 3: simper11 ($134.28 in chips)
Seat 6: kismespit ($140.67 in chips)
simper11: posts small blind $1
kismespit: posts big blind $3
*** HOLE CARDS ***
simper11: raises $3 to $6
kismespit: calls $3
*** FLOP *** [Jd 6s 5h]
kismespit: checks
simper11: bets $3
kismespit: calls $3
*** TURN *** [Jd 6s 5h] [Ad]
kismespit: checks
simper11: bets $6
kismespit: folds
Uncalled bet ($6) returned to simper11
simper11 collected $17.64 from pot
simper11: doesn't show hand
*** SUMMARY ***
Total pot $18 | Rake $0.36
Board [Jd 6s 5h Ad]
Seat 3: simper11 (button) (small blind) collected ($17.64)
Seat 6: kismespit (big blind) folded on the Turn


PokerStars Hand #157323970796:  Hold'em Limit ($3/$6 USD) - 2016/08/15 17:48:34 ET
Table 'Kollaa' 6-max Seat #6 is the button
Seat 3: simper11 ($137.28 in chips)
Seat 6: kismespit ($137.67 in chips)
kismespit: posts small blind $1
simper11: posts big blind $3
*** HOLE CARDS ***
kismespit: raises $3 to $6
simper11: folds
Uncalled bet ($3) returned to kismespit
kismespit collected $6 from pot
kismespit: doesn't show hand
*** SUMMARY ***
Total pot $6 | Rake $0
Seat 3: simper11 (big blind) folded before Flop
Seat 6: kismespit (button) (small blind) collected ($6)


PokerStars Hand #157323963472:  Hold'em Limit ($3/$6 USD) - 2016/08/15 17:48:24 ET
Table 'Kollaa' 6-max Seat #3 is the button
Seat 3: simper11 ($131.52 in chips)
Seat 6: kismespit ($143.67 in chips)
simper11: posts small blind $1
kismespit: posts big blind $3
*** HOLE CARDS ***
simper11: raises $3 to $6
kismespit: calls $3
*** FLOP *** [Qd 5s 9d]
kismespit: checks
simper11: bets $3
kismespit: folds
Uncalled bet ($3) returned to simper11
simper11 collected $11.76 from pot
simper11: doesn't show hand
*** SUMMARY ***
Total pot $12 | Rake $0.24
Board [Qd 5s 9d]
Seat 3: simper11 (button) (small blind) collected ($11.76)
Seat 6: kismespit (big blind) folded on the Flop


PokerStars Hand #157323960296:  Hold'em Limit ($3/$6 USD) - 2016/08/15 17:48:19 ET
Table 'Kollaa' 6-max Seat #6 is the button
Seat 3: simper11 ($130.52 in chips)
Seat 6: kismespit ($144.67 in chips)
kismespit: posts small blind $1
simper11: posts big blind $3
*** HOLE CARDS ***
kismespit: folds
Uncalled bet ($2) returned to simper11
simper11 collected $2 from pot
simper11: doesn't show hand
*** SUMMARY ***
Total pot $2 | Rake $0
Seat 3: simper11 (big blind) collected ($2)
Seat 6: kismespit (button) (small blind) folded before Flop


PokerStars Hand #157323956982:  Hold'em Limit ($3/$6 USD) - 2016/08/15 17:48:15 ET
Table 'Kollaa' 6-max Seat #3 is the button
Seat 3: simper11 ($131.52 in chips)
Seat 6: kismespit ($143.67 in chips)
simper11: posts small blind $1
kismespit: posts big blind $3
*** HOLE CARDS ***
simper11: folds
Uncalled bet ($2) returned to kismespit
kismespit collected $2 from pot
*** SUMMARY ***
Total pot $2 | Rake $0
Seat 3: simper11 (button) (small blind) folded before Flop
Seat 6: kismespit (big blind) collected ($2)


PokerStars Hand #157323949448:  Hold'em Limit ($3/$6 USD) - 2016/08/15 17:48:04 ET
Table 'Kollaa' 6-max Seat #6 is the button
Seat 3: simper11 ($125.76 in chips)
Seat 6: kismespit ($149.67 in chips)
kismespit: posts small blind $1
simper11: posts big blind $3
*** HOLE CARDS ***
kismespit: raises $3 to $6
simper11: calls $3
*** FLOP *** [8h Qh 3c]
simper11: checks
kismespit: checks
*** TURN *** [8h Qh 3c] [5h]
simper11: bets $6
kismespit: folds
Uncalled bet ($6) returned to simper11
simper11 collected $11.76 from pot
simper11: doesn't show hand
*** SUMMARY ***
Total pot $12 | Rake $0.24
Board [8h Qh 3c 5h]
Seat 3: simper11 (big blind) collected ($11.76)
Seat 6: kismespit (button) (small blind) folded on the Turn


PokerStars Hand #157324028925:  Hold'em Limit ($3/$6 USD) - 2016/08/15 17:49:57 ET
Table 'Kollaa' 6-max Seat #6 is the button
Seat 3: simper11 ($127.92 in chips)
Seat 6: kismespit ($145.83 in chips)
kismespit: posts small blind $1
simper11: posts big blind $3
*** HOLE CARDS ***
kismespit: folds
Uncalled bet ($2) returned to simper11
simper11 collected $2 from pot
simper11: doesn't show hand
*** SUMMARY ***
Total pot $2 | Rake $0
Seat 3: simper11 (big blind) collected ($2)
Seat 6: kismespit (button) (small blind) folded before Flop


PokerStars Hand #157324025153:  Hold'em Limit ($3/$6 USD) - 2016/08/15 17:49:51 ET
Table 'Kollaa' 6-max Seat #3 is the button
Seat 3: simper11 ($124.92 in chips)
Seat 6: kismespit ($148.83 in chips)
simper11: posts small blind $1
kismespit: posts big blind $3
*** HOLE CARDS ***
simper11: raises $3 to $6
kismespit: folds
Uncalled bet ($3) returned to simper11
simper11 collected $6 from pot
simper11: doesn't show hand
*** SUMMARY ***
Total pot $6 | Rake $0
Seat 3: simper11 (button) (small blind) collected ($6)
Seat 6: kismespit (big blind) folded before Flop


PokerStars Hand #157324021333:  Hold'em Limit ($3/$6 USD) - 2016/08/15 17:49:46 ET
Table 'Kollaa' 6-max Seat #6 is the button
Seat 3: simper11 ($123.92 in chips)
Seat 6: kismespit ($149.83 in chips)
kismespit: posts small blind $1
simper11: posts big blind $3
*** HOLE CARDS ***
kismespit: folds
Uncalled bet ($2) returned to simper11
simper11 collected $2 from pot
simper11: doesn't show hand
*** SUMMARY ***
Total pot $2 | Rake $0
Seat 3: simper11 (big blind) collected ($2)
Seat 6: kismespit (button) (small blind) folded before Flop


PokerStars Hand #157324008986:  Hold'em Limit ($3/$6 USD) - 2016/08/15 17:49:28 ET
Table 'Kollaa' 6-max Seat #3 is the button
Seat 3: simper11 ($132.92 in chips)
Seat 6: kismespit ($141.19 in chips)
simper11: posts small blind $1
kismespit: posts big blind $3
*** HOLE CARDS ***
simper11: raises $3 to $6
kismespit: calls $3
*** FLOP *** [5c 2h 7c]
kismespit: checks
simper11: bets $3
kismespit: calls $3
*** TURN *** [5c 2h 7c] [Kc]
kismespit: checks
simper11: checks
*** RIVER *** [5c 2h 7c Kc] [Jc]
kismespit: checks
simper11: checks
*** SHOW DOWN ***
kismespit: shows [5s 6c] (a flush, King high)
simper11: mucks hand
kismespit collected $17.64 from pot
*** SUMMARY ***
Total pot $18 | Rake $0.36
Board [5c 2h 7c Kc Jc]
Seat 3: simper11 (button) (small blind) mucked
Seat 6: kismespit (big blind) showed [5s 6c] and won ($17.64) with a flush, King high


PokerStars Hand #157324005536:  Hold'em Limit ($3/$6 USD) - 2016/08/15 17:49:23 ET
Table 'Kollaa' 6-max Seat #6 is the button
Seat 3: simper11 ($131.92 in chips)
Seat 6: kismespit ($142.19 in chips)
kismespit: posts small blind $1
simper11: posts big blind $3
*** HOLE CARDS ***
kismespit: folds
Uncalled bet ($2) returned to simper11
simper11 collected $2 from pot
simper11: doesn't show hand
*** SUMMARY ***
Total pot $2 | Rake $0
Seat 3: simper11 (big blind) collected ($2)
Seat 6: kismespit (button) (small blind) folded before Flop


PokerStars Hand #157324001579:  Hold'em Limit ($3/$6 USD) - 2016/08/15 17:49:18 ET
Table 'Kollaa' 6-max Seat #3 is the button
Seat 3: simper11 ($128.92 in chips)
Seat 6: kismespit ($145.19 in chips)
simper11: posts small blind $1
kismespit: posts big blind $3
*** HOLE CARDS ***
simper11: raises $3 to $6
kismespit: folds
Uncalled bet ($3) returned to simper11
simper11 collected $6 from pot
simper11: doesn't show hand
*** SUMMARY ***
Total pot $6 | Rake $0
Seat 3: simper11 (button) (small blind) collected ($6)
Seat 6: kismespit (big blind) folded before Flop


PokerStars Hand #157323997275:  Hold'em Limit ($3/$6 USD) - 2016/08/15 17:49:12 ET
Table 'Kollaa' 6-max Seat #6 is the button
Seat 3: simper11 ($131.92 in chips)
Seat 6: kismespit ($142.19 in chips)
kismespit: posts small blind $1
simper11: posts big blind $3
*** HOLE CARDS ***
kismespit: raises $3 to $6
simper11: folds
Uncalled bet ($3) returned to kismespit
kismespit collected $6 from pot
*** SUMMARY ***
Total pot $6 | Rake $0
Seat 3: simper11 (big blind) folded before Flop
Seat 6: kismespit (button) (small blind) collected ($6)


PokerStars Hand #157323988383:  Hold'em Limit ($3/$6 USD) - 2016/08/15 17:48:59 ET
Table 'Kollaa' 6-max Seat #3 is the button
Seat 3: simper11 ($143.92 in chips)
Seat 6: kismespit ($130.67 in chips)
simper11: posts small blind $1
kismespit: posts big blind $3
*** HOLE CARDS ***
simper11: raises $3 to $6
kismespit: raises $3 to $9
simper11: calls $3
*** FLOP *** [7c Jd 3d]
kismespit: bets $3
simper11: calls $3
*** TURN *** [7c Jd 3d] [3c]
kismespit: bets $6
simper11: folds
Uncalled bet ($6) returned to kismespit
kismespit collected $23.52 from pot
*** SUMMARY ***
Total pot $24 | Rake $0.48
Board [7c Jd 3d 3c]
Seat 3: simper11 (button) (small blind) folded on the Turn
Seat 6: kismespit (big blind) collected ($23.52)


PokerStars Hand #157324050802:  Hold'em Limit ($3/$6 USD) - 2016/08/15 17:50:28 ET
Table 'Kollaa' 6-max Seat #6 is the button
Seat 3: simper11 ($139.92 in chips)
Seat 6: kismespit ($133.83 in chips)
kismespit: posts small blind $1
simper11: posts big blind $3
*** HOLE CARDS ***
kismespit: raises $3 to $6
simper11: calls $3
*** FLOP *** [6s 2c 9d]
simper11: checks
kismespit: bets $3
simper11: calls $3
*** TURN *** [6s 2c 9d] [7c]
simper11: checks
kismespit: bets $6
simper11: calls $6
*** RIVER *** [6s 2c 9d 7c] [3c]
simper11: checks
kismespit: bets $6
simper11: calls $6
*** SHOW DOWN ***
kismespit: shows [9h Jc] (a pair of Nines)
simper11: mucks hand
kismespit collected $41.50 from pot
*** SUMMARY ***
Total pot $42 | Rake $0.50
Board [6s 2c 9d 7c 3c]
Seat 3: simper11 (big blind) mucked
Seat 6: kismespit (button) (small blind) showed [9h Jc] and won ($41.50) with a pair of Nines


PokerStars Hand #157324046954:  Hold'em Limit ($3/$6 USD) - 2016/08/15 17:50:22 ET
Table 'Kollaa' 6-max Seat #3 is the button
Seat 3: simper11 ($136.92 in chips)
Seat 6: kismespit ($136.83 in chips)
simper11: posts small blind $1
kismespit: posts big blind $3
*** HOLE CARDS ***
simper11: raises $3 to $6
kismespit: folds
Uncalled bet ($3) returned to simper11
simper11 collected $6 from pot
simper11: doesn't show hand
*** SUMMARY ***
Total pot $6 | Rake $0
Seat 3: simper11 (button) (small blind) collected ($6)
Seat 6: kismespit (big blind) folded before Flop


PokerStars Hand #157324043642:  Hold'em Limit ($3/$6 USD) - 2016/08/15 17:50:18 ET
Table 'Kollaa' 6-max Seat #6 is the button
Seat 3: simper11 ($135.92 in chips)
Seat 6: kismespit ($137.83 in chips)
kismespit: posts small blind $1
simper11: posts big blind $3
*** HOLE CARDS ***
kismespit: folds
Uncalled bet ($2) returned to simper11
simper11 collected $2 from pot
simper11: doesn't show hand
*** SUMMARY ***
Total pot $2 | Rake $0
Seat 3: simper11 (big blind) collected ($2)
Seat 6: kismespit (button) (small blind) folded before Flop


PokerStars Hand #157324039949:  Hold'em Limit ($3/$6 USD) - 2016/08/15 17:50:12 ET
Table 'Kollaa' 6-max Seat #3 is the button
Seat 3: simper11 ($132.92 in chips)
Seat 6: kismespit ($140.83 in chips)
simper11: posts small blind $1
kismespit: posts big blind $3
*** HOLE CARDS ***
simper11: raises $3 to $6
kismespit: folds
Uncalled bet ($3) returned to simper11
simper11 collected $6 from pot
simper11: doesn't show hand
*** SUMMARY ***
Total pot $6 | Rake $0
Seat 3: simper11 (button) (small blind) collected ($6)
Seat 6: kismespit (big blind) folded before Flop


PokerStars Hand #157324036813:  Hold'em Limit ($3/$6 USD) - 2016/08/15 17:50:08 ET
Table 'Kollaa' 6-max Seat #6 is the button
Seat 3: simper11 ($131.92 in chips)
Seat 6: kismespit ($141.83 in chips)
kismespit: posts small blind $1
simper11: posts big blind $3
*** HOLE CARDS ***
kismespit: folds
Uncalled bet ($2) returned to simper11
simper11 collected $2 from pot
simper11: doesn't show hand
*** SUMMARY ***
Total pot $2 | Rake $0
Seat 3: simper11 (big blind) collected ($2)
Seat 6: kismespit (button) (small blind) folded before Flop


PokerStars Hand #157324031971:  Hold'em Limit ($3/$6 USD) - 2016/08/15 17:50:01 ET
Table 'Kollaa' 6-max Seat #3 is the button
Seat 3: simper11 ($128.92 in chips)
Seat 6: kismespit ($144.83 in chips)
simper11: posts small blind $1
kismespit: posts big blind $3
*** HOLE CARDS ***
simper11: raises $3 to $6
kismespit: folds
Uncalled bet ($3) returned to simper11
simper11 collected $6 from pot
simper11: doesn't show hand
*** SUMMARY ***
Total pot $6 | Rake $0
Seat 3: simper11 (button) (small blind) collected ($6)
Seat 6: kismespit (big blind) folded before Flop


PokerStars Hand #157324113764:  Hold'em Limit ($3/$6 USD) - 2016/08/15 17:51:58 ET
Table 'Kollaa' 6-max Seat #6 is the button
Seat 3: simper11 ($144.40 in chips)
Seat 6: kismespit ($140.85 in chips)
kismespit: posts small blind $1
simper11: posts big blind $3
*** HOLE CARDS ***
kismespit: folds
Uncalled bet ($2) returned to simper11
simper11 collected $2 from pot
simper11: doesn't show hand
*** SUMMARY ***
Total pot $2 | Rake $0
Seat 3: simper11 (big blind) collected ($2)
Seat 6: kismespit (button) (small blind) folded before Flop


PokerStars Hand #157324108975:  Hold'em Limit ($3/$6 USD) - 2016/08/15 17:51:51 ET
Table 'Kollaa' 6-max Seat #3 is the button
Seat 3: simper11 ($141.40 in chips)
Seat 6: kismespit ($143.85 in chips)
simper11: posts small blind $1
kismespit: posts big blind $3
*** HOLE CARDS ***
simper11: raises $3 to $6
kismespit: folds
Uncalled bet ($3) returned to simper11
simper11 collected $6 from pot
simper11: doesn't show hand
*** SUMMARY ***
Total pot $6 | Rake $0
Seat 3: simper11 (button) (small blind) collected ($6)
Seat 6: kismespit (big blind) folded before Flop


PokerStars Hand #157324097175:  Hold'em Limit ($3/$6 USD) - 2016/08/15 17:51:34 ET
Table 'Kollaa' 6-max Seat #6 is the button
Seat 3: simper11 ($135.64 in chips)
Seat 6: kismespit ($149.85 in chips)
kismespit: posts small blind $1
simper11: posts big blind $3
*** HOLE CARDS ***
kismespit: raises $3 to $6
simper11: calls $3
*** FLOP *** [Ks 3h 3c]
simper11: checks
kismespit: checks
*** TURN *** [Ks 3h 3c] [2h]
simper11: bets $6
kismespit: folds
Uncalled bet ($6) returned to simper11
simper11 collected $11.76 from pot
simper11: doesn't show hand
*** SUMMARY ***
Total pot $12 | Rake $0.24
Board [Ks 3h 3c 2h]
Seat 3: simper11 (big blind) collected ($11.76)
Seat 6: kismespit (button) (small blind) folded on the Turn


PokerStars Hand #157324093019:  Hold'em Limit ($3/$6 USD) - 2016/08/15 17:51:28 ET
Table 'Kollaa' 6-max Seat #3 is the button
Seat 3: simper11 ($132.64 in chips)
Seat 6: kismespit ($152.85 in chips)
simper11: posts small blind $1
kismespit: posts big blind $3
*** HOLE CARDS ***
simper11: raises $3 to $6
kismespit: folds
Uncalled bet ($3) returned to simper11
simper11 collected $6 from pot
simper11: doesn't show hand
*** SUMMARY ***
Total pot $6 | Rake $0
Seat 3: simper11 (button) (small blind) collected ($6)
Seat 6: kismespit (big blind) folded before Flop


PokerStars Hand #157324085022:  Hold'em Limit ($3/$6 USD) - 2016/08/15 17:51:16 ET
Table 'Kollaa' 6-max Seat #6 is the button
Seat 3: simper11 ($124 in chips)
Seat 6: kismespit ($161.85 in chips)
kismespit: posts small blind $1
simper11: posts big blind $3
*** HOLE CARDS ***
kismespit: raises $3 to $6
simper11: raises $3 to $9
kismespit: calls $3
*** FLOP *** [2c Kd 3s]
simper11: bets $3
kismespit: folds
Uncalled bet ($3) returned to simper11
simper11 collected $17.64 from pot
simper11: doesn't show hand
*** SUMMARY ***
Total pot $18 | Rake $0.36
Board [2c Kd 3s]
Seat 3: simper11 (big blind) collected ($17.64)
Seat 6: kismespit (button) (small blind) folded on the Flop


PokerStars Hand #157324081179:  Hold'em Limit ($3/$6 USD) - 2016/08/15 17:51:11 ET
Table 'Kollaa' 6-max Seat #3 is the button
Seat 3: simper11 ($121 in chips)
Seat 6: kismespit ($164.85 in chips)
simper11: posts small blind $1
kismespit: posts big blind $3
*** HOLE CARDS ***
simper11: raises $3 to $6
kismespit: folds
Uncalled bet ($3) returned to simper11
simper11 collected $6 from pot
simper11: doesn't show hand
*** SUMMARY ***
Total pot $6 | Rake $0
Seat 3: simper11 (button) (small blind) collected ($6)
Seat 6: kismespit (big blind) folded before Flop


PokerStars Hand #157324077377:  Hold'em Limit ($3/$6 USD) - 2016/08/15 17:51:05 ET
Table 'Kollaa' 6-max Seat #6 is the button
Seat 3: simper11 ($120 in chips)
Seat 6: kismespit ($165.85 in chips)
kismespit: posts small blind $1
simper11: posts big blind $3
*** HOLE CARDS ***
kismespit: folds
Uncalled bet ($2) returned to simper11
simper11 collected $2 from pot
simper11: doesn't show hand
*** SUMMARY ***
Total pot $2 | Rake $0
Seat 3: simper11 (big blind) collected ($2)
Seat 6: kismespit (button) (small blind) folded before Flop


PokerStars Hand #157324066343:  Hold'em Limit ($3/$6 USD) - 2016/08/15 17:50:50 ET
Table 'Kollaa' 6-max Seat #3 is the button
Seat 3: simper11 ($120 in chips)
Seat 6: kismespit ($154.33 in chips)
simper11: posts small blind $1
kismespit: posts big blind $3
*** HOLE CARDS ***
simper11: raises $3 to $6
kismespit: calls $3
*** FLOP *** [4h Ac 2c]
kismespit: checks
simper11: bets $3
kismespit: raises $3 to $6
simper11: calls $3
*** TURN *** [4h Ac 2c] [7c]
kismespit: bets $6
simper11: folds
Uncalled bet ($6) returned to kismespit
kismespit collected $23.52 from pot
*** SUMMARY ***
Total pot $24 | Rake $0.48
Board [4h Ac 2c 7c]
Seat 3: simper11 (button) (small blind) folded on the Turn
Seat 6: kismespit (big blind) collected ($23.52)


PokerStars Hand #157324149626:  Hold'em Limit ($3/$6 USD) - 2016/08/15 17:52:49 ET
Table 'Kollaa' 6-max Seat #6 is the button
Seat 3: simper11 ($120 in chips)
Seat 6: kismespit ($166.35 in chips)
kismespit: posts small blind $1
simper11: posts big blind $3
*** HOLE CARDS ***
kismespit: folds
Uncalled bet ($2) returned to simper11
simper11 said, "lolol"
simper11 collected $2 from pot
simper11: doesn't show hand
*** SUMMARY ***
Total pot $2 | Rake $0
Seat 3: simper11 (big blind) collected ($2)
Seat 6: kismespit (button) (small blind) folded before Flop


PokerStars Hand #157324128438:  Hold'em Limit ($3/$6 USD) - 2016/08/15 17:52:19 ET
Table 'Kollaa' 6-max Seat #3 is the button
Seat 3: simper11 ($145.40 in chips)
Seat 6: kismespit ($139.85 in chips)
simper11: posts small blind $1
kismespit: posts big blind $3
*** HOLE CARDS ***
simper11: raises $3 to $6
kismespit: calls $3
*** FLOP *** [Ts Ad Js]
kismespit: checks
simper11: bets $3
kismespit: calls $3
*** TURN *** [Ts Ad Js] [5h]
kismespit: checks
simper11: bets $6
kismespit: raises $6 to $12
simper11: calls $6
*** RIVER *** [Ts Ad Js 5h] [3s]
kismespit: bets $6
simper11: calls $6
*** SHOW DOWN ***
kismespit: shows [5c Ah] (two pair, Aces and Fives)
simper11: mucks hand
kismespit collected $53.50 from pot
*** SUMMARY ***
Total pot $54 | Rake $0.50
Board [Ts Ad Js 5h 3s]
Seat 3: simper11 (button) (small blind) mucked
Seat 6: kismespit (big blind) showed [5c Ah] and won ($53.50) with two pair, Aces and Fives


PokerStars Hand #157324122684:  Hold'em Limit ($3/$6 USD) - 2016/08/15 17:52:10 ET
Table 'Kollaa' 6-max Seat #6 is the button
Seat 3: simper11 ($144.40 in chips)
Seat 6: kismespit ($140.85 in chips)
kismespit: posts small blind $1
simper11: posts big blind $3
*** HOLE CARDS ***
kismespit: folds
Uncalled bet ($2) returned to simper11
simper11 collected $2 from pot
simper11: doesn't show hand
*** SUMMARY ***
Total pot $2 | Rake $0
Seat 3: simper11 (big blind) collected ($2)
Seat 6: kismespit (button) (small blind) folded before Flop


PokerStars Hand #157324118584:  Hold'em Limit ($3/$6 USD) - 2016/08/15 17:52:05 ET
Table 'Kollaa' 6-max Seat #3 is the button
Seat 3: simper11 ($145.40 in chips)
Seat 6: kismespit ($139.85 in chips)
simper11: posts small blind $1
kismespit: posts big blind $3
*** HOLE CARDS ***
simper11: folds
Uncalled bet ($2) returned to kismespit
kismespit collected $2 from pot
*** SUMMARY ***
Total pot $2 | Rake $0
Seat 3: simper11 (button) (small blind) folded before Flop
Seat 6: kismespit (big blind) collected ($2)


PokerStars Hand #157324194206:  Hold'em Limit ($3/$6 USD) - 2016/08/15 17:53:48 ET
Table 'Kollaa' 6-max Seat #3 is the button
Seat 3: simper11 ($120 in chips)
Seat 6: kismespit ($171.85 in chips)
simper11: posts small blind $1
kismespit: posts big blind $3
*** HOLE CARDS ***
simper11: raises $3 to $6
kismespit: folds
Uncalled bet ($3) returned to simper11
simper11 collected $6 from pot
simper11: doesn't show hand
*** SUMMARY ***
Total pot $6 | Rake $0
Seat 3: simper11 (button) (small blind) collected ($6)
Seat 6: kismespit (big blind) folded before Flop


PokerStars Hand #157324183271:  Hold'em Limit ($3/$6 USD) - 2016/08/15 17:53:32 ET
Table 'Kollaa' 6-max Seat #6 is the button
Seat 3: simper11 ($132 in chips)
Seat 6: kismespit ($154.35 in chips)
kismespit: posts small blind $1
simper11: posts big blind $3
*** HOLE CARDS ***
kismespit: raises $3 to $6
simper11: raises $3 to $9
kismespit: calls $3
*** FLOP *** [5d 2c 9d]
simper11: bets $3
kismespit: calls $3
*** TURN *** [5d 2c 9d] [7c]
simper11: bets $6
kismespit: calls $6
*** RIVER *** [5d 2c 9d 7c] [3s]
simper11: checks
kismespit: bets $6
simper11: folds
Uncalled bet ($6) returned to kismespit
kismespit collected $35.50 from pot
*** SUMMARY ***
Total pot $36 | Rake $0.50
Board [5d 2c 9d 7c 3s]
Seat 3: simper11 (big blind) folded on the River
Seat 6: kismespit (button) (small blind) collected ($35.50)


PokerStars Hand #157324178710:  Hold'em Limit ($3/$6 USD) - 2016/08/15 17:53:25 ET
Table 'Kollaa' 6-max Seat #3 is the button
Seat 3: simper11 ($129 in chips)
Seat 6: kismespit ($157.35 in chips)
simper11: posts small blind $1
kismespit: posts big blind $3
*** HOLE CARDS ***
simper11: raises $3 to $6
kismespit: folds
Uncalled bet ($3) returned to simper11
simper11 collected $6 from pot
simper11: doesn't show hand
*** SUMMARY ***
Total pot $6 | Rake $0
Seat 3: simper11 (button) (small blind) collected ($6)
Seat 6: kismespit (big blind) folded before Flop


PokerStars Hand #157324174946:  Hold'em Limit ($3/$6 USD) - 2016/08/15 17:53:20 ET
Table 'Kollaa' 6-max Seat #6 is the button
Seat 3: simper11 ($128 in chips)
Seat 6: kismespit ($158.35 in chips)
kismespit: posts small blind $1
simper11: posts big blind $3
*** HOLE CARDS ***
kismespit: folds
Uncalled bet ($2) returned to simper11
simper11 collected $2 from pot
simper11: doesn't show hand
*** SUMMARY ***
Total pot $2 | Rake $0
Seat 3: simper11 (big blind) collected ($2)
Seat 6: kismespit (button) (small blind) folded before Flop


PokerStars Hand #157324165142:  Hold'em Limit ($3/$6 USD) - 2016/08/15 17:53:12 ET
Table 'Kollaa' 6-max Seat #3 is the button
Seat 3: simper11 ($125 in chips)
Seat 6: kismespit ($161.35 in chips)
simper11: posts small blind $1
kismespit: posts big blind $3
*** HOLE CARDS ***
simper11: raises $3 to $6
kismespit: folds
Uncalled bet ($3) returned to simper11
simper11 collected $6 from pot
simper11: doesn't show hand
*** SUMMARY ***
Total pot $6 | Rake $0
Seat 3: simper11 (button) (small blind) collected ($6)
Seat 6: kismespit (big blind) folded before Flop


PokerStars Hand #157324160673:  Hold'em Limit ($3/$6 USD) - 2016/08/15 17:53:05 ET
Table 'Kollaa' 6-max Seat #6 is the button
Seat 3: simper11 ($124 in chips)
Seat 6: kismespit ($162.35 in chips)
kismespit: posts small blind $1
simper11: posts big blind $3
*** HOLE CARDS ***
kismespit: folds
Uncalled bet ($2) returned to simper11
simper11 collected $2 from pot
simper11: doesn't show hand
*** SUMMARY ***
Total pot $2 | Rake $0
Seat 3: simper11 (big blind) collected ($2)
Seat 6: kismespit (button) (small blind) folded before Flop


PokerStars Hand #157324154111:  Hold'em Limit ($3/$6 USD) - 2016/08/15 17:52:56 ET
Table 'Kollaa' 6-max Seat #3 is the button
Seat 3: simper11 ($121 in chips)
Seat 6: kismespit ($165.35 in chips)
simper11: posts small blind $1
kismespit: posts big blind $3
*** HOLE CARDS ***
simper11: raises $3 to $6
kismespit: folds
Uncalled bet ($3) returned to simper11
simper11 collected $6 from pot
simper11: doesn't show hand
*** SUMMARY ***
Total pot $6 | Rake $0
Seat 3: simper11 (button) (small blind) collected ($6)
Seat 6: kismespit (big blind) folded before Flop


PokerStars Hand #157324228703:  Hold'em Limit ($3/$6 USD) - 2016/08/15 17:54:37 ET
Table 'Kollaa' 6-max Seat #6 is the button
Seat 3: simper11 ($133.52 in chips)
Seat 6: kismespit ($157.85 in chips)
kismespit: posts small blind $1
simper11: posts big blind $3
*** HOLE CARDS ***
kismespit: raises $3 to $6
simper11: raises $3 to $9
kismespit: calls $3
*** FLOP *** [6h 3c Ts]
simper11: bets $3
kismespit: calls $3
*** TURN *** [6h 3c Ts] [7s]
simper11: bets $6
kismespit: folds
Uncalled bet ($6) returned to simper11
simper11 collected $23.52 from pot
simper11: doesn't show hand
*** SUMMARY ***
Total pot $24 | Rake $0.48
Board [6h 3c Ts 7s]
Seat 3: simper11 (big blind) collected ($23.52)
Seat 6: kismespit (button) (small blind) folded on the Turn


PokerStars Hand #157324223789:  Hold'em Limit ($3/$6 USD) - 2016/08/15 17:54:30 ET
Table 'Kollaa' 6-max Seat #3 is the button
Seat 3: simper11 ($134.52 in chips)
Seat 6: kismespit ($156.85 in chips)
simper11: posts small blind $1
kismespit: posts big blind $3
*** HOLE CARDS ***
simper11: folds
Uncalled bet ($2) returned to kismespit
kismespit collected $2 from pot
*** SUMMARY ***
Total pot $2 | Rake $0
Seat 3: simper11 (button) (small blind) folded before Flop
Seat 6: kismespit (big blind) collected ($2)


PokerStars Hand #157324206061:  Hold'em Limit ($3/$6 USD) - 2016/08/15 17:54:05 ET
Table 'Kollaa' 6-max Seat #6 is the button
Seat 3: simper11 ($123 in chips)
Seat 6: kismespit ($168.85 in chips)
kismespit: posts small blind $1
simper11: posts big blind $3
*** HOLE CARDS ***
kismespit: raises $3 to $6
simper11: raises $3 to $9
kismespit: calls $3
*** FLOP *** [9h 6s Td]
simper11: bets $3
kismespit: calls $3
*** TURN *** [9h 6s Td] [Th]
simper11: bets $6
kismespit: folds
Uncalled bet ($6) returned to simper11
simper11 collected $23.52 from pot
simper11: doesn't show hand
*** SUMMARY ***
Total pot $24 | Rake $0.48
Board [9h 6s Td Th]
Seat 3: simper11 (big blind) collected ($23.52)
Seat 6: kismespit (button) (small blind) folded on the Turn


PokerStars Hand #157324245943:  Hold'em Limit ($3/$6 USD) - 2016/08/15 17:55:03 ET
Table 'Kollaa' 6-max Seat #3 is the button
Seat 3: simper11 ($145.04 in chips)
Seat 6: kismespit ($145.85 in chips)
simper11: posts small blind $1
kismespit: posts big blind $3
*** HOLE CARDS ***
simper11: raises $3 to $6
kismespit: calls $3
*** FLOP *** [As 2h 4d]
kismespit: checks
simper11: bets $3
kismespit: raises $3 to $6
simper11: calls $3
*** TURN *** [As 2h 4d] [Td]
kismespit: checks
simper11: bets $6
kismespit: folds
Uncalled bet ($6) returned to simper11
simper11 collected $23.52 from pot
simper11: doesn't show hand
*** SUMMARY ***
Total pot $24 | Rake $0.48
Board [As 2h 4d Td]
Seat 3: simper11 (button) (small blind) collected ($23.52)
Seat 6: kismespit (big blind) folded on the Turn


PokerStars Hand #157324289444:  Hold'em Limit ($3/$6 USD) - 2016/08/15 17:56:18 ET
Table 'Kollaa' 6-max Seat #6 is the button
Seat 3: simper11 ($150.56 in chips)
Seat 6: kismespit ($139.49 in chips)
kismespit: posts small blind $1
simper11: posts big blind $3
*** HOLE CARDS ***
Bubman78 joins the table at seat #4
kismespit: raises $3 to $6
simper11: raises $3 to $9
kismespit: calls $3
*** FLOP *** [2c 9d Ks]
simper11: bets $3
kismespit: folds
Uncalled bet ($3) returned to simper11
simper11 collected $17.64 from pot
simper11: doesn't show hand
*** SUMMARY ***
Total pot $18 | Rake $0.36
Board [2c 9d Ks]
Seat 3: simper11 (big blind) collected ($17.64)
Seat 6: kismespit (button) (small blind) folded on the Flop


PokerStars Hand #157324282994:  Hold'em Limit ($3/$6 USD) - 2016/08/15 17:56:06 ET
Table 'Kollaa' 6-max Seat #3 is the button
Seat 3: simper11 ($147.56 in chips)
Seat 6: kismespit ($142.49 in chips)
simper11: posts small blind $1
kismespit: posts big blind $3
*** HOLE CARDS ***
simper11: raises $3 to $6
kismespit: folds
Uncalled bet ($3) returned to simper11
simper11 collected $6 from pot
simper11: doesn't show hand
*** SUMMARY ***
Total pot $6 | Rake $0
Seat 3: simper11 (button) (small blind) collected ($6)
Seat 6: kismespit (big blind) folded before Flop


PokerStars Hand #157324267924:  Hold'em Limit ($3/$6 USD) - 2016/08/15 17:55:40 ET
Table 'Kollaa' 6-max Seat #6 is the button
Seat 3: simper11 ($156.56 in chips)
Seat 6: kismespit ($133.85 in chips)
kismespit: posts small blind $1
simper11: posts big blind $3
*** HOLE CARDS ***
kismespit: raises $3 to $6
simper11: calls $3
*** FLOP *** [9h Ks 7d]
simper11: checks
kismespit: bets $3
simper11: calls $3
*** TURN *** [9h Ks 7d] [7h]
simper11: checks
kismespit: bets $6
simper11: folds
Uncalled bet ($6) returned to kismespit
kismespit collected $17.64 from pot
*** SUMMARY ***
Total pot $18 | Rake $0.36
Board [9h Ks 7d 7h]
Seat 3: simper11 (big blind) folded on the Turn
Seat 6: kismespit (button) (small blind) collected ($17.64)


