PokerStars Hand #151127553833:  Hold'em Limit ($3/$6 USD) - 2016/03/29 14:51:09 ET
Table 'Kollaa II' 10-max Seat #7 is the button
Seat 1: luckie286 ($98 in chips)
Seat 7: Azrarn ($141.38 in chips)
Azrarn: posts small blind $1
luckie286: posts big blind $3
*** HOLE CARDS ***
Azrarn: raises $3 to $6
luckie286: folds
Uncalled bet ($3) returned to Azrarn
Azrarn collected $6 from pot
Azrarn: doesn't show hand
*** SUMMARY ***
Total pot $6 | Rake $0
Seat 1: luckie286 (big blind) folded before Flop
Seat 7: Azrarn (button) (small blind) collected ($6)


PokerStars Hand #151127576011:  Hold'em Limit ($3/$6 USD) - 2016/03/29 14:51:32 ET
Table 'Kollaa II' 10-max Seat #7 is the button
Seat 1: luckie286 ($94 in chips)
Seat 7: Azrarn ($145.38 in chips)
Azrarn: posts small blind $1
luckie286: posts big blind $3
*** HOLE CARDS ***
Azrarn: raises $3 to $6
luckie286: folds
Uncalled bet ($3) returned to Azrarn
Azrarn collected $6 from pot
Azrarn: doesn't show hand
*** SUMMARY ***
Total pot $6 | Rake $0
Seat 1: luckie286 (big blind) folded before Flop
Seat 7: Azrarn (button) (small blind) collected ($6)


PokerStars Hand #151127571745:  Hold'em Limit ($3/$6 USD) - 2016/03/29 14:51:28 ET
Table 'Kollaa II' 10-max Seat #1 is the button
Seat 1: luckie286 ($95 in chips)
Seat 7: Azrarn ($144.38 in chips)
luckie286: posts small blind $1
Azrarn: posts big blind $3
*** HOLE CARDS ***
luckie286: folds
Uncalled bet ($2) returned to Azrarn
Azrarn collected $2 from pot
Azrarn: doesn't show hand
*** SUMMARY ***
Total pot $2 | Rake $0
Seat 1: luckie286 (button) (small blind) folded before Flop
Seat 7: Azrarn (big blind) collected ($2)


PokerStars Hand #151127613421:  Hold'em Limit ($3/$6 USD) - 2016/03/29 14:52:10 ET
Table 'Kollaa II' 10-max Seat #7 is the button
Seat 1: luckie286 ($102.52 in chips)
Seat 7: Azrarn ($136.38 in chips)
Azrarn: posts small blind $1
luckie286: posts big blind $3
*** HOLE CARDS ***
Azrarn: raises $3 to $6
luckie286: folds
Uncalled bet ($3) returned to Azrarn
Azrarn collected $6 from pot
Azrarn: doesn't show hand
*** SUMMARY ***
Total pot $6 | Rake $0
Seat 1: luckie286 (big blind) folded before Flop
Seat 7: Azrarn (button) (small blind) collected ($6)


PokerStars Hand #151127618939:  Hold'em Limit ($3/$6 USD) - 2016/03/29 14:52:16 ET
Table 'Kollaa II' 10-max Seat #1 is the button
Seat 1: luckie286 ($99.52 in chips)
Seat 7: Azrarn ($139.38 in chips)
luckie286: posts small blind $1
Azrarn: posts big blind $3
*** HOLE CARDS ***
luckie286: raises $3 to $6
Azrarn: calls $3
*** FLOP *** [Jc Qs 7c]
Azrarn: checks
luckie286: bets $3
Azrarn: folds
Uncalled bet ($3) returned to luckie286
luckie286 collected $11.76 from pot
luckie286: doesn't show hand
*** SUMMARY ***
Total pot $12 | Rake $0.24
Board [Jc Qs 7c]
Seat 1: luckie286 (button) (small blind) collected ($11.76)
Seat 7: Azrarn (big blind) folded on the Flop


PokerStars Hand #151127641420:  Hold'em Limit ($3/$6 USD) - 2016/03/29 14:52:39 ET
Table 'Kollaa II' 10-max Seat #7 is the button
Seat 1: luckie286 ($105.28 in chips)
Seat 7: Azrarn ($133.38 in chips)
Azrarn: posts small blind $1
luckie286: posts big blind $3
*** HOLE CARDS ***
Azrarn: raises $3 to $6
luckie286: raises $3 to $9
Azrarn: calls $3
*** FLOP *** [4d 9s 4c]
luckie286: bets $3
Azrarn: folds
Uncalled bet ($3) returned to luckie286
luckie286 collected $17.64 from pot
luckie286: doesn't show hand
*** SUMMARY ***
Total pot $18 | Rake $0.36
Board [4d 9s 4c]
Seat 1: luckie286 (big blind) collected ($17.64)
Seat 7: Azrarn (button) (small blind) folded on the Flop


PokerStars Hand #151127581016:  Hold'em Limit ($3/$6 USD) - 2016/03/29 14:51:37 ET
Table 'Kollaa II' 10-max Seat #1 is the button
Seat 1: luckie286 ($91 in chips)
Seat 7: Azrarn ($148.38 in chips)
luckie286: posts small blind $1
Azrarn: posts big blind $3
*** HOLE CARDS ***
luckie286: calls $2
Azrarn: checks
*** FLOP *** [6d 6s 8c]
Azrarn: bets $3
luckie286: calls $3
*** TURN *** [6d 6s 8c] [Js]
Azrarn: checks
luckie286: checks
*** RIVER *** [6d 6s 8c Js] [Qc]
Azrarn: checks
luckie286: bets $6
Azrarn: calls $6
*** SHOW DOWN ***
luckie286: shows [Jh 3h] (two pair, Jacks and Sixes)
Azrarn: mucks hand
luckie286 collected $23.52 from pot
*** SUMMARY ***
Total pot $24 | Rake $0.48
Board [6d 6s 8c Js Qc]
Seat 1: luckie286 (button) (small blind) showed [Jh 3h] and won ($23.52) with two pair, Jacks and Sixes
Seat 7: Azrarn (big blind) mucked


PokerStars Hand #151127655363:  Hold'em Limit ($3/$6 USD) - 2016/03/29 14:52:54 ET
Table 'Kollaa II' 10-max Seat #1 is the button
Seat 1: luckie286 ($113.92 in chips)
Seat 7: Azrarn ($124.38 in chips)
luckie286: posts small blind $1
Azrarn: posts big blind $3
*** HOLE CARDS ***
luckie286: raises $3 to $6
Azrarn: calls $3
*** FLOP *** [Qc Qd 2d]
Azrarn: checks
luckie286: bets $3
Azrarn: calls $3
*** TURN *** [Qc Qd 2d] [Qs]
Azrarn: checks
luckie286: checks
*** RIVER *** [Qc Qd 2d Qs] [7c]
Azrarn: checks
luckie286: checks
*** SHOW DOWN ***
Azrarn: shows [5c Ah] (three of a kind, Queens)
luckie286: mucks hand
Azrarn collected $17.64 from pot
*** SUMMARY ***
Total pot $18 | Rake $0.36
Board [Qc Qd 2d Qs 7c]
Seat 1: luckie286 (button) (small blind) mucked
Seat 7: Azrarn (big blind) showed [5c Ah] and won ($17.64) with three of a kind, Queens


PokerStars Hand #151127748630:  Hold'em Limit ($3/$6 USD) - 2016/03/29 14:54:20 ET
Table 'Kollaa II' 10-max Seat #1 is the button
Seat 1: luckie286 ($74.92 in chips)
Seat 7: Azrarn ($162.52 in chips)
luckie286: posts small blind $1
Azrarn: posts big blind $3
*** HOLE CARDS ***
luckie286: raises $3 to $6
Azrarn: raises $3 to $9
luckie286: calls $3
*** FLOP *** [Ks 4h 5s]
Azrarn: bets $3
luckie286: folds
Uncalled bet ($3) returned to Azrarn
Azrarn collected $17.64 from pot
Azrarn: doesn't show hand
*** SUMMARY ***
Total pot $18 | Rake $0.36
Board [Ks 4h 5s]
Seat 1: luckie286 (button) (small blind) folded on the Flop
Seat 7: Azrarn (big blind) collected ($17.64)


PokerStars Hand #151127677302:  Hold'em Limit ($3/$6 USD) - 2016/03/29 14:53:16 ET
Table 'Kollaa II' 10-max Seat #7 is the button
Seat 1: luckie286 ($104.92 in chips)
Seat 7: Azrarn ($133.02 in chips)
Azrarn: posts small blind $1
luckie286: posts big blind $3
*** HOLE CARDS ***
Azrarn: raises $3 to $6
luckie286: raises $3 to $9
Azrarn: calls $3
*** FLOP *** [3c 4c Ah]
luckie286: bets $3
Azrarn: calls $3
*** TURN *** [3c 4c Ah] [7c]
luckie286: bets $6
Azrarn: raises $6 to $12
luckie286: raises $6 to $18
Azrarn: calls $6
*** RIVER *** [3c 4c Ah 7c] [Jc]
luckie286: checks
Azrarn: checks
*** SHOW DOWN ***
luckie286: shows [Ad As] (three of a kind, Aces)
Azrarn: shows [5s 2h] (a straight, Ace to Five)
Azrarn collected $59.50 from pot
*** SUMMARY ***
Total pot $60 | Rake $0.50
Board [3c 4c Ah 7c Jc]
Seat 1: luckie286 (big blind) showed [Ad As] and lost with three of a kind, Aces
Seat 7: Azrarn (button) (small blind) showed [5s 2h] and won ($59.50) with a straight, Ace to Five


PokerStars Hand #151127816492:  Hold'em Limit ($3/$6 USD) - 2016/03/29 14:55:34 ET
Table 'Kollaa II' 10-max Seat #1 is the button
Seat 1: luckie286 ($98.42 in chips)
Seat 7: Azrarn ($138.16 in chips)
luckie286: posts small blind $1
Azrarn: posts big blind $3
*** HOLE CARDS ***
luckie286: raises $3 to $6
Azrarn: calls $3
*** FLOP *** [9h 9s 6c]
Azrarn: checks
luckie286: bets $3
Azrarn: raises $3 to $6
luckie286: calls $3
*** TURN *** [9h 9s 6c] [9c]
Azrarn: bets $6
luckie286: calls $6
*** RIVER *** [9h 9s 6c 9c] [3h]
Azrarn: bets $6
luckie286: calls $6
*** SHOW DOWN ***
Azrarn: shows [Qd 6s] (a full house, Nines full of Sixes)
luckie286: mucks hand
Azrarn collected $47.50 from pot
*** SUMMARY ***
Total pot $48 | Rake $0.50
Board [9h 9s 6c 9c 3h]
Seat 1: luckie286 (button) (small blind) mucked
Seat 7: Azrarn (big blind) showed [Qd 6s] and won ($47.50) with a full house, Nines full of Sixes


PokerStars Hand #151127770460:  Hold'em Limit ($3/$6 USD) - 2016/03/29 14:54:42 ET
Table 'Kollaa II' 10-max Seat #7 is the button
Seat 1: luckie286 ($65.92 in chips)
Seat 7: Azrarn ($171.16 in chips)
Azrarn: posts small blind $1
luckie286: posts big blind $3
*** HOLE CARDS ***
Azrarn: raises $3 to $6
luckie286: calls $3
*** FLOP *** [3s 2d 2c]
luckie286: bets $3
Azrarn: calls $3
*** TURN *** [3s 2d 2c] [Jc]
luckie286: bets $6
Azrarn: calls $6
*** RIVER *** [3s 2d 2c Jc] [Td]
luckie286: bets $6
Azrarn: raises $6 to $12
luckie286: raises $6 to $18
Azrarn: calls $6
*** SHOW DOWN ***
luckie286: shows [Js 2s] (a full house, Deuces full of Jacks)
Azrarn: mucks hand
luckie286 collected $65.50 from pot
*** SUMMARY ***
Total pot $66 | Rake $0.50
Board [3s 2d 2c Jc Td]
Seat 1: luckie286 (big blind) showed [Js 2s] and won ($65.50) with a full house, Deuces full of Jacks
Seat 7: Azrarn (button) (small blind) mucked


PokerStars Hand #151127828637:  Hold'em Limit ($3/$6 USD) - 2016/03/29 14:55:51 ET
Table 'Kollaa II' 10-max Seat #7 is the button
Seat 1: luckie286 ($74.42 in chips)
Seat 7: Azrarn ($161.66 in chips)
Azrarn: posts small blind $1
luckie286: posts big blind $3
*** HOLE CARDS ***
Azrarn: folds
Uncalled bet ($2) returned to luckie286
luckie286 collected $2 from pot
luckie286: doesn't show hand
*** SUMMARY ***
Total pot $2 | Rake $0
Seat 1: luckie286 (big blind) collected ($2)
Seat 7: Azrarn (button) (small blind) folded before Flop


PokerStars Hand #151127852389:  Hold'em Limit ($3/$6 USD) - 2016/03/29 14:56:23 ET
Table 'Kollaa II' 10-max Seat #1 is the button
Seat 1: luckie286 ($89.82 in chips)
Seat 7: Azrarn ($145.66 in chips)
luckie286: posts small blind $1
Azrarn: posts big blind $3
*** HOLE CARDS ***
luckie286: raises $3 to $6
Azrarn: raises $3 to $9
luckie286: calls $3
*** FLOP *** [3h 6d Qs]
Azrarn: bets $3
luckie286: raises $3 to $6
Azrarn: calls $3
*** TURN *** [3h 6d Qs] [Qd]
Azrarn: checks
luckie286: bets $6
Azrarn: calls $6
*** RIVER *** [3h 6d Qs Qd] [Jh]
Azrarn: checks
luckie286: checks
*** SHOW DOWN ***
Azrarn: shows [4d 4c] (two pair, Queens and Fours)
luckie286: shows [Ts Jc] (two pair, Queens and Jacks)
luckie286 collected $41.50 from pot
*** SUMMARY ***
Total pot $42 | Rake $0.50
Board [3h 6d Qs Qd Jh]
Seat 1: luckie286 (button) (small blind) showed [Ts Jc] and won ($41.50) with two pair, Queens and Jacks
Seat 7: Azrarn (big blind) showed [4d 4c] and lost with two pair, Queens and Fours


PokerStars Hand #151127841943:  Hold'em Limit ($3/$6 USD) - 2016/03/29 14:56:09 ET
Table 'Kollaa II' 10-max Seat #7 is the button
Seat 1: luckie286 ($81.18 in chips)
Seat 7: Azrarn ($154.66 in chips)
Azrarn: posts small blind $1
luckie286: posts big blind $3
*** HOLE CARDS ***
Azrarn: raises $3 to $6
luckie286: raises $3 to $9
Azrarn: calls $3
*** FLOP *** [9s Qs Ad]
luckie286: bets $3
Azrarn: folds
Uncalled bet ($3) returned to luckie286
luckie286 collected $17.64 from pot
luckie286: doesn't show hand
*** SUMMARY ***
Total pot $18 | Rake $0.36
Board [9s Qs Ad]
Seat 1: luckie286 (big blind) collected ($17.64)
Seat 7: Azrarn (button) (small blind) folded on the Flop


PokerStars Hand #151127833225:  Hold'em Limit ($3/$6 USD) - 2016/03/29 14:55:57 ET
Table 'Kollaa II' 10-max Seat #1 is the button
Seat 1: luckie286 ($75.42 in chips)
Seat 7: Azrarn ($160.66 in chips)
luckie286: posts small blind $1
Azrarn: posts big blind $3
*** HOLE CARDS ***
luckie286: raises $3 to $6
Azrarn: calls $3
*** FLOP *** [Th Qd 9s]
Azrarn: checks
luckie286: bets $3
Azrarn: folds
Uncalled bet ($3) returned to luckie286
luckie286 collected $11.76 from pot
luckie286: doesn't show hand
*** SUMMARY ***
Total pot $12 | Rake $0.24
Board [Th Qd 9s]
Seat 1: luckie286 (button) (small blind) collected ($11.76)
Seat 7: Azrarn (big blind) folded on the Flop


PokerStars Hand #151127871001:  Hold'em Limit ($3/$6 USD) - 2016/03/29 14:56:47 ET
Table 'Kollaa II' 10-max Seat #7 is the button
Seat 1: luckie286 ($110.32 in chips)
Seat 7: Azrarn ($124.66 in chips)
Azrarn: posts small blind $1
luckie286: posts big blind $3
*** HOLE CARDS ***
Azrarn: raises $3 to $6
luckie286: calls $3
*** FLOP *** [6d 2s 2c]
AzureCaper joins the table at seat #2
luckie286: checks
Azrarn: bets $3
luckie286: calls $3
*** TURN *** [6d 2s 2c] [Qc]
luckie286: bets $6
Azrarn: raises $6 to $12
luckie286: calls $6
*** RIVER *** [6d 2s 2c Qc] [7d]
luckie286: checks
Azrarn: checks
*** SHOW DOWN ***
luckie286: shows [4h Kc] (a pair of Deuces)
Azrarn: mucks hand
luckie286 collected $41.50 from pot
*** SUMMARY ***
Total pot $42 | Rake $0.50
Board [6d 2s 2c Qc 7d]
Seat 1: luckie286 (big blind) showed [4h Kc] and won ($41.50) with a pair of Deuces
Seat 7: Azrarn (button) (small blind) mucked


PokerStars Hand #151130032738:  Hold'em Limit ($3/$6 USD) - 2016/03/29 15:33:57 ET
Table 'Kollaa II' 10-max Seat #7 is the button
Seat 6: Arsenavet ($278.72 in chips)
Seat 7: __P0o_P0o__ ($85.71 in chips)
__P0o_P0o__: posts small blind $1
Arsenavet: posts big blind $3
*** HOLE CARDS ***
__P0o_P0o__: raises $3 to $6
Arsenavet: folds
Uncalled bet ($3) returned to __P0o_P0o__
__P0o_P0o__ collected $6 from pot
livenuncut leaves the table
*** SUMMARY ***
Total pot $6 | Rake $0
Seat 6: Arsenavet (big blind) folded before Flop
Seat 7: __P0o_P0o__ (button) (small blind) collected ($6)


