PokerStars Hand #158760777923:  Hold'em Limit ($3/$6 USD) - 2016/09/18 8:25:48 ET
Table 'Komppa' 6-max Seat #3 is the button
Seat 3: fthienpo ($186.33 in chips)
Seat 4: VolkovDmitri ($120 in chips)
fthienpo: posts small blind $1
VolkovDmitri: posts big blind $3
*** HOLE CARDS ***
fthienpo: calls $2
VolkovDmitri: checks
*** FLOP *** [Jh 9c As]
VolkovDmitri: checks
fthienpo: bets $3
VolkovDmitri: folds
Uncalled bet ($3) returned to fthienpo
fthienpo collected $5.88 from pot
fthienpo: doesn't show hand
*** SUMMARY ***
Total pot $6 | Rake $0.12
Board [Jh 9c As]
Seat 3: fthienpo (button) (small blind) collected ($5.88)
Seat 4: VolkovDmitri (big blind) folded on the Flop


PokerStars Hand #158760794011:  Hold'em Limit ($3/$6 USD) - 2016/09/18 8:26:18 ET
Table 'Komppa' 6-max Seat #4 is the button
Seat 3: fthienpo ($189.21 in chips)
Seat 4: VolkovDmitri ($120 in chips)
VolkovDmitri: posts small blind $1
fthienpo: posts big blind $3
*** HOLE CARDS ***
VolkovDmitri: raises $3 to $6
fthienpo: calls $3
*** FLOP *** [Ad Ah 6h]
fthienpo: checks
VolkovDmitri: bets $3
fthienpo: folds
Uncalled bet ($3) returned to VolkovDmitri
VolkovDmitri collected $11.76 from pot
VolkovDmitri: doesn't show hand
*** SUMMARY ***
Total pot $12 | Rake $0.24
Board [Ad Ah 6h]
Seat 3: fthienpo (big blind) folded on the Flop
Seat 4: VolkovDmitri (button) (small blind) collected ($11.76)


PokerStars Hand #158760809053:  Hold'em Limit ($3/$6 USD) - 2016/09/18 8:26:46 ET
Table 'Komppa' 6-max Seat #3 is the button
Seat 3: fthienpo ($183.21 in chips)
Seat 4: VolkovDmitri ($125.76 in chips)
fthienpo: posts small blind $1
VolkovDmitri: posts big blind $3
*** HOLE CARDS ***
fthienpo: calls $2
TheU10 joins the table at seat #5
VolkovDmitri: checks
*** FLOP *** [6d 9h 4s]
VolkovDmitri: checks
fthienpo: checks
*** TURN *** [6d 9h 4s] [6h]
VolkovDmitri: checks
fthienpo: bets $6
VolkovDmitri: folds
Uncalled bet ($6) returned to fthienpo
fthienpo collected $5.88 from pot
fthienpo: doesn't show hand
*** SUMMARY ***
Total pot $6 | Rake $0.12
Board [6d 9h 4s 6h]
Seat 3: fthienpo (button) (small blind) collected ($5.88)
Seat 4: VolkovDmitri (big blind) folded on the Turn


PokerStars Hand #158763679878:  Hold'em Limit ($3/$6 USD) - 2016/09/18 9:48:03 ET
Table 'Komppa' 6-max Seat #1 is the button
Seat 1: ChicagoBull4 ($49.71 in chips)
Seat 6: LifeisagameX ($88 in chips)
ChicagoBull4: posts small blind $1
LifeisagameX: posts big blind $3
*** HOLE CARDS ***
ChicagoBull4: folds
Uncalled bet ($2) returned to LifeisagameX
LifeisagameX collected $2 from pot
LifeisagameX: doesn't show hand
*** SUMMARY ***
Total pot $2 | Rake $0
Seat 1: ChicagoBull4 (button) (small blind) folded before Flop
Seat 6: LifeisagameX (big blind) collected ($2)


PokerStars Hand #158763716849:  Hold'em Limit ($3/$6 USD) - 2016/09/18 9:49:00 ET
Table 'Komppa' 6-max Seat #1 is the button
Seat 1: ChicagoBull4 ($60.23 in chips)
Seat 6: LifeisagameX ($84 in chips)
ChicagoBull4: posts small blind $1
LifeisagameX: posts big blind $3
*** HOLE CARDS ***
ChicagoBull4: folds
Uncalled bet ($2) returned to LifeisagameX
LifeisagameX collected $2 from pot
*** SUMMARY ***
Total pot $2 | Rake $0
Seat 1: ChicagoBull4 (button) (small blind) folded before Flop
Seat 6: LifeisagameX (big blind) collected ($2)


PokerStars Hand #158763692800:  Hold'em Limit ($3/$6 USD) - 2016/09/18 9:48:23 ET
Table 'Komppa' 6-max Seat #6 is the button
Seat 1: ChicagoBull4 ($48.71 in chips)
Seat 6: LifeisagameX ($89 in chips)
LifeisagameX: posts small blind $1
ChicagoBull4: posts big blind $3
*** HOLE CARDS ***
LifeisagameX: raises $3 to $6
ChicagoBull4: raises $3 to $9
LifeisagameX: calls $3
*** FLOP *** [Kh 9d Ac]
ChicagoBull4: bets $3
LifeisagameX: calls $3
*** TURN *** [Kh 9d Ac] [Th]
ChicagoBull4: bets $6
LifeisagameX: folds
Uncalled bet ($6) returned to ChicagoBull4
ChicagoBull4 collected $23.52 from pot
ChicagoBull4: doesn't show hand
*** SUMMARY ***
Total pot $24 | Rake $0.48
Board [Kh 9d Ac Th]
Seat 1: ChicagoBull4 (big blind) collected ($23.52)
Seat 6: LifeisagameX (button) (small blind) folded on the Turn


