PokerStars Hand #162325453333:  Hold'em Limit ($3/$6 USD) - 2016/12/02 23:16:29 ET
Table 'Komppa' 10-max Seat #7 is the button
Seat 3: mylifeluvsol ($30 in chips)
Seat 7: Azrarn ($177.99 in chips)
Azrarn: posts small blind $1
mylifeluvsol: posts big blind $3
*** HOLE CARDS ***
Azrarn: raises $3 to $6
mylifeluvsol: calls $3
*** FLOP *** [9d Ks 5d]
mylifeluvsol: checks
Azrarn: bets $3
mylifeluvsol: folds
Uncalled bet ($3) returned to Azrarn
Azrarn collected $11.76 from pot
*** SUMMARY ***
Total pot $12 | Rake $0.24
Board [9d Ks 5d]
Seat 3: mylifeluvsol (big blind) folded on the Flop
Seat 7: Azrarn (button) (small blind) collected ($11.76)


PokerStars Hand #162325439834:  Hold'em Limit ($3/$6 USD) - 2016/12/02 23:15:51 ET
Table 'Komppa' 10-max Seat #3 is the button
Seat 3: mylifeluvsol ($7.64 in chips)
Seat 7: Azrarn ($170.66 in chips)
mylifeluvsol: posts small blind $1
Azrarn: posts big blind $3
*** HOLE CARDS ***
mylifeluvsol: raises $3 to $6
Azrarn: raises $3 to $9
mylifeluvsol: calls $1.64 and is all-in
Uncalled bet ($1.36) returned to Azrarn
*** FLOP *** [4d 7s Qs]
*** TURN *** [4d 7s Qs] [Jc]
*** RIVER *** [4d 7s Qs Jc] [5c]
*** SHOW DOWN ***
Azrarn: shows [7d 8s] (a pair of Sevens)
mylifeluvsol: shows [9h 6h] (high card Queen)
Azrarn collected $14.97 from pot
*** SUMMARY ***
Total pot $15.28 | Rake $0.31
Board [4d 7s Qs Jc 5c]
Seat 3: mylifeluvsol (button) (small blind) showed [9h 6h] and lost with high card Queen
Seat 7: Azrarn (big blind) showed [7d 8s] and won ($14.97) with a pair of Sevens


PokerStars Hand #162325470332:  Hold'em Limit ($3/$6 USD) - 2016/12/02 23:17:17 ET
Table 'Komppa' 10-max Seat #7 is the button
Seat 3: mylifeluvsol ($21 in chips)
Seat 7: Azrarn ($186.63 in chips)
Azrarn: posts small blind $1
mylifeluvsol: posts big blind $3
*** HOLE CARDS ***
Azrarn: raises $3 to $6
mylifeluvsol: raises $3 to $9
Azrarn: raises $3 to $12
Betting is capped
mylifeluvsol: calls $3
*** FLOP *** [4c Jd 3h]
mylifeluvsol: checks
Azrarn: bets $3
mylifeluvsol: calls $3
*** TURN *** [4c Jd 3h] [9c]
mylifeluvsol: checks
Azrarn: bets $6
mylifeluvsol: calls $6 and is all-in
*** RIVER *** [4c Jd 3h 9c] [5h]
*** SHOW DOWN ***
mylifeluvsol: shows [4d 4h] (three of a kind, Fours)
Azrarn: shows [5s As] (a pair of Fives)
mylifeluvsol collected $41.50 from pot
*** SUMMARY ***
Total pot $42 | Rake $0.50
Board [4c Jd 3h 9c 5h]
Seat 3: mylifeluvsol (big blind) showed [4d 4h] and won ($41.50) with three of a kind, Fours
Seat 7: Azrarn (button) (small blind) showed [5s As] and lost with a pair of Fives


PokerStars Hand #162325460400:  Hold'em Limit ($3/$6 USD) - 2016/12/02 23:16:49 ET
Table 'Komppa' 10-max Seat #3 is the button
Seat 3: mylifeluvsol ($24 in chips)
Seat 7: Azrarn ($183.75 in chips)
mylifeluvsol: posts small blind $1
Azrarn: posts big blind $3
*** HOLE CARDS ***
mylifeluvsol: calls $2
Azrarn: checks
*** FLOP *** [Qc 9d 5h]
Azrarn: bets $3
mylifeluvsol: folds
Uncalled bet ($3) returned to Azrarn
Azrarn collected $5.88 from pot
*** SUMMARY ***
Total pot $6 | Rake $0.12
Board [Qc 9d 5h]
Seat 3: mylifeluvsol (button) (small blind) folded on the Flop
Seat 7: Azrarn (big blind) collected ($5.88)


PokerStars Hand #162325489530:  Hold'em Limit ($3/$6 USD) - 2016/12/02 23:18:11 ET
Table 'Komppa' 10-max Seat #7 is the button
Seat 3: mylifeluvsol ($32.50 in chips)
Seat 7: Azrarn ($174.27 in chips)
Azrarn: posts small blind $1
mylifeluvsol: posts big blind $3
*** HOLE CARDS ***
Azrarn: folds
Uncalled bet ($2) returned to mylifeluvsol
mylifeluvsol collected $2 from pot
*** SUMMARY ***
Total pot $2 | Rake $0
Seat 3: mylifeluvsol (big blind) collected ($2)
Seat 7: Azrarn (button) (small blind) folded before Flop


PokerStars Hand #162325497140:  Hold'em Limit ($3/$6 USD) - 2016/12/02 23:18:33 ET
Table 'Komppa' 10-max Seat #3 is the button
Seat 3: mylifeluvsol ($33.50 in chips)
Seat 7: Azrarn ($173.27 in chips)
mylifeluvsol: posts small blind $1
Azrarn: posts big blind $3
*** HOLE CARDS ***
mylifeluvsol: calls $2
Azrarn: raises $3 to $6
mylifeluvsol: calls $3
*** FLOP *** [5s 5c Jh]
Azrarn: bets $3
mylifeluvsol: folds
Uncalled bet ($3) returned to Azrarn
Azrarn collected $11.76 from pot
*** SUMMARY ***
Total pot $12 | Rake $0.24
Board [5s 5c Jh]
Seat 3: mylifeluvsol (button) (small blind) folded on the Flop
Seat 7: Azrarn (big blind) collected ($11.76)


PokerStars Hand #162325501178:  Hold'em Limit ($3/$6 USD) - 2016/12/02 23:18:45 ET
Table 'Komppa' 10-max Seat #7 is the button
Seat 3: mylifeluvsol ($27.50 in chips)
Seat 7: Azrarn ($179.03 in chips)
Azrarn: posts small blind $1
mylifeluvsol: posts big blind $3
*** HOLE CARDS ***
Azrarn: folds
Uncalled bet ($2) returned to mylifeluvsol
mylifeluvsol collected $2 from pot
*** SUMMARY ***
Total pot $2 | Rake $0
Seat 3: mylifeluvsol (big blind) collected ($2)
Seat 7: Azrarn (button) (small blind) folded before Flop


PokerStars Hand #162325491182:  Hold'em Limit ($3/$6 USD) - 2016/12/02 23:18:16 ET
Table 'Komppa' 10-max Seat #3 is the button
Seat 3: mylifeluvsol ($33.50 in chips)
Seat 7: Azrarn ($173.27 in chips)
mylifeluvsol: posts small blind $1
Azrarn: posts big blind $3
*** HOLE CARDS ***
mylifeluvsol: folds
Uncalled bet ($2) returned to Azrarn
Azrarn collected $2 from pot
*** SUMMARY ***
Total pot $2 | Rake $0
Seat 3: mylifeluvsol (button) (small blind) folded before Flop
Seat 7: Azrarn (big blind) collected ($2)


PokerStars Hand #162325480546:  Hold'em Limit ($3/$6 USD) - 2016/12/02 23:17:46 ET
Table 'Komppa' 10-max Seat #3 is the button
Seat 3: mylifeluvsol ($41.50 in chips)
Seat 7: Azrarn ($165.63 in chips)
mylifeluvsol: posts small blind $1
Azrarn: posts big blind $3
*** HOLE CARDS ***
mylifeluvsol: calls $2
Azrarn: raises $3 to $6
mylifeluvsol: calls $3
*** FLOP *** [8d Js 9h]
Azrarn: bets $3
mylifeluvsol: calls $3
*** TURN *** [8d Js 9h] [2c]
Azrarn: checks
mylifeluvsol: checks
*** RIVER *** [8d Js 9h 2c] [7c]
Azrarn: checks
mylifeluvsol: checks
*** SHOW DOWN ***
Azrarn: shows [Ad 9s] (a pair of Nines)
mylifeluvsol: mucks hand
Azrarn collected $17.64 from pot
*** SUMMARY ***
Total pot $18 | Rake $0.36
Board [8d Js 9h 2c 7c]
Seat 3: mylifeluvsol (button) (small blind) mucked
Seat 7: Azrarn (big blind) showed [Ad 9s] and won ($17.64) with a pair of Nines


PokerStars Hand #162325493112:  Hold'em Limit ($3/$6 USD) - 2016/12/02 23:18:22 ET
Table 'Komppa' 10-max Seat #7 is the button
Seat 3: mylifeluvsol ($32.50 in chips)
Seat 7: Azrarn ($174.27 in chips)
Azrarn: posts small blind $1
mylifeluvsol: posts big blind $3
*** HOLE CARDS ***
Azrarn: folds
Uncalled bet ($2) returned to mylifeluvsol
mylifeluvsol collected $2 from pot
*** SUMMARY ***
Total pot $2 | Rake $0
Seat 3: mylifeluvsol (big blind) collected ($2)
Seat 7: Azrarn (button) (small blind) folded before Flop


PokerStars Hand #162325522707:  Hold'em Limit ($3/$6 USD) - 2016/12/02 23:19:47 ET
Table 'Komppa' 10-max Seat #3 is the button
Seat 3: mylifeluvsol ($50.64 in chips)
Seat 7: Azrarn ($155.03 in chips)
mylifeluvsol: posts small blind $1
Azrarn: posts big blind $3
*** HOLE CARDS ***
mylifeluvsol: raises $3 to $6
Azrarn: folds
Uncalled bet ($3) returned to mylifeluvsol
mylifeluvsol collected $6 from pot
*** SUMMARY ***
Total pot $6 | Rake $0
Seat 3: mylifeluvsol (button) (small blind) collected ($6)
Seat 7: Azrarn (big blind) folded before Flop


PokerStars Hand #162325520262:  Hold'em Limit ($3/$6 USD) - 2016/12/02 23:19:40 ET
Table 'Komppa' 10-max Seat #7 is the button
Seat 3: mylifeluvsol ($53.64 in chips)
Seat 7: Azrarn ($152.03 in chips)
Azrarn: posts small blind $1
mylifeluvsol: posts big blind $3
*** HOLE CARDS ***
Azrarn: raises $3 to $6
mylifeluvsol: folds
Uncalled bet ($3) returned to Azrarn
Azrarn collected $6 from pot
*** SUMMARY ***
Total pot $6 | Rake $0
Seat 3: mylifeluvsol (big blind) folded before Flop
Seat 7: Azrarn (button) (small blind) collected ($6)


PokerStars Hand #162325518407:  Hold'em Limit ($3/$6 USD) - 2016/12/02 23:19:34 ET
Table 'Komppa' 10-max Seat #3 is the button
Seat 3: mylifeluvsol ($54.64 in chips)
Seat 7: Azrarn ($151.03 in chips)
mylifeluvsol: posts small blind $1
Azrarn: posts big blind $3
*** HOLE CARDS ***
mylifeluvsol: folds
Uncalled bet ($2) returned to Azrarn
Azrarn collected $2 from pot
*** SUMMARY ***
Total pot $2 | Rake $0
Seat 3: mylifeluvsol (button) (small blind) folded before Flop
Seat 7: Azrarn (big blind) collected ($2)


PokerStars Hand #162325511695:  Hold'em Limit ($3/$6 USD) - 2016/12/02 23:19:15 ET
Table 'Komppa' 10-max Seat #7 is the button
Seat 3: mylifeluvsol ($46 in chips)
Seat 7: Azrarn ($160.03 in chips)
Azrarn: posts small blind $1
mylifeluvsol: posts big blind $3
*** HOLE CARDS ***
Azrarn: raises $3 to $6
mylifeluvsol: calls $3
*** FLOP *** [Kc Qh Qs]
mylifeluvsol: checks
Azrarn: bets $3
mylifeluvsol: calls $3
*** TURN *** [Kc Qh Qs] [5h]
mylifeluvsol: checks
Azrarn: checks
*** RIVER *** [Kc Qh Qs 5h] [Jd]
mylifeluvsol: bets $6
Azrarn: folds
Uncalled bet ($6) returned to mylifeluvsol
mylifeluvsol collected $17.64 from pot
*** SUMMARY ***
Total pot $18 | Rake $0.36
Board [Kc Qh Qs 5h Jd]
Seat 3: mylifeluvsol (big blind) collected ($17.64)
Seat 7: Azrarn (button) (small blind) folded on the River


PokerStars Hand #162325503103:  Hold'em Limit ($3/$6 USD) - 2016/12/02 23:18:51 ET
Table 'Komppa' 10-max Seat #3 is the button
Seat 3: mylifeluvsol ($28.50 in chips)
Seat 7: Azrarn ($178.03 in chips)
mylifeluvsol: posts small blind $1
Azrarn: posts big blind $3
*** HOLE CARDS ***
mylifeluvsol: raises $3 to $6
Azrarn: calls $3
*** FLOP *** [8c Ac Ts]
Azrarn: checks
mylifeluvsol: checks
*** TURN *** [8c Ac Ts] [3c]
Azrarn: checks
mylifeluvsol: bets $6
Azrarn: calls $6
*** RIVER *** [8c Ac Ts 3c] [9s]
Azrarn: checks
mylifeluvsol: bets $6
Azrarn: calls $6
*** SHOW DOWN ***
mylifeluvsol: shows [8h As] (two pair, Aces and Eights)
Azrarn: mucks hand
mylifeluvsol collected $35.50 from pot
*** SUMMARY ***
Total pot $36 | Rake $0.50
Board [8c Ac Ts 3c 9s]
Seat 3: mylifeluvsol (button) (small blind) showed [8h As] and won ($35.50) with two pair, Aces and Eights
Seat 7: Azrarn (big blind) mucked


PokerStars Hand #162325537440:  Hold'em Limit ($3/$6 USD) - 2016/12/02 23:20:29 ET
Table 'Komppa' 10-max Seat #7 is the button
Seat 3: mylifeluvsol ($53.64 in chips)
Seat 7: Azrarn ($152.03 in chips)
Azrarn: posts small blind $1
mylifeluvsol: posts big blind $3
*** HOLE CARDS ***
Azrarn: raises $3 to $6
mylifeluvsol: raises $3 to $9
Azrarn: calls $3
*** FLOP *** [Qh 9s 2s]
mylifeluvsol: checks
Azrarn: checks
*** TURN *** [Qh 9s 2s] [4d]
mylifeluvsol: bets $6
Azrarn: calls $6
*** RIVER *** [Qh 9s 2s 4d] [Td]
mylifeluvsol: checks
Azrarn: checks
*** SHOW DOWN ***
mylifeluvsol: shows [As Ad] (a pair of Aces)
Azrarn: mucks hand
mylifeluvsol collected $29.50 from pot
*** SUMMARY ***
Total pot $30 | Rake $0.50
Board [Qh 9s 2s 4d Td]
Seat 3: mylifeluvsol (big blind) showed [As Ad] and won ($29.50) with a pair of Aces
Seat 7: Azrarn (button) (small blind) mucked


PokerStars Hand #162325535006:  Hold'em Limit ($3/$6 USD) - 2016/12/02 23:20:22 ET
Table 'Komppa' 10-max Seat #3 is the button
Seat 3: mylifeluvsol ($50.64 in chips)
Seat 7: Azrarn ($155.03 in chips)
mylifeluvsol: posts small blind $1
Azrarn: posts big blind $3
*** HOLE CARDS ***
mylifeluvsol: raises $3 to $6
Azrarn: folds
Uncalled bet ($3) returned to mylifeluvsol
mylifeluvsol collected $6 from pot
*** SUMMARY ***
Total pot $6 | Rake $0
Seat 3: mylifeluvsol (button) (small blind) collected ($6)
Seat 7: Azrarn (big blind) folded before Flop


PokerStars Hand #162325544637:  Hold'em Limit ($3/$6 USD) - 2016/12/02 23:20:50 ET
Table 'Komppa' 10-max Seat #3 is the button
Seat 3: mylifeluvsol ($68.14 in chips)
Seat 7: Azrarn ($137.03 in chips)
mylifeluvsol: posts small blind $1
Azrarn: posts big blind $3
*** HOLE CARDS ***
mylifeluvsol: raises $3 to $6
Azrarn: folds
Uncalled bet ($3) returned to mylifeluvsol
mylifeluvsol collected $6 from pot
*** SUMMARY ***
Total pot $6 | Rake $0
Seat 3: mylifeluvsol (button) (small blind) collected ($6)
Seat 7: Azrarn (big blind) folded before Flop


PokerStars Hand #162325526883:  Hold'em Limit ($3/$6 USD) - 2016/12/02 23:19:59 ET
Table 'Komppa' 10-max Seat #7 is the button
Seat 3: mylifeluvsol ($53.64 in chips)
Seat 7: Azrarn ($152.03 in chips)
Azrarn: posts small blind $1
mylifeluvsol: posts big blind $3
*** HOLE CARDS ***
Azrarn: raises $3 to $6
mylifeluvsol: folds
Uncalled bet ($3) returned to Azrarn
Azrarn collected $6 from pot
*** SUMMARY ***
Total pot $6 | Rake $0
Seat 3: mylifeluvsol (big blind) folded before Flop
Seat 7: Azrarn (button) (small blind) collected ($6)


PokerStars Hand #162325529104:  Hold'em Limit ($3/$6 USD) - 2016/12/02 23:20:05 ET
Table 'Komppa' 10-max Seat #3 is the button
Seat 3: mylifeluvsol ($50.64 in chips)
Seat 7: Azrarn ($155.03 in chips)
mylifeluvsol: posts small blind $1
Azrarn: posts big blind $3
*** HOLE CARDS ***
mylifeluvsol: folds
Uncalled bet ($2) returned to Azrarn
Azrarn collected $2 from pot
*** SUMMARY ***
Total pot $2 | Rake $0
Seat 3: mylifeluvsol (button) (small blind) folded before Flop
Seat 7: Azrarn (big blind) collected ($2)


PokerStars Hand #162325530983:  Hold'em Limit ($3/$6 USD) - 2016/12/02 23:20:10 ET
Table 'Komppa' 10-max Seat #7 is the button
Seat 3: mylifeluvsol ($49.64 in chips)
Seat 7: Azrarn ($156.03 in chips)
Azrarn: posts small blind $1
mylifeluvsol: posts big blind $3
*** HOLE CARDS ***
Azrarn: folds
Uncalled bet ($2) returned to mylifeluvsol
mylifeluvsol collected $2 from pot
*** SUMMARY ***
Total pot $2 | Rake $0
Seat 3: mylifeluvsol (big blind) collected ($2)
Seat 7: Azrarn (button) (small blind) folded before Flop


PokerStars Hand #162325554883:  Hold'em Limit ($3/$6 USD) - 2016/12/02 23:21:19 ET
Table 'Komppa' 10-max Seat #3 is the button
Seat 3: mylifeluvsol ($62.14 in chips)
Seat 7: Azrarn ($142.67 in chips)
mylifeluvsol: posts small blind $1
Azrarn: posts big blind $3
*** HOLE CARDS ***
mylifeluvsol: folds
Uncalled bet ($2) returned to Azrarn
Azrarn collected $2 from pot
*** SUMMARY ***
Total pot $2 | Rake $0
Seat 3: mylifeluvsol (button) (small blind) folded before Flop
Seat 7: Azrarn (big blind) collected ($2)


PokerStars Hand #162325556590:  Hold'em Limit ($3/$6 USD) - 2016/12/02 23:21:24 ET
Table 'Komppa' 10-max Seat #7 is the button
Seat 3: mylifeluvsol ($61.14 in chips)
Seat 7: Azrarn ($143.67 in chips)
Azrarn: posts small blind $1
mylifeluvsol: posts big blind $3
*** HOLE CARDS ***
Azrarn: raises $3 to $6
mylifeluvsol: raises $3 to $9
Azrarn: calls $3
*** FLOP *** [6h Ks 9s]
mylifeluvsol: bets $3
Azrarn: calls $3
*** TURN *** [6h Ks 9s] [Ad]
mylifeluvsol: bets $6
Azrarn: calls $6
*** RIVER *** [6h Ks 9s Ad] [Jh]
mylifeluvsol: bets $6
Azrarn: folds
Uncalled bet ($6) returned to mylifeluvsol
mylifeluvsol collected $35.50 from pot
*** SUMMARY ***
Total pot $36 | Rake $0.50
Board [6h Ks 9s Ad Jh]
Seat 3: mylifeluvsol (big blind) collected ($35.50)
Seat 7: Azrarn (button) (small blind) folded on the River


PokerStars Hand #162325564419:  Hold'em Limit ($3/$6 USD) - 2016/12/02 23:21:46 ET
Table 'Komppa' 10-max Seat #3 is the button
Seat 3: mylifeluvsol ($78.64 in chips)
Seat 7: Azrarn ($125.67 in chips)
mylifeluvsol: posts small blind $1
Azrarn: posts big blind $3
*** HOLE CARDS ***
mylifeluvsol: calls $2
Azrarn: checks
*** FLOP *** [4d Td As]
Azrarn: checks
mylifeluvsol: checks
*** TURN *** [4d Td As] [8s]
Azrarn: checks
mylifeluvsol: checks
*** RIVER *** [4d Td As 8s] [4s]
Azrarn: checks
mylifeluvsol: checks
*** SHOW DOWN ***
Azrarn: shows [2s Kd] (a pair of Fours)
mylifeluvsol: shows [9d Kh] (a pair of Fours)
Azrarn collected $2.94 from pot
mylifeluvsol collected $2.94 from pot
*** SUMMARY ***
Total pot $6 | Rake $0.12
Board [4d Td As 8s 4s]
Seat 3: mylifeluvsol (button) (small blind) showed [9d Kh] and won ($2.94) with a pair of Fours
Seat 7: Azrarn (big blind) showed [2s Kd] and won ($2.94) with a pair of Fours


PokerStars Hand #162325547193:  Hold'em Limit ($3/$6 USD) - 2016/12/02 23:20:57 ET
Table 'Komppa' 10-max Seat #7 is the button
Seat 3: mylifeluvsol ($71.14 in chips)
Seat 7: Azrarn ($134.03 in chips)
Azrarn: posts small blind $1
mylifeluvsol: posts big blind $3
*** HOLE CARDS ***
Azrarn: raises $3 to $6
mylifeluvsol: calls $3
*** FLOP *** [Ks Ts Js]
mylifeluvsol: checks
Azrarn: bets $3
mylifeluvsol: calls $3
*** TURN *** [Ks Ts Js] [8h]
mylifeluvsol: checks
Azrarn: checks
*** RIVER *** [Ks Ts Js 8h] [9c]
mylifeluvsol: checks
Azrarn: bets $6
mylifeluvsol: folds
Uncalled bet ($6) returned to Azrarn
Azrarn collected $17.64 from pot
*** SUMMARY ***
Total pot $18 | Rake $0.36
Board [Ks Ts Js 8h 9c]
Seat 3: mylifeluvsol (big blind) folded on the River
Seat 7: Azrarn (button) (small blind) collected ($17.64)


PokerStars Hand #162325569707:  Hold'em Limit ($3/$6 USD) - 2016/12/02 23:22:02 ET
Table 'Komppa' 10-max Seat #7 is the button
Seat 3: mylifeluvsol ($78.58 in chips)
Seat 7: Azrarn ($125.61 in chips)
Azrarn: posts small blind $1
mylifeluvsol: posts big blind $3
*** HOLE CARDS ***
Azrarn: raises $3 to $6
mylifeluvsol: folds
Uncalled bet ($3) returned to Azrarn
Azrarn collected $6 from pot
*** SUMMARY ***
Total pot $6 | Rake $0
Seat 3: mylifeluvsol (big blind) folded before Flop
Seat 7: Azrarn (button) (small blind) collected ($6)


PokerStars Hand #162325574224:  Hold'em Limit ($3/$6 USD) - 2016/12/02 23:22:15 ET
Table 'Komppa' 10-max Seat #7 is the button
Seat 3: mylifeluvsol ($78.58 in chips)
Seat 7: Azrarn ($125.61 in chips)
Azrarn: posts small blind $1
mylifeluvsol: posts big blind $3
*** HOLE CARDS ***
Azrarn: raises $3 to $6
mylifeluvsol: raises $3 to $9
Azrarn: calls $3
*** FLOP *** [8s 2c Kd]
mylifeluvsol: checks
Azrarn: checks
*** TURN *** [8s 2c Kd] [2h]
mylifeluvsol: bets $6
Azrarn: folds
Uncalled bet ($6) returned to mylifeluvsol
mylifeluvsol collected $17.64 from pot
*** SUMMARY ***
Total pot $18 | Rake $0.36
Board [8s 2c Kd 2h]
Seat 3: mylifeluvsol (big blind) collected ($17.64)
Seat 7: Azrarn (button) (small blind) folded on the Turn


PokerStars Hand #162325581019:  Hold'em Limit ($3/$6 USD) - 2016/12/02 23:22:34 ET
Table 'Komppa' 10-max Seat #3 is the button
Seat 3: mylifeluvsol ($87.22 in chips)
Seat 7: Azrarn ($116.61 in chips)
mylifeluvsol: posts small blind $1
Azrarn: posts big blind $3
*** HOLE CARDS ***
mylifeluvsol: raises $3 to $6
Azrarn: raises $3 to $9
mylifeluvsol: raises $3 to $12
Betting is capped
Azrarn: calls $3
*** FLOP *** [4s Th 6h]
Azrarn: checks
mylifeluvsol: bets $3
Azrarn: calls $3
*** TURN *** [4s Th 6h] [7c]
Azrarn: checks
mylifeluvsol: bets $6
Azrarn: folds
Uncalled bet ($6) returned to mylifeluvsol
mylifeluvsol collected $29.50 from pot
*** SUMMARY ***
Total pot $30 | Rake $0.50
Board [4s Th 6h 7c]
Seat 3: mylifeluvsol (button) (small blind) collected ($29.50)
Seat 7: Azrarn (big blind) folded on the Turn


PokerStars Hand #162325571878:  Hold'em Limit ($3/$6 USD) - 2016/12/02 23:22:08 ET
Table 'Komppa' 10-max Seat #3 is the button
Seat 3: mylifeluvsol ($75.58 in chips)
Seat 7: Azrarn ($128.61 in chips)
mylifeluvsol: posts small blind $1
Azrarn: posts big blind $3
*** HOLE CARDS ***
mylifeluvsol: raises $3 to $6
Azrarn: folds
Uncalled bet ($3) returned to mylifeluvsol
mylifeluvsol collected $6 from pot
*** SUMMARY ***
Total pot $6 | Rake $0
Seat 3: mylifeluvsol (button) (small blind) collected ($6)
Seat 7: Azrarn (big blind) folded before Flop


PokerStars Hand #162325599054:  Hold'em Limit ($3/$6 USD) - 2016/12/02 23:23:27 ET
Table 'Komppa' 10-max Seat #7 is the button
Seat 3: mylifeluvsol ($124.76 in chips)
Seat 7: Azrarn ($77.61 in chips)
Azrarn: posts small blind $1
mylifeluvsol: posts big blind $3
*** HOLE CARDS ***
Azrarn: folds
Uncalled bet ($2) returned to mylifeluvsol
mylifeluvsol collected $2 from pot
*** SUMMARY ***
Total pot $2 | Rake $0
Seat 3: mylifeluvsol (big blind) collected ($2)
Seat 7: Azrarn (button) (small blind) folded before Flop


PokerStars Hand #162325586318:  Hold'em Limit ($3/$6 USD) - 2016/12/02 23:22:50 ET
Table 'Komppa' 10-max Seat #7 is the button
Seat 3: mylifeluvsol ($101.72 in chips)
Seat 7: Azrarn ($101.61 in chips)
Azrarn: posts small blind $1
mylifeluvsol: posts big blind $3
*** HOLE CARDS ***
Azrarn: raises $3 to $6
mylifeluvsol: calls $3
*** FLOP *** [Ts 7h 6d]
mylifeluvsol: checks
Azrarn: bets $3
mylifeluvsol: raises $3 to $6
Azrarn: calls $3
*** TURN *** [Ts 7h 6d] [3c]
mylifeluvsol: checks
Azrarn: checks
*** RIVER *** [Ts 7h 6d 3c] [Kh]
mylifeluvsol: checks
Azrarn: checks
*** SHOW DOWN ***
mylifeluvsol: shows [9c 6c] (a pair of Sixes)
Azrarn: mucks hand
mylifeluvsol collected $23.52 from pot
*** SUMMARY ***
Total pot $24 | Rake $0.48
Board [Ts 7h 6d 3c Kh]
Seat 3: mylifeluvsol (big blind) showed [9c 6c] and won ($23.52) with a pair of Sixes
Seat 7: Azrarn (button) (small blind) mucked


PokerStars Hand #162325592512:  Hold'em Limit ($3/$6 USD) - 2016/12/02 23:23:08 ET
Table 'Komppa' 10-max Seat #3 is the button
Seat 3: mylifeluvsol ($113.24 in chips)
Seat 7: Azrarn ($89.61 in chips)
mylifeluvsol: posts small blind $1
Azrarn: posts big blind $3
*** HOLE CARDS ***
mylifeluvsol: calls $2
Azrarn: raises $3 to $6
mylifeluvsol: calls $3
*** FLOP *** [Jh 6s 9d]
Azrarn: bets $3
mylifeluvsol: raises $3 to $6
Azrarn: calls $3
*** TURN *** [Jh 6s 9d] [9c]
Azrarn: checks
mylifeluvsol: checks
*** RIVER *** [Jh 6s 9d 9c] [Ks]
Azrarn: checks
mylifeluvsol: checks
*** SHOW DOWN ***
Azrarn: shows [Ts Ad] (a pair of Nines)
mylifeluvsol: shows [2s 2d] (two pair, Nines and Deuces)
mylifeluvsol collected $23.52 from pot
*** SUMMARY ***
Total pot $24 | Rake $0.48
Board [Jh 6s 9d 9c Ks]
Seat 3: mylifeluvsol (button) (small blind) showed [2s 2d] and won ($23.52) with two pair, Nines and Deuces
Seat 7: Azrarn (big blind) showed [Ts Ad] and lost with a pair of Nines


PokerStars Hand #162325602856:  Hold'em Limit ($3/$6 USD) - 2016/12/02 23:23:38 ET
Table 'Komppa' 10-max Seat #7 is the button
Seat 3: mylifeluvsol ($124.76 in chips)
Seat 7: Azrarn ($77.61 in chips)
Azrarn: posts small blind $1
mylifeluvsol: posts big blind $3
*** HOLE CARDS ***
Azrarn: raises $3 to $6
mylifeluvsol: folds
Uncalled bet ($3) returned to Azrarn
mylifeluvsol leaves the table
Azrarn collected $6 from pot
*** SUMMARY ***
Total pot $6 | Rake $0
Seat 3: mylifeluvsol (big blind) folded before Flop
Seat 7: Azrarn (button) (small blind) collected ($6)


PokerStars Hand #162325600765:  Hold'em Limit ($3/$6 USD) - 2016/12/02 23:23:32 ET
Table 'Komppa' 10-max Seat #3 is the button
Seat 3: mylifeluvsol ($125.76 in chips)
Seat 7: Azrarn ($76.61 in chips)
mylifeluvsol: posts small blind $1
Azrarn: posts big blind $3
*** HOLE CARDS ***
mylifeluvsol: folds
Uncalled bet ($2) returned to Azrarn
Azrarn collected $2 from pot
*** SUMMARY ***
Total pot $2 | Rake $0
Seat 3: mylifeluvsol (button) (small blind) folded before Flop
Seat 7: Azrarn (big blind) collected ($2)


PokerStars Hand #162345254208:  Hold'em Limit ($3/$6 USD) - 2016/12/03 11:00:35 ET
Table 'Komppa' 6-max Seat #4 is the button
Seat 4: nordschrott ($42 in chips)
Seat 6: RockKillerTY ($120 in chips)
nordschrott: posts small blind $1
RockKillerTY: posts big blind $3
*** HOLE CARDS ***
Kaissou2222 joins the table at seat #3
nordschrott: folds
Uncalled bet ($2) returned to RockKillerTY
RockKillerTY collected $2 from pot
RockKillerTY: doesn't show hand
*** SUMMARY ***
Total pot $2 | Rake $0
Seat 4: nordschrott (button) (small blind) folded before Flop
Seat 6: RockKillerTY (big blind) collected ($2)


PokerStars Hand #162345247584:  Hold'em Limit ($3/$6 USD) - 2016/12/03 11:00:25 ET
Table 'Komppa' 6-max Seat #6 is the button
Seat 4: nordschrott ($41 in chips)
Seat 6: RockKillerTY ($121 in chips)
RockKillerTY: posts small blind $1
nordschrott: posts big blind $3
*** HOLE CARDS ***
RockKillerTY: folds
Uncalled bet ($2) returned to nordschrott
nordschrott collected $2 from pot
*** SUMMARY ***
Total pot $2 | Rake $0
Seat 4: nordschrott (big blind) collected ($2)
Seat 6: RockKillerTY (button) (small blind) folded before Flop


PokerStars Hand #162362279088:  Hold'em Limit ($3/$6 USD) - 2016/12/03 16:14:27 ET
Table 'Komppa' 6-max Seat #4 is the button
Seat 4: Gega64 ($109.33 in chips)
Seat 5: TbIP-TbIP 88 ($258.09 in chips)
Gega64: posts small blind $1
TbIP-TbIP 88: posts big blind $3
*** HOLE CARDS ***
Gega64: folds
Uncalled bet ($2) returned to TbIP-TbIP 88
TbIP-TbIP 88 collected $2 from pot
Ulik76 joins the table at seat #1
TbIP-TbIP 88: doesn't show hand
*** SUMMARY ***
Total pot $2 | Rake $0
Seat 4: Gega64 (button) (small blind) folded before Flop
Seat 5: TbIP-TbIP 88 (big blind) collected ($2)


PokerStars Hand #162362248527:  Hold'em Limit ($3/$6 USD) - 2016/12/03 16:13:54 ET
Table 'Komppa' 6-max Seat #5 is the button
Seat 4: Gega64 ($115.33 in chips)
Seat 5: TbIP-TbIP 88 ($252.33 in chips)
TbIP-TbIP 88: posts small blind $1
vestimokrec: is sitting out
DECAlpha was removed from the table for failing to post
Gega64: posts big blind $3
*** HOLE CARDS ***
Widegermany joins the table at seat #3
vestimokrec leaves the table
TbIP-TbIP 88: raises $3 to $6
Gega64: calls $3
*** FLOP *** [3h Ad Js]
Gega64: checks
TbIP-TbIP 88: bets $3
Gega64: folds
Uncalled bet ($3) returned to TbIP-TbIP 88
TbIP-TbIP 88 collected $11.76 from pot
TbIP-TbIP 88: doesn't show hand
*** SUMMARY ***
Total pot $12 | Rake $0.24
Board [3h Ad Js]
Seat 4: Gega64 (big blind) folded on the Flop
Seat 5: TbIP-TbIP 88 (button) (small blind) collected ($11.76)


PokerStars Hand #162366347679:  Hold'em Limit ($3/$6 USD) - 2016/12/03 17:28:03 ET
Table 'Komppa' 6-max Seat #2 is the button
Seat 2: ToDaFelt ($103.76 in chips)
Seat 6: wobetting ($68.97 in chips)
ToDaFelt: posts small blind $1
wobetting: posts big blind $3
*** HOLE CARDS ***
ToDaFelt: raises $3 to $6
wobetting: calls $3
*** FLOP *** [6d 7d Jh]
wobetting: checks
ToDaFelt: bets $3
_fayzulllo_ joins the table at seat #3
wobetting: calls $3
*** TURN *** [6d 7d Jh] [3c]
wobetting: checks
ToDaFelt: bets $6
wobetting: calls $6
*** RIVER *** [6d 7d Jh 3c] [Qs]
wobetting: checks
ToDaFelt: checks
*** SHOW DOWN ***
wobetting: shows [Ac Qd] (a pair of Queens)
ToDaFelt: mucks hand
wobetting collected $29.50 from pot
*** SUMMARY ***
Total pot $30 | Rake $0.50
Board [6d 7d Jh 3c Qs]
Seat 2: ToDaFelt (button) (small blind) mucked
Seat 6: wobetting (big blind) showed [Ac Qd] and won ($29.50) with a pair of Queens


PokerStars Hand #162366387597:  Hold'em Limit ($3/$6 USD) - 2016/12/03 17:28:45 ET
Table 'Komppa' 6-max Seat #6 is the button
Seat 2: ToDaFelt ($88.76 in chips)
Seat 6: wobetting ($83.47 in chips)
wobetting: posts small blind $1
ToDaFelt: posts big blind $3
*** HOLE CARDS ***
wobetting: raises $3 to $6
ToDaFelt: calls $3
*** FLOP *** [8d 8c Qd]
ToDaFelt: checks
HasThaHustle joins the table at seat #4
wobetting: bets $3
ToDaFelt: folds
Uncalled bet ($3) returned to wobetting
wobetting collected $11.76 from pot
wobetting: doesn't show hand
*** SUMMARY ***
Total pot $12 | Rake $0.24
Board [8d 8c Qd]
Seat 2: ToDaFelt (big blind) folded on the Flop
Seat 6: wobetting (button) (small blind) collected ($11.76)


