PokerStars Hand #149453544272:  Hold'em Limit ($3/$6 USD) - 2016/02/26 13:47:14 ET
Table 'Komppa II' 6-max Seat #3 is the button
Seat 3: seb.kor79 ($126.76 in chips)
Seat 4: AzureCaper ($72 in chips)
seb.kor79: posts small blind $1
AzureCaper: posts big blind $3
*** HOLE CARDS ***
seb.kor79: folds
Uncalled bet ($2) returned to AzureCaper
TheEdged joins the table at seat #6
AzureCaper collected $2 from pot
AzureCaper: doesn't show hand
*** SUMMARY ***
Total pot $2 | Rake $0
Seat 3: seb.kor79 (button) (small blind) folded before Flop
Seat 4: AzureCaper (big blind) collected ($2)


PokerStars Hand #149453536620:  Hold'em Limit ($3/$6 USD) - 2016/02/26 13:46:59 ET
Table 'Komppa II' 6-max Seat #4 is the button
Seat 3: seb.kor79 ($125.76 in chips)
Seat 4: AzureCaper ($72 in chips)
AzureCaper: posts small blind $1
seb.kor79: posts big blind $3
*** HOLE CARDS ***
AzureCaper: folds
Uncalled bet ($2) returned to seb.kor79
seb.kor79 collected $2 from pot
seb.kor79: doesn't show hand
*** SUMMARY ***
Total pot $2 | Rake $0
Seat 3: seb.kor79 (big blind) collected ($2)
Seat 4: AzureCaper (button) (small blind) folded before Flop


PokerStars Hand #149453502970:  Hold'em Limit ($3/$6 USD) - 2016/02/26 13:46:22 ET
Table 'Komppa II' 6-max Seat #3 is the button
Seat 3: seb.kor79 ($120 in chips)
Seat 4: AzureCaper ($72 in chips)
seb.kor79: posts small blind $1
GoliafUa joins the table at seat #5
AzureCaper: posts big blind $3
*** HOLE CARDS ***
seb.kor79: raises $3 to $6
AzureCaper: calls $3
*** FLOP *** [Js Kc Jc]
AzureCaper: checks
seb.kor79: bets $3
AzureCaper: folds
Uncalled bet ($3) returned to seb.kor79
seb.kor79 collected $11.76 from pot
seb.kor79: doesn't show hand
*** SUMMARY ***
Total pot $12 | Rake $0.24
Board [Js Kc Jc]
Seat 3: seb.kor79 (button) (small blind) collected ($11.76)
Seat 4: AzureCaper (big blind) folded on the Flop


PokerStars Hand #149456562964:  Hold'em Limit ($3/$6 USD) - 2016/02/26 14:42:30 ET
Table 'Komppa II' 6-max Seat #3 is the button
Seat 2: ZinZar ($224.95 in chips)
Seat 3: Sagar_7 ($214.92 in chips)
Sagar_7: posts small blind $1
Meifod: is sitting out
ZinZar: posts big blind $3
*** HOLE CARDS ***
Sagar_7: raises $3 to $6
ZinZar: folds
Uncalled bet ($3) returned to Sagar_7
soakas leaves the table
Sagar_7 collected $6 from pot
Sagar_7: doesn't show hand
*** SUMMARY ***
Total pot $6 | Rake $0
Seat 2: ZinZar (big blind) folded before Flop
Seat 3: Sagar_7 (button) (small blind) collected ($6)


