PokerStars Hand #163382149990:  Hold'em Limit ($3/$6 USD) - 2016/12/23 4:00:35 ET
Table 'Komppa' 6-max Seat #1 is the button
Seat 1: tofa28 ($98.50 in chips)
Seat 2: Ale4o ($99 in chips)
tofa28: posts small blind $1
Ale4o: posts big blind $3
*** HOLE CARDS ***
tofa28: calls $2
Ale4o: raises $3 to $6
tofa28: calls $3
*** FLOP *** [Qh Td 8h]
Ale4o: checks
tofa28: bets $3
Ale4o: folds
Uncalled bet ($3) returned to tofa28
tofa28 collected $11.76 from pot
tofa28: doesn't show hand
*** SUMMARY ***
Total pot $12 | Rake $0.24
Board [Qh Td 8h]
Seat 1: tofa28 (button) (small blind) collected ($11.76)
Seat 2: Ale4o (big blind) folded on the Flop


PokerStars Hand #163382141350:  Hold'em Limit ($3/$6 USD) - 2016/12/23 4:00:09 ET
Table 'Komppa' 6-max Seat #2 is the button
Seat 1: tofa28 ($78 in chips)
Seat 2: Ale4o ($120 in chips)
Ale4o: posts small blind $1
TbIP-TbIP 88: is sitting out
tofa28: posts big blind $3
*** HOLE CARDS ***
Ale4o: raises $3 to $6
tofa28: calls $3
*** FLOP *** [Js 7h Ks]
tofa28: bets $3
Ale4o: calls $3
*** TURN *** [Js 7h Ks] [Jd]
tofa28: bets $6
Ale4o: calls $6
*** RIVER *** [Js 7h Ks Jd] [5s]
tofa28: bets $6
Ale4o: calls $6
*** SHOW DOWN ***
tofa28: shows [Kh Ts] (two pair, Kings and Jacks)
Ale4o: mucks hand
tofa28 collected $41.50 from pot
*** SUMMARY ***
Total pot $42 | Rake $0.50
Board [Js 7h Ks Jd 5s]
Seat 1: tofa28 (big blind) showed [Kh Ts] and won ($41.50) with two pair, Kings and Jacks
Seat 2: Ale4o (button) (small blind) mucked


PokerStars Hand #163382153556:  Hold'em Limit ($3/$6 USD) - 2016/12/23 4:00:46 ET
Table 'Komppa' 6-max Seat #2 is the button
Seat 1: tofa28 ($104.26 in chips)
Seat 2: Ale4o ($93 in chips)
Ale4o: posts small blind $1
tofa28: posts big blind $3
*** HOLE CARDS ***
Ale4o: raises $3 to $6
tofa28: calls $3
*** FLOP *** [6h 3c 3s]
tofa28: checks
Ale4o: bets $3
tofa28: folds
Uncalled bet ($3) returned to Ale4o
Ale4o collected $11.76 from pot
Ale4o: doesn't show hand
*** SUMMARY ***
Total pot $12 | Rake $0.24
Board [6h 3c 3s]
Seat 1: tofa28 (big blind) folded on the Flop
Seat 2: Ale4o (button) (small blind) collected ($11.76)


PokerStars Hand #163382166403:  Hold'em Limit ($3/$6 USD) - 2016/12/23 4:01:24 ET
Table 'Komppa' 6-max Seat #1 is the button
Seat 1: tofa28 ($74.26 in chips)
Seat 2: Ale4o ($122.26 in chips)
tofa28: posts small blind $1
Ale4o: posts big blind $3
*** HOLE CARDS ***
tofa28: calls $2
Ale4o: checks
*** FLOP *** [2h 5c Qd]
Ale4o: bets $3
tofa28: calls $3
*** TURN *** [2h 5c Qd] [Qs]
Ale4o: checks
tofa28: checks
*** RIVER *** [2h 5c Qd Qs] [Jh]
Ale4o: bets $6
tofa28: calls $6
*** SHOW DOWN ***
Ale4o: shows [7c Th] (a pair of Queens)
tofa28: shows [Jd 8d] (two pair, Queens and Jacks)
tofa28 collected $23.52 from pot
*** SUMMARY ***
Total pot $24 | Rake $0.48
Board [2h 5c Qd Qs Jh]
Seat 1: tofa28 (button) (small blind) showed [Jd 8d] and won ($23.52) with two pair, Queens and Jacks
Seat 2: Ale4o (big blind) showed [7c Th] and lost with a pair of Queens


PokerStars Hand #163382173680:  Hold'em Limit ($3/$6 USD) - 2016/12/23 4:01:44 ET
Table 'Komppa' 6-max Seat #2 is the button
Seat 1: tofa28 ($85.78 in chips)
Seat 2: Ale4o ($110.26 in chips)
Ale4o: posts small blind $1
tofa28: posts big blind $3
*** HOLE CARDS ***
Ale4o: raises $3 to $6
tofa28: calls $3
*** FLOP *** [Qd 7s 3c]
tofa28: checks
Ale4o: bets $3
tofa28: calls $3
*** TURN *** [Qd 7s 3c] [4h]
tofa28: checks
Ale4o: bets $6
tofa28: calls $6
*** RIVER *** [Qd 7s 3c 4h] [9s]
tofa28: checks
Ale4o: bets $6
tofa28: folds
Uncalled bet ($6) returned to Ale4o
Ale4o collected $29.50 from pot
Ale4o: doesn't show hand
*** SUMMARY ***
Total pot $30 | Rake $0.50
Board [Qd 7s 3c 4h 9s]
Seat 1: tofa28 (big blind) folded on the River
Seat 2: Ale4o (button) (small blind) collected ($29.50)


PokerStars Hand #163382164778:  Hold'em Limit ($3/$6 USD) - 2016/12/23 4:01:19 ET
Table 'Komppa' 6-max Seat #2 is the button
Seat 1: tofa28 ($77.26 in chips)
Seat 2: Ale4o ($119.26 in chips)
Ale4o: posts small blind $1
tofa28: posts big blind $3
*** HOLE CARDS ***
Ale4o: raises $3 to $6
tofa28: folds
Uncalled bet ($3) returned to Ale4o
Ale4o collected $6 from pot
Ale4o: doesn't show hand
*** SUMMARY ***
Total pot $6 | Rake $0
Seat 1: tofa28 (big blind) folded before Flop
Seat 2: Ale4o (button) (small blind) collected ($6)


PokerStars Hand #163382157061:  Hold'em Limit ($3/$6 USD) - 2016/12/23 4:00:57 ET
Table 'Komppa' 6-max Seat #1 is the button
Seat 1: tofa28 ($98.26 in chips)
Seat 2: Ale4o ($98.76 in chips)
tofa28: posts small blind $1
Ale4o: posts big blind $3
*** HOLE CARDS ***
tofa28: raises $3 to $6
Ale4o: calls $3
*** FLOP *** [4h 2d 7s]
Ale4o: checks
tofa28: bets $3
Ale4o: calls $3
*** TURN *** [4h 2d 7s] [7h]
Ale4o: checks
tofa28: bets $6
Ale4o: raises $6 to $12
tofa28: calls $6
*** RIVER *** [4h 2d 7s 7h] [6d]
Ale4o: bets $6
tofa28: folds
Uncalled bet ($6) returned to Ale4o
Ale4o collected $41.50 from pot
Ale4o: doesn't show hand
*** SUMMARY ***
Total pot $42 | Rake $0.50
Board [4h 2d 7s 7h 6d]
Seat 1: tofa28 (button) (small blind) folded on the River
Seat 2: Ale4o (big blind) collected ($41.50)


PokerStars Hand #163382185441:  Hold'em Limit ($3/$6 USD) - 2016/12/23 4:02:18 ET
Table 'Komppa' 6-max Seat #1 is the button
Seat 1: tofa28 ($77.54 in chips)
Seat 2: Ale4o ($117.76 in chips)
tofa28: posts small blind $1
Ale4o: posts big blind $3
*** HOLE CARDS ***
tofa28: folds
Uncalled bet ($2) returned to Ale4o
Ale4o collected $2 from pot
Ale4o: doesn't show hand
*** SUMMARY ***
Total pot $2 | Rake $0
Seat 1: tofa28 (button) (small blind) folded before Flop
Seat 2: Ale4o (big blind) collected ($2)


PokerStars Hand #163382194183:  Hold'em Limit ($3/$6 USD) - 2016/12/23 4:02:43 ET
Table 'Komppa' 6-max Seat #2 is the button
Seat 1: tofa28 ($87.06 in chips)
Seat 2: Ale4o ($107.76 in chips)
Ale4o: posts small blind $1
tofa28: posts big blind $3
*** HOLE CARDS ***
Ale4o: raises $3 to $6
tofa28: calls $3
*** FLOP *** [Qd Jd 6c]
tofa28: checks
Ale4o: bets $3
tofa28: calls $3
*** TURN *** [Qd Jd 6c] [3c]
tofa28: checks
Ale4o: bets $6
tofa28: calls $6
*** RIVER *** [Qd Jd 6c 3c] [7c]
tofa28: checks
Ale4o: checks
*** SHOW DOWN ***
tofa28: shows [Th 6d] (a pair of Sixes)
Ale4o: mucks hand
tofa28 collected $29.50 from pot
*** SUMMARY ***
Total pot $30 | Rake $0.50
Board [Qd Jd 6c 3c 7c]
Seat 1: tofa28 (big blind) showed [Th 6d] and won ($29.50) with a pair of Sixes
Seat 2: Ale4o (button) (small blind) mucked


PokerStars Hand #163382183943:  Hold'em Limit ($3/$6 USD) - 2016/12/23 4:02:14 ET
Table 'Komppa' 6-max Seat #2 is the button
Seat 1: tofa28 ($76.54 in chips)
Seat 2: Ale4o ($118.76 in chips)
Ale4o: posts small blind $1
tofa28: posts big blind $3
*** HOLE CARDS ***
Ale4o: folds
Uncalled bet ($2) returned to tofa28
tofa28 collected $2 from pot
tofa28: doesn't show hand
*** SUMMARY ***
Total pot $2 | Rake $0
Seat 1: tofa28 (big blind) collected ($2)
Seat 2: Ale4o (button) (small blind) folded before Flop


PokerStars Hand #163382187216:  Hold'em Limit ($3/$6 USD) - 2016/12/23 4:02:23 ET
Table 'Komppa' 6-max Seat #2 is the button
Seat 1: tofa28 ($76.54 in chips)
Seat 2: Ale4o ($118.76 in chips)
Ale4o: posts small blind $1
tofa28: posts big blind $3
*** HOLE CARDS ***
Ale4o: raises $3 to $6
tofa28: raises $3 to $9
Ale4o: calls $3
*** FLOP *** [4d 6c 3d]
tofa28: bets $3
Ale4o: calls $3
*** TURN *** [4d 6c 3d] [3s]
tofa28: bets $6
Ale4o: folds
Uncalled bet ($6) returned to tofa28
tofa28 collected $23.52 from pot
tofa28: doesn't show hand
*** SUMMARY ***
Total pot $24 | Rake $0.48
Board [4d 6c 3d 3s]
Seat 1: tofa28 (big blind) collected ($23.52)
Seat 2: Ale4o (button) (small blind) folded on the Turn


PokerStars Hand #163382192427:  Hold'em Limit ($3/$6 USD) - 2016/12/23 4:02:38 ET
Table 'Komppa' 6-max Seat #1 is the button
Seat 1: tofa28 ($88.06 in chips)
Seat 2: Ale4o ($106.76 in chips)
tofa28: posts small blind $1
Ale4o: posts big blind $3
*** HOLE CARDS ***
tofa28: folds
Uncalled bet ($2) returned to Ale4o
Ale4o collected $2 from pot
Ale4o: doesn't show hand
*** SUMMARY ***
Total pot $2 | Rake $0
Seat 1: tofa28 (button) (small blind) folded before Flop
Seat 2: Ale4o (big blind) collected ($2)


PokerStars Hand #163382200758:  Hold'em Limit ($3/$6 USD) - 2016/12/23 4:03:01 ET
Table 'Komppa' 6-max Seat #1 is the button
Seat 1: tofa28 ($101.56 in chips)
Seat 2: Ale4o ($92.76 in chips)
tofa28: posts small blind $1
Ale4o: posts big blind $3
*** HOLE CARDS ***
tofa28: calls $2
Ale4o: checks
*** FLOP *** [6s 2s 6d]
Ale4o: checks
tofa28: checks
*** TURN *** [6s 2s 6d] [Kh]
Ale4o: bets $6
tofa28: raises $6 to $12
Ale4o: folds
Uncalled bet ($6) returned to tofa28
tofa28 collected $17.64 from pot
tofa28: doesn't show hand
*** SUMMARY ***
Total pot $18 | Rake $0.36
Board [6s 2s 6d Kh]
Seat 1: tofa28 (button) (small blind) collected ($17.64)
Seat 2: Ale4o (big blind) folded on the Turn


PokerStars Hand #163382219116:  Hold'em Limit ($3/$6 USD) - 2016/12/23 4:03:53 ET
Table 'Komppa' 6-max Seat #2 is the button
Seat 1: tofa28 ($88.96 in chips)
Seat 2: Ale4o ($104.26 in chips)
Ale4o: posts small blind $1
tofa28: posts big blind $3
*** HOLE CARDS ***
Ale4o: folds
Uncalled bet ($2) returned to tofa28
tofa28 collected $2 from pot
tofa28: doesn't show hand
*** SUMMARY ***
Total pot $2 | Rake $0
Seat 1: tofa28 (big blind) collected ($2)
Seat 2: Ale4o (button) (small blind) folded before Flop


PokerStars Hand #163382212141:  Hold'em Limit ($3/$6 USD) - 2016/12/23 4:03:33 ET
Table 'Komppa' 6-max Seat #1 is the button
Seat 1: tofa28 ($115.96 in chips)
Seat 2: Ale4o ($77.76 in chips)
tofa28: posts small blind $1
Ale4o: posts big blind $3
*** HOLE CARDS ***
tofa28: raises $3 to $6
Ale4o: calls $3
*** FLOP *** [Ts Kh Qh]
Ale4o: checks
tofa28: bets $3
Ale4o: calls $3
*** TURN *** [Ts Kh Qh] [9c]
Ale4o: checks
tofa28: bets $6
Ale4o: raises $6 to $12
tofa28: calls $6
*** RIVER *** [Ts Kh Qh 9c] [9h]
Ale4o: bets $6
tofa28: calls $6
*** SHOW DOWN ***
Ale4o: shows [Jd 3d] (a straight, Nine to King)
tofa28: mucks hand
Ale4o collected $53.50 from pot
*** SUMMARY ***
Total pot $54 | Rake $0.50
Board [Ts Kh Qh 9c 9h]
Seat 1: tofa28 (button) (small blind) mucked
Seat 2: Ale4o (big blind) showed [Jd 3d] and won ($53.50) with a straight, Nine to King


PokerStars Hand #163382205396:  Hold'em Limit ($3/$6 USD) - 2016/12/23 4:03:14 ET
Table 'Komppa' 6-max Seat #2 is the button
Seat 1: tofa28 ($110.20 in chips)
Seat 2: Ale4o ($83.76 in chips)
Ale4o: posts small blind $1
tofa28: posts big blind $3
*** HOLE CARDS ***
Ale4o: raises $3 to $6
tofa28: calls $3
*** FLOP *** [8h 2s Ts]
tofa28: checks
Ale4o: checks
*** TURN *** [8h 2s Ts] [Td]
tofa28: checks
Ale4o: checks
*** RIVER *** [8h 2s Ts Td] [Jd]
tofa28: checks
Ale4o: checks
*** SHOW DOWN ***
tofa28: shows [Ks 3c] (a pair of Tens)
Ale4o: mucks hand
tofa28 collected $11.76 from pot
*** SUMMARY ***
Total pot $12 | Rake $0.24
Board [8h 2s Ts Td Jd]
Seat 1: tofa28 (big blind) showed [Ks 3c] and won ($11.76) with a pair of Tens
Seat 2: Ale4o (button) (small blind) mucked


PokerStars Hand #163382220770:  Hold'em Limit ($3/$6 USD) - 2016/12/23 4:03:57 ET
Table 'Komppa' 6-max Seat #1 is the button
Seat 1: tofa28 ($89.96 in chips)
Seat 2: Ale4o ($103.26 in chips)
tofa28: posts small blind $1
Ale4o: posts big blind $3
*** HOLE CARDS ***
tofa28: raises $3 to $6
Ale4o: calls $3
*** FLOP *** [Ks 4c 2h]
Ale4o: checks
tofa28: bets $3
Ale4o: calls $3
*** TURN *** [Ks 4c 2h] [9h]
Ale4o: checks
tofa28: bets $6
Ale4o: raises $6 to $12
tofa28: raises $6 to $18
Ale4o: calls $6
*** RIVER *** [Ks 4c 2h 9h] [Ts]
Ale4o: checks
tofa28: bets $6
Ale4o: calls $6
*** SHOW DOWN ***
tofa28: shows [8c Ac] (high card Ace)
Ale4o: shows [Kh Qd] (a pair of Kings)
Ale4o collected $65.50 from pot
*** SUMMARY ***
Total pot $66 | Rake $0.50
Board [Ks 4c 2h 9h Ts]
Seat 1: tofa28 (button) (small blind) showed [8c Ac] and lost with high card Ace
Seat 2: Ale4o (big blind) showed [Kh Qd] and won ($65.50) with a pair of Kings


PokerStars Hand #163382230219:  Hold'em Limit ($3/$6 USD) - 2016/12/23 4:04:24 ET
Table 'Komppa' 6-max Seat #1 is the button
Seat 1: tofa28 ($53.96 in chips)
Seat 2: Ale4o ($138.76 in chips)
tofa28: posts small blind $1
Ale4o: posts big blind $3
*** HOLE CARDS ***
tofa28: folds
Uncalled bet ($2) returned to Ale4o
Ale4o collected $2 from pot
Ale4o: doesn't show hand
*** SUMMARY ***
Total pot $2 | Rake $0
Seat 1: tofa28 (button) (small blind) folded before Flop
Seat 2: Ale4o (big blind) collected ($2)


PokerStars Hand #163382228384:  Hold'em Limit ($3/$6 USD) - 2016/12/23 4:04:19 ET
Table 'Komppa' 6-max Seat #2 is the button
Seat 1: tofa28 ($56.96 in chips)
Seat 2: Ale4o ($135.76 in chips)
Ale4o: posts small blind $1
tofa28: posts big blind $3
*** HOLE CARDS ***
Ale4o: raises $3 to $6
tofa28: folds
Uncalled bet ($3) returned to Ale4o
Ale4o collected $6 from pot
Ale4o: doesn't show hand
*** SUMMARY ***
Total pot $6 | Rake $0
Seat 1: tofa28 (big blind) folded before Flop
Seat 2: Ale4o (button) (small blind) collected ($6)


PokerStars Hand #163382232109:  Hold'em Limit ($3/$6 USD) - 2016/12/23 4:04:29 ET
Table 'Komppa' 6-max Seat #2 is the button
Seat 1: tofa28 ($52.96 in chips)
Seat 2: Ale4o ($139.76 in chips)
Ale4o: posts small blind $1
tofa28: posts big blind $3
*** HOLE CARDS ***
Ale4o: raises $3 to $6
tofa28: folds
Uncalled bet ($3) returned to Ale4o
Ale4o collected $6 from pot
Ale4o: doesn't show hand
*** SUMMARY ***
Total pot $6 | Rake $0
Seat 1: tofa28 (big blind) folded before Flop
Seat 2: Ale4o (button) (small blind) collected ($6)


PokerStars Hand #163382239891:  Hold'em Limit ($3/$6 USD) - 2016/12/23 4:04:51 ET
Table 'Komppa' 6-max Seat #2 is the button
Seat 1: tofa28 ($55.72 in chips)
Seat 2: Ale4o ($136.76 in chips)
Ale4o: posts small blind $1
tofa28: posts big blind $3
*** HOLE CARDS ***
Ale4o: raises $3 to $6
tofa28: calls $3
*** FLOP *** [6h 2s Qh]
tofa28: bets $3
Ale4o: folds
Uncalled bet ($3) returned to tofa28
tofa28 collected $11.76 from pot
tofa28: doesn't show hand
TbIP-TbIP 88 leaves the table
*** SUMMARY ***
Total pot $12 | Rake $0.24
Board [6h 2s Qh]
Seat 1: tofa28 (big blind) collected ($11.76)
Seat 2: Ale4o (button) (small blind) folded on the Flop


PokerStars Hand #163382252776:  Hold'em Limit ($3/$6 USD) - 2016/12/23 4:05:27 ET
Table 'Komppa' 6-max Seat #2 is the button
Seat 1: tofa28 ($46.48 in chips)
Seat 2: Ale4o ($145.26 in chips)
Ale4o: posts small blind $1
tofa28: posts big blind $3
*** HOLE CARDS ***
Ale4o: raises $3 to $6
tofa28: calls $3
*** FLOP *** [5s 7c 8d]
tofa28: checks
Ale4o: bets $3
tofa28: calls $3
*** TURN *** [5s 7c 8d] [5d]
tofa28: checks
Ale4o: checks
*** RIVER *** [5s 7c 8d 5d] [6s]
tofa28: bets $6
Ale4o: calls $6
*** SHOW DOWN ***
tofa28: shows [Kc 4d] (a straight, Four to Eight)
Ale4o: mucks hand
tofa28 collected $29.50 from pot
*** SUMMARY ***
Total pot $30 | Rake $0.50
Board [5s 7c 8d 5d 6s]
Seat 1: tofa28 (big blind) showed [Kc 4d] and won ($29.50) with a straight, Four to Eight
Seat 2: Ale4o (button) (small blind) mucked


PokerStars Hand #163382248307:  Hold'em Limit ($3/$6 USD) - 2016/12/23 4:05:14 ET
Table 'Komppa' 6-max Seat #2 is the button
Seat 1: tofa28 ($46.48 in chips)
Seat 2: Ale4o ($145.26 in chips)
Ale4o: posts small blind $1
tofa28: posts big blind $3
*** HOLE CARDS ***
Ale4o: raises $3 to $6
tofa28: folds
Uncalled bet ($3) returned to Ale4o
Ale4o collected $6 from pot
Ale4o: doesn't show hand
*** SUMMARY ***
Total pot $6 | Rake $0
Seat 1: tofa28 (big blind) folded before Flop
Seat 2: Ale4o (button) (small blind) collected ($6)


PokerStars Hand #163382242878:  Hold'em Limit ($3/$6 USD) - 2016/12/23 4:04:59 ET
Table 'Komppa' 6-max Seat #1 is the button
Seat 1: tofa28 ($61.48 in chips)
Seat 2: Ale4o ($130.76 in chips)
tofa28: posts small blind $1
Ale4o: posts big blind $3
*** HOLE CARDS ***
tofa28: calls $2
Ale4o: raises $3 to $6
tofa28: calls $3
*** FLOP *** [8d 3s 8h]
Ale4o: bets $3
tofa28: calls $3
*** TURN *** [8d 3s 8h] [8c]
Ale4o: bets $6
tofa28: calls $6
*** RIVER *** [8d 3s 8h 8c] [9s]
Ale4o: checks
tofa28: checks
*** SHOW DOWN ***
Ale4o: shows [Ac Tc] (three of a kind, Eights)
tofa28: mucks hand
Ale4o collected $29.50 from pot
*** SUMMARY ***
Total pot $30 | Rake $0.50
Board [8d 3s 8h 8c 9s]
Seat 1: tofa28 (button) (small blind) mucked
Seat 2: Ale4o (big blind) showed [Ac Tc] and won ($29.50) with three of a kind, Eights


PokerStars Hand #163382250110:  Hold'em Limit ($3/$6 USD) - 2016/12/23 4:05:19 ET
Table 'Komppa' 6-max Seat #1 is the button
Seat 1: tofa28 ($43.48 in chips)
Seat 2: Ale4o ($148.26 in chips)
tofa28: posts small blind $1
Ale4o: posts big blind $3
*** HOLE CARDS ***
tofa28: raises $3 to $6
Ale4o: folds
Uncalled bet ($3) returned to tofa28
tofa28 collected $6 from pot
tofa28: doesn't show hand
*** SUMMARY ***
Total pot $6 | Rake $0
Seat 1: tofa28 (button) (small blind) collected ($6)
Seat 2: Ale4o (big blind) folded before Flop


PokerStars Hand #163382262455:  Hold'em Limit ($3/$6 USD) - 2016/12/23 4:05:54 ET
Table 'Komppa' 6-max Seat #1 is the button
Seat 1: tofa28 ($60.98 in chips)
Seat 2: Ale4o ($130.26 in chips)
tofa28: posts small blind $1
Ale4o: posts big blind $3
*** HOLE CARDS ***
tofa28: calls $2
Ale4o: checks
*** FLOP *** [Ac 8d 7s]
Ale4o: checks
tofa28: checks
*** TURN *** [Ac 8d 7s] [4d]
Ale4o: checks
tofa28: bets $6
Ale4o: folds
Uncalled bet ($6) returned to tofa28
tofa28 collected $5.88 from pot
tofa28: doesn't show hand
*** SUMMARY ***
Total pot $6 | Rake $0.12
Board [Ac 8d 7s 4d]
Seat 1: tofa28 (button) (small blind) collected ($5.88)
Seat 2: Ale4o (big blind) folded on the Turn


PokerStars Hand #163383853265:  Hold'em Limit ($3/$6 USD) - 2016/12/23 5:14:55 ET
Table 'Komppa' 6-max Seat #5 is the button
Seat 2: MissEKAmouse ($187.79 in chips)
Seat 5: Dies1210 ($49.53 in chips)
Dies1210: posts small blind $1
vinipooh09: is sitting out
ToDaFelt: is sitting out
MissEKAmouse: posts big blind $3
*** HOLE CARDS ***
ToDaFelt leaves the table
Dies1210: raises $3 to $6
MissEKAmouse: calls $3
*** FLOP *** [Th Js 6c]
MissEKAmouse: checks
Dies1210: bets $3
MissEKAmouse: folds
Uncalled bet ($3) returned to Dies1210
Dies1210 collected $11.76 from pot
Dies1210: doesn't show hand
*** SUMMARY ***
Total pot $12 | Rake $0.24
Board [Th Js 6c]
Seat 2: MissEKAmouse (big blind) folded on the Flop
Seat 5: Dies1210 (button) (small blind) collected ($11.76)


PokerStars Hand #163383879191:  Hold'em Limit ($3/$6 USD) - 2016/12/23 5:15:56 ET
Table 'Komppa' 6-max Seat #2 is the button
Seat 2: MissEKAmouse ($207.93 in chips)
Seat 5: Dies1210 ($28.29 in chips)
MissEKAmouse: posts small blind $1
Dies1210: posts big blind $3
*** HOLE CARDS ***
MissEKAmouse: raises $3 to $6
Dies1210: raises $3 to $9
MissEKAmouse: calls $3
*** FLOP *** [5c 2h Qc]
Dies1210: bets $3
MissEKAmouse: calls $3
*** TURN *** [5c 2h Qc] [9h]
Dies1210: bets $6
MissEKAmouse: raises $6 to $12
Dies1210: raises $4.29 to $16.29 and is all-in
MissEKAmouse: calls $4.29
*** RIVER *** [5c 2h Qc 9h] [Jc]
*** SHOW DOWN ***
Dies1210: shows [Ah As] (a pair of Aces)
MissEKAmouse: shows [Tc Qd] (a pair of Queens)
Dies1210 collected $56.08 from pot
*** SUMMARY ***
Total pot $56.58 | Rake $0.50
Board [5c 2h Qc 9h Jc]
Seat 2: MissEKAmouse (button) (small blind) showed [Tc Qd] and lost with a pair of Queens
Seat 5: Dies1210 (big blind) showed [Ah As] and won ($56.08) with a pair of Aces


PokerStars Hand #163383869126:  Hold'em Limit ($3/$6 USD) - 2016/12/23 5:15:33 ET
Table 'Komppa' 6-max Seat #5 is the button
Seat 2: MissEKAmouse ($190.43 in chips)
Seat 5: Dies1210 ($46.29 in chips)
Dies1210: posts small blind $1
MissEKAmouse: posts big blind $3
*** HOLE CARDS ***
Dies1210: raises $3 to $6
MissEKAmouse: calls $3
*** FLOP *** [Ks 5d 3d]
MissEKAmouse: checks
Dies1210: bets $3
MissEKAmouse: raises $3 to $6
Dies1210: calls $3
*** TURN *** [Ks 5d 3d] [6d]
MissEKAmouse: bets $6
Dies1210: calls $6
*** RIVER *** [Ks 5d 3d 6d] [4s]
MissEKAmouse: bets $6
Dies1210: folds
Uncalled bet ($6) returned to MissEKAmouse
vinipooh09 leaves the table
MissEKAmouse collected $35.50 from pot
MissEKAmouse: doesn't show hand
*** SUMMARY ***
Total pot $36 | Rake $0.50
Board [Ks 5d 3d 6d 4s]
Seat 2: MissEKAmouse (big blind) collected ($35.50)
Seat 5: Dies1210 (button) (small blind) folded on the River


PokerStars Hand #163383861309:  Hold'em Limit ($3/$6 USD) - 2016/12/23 5:15:14 ET
Table 'Komppa' 6-max Seat #2 is the button
Seat 2: MissEKAmouse ($181.79 in chips)
Seat 5: Dies1210 ($55.29 in chips)
MissEKAmouse: posts small blind $1
Dies1210: posts big blind $3
*** HOLE CARDS ***
MissEKAmouse: raises $3 to $6
Dies1210: calls $3
*** FLOP *** [Qc 2h Ah]
Dies1210: checks
MissEKAmouse: bets $3
Dies1210: calls $3
*** TURN *** [Qc 2h Ah] [8d]
Dies1210: checks
MissEKAmouse: bets $6
Dies1210: folds
Uncalled bet ($6) returned to MissEKAmouse
MissEKAmouse collected $17.64 from pot
MissEKAmouse: doesn't show hand
*** SUMMARY ***
Total pot $18 | Rake $0.36
Board [Qc 2h Ah 8d]
Seat 2: MissEKAmouse (button) (small blind) collected ($17.64)
Seat 5: Dies1210 (big blind) folded on the Turn


PokerStars Hand #163383901752:  Hold'em Limit ($3/$6 USD) - 2016/12/23 5:16:50 ET
Table 'Komppa' 6-max Seat #5 is the button
Seat 2: MissEKAmouse ($190.40 in chips)
Seat 5: Dies1210 ($45.08 in chips)
Dies1210: posts small blind $1
MissEKAmouse: posts big blind $3
*** HOLE CARDS ***
Dies1210: raises $3 to $6
MissEKAmouse: raises $3 to $9
raise joins the table at seat #4
Dies1210: calls $3
*** FLOP *** [9d 4s 9h]
MissEKAmouse: bets $3
Dies1210: calls $3
*** TURN *** [9d 4s 9h] [5s]
MissEKAmouse: bets $6
Dies1210: calls $6
*** RIVER *** [9d 4s 9h 5s] [2s]
MissEKAmouse: bets $6
Dies1210: calls $6
*** SHOW DOWN ***
MissEKAmouse: shows [9s 7s] (a flush, Nine high)
Dies1210: mucks hand
MissEKAmouse collected $47.50 from pot
*** SUMMARY ***
Total pot $48 | Rake $0.50
Board [9d 4s 9h 5s 2s]
Seat 2: MissEKAmouse (big blind) showed [9s 7s] and won ($47.50) with a flush, Nine high
Seat 5: Dies1210 (button) (small blind) mucked


PokerStars Hand #163383888845:  Hold'em Limit ($3/$6 USD) - 2016/12/23 5:16:19 ET
Table 'Komppa' 6-max Seat #5 is the button
Seat 2: MissEKAmouse ($179.64 in chips)
Seat 5: Dies1210 ($56.08 in chips)
Dies1210: posts small blind $1
MissEKAmouse: posts big blind $3
*** HOLE CARDS ***
Dies1210: folds
Uncalled bet ($2) returned to MissEKAmouse
MissEKAmouse collected $2 from pot
MissEKAmouse: doesn't show hand
*** SUMMARY ***
Total pot $2 | Rake $0
Seat 2: MissEKAmouse (big blind) collected ($2)
Seat 5: Dies1210 (button) (small blind) folded before Flop


PokerStars Hand #163383894927:  Hold'em Limit ($3/$6 USD) - 2016/12/23 5:16:34 ET
Table 'Komppa' 6-max Seat #5 is the button
Seat 2: MissEKAmouse ($183.64 in chips)
Seat 5: Dies1210 ($52.08 in chips)
Dies1210: posts small blind $1
MissEKAmouse: posts big blind $3
*** HOLE CARDS ***
Dies1210: folds
Uncalled bet ($2) returned to MissEKAmouse
MissEKAmouse collected $2 from pot
MissEKAmouse: doesn't show hand
*** SUMMARY ***
Total pot $2 | Rake $0
Seat 2: MissEKAmouse (big blind) collected ($2)
Seat 5: Dies1210 (button) (small blind) folded before Flop


PokerStars Hand #163383891051:  Hold'em Limit ($3/$6 USD) - 2016/12/23 5:16:25 ET
Table 'Komppa' 6-max Seat #2 is the button
Seat 2: MissEKAmouse ($180.64 in chips)
Seat 5: Dies1210 ($55.08 in chips)
MissEKAmouse: posts small blind $1
Dies1210: posts big blind $3
*** HOLE CARDS ***
MissEKAmouse: raises $3 to $6
Dies1210: folds
Uncalled bet ($3) returned to MissEKAmouse
MissEKAmouse collected $6 from pot
MissEKAmouse: doesn't show hand
*** SUMMARY ***
Total pot $6 | Rake $0
Seat 2: MissEKAmouse (button) (small blind) collected ($6)
Seat 5: Dies1210 (big blind) folded before Flop


PokerStars Hand #163383897175:  Hold'em Limit ($3/$6 USD) - 2016/12/23 5:16:39 ET
Table 'Komppa' 6-max Seat #2 is the button
Seat 2: MissEKAmouse ($184.64 in chips)
Seat 5: Dies1210 ($51.08 in chips)
MissEKAmouse: posts small blind $1
Dies1210: posts big blind $3
*** HOLE CARDS ***
MissEKAmouse: raises $3 to $6
Dies1210: calls $3
*** FLOP *** [Qc As 8h]
Dies1210: checks
MissEKAmouse: bets $3
Dies1210: folds
Uncalled bet ($3) returned to MissEKAmouse
MissEKAmouse collected $11.76 from pot
MissEKAmouse: doesn't show hand
*** SUMMARY ***
Total pot $12 | Rake $0.24
Board [Qc As 8h]
Seat 2: MissEKAmouse (button) (small blind) collected ($11.76)
Seat 5: Dies1210 (big blind) folded on the Flop


