PokerStars Hand #150114369366:  Hold'em Limit ($3/$6 USD) - 2016/03/09 22:03:54 ET
Table 'Konkolya' 6-max Seat #4 is the button
Seat 2: CLASSICFORM ($107 in chips)
Seat 4: AzureCaper ($84.16 in chips)
AzureCaper: posts small blind $1
CLASSICFORM: posts big blind $3
*** HOLE CARDS ***
AzureCaper: raises $3 to $6
megabaitt joins the table at seat #5
CLASSICFORM: calls $3
*** FLOP *** [6s Jh 4h]
CLASSICFORM: checks
AzureCaper: bets $3
CLASSICFORM: calls $3
*** TURN *** [6s Jh 4h] [Jc]
CLASSICFORM: checks
AzureCaper: checks
*** RIVER *** [6s Jh 4h Jc] [7h]
CLASSICFORM: bets $6
AzureCaper: folds
Uncalled bet ($6) returned to CLASSICFORM
CLASSICFORM collected $17.64 from pot
CLASSICFORM: doesn't show hand
*** SUMMARY ***
Total pot $18 | Rake $0.36
Board [6s Jh 4h Jc 7h]
Seat 2: CLASSICFORM (big blind) collected ($17.64)
Seat 4: AzureCaper (button) (small blind) folded on the River


PokerStars Hand #150114377762:  Hold'em Limit ($3/$6 USD) - 2016/03/09 22:04:17 ET
Table 'Konkolya' 6-max Seat #2 is the button
Seat 2: CLASSICFORM ($115.64 in chips)
Seat 4: AzureCaper ($75.16 in chips)
CLASSICFORM: posts small blind $1
AzureCaper: posts big blind $3
*** HOLE CARDS ***
CLASSICFORM: folds
Uncalled bet ($2) returned to AzureCaper
AzureCaper collected $2 from pot
AzureCaper: doesn't show hand
*** SUMMARY ***
Total pot $2 | Rake $0
Seat 2: CLASSICFORM (button) (small blind) folded before Flop
Seat 4: AzureCaper (big blind) collected ($2)


PokerStars Hand #150115662764:  Hold'em Limit ($3/$6 USD) - 2016/03/09 23:08:13 ET
Table 'Konkolya' 6-max Seat #1 is the button
Seat 1: colton88 ($419.87 in chips)
Seat 6: VolkovDmitri ($132.46 in chips)
colton88: posts small blind $1
VolkovDmitri: posts big blind $3
*** HOLE CARDS ***
colton88: folds
Uncalled bet ($2) returned to VolkovDmitri
VolkovDmitri collected $2 from pot
VolkovDmitri: doesn't show hand
*** SUMMARY ***
Total pot $2 | Rake $0
Seat 1: colton88 (button) (small blind) folded before Flop
Seat 6: VolkovDmitri (big blind) collected ($2)


