PokerStars Hand #171740069104:  Hold'em Limit ($3/$6 USD) - 2017/06/13 17:37:43 ET
Table 'Kopal' 6-max Seat #6 is the button
Seat 1: TUBATAA ($142.97 in chips)
Seat 6: scorpio04 ($150 in chips)
scorpio04: posts small blind $1
TUBATAA: posts big blind $3
*** HOLE CARDS ***
scorpio04: folds
Uncalled bet ($2) returned to TUBATAA
TUBATAA collected $2 from pot
TUBATAA: doesn't show hand
*** SUMMARY ***
Total pot $2 | Rake $0
Seat 1: TUBATAA (big blind) collected ($2)
Seat 6: scorpio04 (button) (small blind) folded before Flop


PokerStars Hand #171740051923:  Hold'em Limit ($3/$6 USD) - 2017/06/13 17:37:22 ET
Table 'Kopal' 6-max Seat #1 is the button
Seat 1: TUBATAA ($131.52 in chips)
Seat 6: scorpio04 ($150 in chips)
TUBATAA: posts small blind $1
scorpio04: posts big blind $3
*** HOLE CARDS ***
TUBATAA: raises $3 to $6
scorpio04: calls $3
*** FLOP *** [2h 8c 5s]
scorpio04: checks
TUBATAA: bets $3
scorpio04: calls $3
*** TURN *** [2h 8c 5s] [5d]
scorpio04: checks
TUBATAA: checks
*** RIVER *** [2h 8c 5s 5d] [5h]
scorpio04: checks
TUBATAA: bets $6
scorpio04: folds
Uncalled bet ($6) returned to TUBATAA
TUBATAA collected $17.64 from pot
TUBATAA: doesn't show hand
*** SUMMARY ***
Total pot $18 | Rake $0.36
Board [2h 8c 5s 5d 5h]
Seat 1: TUBATAA (button) (small blind) collected ($17.64)
Seat 6: scorpio04 (big blind) folded on the River


PokerStars Hand #171740035564:  Hold'em Limit ($3/$6 USD) - 2017/06/13 17:37:01 ET
Table 'Kopal' 6-max Seat #6 is the button
Seat 1: TUBATAA ($120 in chips)
Seat 6: scorpio04 ($150 in chips)
scorpio04: posts small blind $1
TUBATAA: posts big blind $3
*** HOLE CARDS ***
scorpio04: raises $3 to $6
TUBATAA: calls $3
*** FLOP *** [Ts 2d Ah]
TUBATAA: checks
scorpio04: checks
*** TURN *** [Ts 2d Ah] [Qs]
TUBATAA: checks
scorpio04: checks
*** RIVER *** [Ts 2d Ah Qs] [5d]
TUBATAA: bets $6
scorpio04: calls $6
*** SHOW DOWN ***
TUBATAA: shows [Tc 5s] (two pair, Tens and Fives)
scorpio04: mucks hand
TUBATAA collected $23.52 from pot
*** SUMMARY ***
Total pot $24 | Rake $0.48
Board [Ts 2d Ah Qs 5d]
Seat 1: TUBATAA (big blind) showed [Tc 5s] and won ($23.52) with two pair, Tens and Fives
Seat 6: scorpio04 (button) (small blind) mucked


PokerStars Hand #171740114724:  Hold'em Limit ($3/$6 USD) - 2017/06/13 17:38:41 ET
Table 'Kopal' 6-max Seat #1 is the button
Seat 1: TUBATAA ($196.97 in chips)
Seat 6: scorpio04 ($150 in chips)
TUBATAA: posts small blind $1
scorpio04: posts big blind $3
*** HOLE CARDS ***
TUBATAA: raises $3 to $6
scorpio04: raises $3 to $9
TUBATAA: calls $3
*** FLOP *** [Jc 9c 9h]
scorpio04: bets $3
TUBATAA: calls $3
*** TURN *** [Jc 9c 9h] [8d]
scorpio04: checks
TUBATAA: bets $6
scorpio04: raises $6 to $12
TUBATAA: calls $6
*** RIVER *** [Jc 9c 9h 8d] [2h]
scorpio04: bets $6
TUBATAA: calls $6
*** SHOW DOWN ***
scorpio04: shows [Tc 7c] (a straight, Seven to Jack)
TUBATAA: mucks hand
scorpio04 collected $59.50 from pot
*** SUMMARY ***
Total pot $60 | Rake $0.50
Board [Jc 9c 9h 8d 2h]
Seat 1: TUBATAA (button) (small blind) mucked
Seat 6: scorpio04 (big blind) showed [Tc 7c] and won ($59.50) with a straight, Seven to Jack


PokerStars Hand #171740091268:  Hold'em Limit ($3/$6 USD) - 2017/06/13 17:38:12 ET
Table 'Kopal' 6-max Seat #6 is the button
Seat 1: TUBATAA ($170.47 in chips)
Seat 6: scorpio04 ($150 in chips)
scorpio04: posts small blind $1
TUBATAA: posts big blind $3
*** HOLE CARDS ***
scorpio04: raises $3 to $6
TUBATAA: calls $3
*** FLOP *** [2s Qs 5h]
TUBATAA: checks
scorpio04: bets $3
TUBATAA: calls $3
*** TURN *** [2s Qs 5h] [6h]
TUBATAA: checks
scorpio04: bets $6
TUBATAA: calls $6
*** RIVER *** [2s Qs 5h 6h] [5c]
TUBATAA: checks
scorpio04: bets $6
TUBATAA: raises $6 to $12
scorpio04: calls $6
*** SHOW DOWN ***
TUBATAA: shows [5s Jh] (three of a kind, Fives)
scorpio04: mucks hand
TUBATAA collected $53.50 from pot
*** SUMMARY ***
Total pot $54 | Rake $0.50
Board [2s Qs 5h 6h 5c]
Seat 1: TUBATAA (big blind) showed [5s Jh] and won ($53.50) with three of a kind, Fives
Seat 6: scorpio04 (button) (small blind) mucked


PokerStars Hand #171740073823:  Hold'em Limit ($3/$6 USD) - 2017/06/13 17:37:49 ET
Table 'Kopal' 6-max Seat #1 is the button
Seat 1: TUBATAA ($143.97 in chips)
Seat 6: scorpio04 ($150 in chips)
TUBATAA: posts small blind $1
scorpio04: posts big blind $3
*** HOLE CARDS ***
TUBATAA: raises $3 to $6
scorpio04: calls $3
*** FLOP *** [Ks Tc Qc]
scorpio04: checks
TUBATAA: bets $3
scorpio04: calls $3
*** TURN *** [Ks Tc Qc] [7c]
scorpio04: checks
TUBATAA: bets $6
scorpio04: raises $6 to $12
TUBATAA: calls $6
*** RIVER *** [Ks Tc Qc 7c] [2d]
scorpio04: bets $6
TUBATAA: calls $6
*** SHOW DOWN ***
scorpio04: shows [3h Ac] (high card Ace)
TUBATAA: shows [Ts Qs] (two pair, Queens and Tens)
TUBATAA collected $53.50 from pot
*** SUMMARY ***
Total pot $54 | Rake $0.50
Board [Ks Tc Qc 7c 2d]
Seat 1: TUBATAA (button) (small blind) showed [Ts Qs] and won ($53.50) with two pair, Queens and Tens
Seat 6: scorpio04 (big blind) showed [3h Ac] and lost with high card Ace


PokerStars Hand #171740142926:  Hold'em Limit ($3/$6 USD) - 2017/06/13 17:39:17 ET
Table 'Kopal' 6-max Seat #6 is the button
Seat 1: TUBATAA ($166.97 in chips)
Seat 6: scorpio04 ($179.50 in chips)
scorpio04: posts small blind $1
TUBATAA: posts big blind $3
*** HOLE CARDS ***
scorpio04: raises $3 to $6
TUBATAA: folds
Uncalled bet ($3) returned to scorpio04
scorpio04 collected $6 from pot
scorpio04: doesn't show hand
*** SUMMARY ***
Total pot $6 | Rake $0
Seat 1: TUBATAA (big blind) folded before Flop
Seat 6: scorpio04 (button) (small blind) collected ($6)


PokerStars Hand #171740138893:  Hold'em Limit ($3/$6 USD) - 2017/06/13 17:39:12 ET
Table 'Kopal' 6-max Seat #1 is the button
Seat 1: TUBATAA ($163.97 in chips)
Seat 6: scorpio04 ($182.50 in chips)
TUBATAA: posts small blind $1
scorpio04: posts big blind $3
*** HOLE CARDS ***
TUBATAA: raises $3 to $6
scorpio04: folds
Uncalled bet ($3) returned to TUBATAA
TUBATAA collected $6 from pot
TUBATAA: doesn't show hand
*** SUMMARY ***
Total pot $6 | Rake $0
Seat 1: TUBATAA (button) (small blind) collected ($6)
Seat 6: scorpio04 (big blind) folded before Flop


PokerStars Hand #171740135420:  Hold'em Limit ($3/$6 USD) - 2017/06/13 17:39:08 ET
Table 'Kopal' 6-max Seat #6 is the button
Seat 1: TUBATAA ($162.97 in chips)
Seat 6: scorpio04 ($183.50 in chips)
scorpio04: posts small blind $1
TUBATAA: posts big blind $3
*** HOLE CARDS ***
scorpio04: folds
Uncalled bet ($2) returned to TUBATAA
TUBATAA collected $2 from pot
TUBATAA: doesn't show hand
*** SUMMARY ***
Total pot $2 | Rake $0
Seat 1: TUBATAA (big blind) collected ($2)
Seat 6: scorpio04 (button) (small blind) folded before Flop


PokerStars Hand #171740131541:  Hold'em Limit ($3/$6 USD) - 2017/06/13 17:39:03 ET
Table 'Kopal' 6-max Seat #1 is the button
Seat 1: TUBATAA ($163.97 in chips)
Seat 6: scorpio04 ($182.50 in chips)
TUBATAA: posts small blind $1
scorpio04: posts big blind $3
*** HOLE CARDS ***
TUBATAA: folds
Uncalled bet ($2) returned to scorpio04
scorpio04 collected $2 from pot
scorpio04: doesn't show hand
*** SUMMARY ***
Total pot $2 | Rake $0
Seat 1: TUBATAA (button) (small blind) folded before Flop
Seat 6: scorpio04 (big blind) collected ($2)


PokerStars Hand #171740127685:  Hold'em Limit ($3/$6 USD) - 2017/06/13 17:38:58 ET
Table 'Kopal' 6-max Seat #6 is the button
Seat 1: TUBATAA ($166.97 in chips)
Seat 6: scorpio04 ($179.50 in chips)
scorpio04: posts small blind $1
TUBATAA: posts big blind $3
*** HOLE CARDS ***
scorpio04: raises $3 to $6
TUBATAA: folds
Uncalled bet ($3) returned to scorpio04
scorpio04 collected $6 from pot
scorpio04: doesn't show hand
*** SUMMARY ***
Total pot $6 | Rake $0
Seat 1: TUBATAA (big blind) folded before Flop
Seat 6: scorpio04 (button) (small blind) collected ($6)


PokerStars Hand #171740195022:  Hold'em Limit ($3/$6 USD) - 2017/06/13 17:40:24 ET
Table 'Kopal' 6-max Seat #6 is the button
Seat 1: TUBATAA ($127.97 in chips)
Seat 6: scorpio04 ($218 in chips)
scorpio04: posts small blind $1
TUBATAA: posts big blind $3
*** HOLE CARDS ***
scorpio04: raises $3 to $6
TUBATAA: raises $3 to $9
scorpio04: calls $3
*** FLOP *** [2h 7s 2c]
TUBATAA: bets $3
scorpio04: calls $3
*** TURN *** [2h 7s 2c] [8s]
TUBATAA: bets $6
scorpio04: calls $6
*** RIVER *** [2h 7s 2c 8s] [9d]
TUBATAA: checks
scorpio04: checks
*** SHOW DOWN ***
TUBATAA: shows [Kh As] (a pair of Deuces)
scorpio04: mucks hand
TUBATAA collected $35.50 from pot
*** SUMMARY ***
Total pot $36 | Rake $0.50
Board [2h 7s 2c 8s 9d]
Seat 1: TUBATAA (big blind) showed [Kh As] and won ($35.50) with a pair of Deuces
Seat 6: scorpio04 (button) (small blind) mucked


PokerStars Hand #171740146852:  Hold'em Limit ($3/$6 USD) - 2017/06/13 17:39:22 ET
Table 'Kopal' 6-max Seat #1 is the button
Seat 1: TUBATAA ($163.97 in chips)
Seat 6: scorpio04 ($182.50 in chips)
TUBATAA: posts small blind $1
scorpio04: posts big blind $3
*** HOLE CARDS ***
TUBATAA: raises $3 to $6
scorpio04: raises $3 to $9
TUBATAA: calls $3
*** FLOP *** [5d 7c 4c]
scorpio04: bets $3
TUBATAA: raises $3 to $6
scorpio04: raises $3 to $9
TUBATAA: calls $3
*** TURN *** [5d 7c 4c] [Ac]
scorpio04: bets $6
TUBATAA: raises $6 to $12
scorpio04: calls $6
*** RIVER *** [5d 7c 4c Ac] [3d]
scorpio04: checks
TUBATAA: bets $6
scorpio04: calls $6
*** SHOW DOWN ***
TUBATAA: shows [5c 4d] (two pair, Fives and Fours)
scorpio04: shows [7s 3s] (two pair, Sevens and Threes)
scorpio04 collected $71.50 from pot
*** SUMMARY ***
Total pot $72 | Rake $0.50
Board [5d 7c 4c Ac 3d]
Seat 1: TUBATAA (button) (small blind) showed [5c 4d] and lost with two pair, Fives and Fours
Seat 6: scorpio04 (big blind) showed [7s 3s] and won ($71.50) with two pair, Sevens and Threes


PokerStars Hand #171740257369:  Hold'em Limit ($3/$6 USD) - 2017/06/13 17:41:45 ET
Table 'Kopal' 6-max Seat #1 is the button
Seat 1: TUBATAA ($126.11 in chips)
Seat 6: scorpio04 ($218.50 in chips)
TUBATAA: posts small blind $1
scorpio04: posts big blind $3
*** HOLE CARDS ***
TUBATAA: folds
Uncalled bet ($2) returned to scorpio04
scorpio04 collected $2 from pot
scorpio04: doesn't show hand
*** SUMMARY ***
Total pot $2 | Rake $0
Seat 1: TUBATAA (button) (small blind) folded before Flop
Seat 6: scorpio04 (big blind) collected ($2)


PokerStars Hand #171740251528:  Hold'em Limit ($3/$6 USD) - 2017/06/13 17:41:37 ET
Table 'Kopal' 6-max Seat #6 is the button
Seat 1: TUBATAA ($129.11 in chips)
Seat 6: scorpio04 ($215.50 in chips)
scorpio04: posts small blind $1
TUBATAA: posts big blind $3
*** HOLE CARDS ***
scorpio04: raises $3 to $6
TUBATAA: folds
Uncalled bet ($3) returned to scorpio04
scorpio04 collected $6 from pot
scorpio04: doesn't show hand
*** SUMMARY ***
Total pot $6 | Rake $0
Seat 1: TUBATAA (big blind) folded before Flop
Seat 6: scorpio04 (button) (small blind) collected ($6)


PokerStars Hand #171740248181:  Hold'em Limit ($3/$6 USD) - 2017/06/13 17:41:33 ET
Table 'Kopal' 6-max Seat #1 is the button
Seat 1: TUBATAA ($130.11 in chips)
Seat 6: scorpio04 ($214.50 in chips)
TUBATAA: posts small blind $1
scorpio04: posts big blind $3
*** HOLE CARDS ***
TUBATAA: folds
Uncalled bet ($2) returned to scorpio04
scorpio04 collected $2 from pot
scorpio04: doesn't show hand
*** SUMMARY ***
Total pot $2 | Rake $0
Seat 1: TUBATAA (button) (small blind) folded before Flop
Seat 6: scorpio04 (big blind) collected ($2)


PokerStars Hand #171740226866:  Hold'em Limit ($3/$6 USD) - 2017/06/13 17:41:05 ET
Table 'Kopal' 6-max Seat #6 is the button
Seat 1: TUBATAA ($154.11 in chips)
Seat 6: scorpio04 ($191 in chips)
scorpio04: posts small blind $1
TUBATAA: posts big blind $3
*** HOLE CARDS ***
scorpio04: raises $3 to $6
TUBATAA: raises $3 to $9
scorpio04: calls $3
*** FLOP *** [2d 9c 3h]
TUBATAA: bets $3
scorpio04: calls $3
*** TURN *** [2d 9c 3h] [Qc]
TUBATAA: bets $6
scorpio04: calls $6
*** RIVER *** [2d 9c 3h Qc] [Qs]
TUBATAA: checks
scorpio04: bets $6
TUBATAA: calls $6
*** SHOW DOWN ***
scorpio04: shows [Ad 3d] (two pair, Queens and Threes)
TUBATAA: mucks hand
scorpio04 collected $47.50 from pot
*** SUMMARY ***
Total pot $48 | Rake $0.50
Board [2d 9c 3h Qc Qs]
Seat 1: TUBATAA (big blind) mucked
Seat 6: scorpio04 (button) (small blind) showed [Ad 3d] and won ($47.50) with two pair, Queens and Threes


PokerStars Hand #171740210703:  Hold'em Limit ($3/$6 USD) - 2017/06/13 17:40:44 ET
Table 'Kopal' 6-max Seat #1 is the button
Seat 1: TUBATAA ($145.47 in chips)
Seat 6: scorpio04 ($200 in chips)
TUBATAA: posts small blind $1
scorpio04: posts big blind $3
*** HOLE CARDS ***
TUBATAA: raises $3 to $6
scorpio04: calls $3
*** FLOP *** [Jc Qh Qc]
scorpio04: checks
TUBATAA: bets $3
scorpio04: calls $3
*** TURN *** [Jc Qh Qc] [4d]
scorpio04: checks
TUBATAA: bets $6
scorpio04: folds
Uncalled bet ($6) returned to TUBATAA
TUBATAA collected $17.64 from pot
TUBATAA: doesn't show hand
*** SUMMARY ***
Total pot $18 | Rake $0.36
Board [Jc Qh Qc 4d]
Seat 1: TUBATAA (button) (small blind) collected ($17.64)
Seat 6: scorpio04 (big blind) folded on the Turn


PokerStars Hand #171740308689:  Hold'em Limit ($3/$6 USD) - 2017/06/13 17:42:52 ET
Table 'Kopal' 6-max Seat #1 is the button
Seat 1: TUBATAA ($80.11 in chips)
Seat 6: scorpio04 ($263.40 in chips)
TUBATAA: posts small blind $1
scorpio04: posts big blind $3
*** HOLE CARDS ***
TUBATAA: folds
Uncalled bet ($2) returned to scorpio04
scorpio04 collected $2 from pot
scorpio04: doesn't show hand
*** SUMMARY ***
Total pot $2 | Rake $0
Seat 1: TUBATAA (button) (small blind) folded before Flop
Seat 6: scorpio04 (big blind) collected ($2)


PokerStars Hand #171740282675:  Hold'em Limit ($3/$6 USD) - 2017/06/13 17:42:18 ET
Table 'Kopal' 6-max Seat #6 is the button
Seat 1: TUBATAA ($110.11 in chips)
Seat 6: scorpio04 ($233.90 in chips)
scorpio04: posts small blind $1
TUBATAA: posts big blind $3
*** HOLE CARDS ***
scorpio04: raises $3 to $6
TUBATAA: calls $3
*** FLOP *** [3d 2s 6h]
TUBATAA: checks
scorpio04: bets $3
TUBATAA: raises $3 to $6
scorpio04: calls $3
*** TURN *** [3d 2s 6h] [Jd]
TUBATAA: bets $6
scorpio04: raises $6 to $12
TUBATAA: calls $6
*** RIVER *** [3d 2s 6h Jd] [9h]
TUBATAA: checks
scorpio04: bets $6
TUBATAA: calls $6
*** SHOW DOWN ***
scorpio04: shows [6s Qh] (a pair of Sixes)
TUBATAA: mucks hand
scorpio04 collected $59.50 from pot
*** SUMMARY ***
Total pot $60 | Rake $0.50
Board [3d 2s 6h Jd 9h]
Seat 1: TUBATAA (big blind) mucked
Seat 6: scorpio04 (button) (small blind) showed [6s Qh] and won ($59.50) with a pair of Sixes


PokerStars Hand #171740270905:  Hold'em Limit ($3/$6 USD) - 2017/06/13 17:42:03 ET
Table 'Kopal' 6-max Seat #1 is the button
Seat 1: TUBATAA ($119.11 in chips)
Seat 6: scorpio04 ($225.26 in chips)
TUBATAA: posts small blind $1
scorpio04: posts big blind $3
*** HOLE CARDS ***
TUBATAA: raises $3 to $6
scorpio04: calls $3
*** FLOP *** [Qc 4d Jh]
scorpio04: checks
TUBATAA: bets $3
scorpio04: raises $3 to $6
TUBATAA: folds
Uncalled bet ($3) returned to scorpio04
scorpio04 collected $17.64 from pot
scorpio04: doesn't show hand
*** SUMMARY ***
Total pot $18 | Rake $0.36
Board [Qc 4d Jh]
Seat 1: TUBATAA (button) (small blind) folded on the Flop
Seat 6: scorpio04 (big blind) collected ($17.64)


PokerStars Hand #171740261134:  Hold'em Limit ($3/$6 USD) - 2017/06/13 17:41:50 ET
Table 'Kopal' 6-max Seat #6 is the button
Seat 1: TUBATAA ($125.11 in chips)
Seat 6: scorpio04 ($219.50 in chips)
scorpio04: posts small blind $1
TUBATAA: posts big blind $3
*** HOLE CARDS ***
scorpio04: raises $3 to $6
TUBATAA: calls $3
*** FLOP *** [2h As Ks]
TUBATAA: checks
scorpio04: checks
*** TURN *** [2h As Ks] [8c]
TUBATAA: checks
scorpio04: bets $6
TUBATAA: folds
Uncalled bet ($6) returned to scorpio04
scorpio04 collected $11.76 from pot
scorpio04: doesn't show hand
*** SUMMARY ***
Total pot $12 | Rake $0.24
Board [2h As Ks 8c]
Seat 1: TUBATAA (big blind) folded on the Turn
Seat 6: scorpio04 (button) (small blind) collected ($11.76)


PokerStars Hand #171740325562:  Hold'em Limit ($3/$6 USD) - 2017/06/13 17:43:14 ET
Table 'Kopal' 6-max Seat #6 is the button
Seat 1: TUBATAA ($72.11 in chips)
Seat 6: scorpio04 ($271.16 in chips)
scorpio04: posts small blind $1
TUBATAA: posts big blind $3
*** HOLE CARDS ***
scorpio04: raises $3 to $6
TUBATAA: calls $3
*** FLOP *** [6c 2h 5c]
TUBATAA: checks
scorpio04: checks
*** TURN *** [6c 2h 5c] [Qc]
TUBATAA: bets $6
scorpio04: folds
Uncalled bet ($6) returned to TUBATAA
TUBATAA collected $11.76 from pot
TUBATAA: doesn't show hand
*** SUMMARY ***
Total pot $12 | Rake $0.24
Board [6c 2h 5c Qc]
Seat 1: TUBATAA (big blind) collected ($11.76)
Seat 6: scorpio04 (button) (small blind) folded on the Turn


PokerStars Hand #171740321847:  Hold'em Limit ($3/$6 USD) - 2017/06/13 17:43:09 ET
Table 'Kopal' 6-max Seat #1 is the button
Seat 1: TUBATAA ($73.11 in chips)
Seat 6: scorpio04 ($270.16 in chips)
TUBATAA: posts small blind $1
scorpio04: posts big blind $3
*** HOLE CARDS ***
TUBATAA: folds
Uncalled bet ($2) returned to scorpio04
scorpio04 collected $2 from pot
scorpio04: doesn't show hand
*** SUMMARY ***
Total pot $2 | Rake $0
Seat 1: TUBATAA (button) (small blind) folded before Flop
Seat 6: scorpio04 (big blind) collected ($2)


PokerStars Hand #171740312450:  Hold'em Limit ($3/$6 USD) - 2017/06/13 17:42:57 ET
Table 'Kopal' 6-max Seat #6 is the button
Seat 1: TUBATAA ($79.11 in chips)
Seat 6: scorpio04 ($264.40 in chips)
scorpio04: posts small blind $1
TUBATAA: posts big blind $3
*** HOLE CARDS ***
scorpio04: raises $3 to $6
TUBATAA: calls $3
*** FLOP *** [9h 2d Td]
TUBATAA: checks
scorpio04: bets $3
TUBATAA: folds
Uncalled bet ($3) returned to scorpio04
scorpio04 collected $11.76 from pot
scorpio04: doesn't show hand
*** SUMMARY ***
Total pot $12 | Rake $0.24
Board [9h 2d Td]
Seat 1: TUBATAA (big blind) folded on the Flop
Seat 6: scorpio04 (button) (small blind) collected ($11.76)


PokerStars Hand #171740363667:  Hold'em Limit ($3/$6 USD) - 2017/06/13 17:44:03 ET
Table 'Kopal' 6-max Seat #6 is the button
Seat 1: TUBATAA ($122.37 in chips)
Seat 6: scorpio04 ($220.16 in chips)
scorpio04: posts small blind $1
TUBATAA: posts big blind $3
*** HOLE CARDS ***
scorpio04: raises $3 to $6
TUBATAA: raises $3 to $9
scorpio04: calls $3
*** FLOP *** [3c 7h Kc]
TUBATAA: bets $3
scorpio04: folds
Uncalled bet ($3) returned to TUBATAA
TUBATAA collected $17.64 from pot
TUBATAA: doesn't show hand
*** SUMMARY ***
Total pot $18 | Rake $0.36
Board [3c 7h Kc]
Seat 1: TUBATAA (big blind) collected ($17.64)
Seat 6: scorpio04 (button) (small blind) folded on the Flop


PokerStars Hand #171740338746:  Hold'em Limit ($3/$6 USD) - 2017/06/13 17:43:31 ET
Table 'Kopal' 6-max Seat #1 is the button
Seat 1: TUBATAA ($77.87 in chips)
Seat 6: scorpio04 ($265.16 in chips)
TUBATAA: posts small blind $1
scorpio04: posts big blind $3
*** HOLE CARDS ***
TUBATAA: raises $3 to $6
scorpio04: calls $3
*** FLOP *** [Qh 7s 2c]
scorpio04: checks
TUBATAA: bets $3
scorpio04: calls $3
*** TURN *** [Qh 7s 2c] [6s]
scorpio04: checks
TUBATAA: bets $6
scorpio04: raises $6 to $12
TUBATAA: raises $6 to $18
scorpio04: raises $6 to $24
Betting is capped
TUBATAA: calls $6
*** RIVER *** [Qh 7s 2c 6s] [2s]
scorpio04: bets $6
TinaTurner72 joins the table at seat #2
TUBATAA: raises $6 to $12
scorpio04: calls $6
*** SHOW DOWN ***
TUBATAA: shows [Kh Kc] (two pair, Kings and Deuces)
scorpio04: mucks hand
TUBATAA collected $89.50 from pot
*** SUMMARY ***
Total pot $90 | Rake $0.50
Board [Qh 7s 2c 6s 2s]
Seat 1: TUBATAA (button) (small blind) showed [Kh Kc] and won ($89.50) with two pair, Kings and Deuces
Seat 6: scorpio04 (big blind) mucked


PokerStars Hand #171740832518:  Hold'em Limit ($3/$6 USD) - 2017/06/13 17:54:26 ET
Table 'Kopal' 6-max Seat #5 is the button
Seat 5: perten ($222.13 in chips)
Seat 6: scorpio04 ($159.25 in chips)
perten: posts small blind $1
scorpio04: posts big blind $3
*** HOLE CARDS ***
perten: folds
Uncalled bet ($2) returned to scorpio04
scorpio04 collected $2 from pot
scorpio04: doesn't show hand
*** SUMMARY ***
Total pot $2 | Rake $0
Seat 5: perten (button) (small blind) folded before Flop
Seat 6: scorpio04 (big blind) collected ($2)


PokerStars Hand #171740826034:  Hold'em Limit ($3/$6 USD) - 2017/06/13 17:54:17 ET
Table 'Kopal' 6-max Seat #6 is the button
Seat 5: perten ($225.13 in chips)
Seat 6: scorpio04 ($156.25 in chips)
scorpio04: posts small blind $1
EVBET: is sitting out
perten: posts big blind $3
EVBET leaves the table
*** HOLE CARDS ***
scorpio04: raises $3 to $6
perten: folds
Uncalled bet ($3) returned to scorpio04
scorpio04 collected $6 from pot
scorpio04: doesn't show hand
*** SUMMARY ***
Total pot $6 | Rake $0
Seat 5: perten (big blind) folded before Flop
Seat 6: scorpio04 (button) (small blind) collected ($6)


PokerStars Hand #171740884013:  Hold'em Limit ($3/$6 USD) - 2017/06/13 17:55:26 ET
Table 'Kopal' 6-max Seat #5 is the button
Seat 5: perten ($197.13 in chips)
Seat 6: scorpio04 ($183.75 in chips)
perten: posts small blind $1
scorpio04: posts big blind $3
*** HOLE CARDS ***
perten: folds
Uncalled bet ($2) returned to scorpio04
scorpio04 collected $2 from pot
scorpio04: doesn't show hand
*** SUMMARY ***
Total pot $2 | Rake $0
Seat 5: perten (button) (small blind) folded before Flop
Seat 6: scorpio04 (big blind) collected ($2)


PokerStars Hand #171740837233:  Hold'em Limit ($3/$6 USD) - 2017/06/13 17:54:32 ET
Table 'Kopal' 6-max Seat #6 is the button
Seat 5: perten ($221.13 in chips)
Seat 6: scorpio04 ($160.25 in chips)
scorpio04: posts small blind $1
perten: posts big blind $3
*** HOLE CARDS ***
scorpio04: raises $3 to $6
perten: calls $3
*** FLOP *** [7c 9s Qd]
perten: checks
NewRocker joins the table at seat #2
scorpio04: checks
*** TURN *** [7c 9s Qd] [2c]
perten: bets $6
scorpio04: raises $6 to $12
perten: calls $6
*** RIVER *** [7c 9s Qd 2c] [Td]
perten: checks
scorpio04: bets $6
perten: calls $6
*** SHOW DOWN ***
scorpio04: shows [Qc 6d] (a pair of Queens)
perten: mucks hand
scorpio04 collected $47.50 from pot
*** SUMMARY ***
Total pot $48 | Rake $0.50
Board [7c 9s Qd 2c Td]
Seat 5: perten (big blind) mucked
Seat 6: scorpio04 (button) (small blind) showed [Qc 6d] and won ($47.50) with a pair of Queens


PokerStars Hand #171740908413:  Hold'em Limit ($3/$6 USD) - 2017/06/13 17:56:05 ET
Table 'Kopal' 6-max Seat #2 is the button
Seat 2: NewRocker ($149.17 in chips)
Seat 6: scorpio04 ($183.75 in chips)
NewRocker: posts small blind $1
perten: is sitting out
scorpio04: posts big blind $3
*** HOLE CARDS ***
NewRocker: raises $3 to $6
scorpio04: calls $3
*** FLOP *** [8s Ts Kh]
scorpio04: checks
NewRocker: bets $3
scorpio04: folds
Uncalled bet ($3) returned to NewRocker
NewRocker collected $11.76 from pot
NewRocker: doesn't show hand
*** SUMMARY ***
Total pot $12 | Rake $0.24
Board [8s Ts Kh]
Seat 2: NewRocker (button) (small blind) collected ($11.76)
Seat 6: scorpio04 (big blind) folded on the Flop


