PokerStars Hand #174334045205:  Hold'em Limit ($3/$6 USD) - 2017/08/14 15:27:42 ET
Table 'Kopal' 6-max Seat #4 is the button
Seat 2: confususs ($149.49 in chips)
Seat 4: Luanto 14 ($161.54 in chips)
Luanto 14: posts small blind $1
confususs: posts big blind $3
*** HOLE CARDS ***
Luanto 14: folds
Uncalled bet ($2) returned to confususs
confususs collected $2 from pot
*** SUMMARY ***
Total pot $2 | Rake $0
Seat 2: confususs (big blind) collected ($2)
Seat 4: Luanto 14 (button) (small blind) folded before Flop


PokerStars Hand #174334032307:  Hold'em Limit ($3/$6 USD) - 2017/08/14 15:27:25 ET
Table 'Kopal' 6-max Seat #2 is the button
Seat 2: confususs ($164.49 in chips)
Seat 4: Luanto 14 ($147.04 in chips)
confususs: posts small blind $1
Luanto 14: posts big blind $3
*** HOLE CARDS ***
confususs: raises $3 to $6
Luanto 14: calls $3
*** FLOP *** [Th 5s As]
Luanto 14: checks
confususs: bets $3
Luanto 14: calls $3
*** TURN *** [Th 5s As] [2c]
Luanto 14: checks
confususs: checks
*** RIVER *** [Th 5s As 2c] [6d]
Luanto 14: bets $6
confususs: calls $6
*** SHOW DOWN ***
Luanto 14: shows [Kc Td] (a pair of Tens)
confususs: mucks hand
Luanto 14 collected $29.50 from pot
*** SUMMARY ***
Total pot $30 | Rake $0.50
Board [Th 5s As 2c 6d]
Seat 2: confususs (button) (small blind) mucked
Seat 4: Luanto 14 (big blind) showed [Kc Td] and won ($29.50) with a pair of Tens


PokerStars Hand #174334053635:  Hold'em Limit ($3/$6 USD) - 2017/08/14 15:27:54 ET
Table 'Kopal' 6-max Seat #4 is the button
Seat 2: confususs ($149.49 in chips)
Seat 4: Luanto 14 ($161.54 in chips)
Luanto 14: posts small blind $1
confususs: posts big blind $3
*** HOLE CARDS ***
Luanto 14: raises $3 to $6
confususs: folds
Uncalled bet ($3) returned to Luanto 14
Luanto 14 collected $6 from pot
Luanto 14: doesn't show hand
*** SUMMARY ***
Total pot $6 | Rake $0
Seat 2: confususs (big blind) folded before Flop
Seat 4: Luanto 14 (button) (small blind) collected ($6)


PokerStars Hand #174334048618:  Hold'em Limit ($3/$6 USD) - 2017/08/14 15:27:47 ET
Table 'Kopal' 6-max Seat #2 is the button
Seat 2: confususs ($150.49 in chips)
Seat 4: Luanto 14 ($160.54 in chips)
confususs: posts small blind $1
Luanto 14: posts big blind $3
*** HOLE CARDS ***
confususs: folds
Uncalled bet ($2) returned to Luanto 14
Luanto 14 collected $2 from pot
Luanto 14: doesn't show hand
*** SUMMARY ***
Total pot $2 | Rake $0
Seat 2: confususs (button) (small blind) folded before Flop
Seat 4: Luanto 14 (big blind) collected ($2)


PokerStars Hand #174334057995:  Hold'em Limit ($3/$6 USD) - 2017/08/14 15:28:00 ET
Table 'Kopal' 6-max Seat #2 is the button
Seat 2: confususs ($146.49 in chips)
Seat 4: Luanto 14 ($164.54 in chips)
confususs: posts small blind $1
Luanto 14: posts big blind $3
*** HOLE CARDS ***
confususs: raises $3 to $6
Luanto 14: calls $3
*** FLOP *** [9s As Ks]
Luanto 14: checks
confususs: bets $3
Luanto 14: folds
Uncalled bet ($3) returned to confususs
confususs collected $11.76 from pot
*** SUMMARY ***
Total pot $12 | Rake $0.24
Board [9s As Ks]
Seat 2: confususs (button) (small blind) collected ($11.76)
Seat 4: Luanto 14 (big blind) folded on the Flop


PokerStars Hand #174334072710:  Hold'em Limit ($3/$6 USD) - 2017/08/14 15:28:20 ET
Table 'Kopal' 6-max Seat #2 is the button
Seat 2: confususs ($146.25 in chips)
Seat 4: Luanto 14 ($164.30 in chips)
confususs: posts small blind $1
Luanto 14: posts big blind $3
*** HOLE CARDS ***
confususs: folds
Uncalled bet ($2) returned to Luanto 14
Luanto 14 collected $2 from pot
Luanto 14: doesn't show hand
*** SUMMARY ***
Total pot $2 | Rake $0
Seat 2: confususs (button) (small blind) folded before Flop
Seat 4: Luanto 14 (big blind) collected ($2)


PokerStars Hand #174334066029:  Hold'em Limit ($3/$6 USD) - 2017/08/14 15:28:11 ET
Table 'Kopal' 6-max Seat #4 is the button
Seat 2: confususs ($152.25 in chips)
Seat 4: Luanto 14 ($158.54 in chips)
Luanto 14: posts small blind $1
confususs: posts big blind $3
*** HOLE CARDS ***
Luanto 14: raises $3 to $6
confususs: calls $3
*** FLOP *** [Qd 4s Th]
confususs: checks
Luanto 14: bets $3
confususs: folds
Uncalled bet ($3) returned to Luanto 14
Luanto 14 collected $11.76 from pot
Luanto 14: doesn't show hand
*** SUMMARY ***
Total pot $12 | Rake $0.24
Board [Qd 4s Th]
Seat 2: confususs (big blind) folded on the Flop
Seat 4: Luanto 14 (button) (small blind) collected ($11.76)


PokerStars Hand #174334080746:  Hold'em Limit ($3/$6 USD) - 2017/08/14 15:28:31 ET
Table 'Kopal' 6-max Seat #2 is the button
Seat 2: confususs ($146.25 in chips)
Seat 4: Luanto 14 ($164.30 in chips)
confususs: posts small blind $1
Luanto 14: posts big blind $3
*** HOLE CARDS ***
confususs: raises $3 to $6
Luanto 14: calls $3
*** FLOP *** [7c Kd 9h]
Luanto 14: checks
confususs: checks
*** TURN *** [7c Kd 9h] [Qs]
Luanto 14: bets $6
confususs: folds
Uncalled bet ($6) returned to Luanto 14
Luanto 14 collected $11.76 from pot
Luanto 14: doesn't show hand
*** SUMMARY ***
Total pot $12 | Rake $0.24
Board [7c Kd 9h Qs]
Seat 2: confususs (button) (small blind) folded on the Turn
Seat 4: Luanto 14 (big blind) collected ($11.76)


PokerStars Hand #174334099353:  Hold'em Limit ($3/$6 USD) - 2017/08/14 15:28:56 ET
Table 'Kopal' 6-max Seat #2 is the button
Seat 2: confususs ($146.01 in chips)
Seat 4: Luanto 14 ($164.06 in chips)
confususs: posts small blind $1
Luanto 14: posts big blind $3
*** HOLE CARDS ***
confususs: folds
Uncalled bet ($2) returned to Luanto 14
Luanto 14 collected $2 from pot
Luanto 14: doesn't show hand
*** SUMMARY ***
Total pot $2 | Rake $0
Seat 2: confususs (button) (small blind) folded before Flop
Seat 4: Luanto 14 (big blind) collected ($2)


PokerStars Hand #174334091521:  Hold'em Limit ($3/$6 USD) - 2017/08/14 15:28:45 ET
Table 'Kopal' 6-max Seat #4 is the button
Seat 2: confususs ($140.25 in chips)
Seat 4: Luanto 14 ($170.06 in chips)
Luanto 14: posts small blind $1
confususs: posts big blind $3
*** HOLE CARDS ***
Luanto 14: raises $3 to $6
confususs: calls $3
*** FLOP *** [3d 5d As]
confususs: bets $3
Luanto 14: folds
Uncalled bet ($3) returned to confususs
confususs collected $11.76 from pot
*** SUMMARY ***
Total pot $12 | Rake $0.24
Board [3d 5d As]
Seat 2: confususs (big blind) collected ($11.76)
Seat 4: Luanto 14 (button) (small blind) folded on the Flop


PokerStars Hand #174334077493:  Hold'em Limit ($3/$6 USD) - 2017/08/14 15:28:26 ET
Table 'Kopal' 6-max Seat #4 is the button
Seat 2: confususs ($145.25 in chips)
Seat 4: Luanto 14 ($165.30 in chips)
Luanto 14: posts small blind $1
confususs: posts big blind $3
*** HOLE CARDS ***
Luanto 14: folds
Uncalled bet ($2) returned to confususs
confususs collected $2 from pot
*** SUMMARY ***
Total pot $2 | Rake $0
Seat 2: confususs (big blind) collected ($2)
Seat 4: Luanto 14 (button) (small blind) folded before Flop


