PokerStars Hand #153898470354:  Hold'em Limit ($3/$6 USD) - 2016/05/27 1:48:06 ET
Table 'Koranna' 6-max Seat #3 is the button
Seat 3: Fantomet ($125.50 in chips)
Seat 4: Mudager ($120 in chips)
Fantomet: posts small blind $1
Mudager: posts big blind $3
*** HOLE CARDS ***
Fantomet: raises $3 to $6
Mudager: calls $3
*** FLOP *** [9h Tc 6d]
Mudager: checks
Fantomet: bets $3
Mudager: calls $3
*** TURN *** [9h Tc 6d] [7h]
Mudager: checks
Fantomet: checks
*** RIVER *** [9h Tc 6d 7h] [7s]
Mudager: bets $6
Fantomet: calls $6
*** SHOW DOWN ***
Mudager: shows [Jc 4c] (a pair of Sevens)
Fantomet: shows [Ah Ks] (a pair of Sevens - Ace kicker)
Fantomet collected $29.50 from pot
*** SUMMARY ***
Total pot $30 | Rake $0.50
Board [9h Tc 6d 7h 7s]
Seat 3: Fantomet (button) (small blind) showed [Ah Ks] and won ($29.50) with a pair of Sevens
Seat 4: Mudager (big blind) showed [Jc 4c] and lost with a pair of Sevens


PokerStars Hand #153898481372:  Hold'em Limit ($3/$6 USD) - 2016/05/27 1:48:50 ET
Table 'Koranna' 6-max Seat #3 is the button
Seat 3: Fantomet ($151.52 in chips)
Seat 4: Mudager ($120 in chips)
Fantomet: posts small blind $1
Mudager: posts big blind $3
*** HOLE CARDS ***
Fantomet: folds
Uncalled bet ($2) returned to Mudager
Mudager collected $2 from pot
Mudager: doesn't show hand
*** SUMMARY ***
Total pot $2 | Rake $0
Seat 3: Fantomet (button) (small blind) folded before Flop
Seat 4: Mudager (big blind) collected ($2)


PokerStars Hand #153898475368:  Hold'em Limit ($3/$6 USD) - 2016/05/27 1:48:26 ET
Table 'Koranna' 6-max Seat #4 is the button
Seat 3: Fantomet ($140 in chips)
Seat 4: Mudager ($120 in chips)
Mudager: posts small blind $1
Fantomet: posts big blind $3
*** HOLE CARDS ***
Mudager: raises $3 to $6
Fantomet: raises $3 to $9
Mudager: calls $3
*** FLOP *** [5c As 4s]
Fantomet: checks
Mudager: bets $3
Fantomet: calls $3
*** TURN *** [5c As 4s] [8d]
Fantomet: checks
Mudager: checks
*** RIVER *** [5c As 4s 8d] [Ts]
Fantomet: bets $6
Mudager: folds
Uncalled bet ($6) returned to Fantomet
Fantomet collected $23.52 from pot
anetkaapro joins the table at seat #5
*** SUMMARY ***
Total pot $24 | Rake $0.48
Board [5c As 4s 8d Ts]
Seat 3: Fantomet (big blind) collected ($23.52)
Seat 4: Mudager (button) (small blind) folded on the River


PokerStars Hand #153900495536:  Hold'em Limit ($3/$6 USD) - 2016/05/27 3:54:50 ET
Table 'Koranna' 6-max Seat #6 is the button
Seat 5: BIZE Terence ($95.71 in chips)
Seat 6: manly70 ($106.94 in chips)
manly70: posts small blind $1
bAAchi: is sitting out
VolkovDmitri: is sitting out
BIZE Terence: posts big blind $3
*** HOLE CARDS ***
bAAchi leaves the table
manly70: folds
Uncalled bet ($2) returned to BIZE Terence
VolkovDmitri leaves the table
BIZE Terence collected $2 from pot
BIZE Terence: doesn't show hand
*** SUMMARY ***
Total pot $2 | Rake $0
Seat 5: BIZE Terence (big blind) collected ($2)
Seat 6: manly70 (button) (small blind) folded before Flop


PokerStars Hand #153900497463:  Hold'em Limit ($3/$6 USD) - 2016/05/27 3:54:57 ET
Table 'Koranna' 6-max Seat #5 is the button
Seat 5: BIZE Terence ($96.71 in chips)
Seat 6: manly70 ($105.94 in chips)
BIZE Terence: posts small blind $1
manly70: posts big blind $3
*** HOLE CARDS ***
BIZE Terence: folds
Uncalled bet ($2) returned to manly70
manly70 collected $2 from pot
*** SUMMARY ***
Total pot $2 | Rake $0
Seat 5: BIZE Terence (button) (small blind) folded before Flop
Seat 6: manly70 (big blind) collected ($2)


