PokerStars Hand #155997505110:  Hold'em Limit ($3/$6 USD) - 2016/07/15 9:39:11 ET
Table 'Koranna' 6-max Seat #3 is the button
Seat 2: MARIBORO8 ($86.40 in chips)
Seat 3: Ale4o ($97.02 in chips)
Ale4o: posts small blind $1
MARIBORO8: posts big blind $3
*** HOLE CARDS ***
Ale4o: raises $3 to $6
MARIBORO8: calls $3
*** FLOP *** [Qs 6s 5h]
MARIBORO8: checks
Ale4o: checks
*** TURN *** [Qs 6s 5h] [3c]
MARIBORO8: checks
Ale4o: bets $6
MARIBORO8: calls $6
*** RIVER *** [Qs 6s 5h 3c] [5d]
MARIBORO8: checks
Ale4o: bets $6
MARIBORO8: calls $6
*** SHOW DOWN ***
Ale4o: shows [Th 7d] (a pair of Fives)
MARIBORO8: shows [2s Kd] (a pair of Fives - King kicker)
MARIBORO8 collected $35.50 from pot
*** SUMMARY ***
Total pot $36 | Rake $0.50
Board [Qs 6s 5h 3c 5d]
Seat 2: MARIBORO8 (big blind) showed [2s Kd] and won ($35.50) with a pair of Fives
Seat 3: Ale4o (button) (small blind) showed [Th 7d] and lost with a pair of Fives


PokerStars Hand #155997501208:  Hold'em Limit ($3/$6 USD) - 2016/07/15 9:39:03 ET
Table 'Koranna' 6-max Seat #2 is the button
Seat 2: MARIBORO8 ($87.40 in chips)
Seat 3: Ale4o ($96.02 in chips)
MARIBORO8: posts small blind $1
Ale4o: posts big blind $3
*** HOLE CARDS ***
MARIBORO8: folds
Uncalled bet ($2) returned to Ale4o
Ale4o collected $2 from pot
Ale4o: doesn't show hand
*** SUMMARY ***
Total pot $2 | Rake $0
Seat 2: MARIBORO8 (button) (small blind) folded before Flop
Seat 3: Ale4o (big blind) collected ($2)


PokerStars Hand #155997498237:  Hold'em Limit ($3/$6 USD) - 2016/07/15 9:38:57 ET
Table 'Koranna' 6-max Seat #3 is the button
Seat 2: MARIBORO8 ($86.40 in chips)
Seat 3: Ale4o ($97.02 in chips)
Ale4o: posts small blind $1
MARIBORO8: posts big blind $3
*** HOLE CARDS ***
Ale4o: folds
Uncalled bet ($2) returned to MARIBORO8
MARIBORO8 collected $2 from pot
MARIBORO8: doesn't show hand
*** SUMMARY ***
Total pot $2 | Rake $0
Seat 2: MARIBORO8 (big blind) collected ($2)
Seat 3: Ale4o (button) (small blind) folded before Flop


PokerStars Hand #155997533205:  Hold'em Limit ($3/$6 USD) - 2016/07/15 9:40:08 ET
Table 'Koranna' 6-max Seat #2 is the button
Seat 2: MARIBORO8 ($120.40 in chips)
Seat 3: Ale4o ($62.02 in chips)
MARIBORO8: posts small blind $1
Ale4o: posts big blind $3
*** HOLE CARDS ***
MARIBORO8: raises $3 to $6
Ale4o: calls $3
*** FLOP *** [7d Qd Tc]
Ale4o: bets $3
MARIBORO8: calls $3
*** TURN *** [7d Qd Tc] [8c]
Ale4o: bets $6
MARIBORO8: calls $6
*** RIVER *** [7d Qd Tc 8c] [9h]
soouussa joins the table at seat #4
Ale4o: checks
MARIBORO8: checks
*** SHOW DOWN ***
Ale4o: shows [4s 7h] (a pair of Sevens)
MARIBORO8: shows [9d 2d] (a pair of Nines)
MARIBORO8 collected $29.50 from pot
*** SUMMARY ***
Total pot $30 | Rake $0.50
Board [7d Qd Tc 8c 9h]
Seat 2: MARIBORO8 (button) (small blind) showed [9d 2d] and won ($29.50) with a pair of Nines
Seat 3: Ale4o (big blind) showed [4s 7h] and lost with a pair of Sevens


PokerStars Hand #155997522690:  Hold'em Limit ($3/$6 USD) - 2016/07/15 9:39:47 ET
Table 'Koranna' 6-max Seat #3 is the button
Seat 2: MARIBORO8 ($102.90 in chips)
Seat 3: Ale4o ($80.02 in chips)
Ale4o: posts small blind $1
MARIBORO8: posts big blind $3
*** HOLE CARDS ***
Ale4o: raises $3 to $6
MARIBORO8: calls $3
*** FLOP *** [Qc 8d Ts]
MARIBORO8: checks
Ale4o: checks
*** TURN *** [Qc 8d Ts] [6h]
MARIBORO8: bets $6
Ale4o: calls $6
*** RIVER *** [Qc 8d Ts 6h] [3h]
MARIBORO8: bets $6
Ale4o: calls $6
*** SHOW DOWN ***
MARIBORO8: shows [Kh Qs] (a pair of Queens)
Ale4o: mucks hand
MARIBORO8 collected $35.50 from pot
*** SUMMARY ***
Total pot $36 | Rake $0.50
Board [Qc 8d Ts 6h 3h]
Seat 2: MARIBORO8 (big blind) showed [Kh Qs] and won ($35.50) with a pair of Queens
Seat 3: Ale4o (button) (small blind) mucked


PokerStars Hand #155997518530:  Hold'em Limit ($3/$6 USD) - 2016/07/15 9:39:38 ET
Table 'Koranna' 6-max Seat #2 is the button
Seat 2: MARIBORO8 ($103.90 in chips)
Seat 3: Ale4o ($79.02 in chips)
MARIBORO8: posts small blind $1
Ale4o: posts big blind $3
*** HOLE CARDS ***
MARIBORO8: folds
Uncalled bet ($2) returned to Ale4o
Ale4o collected $2 from pot
Ale4o: doesn't show hand
*** SUMMARY ***
Total pot $2 | Rake $0
Seat 2: MARIBORO8 (button) (small blind) folded before Flop
Seat 3: Ale4o (big blind) collected ($2)


