PokerStars Hand #168422221020:  Hold'em Limit ($3/$6 USD) - 2017/04/01 11:59:41 ET
Table 'Kordula' 6-max Seat #1 is the button
Seat 1: perten ($69.41 in chips)
Seat 6: doom$witched ($46.76 in chips)
perten: posts small blind $1
doom$witched: posts big blind $3
*** HOLE CARDS ***
perten: folds
Uncalled bet ($2) returned to doom$witched
doom$witched collected $2 from pot
doom$witched: doesn't show hand
*** SUMMARY ***
Total pot $2 | Rake $0
Seat 1: perten (button) (small blind) folded before Flop
Seat 6: doom$witched (big blind) collected ($2)


PokerStars Hand #168422215418:  Hold'em Limit ($3/$6 USD) - 2017/04/01 11:59:31 ET
Table 'Kordula' 6-max Seat #6 is the button
Seat 1: perten ($75.41 in chips)
Seat 6: doom$witched ($41 in chips)
doom$witched: posts small blind $1
perten: posts big blind $3
*** HOLE CARDS ***
doom$witched: raises $3 to $6
perten: calls $3
*** FLOP *** [7s 5s Jc]
perten: checks
doom$witched: bets $3
perten: folds
Uncalled bet ($3) returned to doom$witched
doom$witched collected $11.76 from pot
doom$witched: doesn't show hand
*** SUMMARY ***
Total pot $12 | Rake $0.24
Board [7s 5s Jc]
Seat 1: perten (big blind) folded on the Flop
Seat 6: doom$witched (button) (small blind) collected ($11.76)


PokerStars Hand #168422212616:  Hold'em Limit ($3/$6 USD) - 2017/04/01 11:59:26 ET
Table 'Kordula' 6-max Seat #1 is the button
Seat 1: perten ($76.41 in chips)
Seat 6: doom$witched ($40 in chips)
perten: posts small blind $1
doom$witched: posts big blind $3
*** HOLE CARDS ***
perten: folds
Uncalled bet ($2) returned to doom$witched
VolkovDmitri leaves the table
doom$witched collected $2 from pot
doom$witched: doesn't show hand
*** SUMMARY ***
Total pot $2 | Rake $0
Seat 1: perten (button) (small blind) folded before Flop
Seat 6: doom$witched (big blind) collected ($2)


PokerStars Hand #168422248131:  Hold'em Limit ($3/$6 USD) - 2017/04/01 12:00:23 ET
Table 'Kordula' 6-max Seat #6 is the button
Seat 1: perten ($56.41 in chips)
Seat 6: doom$witched ($59.28 in chips)
doom$witched: posts small blind $1
perten: posts big blind $3
*** HOLE CARDS ***
doom$witched: raises $3 to $6
perten: calls $3
*** FLOP *** [Kc 5h Qc]
perten: checks
doom$witched: bets $3
perten: calls $3
*** TURN *** [Kc 5h Qc] [Ts]
perten: checks
doom$witched: checks
*** RIVER *** [Kc 5h Qc Ts] [2d]
MTails joins the table at seat #5
perten: bets $6
doom$witched: calls $6
*** SHOW DOWN ***
perten: shows [Kd 5s] (two pair, Kings and Fives)
doom$witched: mucks hand
perten collected $29.50 from pot
*** SUMMARY ***
Total pot $30 | Rake $0.50
Board [Kc 5h Qc Ts 2d]
Seat 1: perten (big blind) showed [Kd 5s] and won ($29.50) with two pair, Kings and Fives
Seat 6: doom$witched (button) (small blind) mucked


PokerStars Hand #168422233363:  Hold'em Limit ($3/$6 USD) - 2017/04/01 12:00:02 ET
Table 'Kordula' 6-max Seat #6 is the button
Seat 1: perten ($65.41 in chips)
Seat 6: doom$witched ($50.52 in chips)
doom$witched: posts small blind $1
perten: posts big blind $3
*** HOLE CARDS ***
doom$witched: raises $3 to $6
perten: folds
Uncalled bet ($3) returned to doom$witched
doom$witched collected $6 from pot
doom$witched: doesn't show hand
*** SUMMARY ***
Total pot $6 | Rake $0
Seat 1: perten (big blind) folded before Flop
Seat 6: doom$witched (button) (small blind) collected ($6)


PokerStars Hand #168422238157:  Hold'em Limit ($3/$6 USD) - 2017/04/01 12:00:09 ET
Table 'Kordula' 6-max Seat #1 is the button
Seat 1: perten ($62.41 in chips)
Seat 6: doom$witched ($53.52 in chips)
perten: posts small blind $1
doom$witched: posts big blind $3
*** HOLE CARDS ***
perten: raises $3 to $6
doom$witched: calls $3
*** FLOP *** [2d 7c 4c]
doom$witched: checks
perten: checks
*** TURN *** [2d 7c 4c] [3h]
doom$witched: bets $6
perten: folds
Uncalled bet ($6) returned to doom$witched
doom$witched collected $11.76 from pot
doom$witched: doesn't show hand
*** SUMMARY ***
Total pot $12 | Rake $0.24
Board [2d 7c 4c 3h]
Seat 1: perten (button) (small blind) folded on the Turn
Seat 6: doom$witched (big blind) collected ($11.76)


PokerStars Hand #168422230095:  Hold'em Limit ($3/$6 USD) - 2017/04/01 11:59:56 ET
Table 'Kordula' 6-max Seat #1 is the button
Seat 1: perten ($62.41 in chips)
Seat 6: doom$witched ($53.52 in chips)
perten: posts small blind $1
doom$witched: posts big blind $3
*** HOLE CARDS ***
perten: raises $3 to $6
doom$witched: folds
Uncalled bet ($3) returned to perten
perten collected $6 from pot
perten: doesn't show hand
*** SUMMARY ***
Total pot $6 | Rake $0
Seat 1: perten (button) (small blind) collected ($6)
Seat 6: doom$witched (big blind) folded before Flop


PokerStars Hand #168422223910:  Hold'em Limit ($3/$6 USD) - 2017/04/01 11:59:46 ET
Table 'Kordula' 6-max Seat #6 is the button
Seat 1: perten ($68.41 in chips)
Seat 6: doom$witched ($47.76 in chips)
doom$witched: posts small blind $1
perten: posts big blind $3
*** HOLE CARDS ***
doom$witched: raises $3 to $6
perten: calls $3
*** FLOP *** [7d 9h Ac]
perten: checks
doom$witched: bets $3
perten: folds
Uncalled bet ($3) returned to doom$witched
doom$witched collected $11.76 from pot
doom$witched: doesn't show hand
*** SUMMARY ***
Total pot $12 | Rake $0.24
Board [7d 9h Ac]
Seat 1: perten (big blind) folded on the Flop
Seat 6: doom$witched (button) (small blind) collected ($11.76)


PokerStars Hand #168422476975:  Hold'em Limit ($3/$6 USD) - 2017/04/01 12:05:39 ET
Table 'Kordula' 6-max Seat #1 is the button
Seat 1: perten ($90.16 in chips)
Seat 5: MTails ($194.04 in chips)
perten: posts small blind $1
MTails: posts big blind $3
*** HOLE CARDS ***
perten: folds
Uncalled bet ($2) returned to MTails
MTails collected $2 from pot
doom$witched said, "die u cu nt"
*** SUMMARY ***
Total pot $2 | Rake $0
Seat 1: perten (button) (small blind) folded before Flop
Seat 5: MTails (big blind) collected ($2)


PokerStars Hand #168422513606:  Hold'em Limit ($3/$6 USD) - 2017/04/01 12:06:28 ET
Table 'Kordula' 6-max Seat #5 is the button
Seat 1: perten ($82.66 in chips)
Seat 5: MTails ($200.54 in chips)
MTails: posts small blind $1
perten: posts big blind $3
*** HOLE CARDS ***
MTails: raises $3 to $6
perten: calls $3
*** FLOP *** [6d Jc 9d]
perten: checks
MTails: bets $3
perten: folds
Uncalled bet ($3) returned to MTails
MTails collected $11.76 from pot
*** SUMMARY ***
Total pot $12 | Rake $0.24
Board [6d Jc 9d]
Seat 1: perten (big blind) folded on the Flop
Seat 5: MTails (button) (small blind) collected ($11.76)


PokerStars Hand #168422496520:  Hold'em Limit ($3/$6 USD) - 2017/04/01 12:06:05 ET
Table 'Kordula' 6-max Seat #1 is the button
Seat 1: perten ($65.16 in chips)
Seat 5: MTails ($218.54 in chips)
perten: posts small blind $1
MTails: posts big blind $3
*** HOLE CARDS ***
perten: calls $2
MTails: raises $3 to $6
perten: calls $3
*** FLOP *** [9s 3s 2c]
MTails: bets $3
perten: raises $3 to $6
MTails: calls $3
*** TURN *** [9s 3s 2c] [9c]
MTails: checks
perten: checks
*** RIVER *** [9s 3s 2c 9c] [Ac]
MTails: bets $6
perten: raises $6 to $12
MTails: folds
Uncalled bet ($6) returned to perten
perten collected $35.50 from pot
perten: doesn't show hand
*** SUMMARY ***
Total pot $36 | Rake $0.50
Board [9s 3s 2c 9c Ac]
Seat 1: perten (button) (small blind) collected ($35.50)
Seat 5: MTails (big blind) folded on the River


PokerStars Hand #168422481714:  Hold'em Limit ($3/$6 USD) - 2017/04/01 12:05:46 ET
Table 'Kordula' 6-max Seat #5 is the button
Seat 1: perten ($89.16 in chips)
Seat 5: MTails ($195.04 in chips)
MTails: posts small blind $1
perten: posts big blind $3
*** HOLE CARDS ***
MTails: raises $3 to $6
doom$witched leaves the table
perten: raises $3 to $9
MTails: calls $3
*** FLOP *** [9d 5s 4d]
perten: bets $3
MTails: raises $3 to $6
perten: raises $3 to $9
MTails: calls $3
*** TURN *** [9d 5s 4d] [Jc]
perten: bets $6
MTails: raises $6 to $12
perten: folds
Uncalled bet ($6) returned to MTails
MTails collected $47.50 from pot
*** SUMMARY ***
Total pot $48 | Rake $0.50
Board [9d 5s 4d Jc]
Seat 1: perten (big blind) folded on the Turn
Seat 5: MTails (button) (small blind) collected ($47.50)


PokerStars Hand #168422522186:  Hold'em Limit ($3/$6 USD) - 2017/04/01 12:06:39 ET
Table 'Kordula' 6-max Seat #1 is the button
Seat 1: perten ($76.66 in chips)
Seat 5: MTails ($206.30 in chips)
perten: posts small blind $1
MTails: posts big blind $3
*** HOLE CARDS ***
perten: raises $3 to $6
MTails: calls $3
*** FLOP *** [Ks 3c 6d]
MTails: checks
perten: bets $3
MTails: calls $3
*** TURN *** [Ks 3c 6d] [7s]
MTails: checks
perten: bets $6
MTails: calls $6
*** RIVER *** [Ks 3c 6d 7s] [Kc]
MTails: checks
perten: bets $6
MTails: folds
Uncalled bet ($6) returned to perten
perten collected $29.50 from pot
perten: doesn't show hand
*** SUMMARY ***
Total pot $30 | Rake $0.50
Board [Ks 3c 6d 7s Kc]
Seat 1: perten (button) (small blind) collected ($29.50)
Seat 5: MTails (big blind) folded on the River


PokerStars Hand #168422537239:  Hold'em Limit ($3/$6 USD) - 2017/04/01 12:06:59 ET
Table 'Kordula' 6-max Seat #5 is the button
Seat 1: perten ($91.16 in chips)
Seat 5: MTails ($191.30 in chips)
MTails: posts small blind $1
perten: posts big blind $3
*** HOLE CARDS ***
MTails: raises $3 to $6
perten: calls $3
*** FLOP *** [6c 7d 9h]
perten: bets $3
MTails: calls $3
*** TURN *** [6c 7d 9h] [Jc]
perten: bets $6
MTails: calls $6
*** RIVER *** [6c 7d 9h Jc] [9d]
perten: bets $6
MTails: folds
Uncalled bet ($6) returned to perten
perten collected $29.50 from pot
perten: doesn't show hand
*** SUMMARY ***
Total pot $30 | Rake $0.50
Board [6c 7d 9h Jc 9d]
Seat 1: perten (big blind) collected ($29.50)
Seat 5: MTails (button) (small blind) folded on the River


PokerStars Hand #168422553897:  Hold'em Limit ($3/$6 USD) - 2017/04/01 12:07:21 ET
Table 'Kordula' 6-max Seat #1 is the button
Seat 1: perten ($105.66 in chips)
Seat 5: MTails ($176.30 in chips)
perten: posts small blind $1
MTails: posts big blind $3
*** HOLE CARDS ***
perten: raises $3 to $6
MTails: calls $3
*** FLOP *** [2s Tc 9d]
MTails: checks
perten: bets $3
MTails: calls $3
*** TURN *** [2s Tc 9d] [4s]
MTails: checks
perten: bets $6
MTails: calls $6
*** RIVER *** [2s Tc 9d 4s] [2c]
MTails: checks
perten: checks
*** SHOW DOWN ***
MTails: shows [7h 2h] (three of a kind, Deuces)
perten: mucks hand
MTails collected $29.50 from pot
*** SUMMARY ***
Total pot $30 | Rake $0.50
Board [2s Tc 9d 4s 2c]
Seat 1: perten (button) (small blind) mucked
Seat 5: MTails (big blind) showed [7h 2h] and won ($29.50) with three of a kind, Deuces


PokerStars Hand #168422569086:  Hold'em Limit ($3/$6 USD) - 2017/04/01 12:07:41 ET
Table 'Kordula' 6-max Seat #5 is the button
Seat 1: perten ($90.66 in chips)
Seat 5: MTails ($190.80 in chips)
MTails: posts small blind $1
perten: posts big blind $3
*** HOLE CARDS ***
MTails: raises $3 to $6
perten: raises $3 to $9
MTails: calls $3
*** FLOP *** [4c Tc Qh]
perten: bets $3
MTails: calls $3
*** TURN *** [4c Tc Qh] [5d]
perten: bets $6
MTails: raises $6 to $12
perten: calls $6
*** RIVER *** [4c Tc Qh 5d] [3c]
perten: checks
MTails: checks
*** SHOW DOWN ***
perten: shows [9s 9c] (a pair of Nines)
MTails: mucks hand
perten collected $47.50 from pot
*** SUMMARY ***
Total pot $48 | Rake $0.50
Board [4c Tc Qh 5d 3c]
Seat 1: perten (big blind) showed [9s 9c] and won ($47.50) with a pair of Nines
Seat 5: MTails (button) (small blind) mucked


PokerStars Hand #168422603739:  Hold'em Limit ($3/$6 USD) - 2017/04/01 12:08:27 ET
Table 'Kordula' 6-max Seat #5 is the button
Seat 1: perten ($113.16 in chips)
Seat 5: MTails ($167.80 in chips)
MTails: posts small blind $1
perten: posts big blind $3
*** HOLE CARDS ***
MTails: raises $3 to $6
perten: raises $3 to $9
MTails: calls $3
*** FLOP *** [6d Jc Ah]
perten: bets $3
MTails: calls $3
*** TURN *** [6d Jc Ah] [Js]
perten: bets $6
MTails: calls $6
*** RIVER *** [6d Jc Ah Js] [Ks]
perten: checks
MTails: checks
*** SHOW DOWN ***
perten: shows [5s As] (two pair, Aces and Jacks)
MTails: mucks hand
perten collected $35.50 from pot
*** SUMMARY ***
Total pot $36 | Rake $0.50
Board [6d Jc Ah Js Ks]
Seat 1: perten (big blind) showed [5s As] and won ($35.50) with two pair, Aces and Jacks
Seat 5: MTails (button) (small blind) mucked


PokerStars Hand #168422599571:  Hold'em Limit ($3/$6 USD) - 2017/04/01 12:08:21 ET
Table 'Kordula' 6-max Seat #1 is the button
Seat 1: perten ($114.16 in chips)
Seat 5: MTails ($166.80 in chips)
perten: posts small blind $1
MTails: posts big blind $3
*** HOLE CARDS ***
perten: folds
Uncalled bet ($2) returned to MTails
MTails collected $2 from pot
*** SUMMARY ***
Total pot $2 | Rake $0
Seat 1: perten (button) (small blind) folded before Flop
Seat 5: MTails (big blind) collected ($2)


PokerStars Hand #168422593869:  Hold'em Limit ($3/$6 USD) - 2017/04/01 12:08:14 ET
Table 'Kordula' 6-max Seat #5 is the button
Seat 1: perten ($113.16 in chips)
Seat 5: MTails ($167.80 in chips)
MTails: posts small blind $1
perten: posts big blind $3
*** HOLE CARDS ***
MTails: folds
Uncalled bet ($2) returned to perten
perten collected $2 from pot
perten: doesn't show hand
*** SUMMARY ***
Total pot $2 | Rake $0
Seat 1: perten (big blind) collected ($2)
Seat 5: MTails (button) (small blind) folded before Flop


PokerStars Hand #168422587929:  Hold'em Limit ($3/$6 USD) - 2017/04/01 12:08:06 ET
Table 'Kordula' 6-max Seat #1 is the button
Seat 1: perten ($114.16 in chips)
Seat 5: MTails ($166.80 in chips)
perten: posts small blind $1
MTails: posts big blind $3
*** HOLE CARDS ***
perten: folds
Uncalled bet ($2) returned to MTails
MTails collected $2 from pot
*** SUMMARY ***
Total pot $2 | Rake $0
Seat 1: perten (button) (small blind) folded before Flop
Seat 5: MTails (big blind) collected ($2)


PokerStars Hand #168422642158:  Hold'em Limit ($3/$6 USD) - 2017/04/01 12:09:17 ET
Table 'Kordula' 6-max Seat #1 is the button
Seat 1: perten ($99.66 in chips)
Seat 5: MTails ($240.30 in chips)
perten: posts small blind $1
MTails: posts big blind $3
*** HOLE CARDS ***
perten: folds
Uncalled bet ($2) returned to MTails
MTails collected $2 from pot
*** SUMMARY ***
Total pot $2 | Rake $0
Seat 1: perten (button) (small blind) folded before Flop
Seat 5: MTails (big blind) collected ($2)


PokerStars Hand #168422623214:  Hold'em Limit ($3/$6 USD) - 2017/04/01 12:08:53 ET
Table 'Kordula' 6-max Seat #5 is the button
Seat 1: perten ($129.66 in chips)
Seat 5: MTails ($210.80 in chips)
MTails: posts small blind $1
perten: posts big blind $3
*** HOLE CARDS ***
MTails: raises $3 to $6
perten: raises $3 to $9
MTails: calls $3
*** FLOP *** [5s Ts 4d]
perten: bets $3
MTails: calls $3
*** TURN *** [5s Ts 4d] [5c]
perten: bets $6
MTails: raises $6 to $12
perten: calls $6
*** RIVER *** [5s Ts 4d 5c] [4c]
perten: checks
MTails: bets $6
perten: calls $6
*** SHOW DOWN ***
MTails: shows [5h 9h] (a full house, Fives full of Fours)
perten: mucks hand
MTails collected $59.50 from pot
*** SUMMARY ***
Total pot $60 | Rake $0.50
Board [5s Ts 4d 5c 4c]
Seat 1: perten (big blind) mucked
Seat 5: MTails (button) (small blind) showed [5h 9h] and won ($59.50) with a full house, Fives full of Fours


PokerStars Hand #168422618983:  Hold'em Limit ($3/$6 USD) - 2017/04/01 12:08:47 ET
Table 'Kordula' 6-max Seat #1 is the button
Seat 1: perten ($130.66 in chips)
Seat 5: MTails ($149.80 in chips)
perten: posts small blind $1
MTails: posts big blind $3
*** HOLE CARDS ***
perten: folds
Uncalled bet ($2) returned to MTails
MTails collected $2 from pot
MTails: doesn't show hand
*** SUMMARY ***
Total pot $2 | Rake $0
Seat 1: perten (button) (small blind) folded before Flop
Seat 5: MTails (big blind) collected ($2)


PokerStars Hand #168422677359:  Hold'em Limit ($3/$6 USD) - 2017/04/01 12:10:04 ET
Table 'Kordula' 6-max Seat #1 is the button
Seat 1: perten ($110.16 in chips)
Seat 5: MTails ($229.06 in chips)
perten: posts small blind $1
MTails: posts big blind $3
*** HOLE CARDS ***
perten: raises $3 to $6
MTails: raises $3 to $9
perten: calls $3
*** FLOP *** [Jd Qh 2c]
MTails: bets $3
perten: raises $3 to $6
MTails: calls $3
*** TURN *** [Jd Qh 2c] [4d]
MTails: checks
perten: bets $6
MTails: calls $6
*** RIVER *** [Jd Qh 2c 4d] [7s]
MTails: checks
perten: checks
*** SHOW DOWN ***
MTails: shows [Jc 6h] (a pair of Jacks)
perten: shows [8c Jh] (a pair of Jacks - Queen+Eight kicker)
perten collected $41.50 from pot
*** SUMMARY ***
Total pot $42 | Rake $0.50
Board [Jd Qh 2c 4d 7s]
Seat 1: perten (button) (small blind) showed [8c Jh] and won ($41.50) with a pair of Jacks
Seat 5: MTails (big blind) showed [Jc 6h] and lost with a pair of Jacks


PokerStars Hand #168422651075:  Hold'em Limit ($3/$6 USD) - 2017/04/01 12:09:29 ET
Table 'Kordula' 6-max Seat #1 is the button
Seat 1: perten ($95.66 in chips)
Seat 5: MTails ($244.30 in chips)
perten: posts small blind $1
MTails: posts big blind $3
*** HOLE CARDS ***
perten: raises $3 to $6
MTails: calls $3
*** FLOP *** [9d Js 5c]
MTails: checks
perten: bets $3
MTails: calls $3
*** TURN *** [9d Js 5c] [Ah]
MTails: checks
perten: bets $6
MTails: calls $6
*** RIVER *** [9d Js 5c Ah] [6h]
MTails: checks
perten: bets $6
MTails: calls $6
*** SHOW DOWN ***
perten: shows [4h As] (a pair of Aces)
MTails: mucks hand
perten collected $41.50 from pot
*** SUMMARY ***
Total pot $42 | Rake $0.50
Board [9d Js 5c Ah 6h]
Seat 1: perten (button) (small blind) showed [4h As] and won ($41.50) with a pair of Aces
Seat 5: MTails (big blind) mucked


PokerStars Hand #168422668496:  Hold'em Limit ($3/$6 USD) - 2017/04/01 12:09:52 ET
Table 'Kordula' 6-max Seat #5 is the button
Seat 1: perten ($116.16 in chips)
Seat 5: MTails ($223.30 in chips)
MTails: posts small blind $1
perten: posts big blind $3
*** HOLE CARDS ***
MTails: raises $3 to $6
perten: calls $3
*** FLOP *** [As Ac 8s]
perten: checks
MTails: bets $3
perten: folds
Uncalled bet ($3) returned to MTails
MTails collected $11.76 from pot
*** SUMMARY ***
Total pot $12 | Rake $0.24
Board [As Ac 8s]
Seat 1: perten (big blind) folded on the Flop
Seat 5: MTails (button) (small blind) collected ($11.76)


PokerStars Hand #168422696049:  Hold'em Limit ($3/$6 USD) - 2017/04/01 12:10:28 ET
Table 'Kordula' 6-max Seat #5 is the button
Seat 1: perten ($130.66 in chips)
Seat 5: MTails ($208.06 in chips)
MTails: posts small blind $1
perten: posts big blind $3
*** HOLE CARDS ***
MTails: raises $3 to $6
perten: calls $3
*** FLOP *** [6s Kh 7h]
perten: checks
MTails: bets $3
perten: folds
Uncalled bet ($3) returned to MTails
MTails collected $11.76 from pot
*** SUMMARY ***
Total pot $12 | Rake $0.24
Board [6s Kh 7h]
Seat 1: perten (big blind) folded on the Flop
Seat 5: MTails (button) (small blind) collected ($11.76)


PokerStars Hand #168422746472:  Hold'em Limit ($3/$6 USD) - 2017/04/01 12:11:35 ET
Table 'Kordula' 6-max Seat #1 is the button
Seat 1: perten ($113.16 in chips)
Seat 5: MTails ($224.32 in chips)
perten: posts small blind $1
MTails: posts big blind $3
*** HOLE CARDS ***
perten: raises $3 to $6
MTails: calls $3
*** FLOP *** [8d 8c Kh]
MTails: checks
perten: bets $3
MTails: raises $3 to $6
perten: folds
Uncalled bet ($3) returned to MTails
MTails collected $17.64 from pot
*** SUMMARY ***
Total pot $18 | Rake $0.36
Board [8d 8c Kh]
Seat 1: perten (button) (small blind) folded on the Flop
Seat 5: MTails (big blind) collected ($17.64)


PokerStars Hand #168422709108:  Hold'em Limit ($3/$6 USD) - 2017/04/01 12:10:46 ET
Table 'Kordula' 6-max Seat #5 is the button
Seat 1: perten ($123.66 in chips)
Seat 5: MTails ($214.82 in chips)
MTails: posts small blind $1
perten: posts big blind $3
*** HOLE CARDS ***
MTails: raises $3 to $6
perten: raises $3 to $9
MTails: calls $3
*** FLOP *** [9s 6s 4c]
perten: bets $3
MTails: raises $3 to $6
perten: calls $3
*** TURN *** [9s 6s 4c] [Ah]
perten: checks
MTails: checks
*** RIVER *** [9s 6s 4c Ah] [As]
perten: bets $6
MTails: folds
Uncalled bet ($6) returned to perten
perten collected $29.50 from pot
perten: doesn't show hand
*** SUMMARY ***
Total pot $30 | Rake $0.50
Board [9s 6s 4c Ah As]
Seat 1: perten (big blind) collected ($29.50)
Seat 5: MTails (button) (small blind) folded on the River


PokerStars Hand #168422724951:  Hold'em Limit ($3/$6 USD) - 2017/04/01 12:11:07 ET
Table 'Kordula' 6-max Seat #1 is the button
Seat 1: perten ($138.16 in chips)
Seat 5: MTails ($199.82 in chips)
perten: posts small blind $1
MTails: posts big blind $3
*** HOLE CARDS ***
perten: folds
Uncalled bet ($2) returned to MTails
MTails collected $2 from pot
MTails: doesn't show hand
*** SUMMARY ***
Total pot $2 | Rake $0
Seat 1: perten (button) (small blind) folded before Flop
Seat 5: MTails (big blind) collected ($2)


PokerStars Hand #168422729106:  Hold'em Limit ($3/$6 USD) - 2017/04/01 12:11:12 ET
Table 'Kordula' 6-max Seat #5 is the button
Seat 1: perten ($137.16 in chips)
Seat 5: MTails ($200.82 in chips)
MTails: posts small blind $1
perten: posts big blind $3
*** HOLE CARDS ***
MTails: raises $3 to $6
perten: raises $3 to $9
MTails: calls $3
*** FLOP *** [5c 7h 3c]
perten: checks
MTails: bets $3
perten: calls $3
*** TURN *** [5c 7h 3c] [2c]
perten: checks
MTails: bets $6
perten: calls $6
*** RIVER *** [5c 7h 3c 2c] [4h]
perten: bets $6
MTails: calls $6
*** SHOW DOWN ***
perten: shows [Js Qc] (high card Queen)
MTails: shows [Ad 9d] (a straight, Ace to Five)
MTails collected $47.50 from pot
*** SUMMARY ***
Total pot $48 | Rake $0.50
Board [5c 7h 3c 2c 4h]
Seat 1: perten (big blind) showed [Js Qc] and lost with high card Queen
Seat 5: MTails (button) (small blind) showed [Ad 9d] and won ($47.50) with a straight, Ace to Five


PokerStars Hand #168422768875:  Hold'em Limit ($3/$6 USD) - 2017/04/01 12:12:05 ET
Table 'Kordula' 6-max Seat #1 is the button
Seat 1: perten ($115.68 in chips)
Seat 5: MTails ($220.96 in chips)
perten: posts small blind $1
MTails: posts big blind $3
*** HOLE CARDS ***
perten: raises $3 to $6
MTails: calls $3
*** FLOP *** [7s Qd Ks]
MTails: checks
perten: bets $3
MTails: calls $3
*** TURN *** [7s Qd Ks] [3h]
MTails: checks
perten: checks
*** RIVER *** [7s Qd Ks 3h] [2s]
MTails: bets $6
perten: folds
Uncalled bet ($6) returned to MTails
MTails collected $17.64 from pot
*** SUMMARY ***
Total pot $18 | Rake $0.36
Board [7s Qd Ks 3h 2s]
Seat 1: perten (button) (small blind) folded on the River
Seat 5: MTails (big blind) collected ($17.64)


PokerStars Hand #168422756079:  Hold'em Limit ($3/$6 USD) - 2017/04/01 12:11:48 ET
Table 'Kordula' 6-max Seat #5 is the button
Seat 1: perten ($104.16 in chips)
Seat 5: MTails ($232.96 in chips)
MTails: posts small blind $1
perten: posts big blind $3
*** HOLE CARDS ***
MTails: raises $3 to $6
perten: raises $3 to $9
MTails: calls $3
*** FLOP *** [5h Kh 9d]
perten: bets $3
MTails: calls $3
*** TURN *** [5h Kh 9d] [Th]
perten: bets $6
MTails: folds
Uncalled bet ($6) returned to perten
perten collected $23.52 from pot
perten: doesn't show hand
*** SUMMARY ***
Total pot $24 | Rake $0.48
Board [5h Kh 9d Th]
Seat 1: perten (big blind) collected ($23.52)
Seat 5: MTails (button) (small blind) folded on the Turn


PokerStars Hand #168422797929:  Hold'em Limit ($3/$6 USD) - 2017/04/01 12:12:44 ET
Table 'Kordula' 6-max Seat #1 is the button
Seat 1: perten ($103.68 in chips)
Seat 5: MTails ($232.60 in chips)
perten: posts small blind $1
MTails: posts big blind $3
*** HOLE CARDS ***
perten: folds
Uncalled bet ($2) returned to MTails
MTails collected $2 from pot
*** SUMMARY ***
Total pot $2 | Rake $0
Seat 1: perten (button) (small blind) folded before Flop
Seat 5: MTails (big blind) collected ($2)


PokerStars Hand #168422793282:  Hold'em Limit ($3/$6 USD) - 2017/04/01 12:12:37 ET
Table 'Kordula' 6-max Seat #5 is the button
Seat 1: perten ($106.68 in chips)
Seat 5: MTails ($229.60 in chips)
MTails: posts small blind $1
perten: posts big blind $3
*** HOLE CARDS ***
MTails: raises $3 to $6
perten: folds
Uncalled bet ($3) returned to MTails
MTails collected $6 from pot
*** SUMMARY ***
Total pot $6 | Rake $0
Seat 1: perten (big blind) folded before Flop
Seat 5: MTails (button) (small blind) collected ($6)


PokerStars Hand #168422785400:  Hold'em Limit ($3/$6 USD) - 2017/04/01 12:12:27 ET
Table 'Kordula' 6-max Seat #5 is the button
Seat 1: perten ($106.68 in chips)
Seat 5: MTails ($229.60 in chips)
MTails: posts small blind $1
perten: posts big blind $3
*** HOLE CARDS ***
MTails: folds
Uncalled bet ($2) returned to perten
perten collected $2 from pot
perten: doesn't show hand
*** SUMMARY ***
Total pot $2 | Rake $0
Seat 1: perten (big blind) collected ($2)
Seat 5: MTails (button) (small blind) folded before Flop


PokerStars Hand #168422802129:  Hold'em Limit ($3/$6 USD) - 2017/04/01 12:12:49 ET
Table 'Kordula' 6-max Seat #5 is the button
Seat 1: perten ($102.68 in chips)
Seat 5: MTails ($233.60 in chips)
MTails: posts small blind $1
perten: posts big blind $3
*** HOLE CARDS ***
MTails: folds
Uncalled bet ($2) returned to perten
perten collected $2 from pot
perten: doesn't show hand
*** SUMMARY ***
Total pot $2 | Rake $0
Seat 1: perten (big blind) collected ($2)
Seat 5: MTails (button) (small blind) folded before Flop


PokerStars Hand #168422806094:  Hold'em Limit ($3/$6 USD) - 2017/04/01 12:12:54 ET
Table 'Kordula' 6-max Seat #1 is the button
Seat 1: perten ($103.68 in chips)
Seat 5: MTails ($232.60 in chips)
perten: posts small blind $1
MTails: posts big blind $3
*** HOLE CARDS ***
perten: raises $3 to $6
MTails: calls $3
*** FLOP *** [8d 3d 5s]
MTails: checks
perten: bets $3
MTails: calls $3
*** TURN *** [8d 3d 5s] [4d]
MTails: checks
perten: checks
*** RIVER *** [8d 3d 5s 4d] [Ac]
MTails: checks
perten: checks
*** SHOW DOWN ***
MTails: shows [Tc Kc] (high card Ace)
perten: shows [Kh 3h] (a pair of Threes)
perten collected $17.64 from pot
*** SUMMARY ***
Total pot $18 | Rake $0.36
Board [8d 3d 5s 4d Ac]
Seat 1: perten (button) (small blind) showed [Kh 3h] and won ($17.64) with a pair of Threes
Seat 5: MTails (big blind) showed [Tc Kc] and lost with high card Ace


PokerStars Hand #168422820814:  Hold'em Limit ($3/$6 USD) - 2017/04/01 12:13:14 ET
Table 'Kordula' 6-max Seat #5 is the button
Seat 1: perten ($112.32 in chips)
Seat 5: MTails ($223.60 in chips)
MTails: posts small blind $1
perten: posts big blind $3
*** HOLE CARDS ***
MTails: raises $3 to $6
perten: raises $3 to $9
MTails: calls $3
*** FLOP *** [Td 5c 4c]
perten: bets $3
MTails: calls $3
*** TURN *** [Td 5c 4c] [7s]
perten: bets $6
MTails: raises $6 to $12
perten: raises $6 to $18
MTails: calls $6
*** RIVER *** [Td 5c 4c 7s] [4h]
perten: bets $6
MTails: folds
Uncalled bet ($6) returned to perten
perten collected $59.50 from pot
perten: doesn't show hand
*** SUMMARY ***
Total pot $60 | Rake $0.50
Board [Td 5c 4c 7s 4h]
Seat 1: perten (big blind) collected ($59.50)
Seat 5: MTails (button) (small blind) folded on the River


PokerStars Hand #168422841881:  Hold'em Limit ($3/$6 USD) - 2017/04/01 12:13:41 ET
Table 'Kordula' 6-max Seat #5 is the button
Seat 1: perten ($140.82 in chips)
Seat 5: MTails ($194.60 in chips)
MTails: posts small blind $1
perten: posts big blind $3
*** HOLE CARDS ***
MTails: raises $3 to $6
perten: folds
Uncalled bet ($3) returned to MTails
MTails collected $6 from pot
MTails: doesn't show hand
*** SUMMARY ***
Total pot $6 | Rake $0
Seat 1: perten (big blind) folded before Flop
Seat 5: MTails (button) (small blind) collected ($6)


PokerStars Hand #168422837817:  Hold'em Limit ($3/$6 USD) - 2017/04/01 12:13:36 ET
Table 'Kordula' 6-max Seat #1 is the button
Seat 1: perten ($141.82 in chips)
Seat 5: MTails ($193.60 in chips)
perten: posts small blind $1
MTails: posts big blind $3
*** HOLE CARDS ***
perten: folds
Uncalled bet ($2) returned to MTails
MTails collected $2 from pot
MTails: doesn't show hand
*** SUMMARY ***
Total pot $2 | Rake $0
Seat 1: perten (button) (small blind) folded before Flop
Seat 5: MTails (big blind) collected ($2)


PokerStars Hand #168422883056:  Hold'em Limit ($3/$6 USD) - 2017/04/01 12:14:35 ET
Table 'Kordula' 6-max Seat #5 is the button
Seat 1: perten ($99.82 in chips)
Seat 5: MTails ($234.60 in chips)
MTails: posts small blind $1
perten: posts big blind $3
*** HOLE CARDS ***
MTails: raises $3 to $6
perten: folds
Uncalled bet ($3) returned to MTails
MTails collected $6 from pot
*** SUMMARY ***
Total pot $6 | Rake $0
Seat 1: perten (big blind) folded before Flop
Seat 5: MTails (button) (small blind) collected ($6)


PokerStars Hand #168422863858:  Hold'em Limit ($3/$6 USD) - 2017/04/01 12:14:10 ET
Table 'Kordula' 6-max Seat #1 is the button
Seat 1: perten ($123.82 in chips)
Seat 5: MTails ($211.10 in chips)
perten: posts small blind $1
MTails: posts big blind $3
*** HOLE CARDS ***
perten: raises $3 to $6
MTails: calls $3
*** FLOP *** [Ac 6s Ts]
MTails: checks
perten: bets $3
MTails: raises $3 to $6
perten: raises $3 to $9
MTails: raises $3 to $12
Betting is capped
perten: calls $3
*** TURN *** [Ac 6s Ts] [Qc]
MTails: bets $6
perten: calls $6
*** RIVER *** [Ac 6s Ts Qc] [4d]
MTails: checks
perten: checks
*** SHOW DOWN ***
MTails: shows [4h Ad] (two pair, Aces and Fours)
perten: mucks hand
MTails collected $47.50 from pot
*** SUMMARY ***
Total pot $48 | Rake $0.50
Board [Ac 6s Ts Qc 4d]
Seat 1: perten (button) (small blind) mucked
Seat 5: MTails (big blind) showed [4h Ad] and won ($47.50) with two pair, Aces and Fours


PokerStars Hand #168422887217:  Hold'em Limit ($3/$6 USD) - 2017/04/01 12:14:41 ET
Table 'Kordula' 6-max Seat #1 is the button
Seat 1: perten ($96.82 in chips)
Seat 5: MTails ($237.60 in chips)
perten: posts small blind $1
MTails: posts big blind $3
*** HOLE CARDS ***
perten: raises $3 to $6
MTails: folds
Uncalled bet ($3) returned to perten
perten collected $6 from pot
perten: doesn't show hand
*** SUMMARY ***
Total pot $6 | Rake $0
Seat 1: perten (button) (small blind) collected ($6)
Seat 5: MTails (big blind) folded before Flop


PokerStars Hand #168422859463:  Hold'em Limit ($3/$6 USD) - 2017/04/01 12:14:04 ET
Table 'Kordula' 6-max Seat #5 is the button
Seat 1: perten ($122.82 in chips)
Seat 5: MTails ($212.10 in chips)
MTails: posts small blind $1
perten: posts big blind $3
*** HOLE CARDS ***
MTails: folds
Uncalled bet ($2) returned to perten
perten collected $2 from pot
perten: doesn't show hand
*** SUMMARY ***
Total pot $2 | Rake $0
Seat 1: perten (big blind) collected ($2)
Seat 5: MTails (button) (small blind) folded before Flop


PokerStars Hand #168422847372:  Hold'em Limit ($3/$6 USD) - 2017/04/01 12:13:49 ET
Table 'Kordula' 6-max Seat #1 is the button
Seat 1: perten ($137.82 in chips)
Seat 5: MTails ($197.60 in chips)
perten: posts small blind $1
MTails: posts big blind $3
*** HOLE CARDS ***
perten: raises $3 to $6
MTails: calls $3
*** FLOP *** [3c Qd Jh]
MTails: checks
perten: bets $3
MTails: calls $3
*** TURN *** [3c Qd Jh] [Kh]
MTails: checks
perten: checks
*** RIVER *** [3c Qd Jh Kh] [3d]
MTails: bets $6
perten: calls $6
*** SHOW DOWN ***
MTails: shows [Qc 8h] (two pair, Queens and Threes)
perten: mucks hand
MTails collected $29.50 from pot
*** SUMMARY ***
Total pot $30 | Rake $0.50
Board [3c Qd Jh Kh 3d]
Seat 1: perten (button) (small blind) mucked
Seat 5: MTails (big blind) showed [Qc 8h] and won ($29.50) with two pair, Queens and Threes


PokerStars Hand #168422896828:  Hold'em Limit ($3/$6 USD) - 2017/04/01 12:14:54 ET
Table 'Kordula' 6-max Seat #1 is the button
Seat 1: perten ($96.82 in chips)
Seat 5: MTails ($237.60 in chips)
perten: posts small blind $1
MTails: posts big blind $3
*** HOLE CARDS ***
perten: raises $3 to $6
MTails: calls $3
*** FLOP *** [3c Th 8s]
MTails: checks
perten: bets $3
MTails: calls $3
*** TURN *** [3c Th 8s] [4s]
MTails: checks
perten: checks
*** RIVER *** [3c Th 8s 4s] [Jh]
MTails: bets $6
perten: calls $6
*** SHOW DOWN ***
MTails: shows [2s Qd] (high card Queen)
perten: shows [Ks Qc] (high card King)
perten collected $29.50 from pot
*** SUMMARY ***
Total pot $30 | Rake $0.50
Board [3c Th 8s 4s Jh]
Seat 1: perten (button) (small blind) showed [Ks Qc] and won ($29.50) with high card King
Seat 5: MTails (big blind) showed [2s Qd] and lost with high card Queen


PokerStars Hand #168422909109:  Hold'em Limit ($3/$6 USD) - 2017/04/01 12:15:10 ET
Table 'Kordula' 6-max Seat #5 is the button
Seat 1: perten ($111.32 in chips)
Seat 5: MTails ($222.60 in chips)
MTails: posts small blind $1
perten: posts big blind $3
*** HOLE CARDS ***
MTails: raises $3 to $6
perten: folds
Uncalled bet ($3) returned to MTails
MTails collected $6 from pot
MTails: doesn't show hand
*** SUMMARY ***
Total pot $6 | Rake $0
Seat 1: perten (big blind) folded before Flop
Seat 5: MTails (button) (small blind) collected ($6)


PokerStars Hand #168422891442:  Hold'em Limit ($3/$6 USD) - 2017/04/01 12:14:46 ET
Table 'Kordula' 6-max Seat #5 is the button
Seat 1: perten ($99.82 in chips)
Seat 5: MTails ($234.60 in chips)
MTails: posts small blind $1
perten: posts big blind $3
*** HOLE CARDS ***
MTails: raises $3 to $6
perten: folds
Uncalled bet ($3) returned to MTails
MTails collected $6 from pot
*** SUMMARY ***
Total pot $6 | Rake $0
Seat 1: perten (big blind) folded before Flop
Seat 5: MTails (button) (small blind) collected ($6)


PokerStars Hand #168422913932:  Hold'em Limit ($3/$6 USD) - 2017/04/01 12:15:16 ET
Table 'Kordula' 6-max Seat #1 is the button
Seat 1: perten ($108.32 in chips)
Seat 5: MTails ($225.60 in chips)
perten: posts small blind $1
MTails: posts big blind $3
*** HOLE CARDS ***
perten: raises $3 to $6
MTails: calls $3
*** FLOP *** [6s 4h 8h]
MTails: checks
perten: checks
*** TURN *** [6s 4h 8h] [8c]
MTails: bets $6
perten: calls $6
*** RIVER *** [6s 4h 8h 8c] [5s]
MTails: bets $6
perten: folds
Uncalled bet ($6) returned to MTails
MTails collected $23.52 from pot
*** SUMMARY ***
Total pot $24 | Rake $0.48
Board [6s 4h 8h 8c 5s]
Seat 1: perten (button) (small blind) folded on the River
Seat 5: MTails (big blind) collected ($23.52)


PokerStars Hand #168422929158:  Hold'em Limit ($3/$6 USD) - 2017/04/01 12:15:36 ET
Table 'Kordula' 6-max Seat #5 is the button
Seat 1: perten ($96.32 in chips)
Seat 5: MTails ($237.12 in chips)
MTails: posts small blind $1
perten: posts big blind $3
*** HOLE CARDS ***
MTails: raises $3 to $6
perten: folds
Uncalled bet ($3) returned to MTails
MTails collected $6 from pot
MTails: doesn't show hand
*** SUMMARY ***
Total pot $6 | Rake $0
Seat 1: perten (big blind) folded before Flop
Seat 5: MTails (button) (small blind) collected ($6)


PokerStars Hand #168422936433:  Hold'em Limit ($3/$6 USD) - 2017/04/01 12:15:46 ET
Table 'Kordula' 6-max Seat #1 is the button
Seat 1: perten ($93.32 in chips)
Seat 5: MTails ($240.12 in chips)
perten: posts small blind $1
MTails: posts big blind $3
*** HOLE CARDS ***
perten: raises $3 to $6
MTails: calls $3
*** FLOP *** [3d 6c 4c]
MTails: checks
perten: bets $3
MTails: calls $3
*** TURN *** [3d 6c 4c] [Ad]
MTails: checks
perten: bets $6
MTails: calls $6
*** RIVER *** [3d 6c 4c Ad] [Qd]
MTails: checks
perten: checks
*** SHOW DOWN ***
MTails: shows [Th 9s] (high card Ace)
perten: shows [8h 6s] (a pair of Sixes)
perten collected $29.50 from pot
*** SUMMARY ***
Total pot $30 | Rake $0.50
Board [3d 6c 4c Ad Qd]
Seat 1: perten (button) (small blind) showed [8h 6s] and won ($29.50) with a pair of Sixes
Seat 5: MTails (big blind) showed [Th 9s] and lost with high card Ace


PokerStars Hand #168422962968:  Hold'em Limit ($3/$6 USD) - 2017/04/01 12:16:20 ET
Table 'Kordula' 6-max Seat #1 is the button
Seat 1: perten ($77.82 in chips)
Seat 5: MTails ($254.62 in chips)
perten: posts small blind $1
MTails: posts big blind $3
*** HOLE CARDS ***
vestimokrec joins the table at seat #2
perten: folds
Uncalled bet ($2) returned to MTails
MTails collected $2 from pot
*** SUMMARY ***
Total pot $2 | Rake $0
Seat 1: perten (button) (small blind) folded before Flop
Seat 5: MTails (big blind) collected ($2)


PokerStars Hand #168422949449:  Hold'em Limit ($3/$6 USD) - 2017/04/01 12:16:03 ET
Table 'Kordula' 6-max Seat #5 is the button
Seat 1: perten ($107.82 in chips)
Seat 5: MTails ($225.12 in chips)
MTails: posts small blind $1
perten: posts big blind $3
*** HOLE CARDS ***
MTails: raises $3 to $6
perten: raises $3 to $9
MTails: calls $3
*** FLOP *** [3c 7s 8c]
perten: bets $3
MTails: raises $3 to $6
perten: raises $3 to $9
MTails: calls $3
*** TURN *** [3c 7s 8c] [Jd]
StakkAttakk joins the table at seat #6
perten: bets $6
MTails: calls $6
*** RIVER *** [3c 7s 8c Jd] [Js]
perten: bets $6
MTails: calls $6
*** SHOW DOWN ***
perten: shows [Ah Ts] (a pair of Jacks)
MTails: shows [4s 7d] (two pair, Jacks and Sevens)
MTails collected $59.50 from pot
*** SUMMARY ***
Total pot $60 | Rake $0.50
Board [3c 7s 8c Jd Js]
Seat 1: perten (big blind) showed [Ah Ts] and lost with a pair of Jacks
Seat 5: MTails (button) (small blind) showed [4s 7d] and won ($59.50) with two pair, Jacks and Sevens


PokerStars Hand #168423225340:  Hold'em Limit ($3/$6 USD) - 2017/04/01 12:22:08 ET
Table 'Kordula' 6-max Seat #1 is the button
Seat 1: perten ($55.44 in chips)
Seat 5: MTails ($339.55 in chips)
perten: posts small blind $1
MTails: posts big blind $3
*** HOLE CARDS ***
perten: raises $3 to $6
MTails: calls $3
*** FLOP *** [3h Qc 9s]
MTails: checks
perten: bets $3
MTails: raises $3 to $6
perten: calls $3
*** TURN *** [3h Qc 9s] [Jc]
MTails: bets $6
perten: calls $6
*** RIVER *** [3h Qc 9s Jc] [Kc]
MTails: bets $6
perten: calls $6
*** SHOW DOWN ***
MTails: shows [9h Qd] (two pair, Queens and Nines)
perten: shows [Ks 9c] (two pair, Kings and Nines)
perten collected $47.50 from pot
*** SUMMARY ***
Total pot $48 | Rake $0.50
Board [3h Qc 9s Jc Kc]
Seat 1: perten (button) (small blind) showed [Ks 9c] and won ($47.50) with two pair, Kings and Nines
Seat 5: MTails (big blind) showed [9h Qd] and lost with two pair, Queens and Nines


PokerStars Hand #168423289791:  Hold'em Limit ($3/$6 USD) - 2017/04/01 12:23:32 ET
Table 'Kordula' 6-max Seat #1 is the button
Seat 1: perten ($38.94 in chips)
Seat 5: MTails ($354.33 in chips)
perten: posts small blind $1
MTails: posts big blind $3
*** HOLE CARDS ***
perten: folds
Uncalled bet ($2) returned to MTails
MTails collected $2 from pot
*** SUMMARY ***
Total pot $2 | Rake $0
Seat 1: perten (button) (small blind) folded before Flop
Seat 5: MTails (big blind) collected ($2)


PokerStars Hand #168423280938:  Hold'em Limit ($3/$6 USD) - 2017/04/01 12:23:21 ET
Table 'Kordula' 6-max Seat #5 is the button
Seat 1: perten ($44.94 in chips)
Seat 5: MTails ($348.57 in chips)
MTails: posts small blind $1
perten: posts big blind $3
*** HOLE CARDS ***
MTails: raises $3 to $6
perten: calls $3
*** FLOP *** [5c 8s Kc]
perten: checks
MTails: bets $3
perten: folds
Uncalled bet ($3) returned to MTails
MTails collected $11.76 from pot
*** SUMMARY ***
Total pot $12 | Rake $0.24
Board [5c 8s Kc]
Seat 1: perten (big blind) folded on the Flop
Seat 5: MTails (button) (small blind) collected ($11.76)


PokerStars Hand #168423254637:  Hold'em Limit ($3/$6 USD) - 2017/04/01 12:22:46 ET
Table 'Kordula' 6-max Seat #1 is the button
Seat 1: perten ($60.94 in chips)
Seat 5: MTails ($333.05 in chips)
perten: posts small blind $1
MTails: posts big blind $3
*** HOLE CARDS ***
perten: folds
Uncalled bet ($2) returned to MTails
MTails collected $2 from pot
*** SUMMARY ***
Total pot $2 | Rake $0
Seat 1: perten (button) (small blind) folded before Flop
Seat 5: MTails (big blind) collected ($2)


PokerStars Hand #168423263920:  Hold'em Limit ($3/$6 USD) - 2017/04/01 12:22:58 ET
Table 'Kordula' 6-max Seat #1 is the button
Seat 1: perten ($56.94 in chips)
Seat 5: MTails ($337.05 in chips)
perten: posts small blind $1
MTails: posts big blind $3
*** HOLE CARDS ***
perten: raises $3 to $6
MTails: calls $3
*** FLOP *** [5d Kc 9h]
MTails: checks
perten: bets $3
MTails: raises $3 to $6
perten: calls $3
*** TURN *** [5d Kc 9h] [As]
MTails: checks
perten: checks
*** RIVER *** [5d Kc 9h As] [7d]
MTails: bets $6
perten: folds
Uncalled bet ($6) returned to MTails
MTails collected $23.52 from pot
*** SUMMARY ***
Total pot $24 | Rake $0.48
Board [5d Kc 9h As 7d]
Seat 1: perten (button) (small blind) folded on the River
Seat 5: MTails (big blind) collected ($23.52)


PokerStars Hand #168423293572:  Hold'em Limit ($3/$6 USD) - 2017/04/01 12:23:37 ET
Table 'Kordula' 6-max Seat #5 is the button
Seat 1: perten ($37.94 in chips)
Seat 5: MTails ($355.33 in chips)
MTails: posts small blind $1
perten: posts big blind $3
*** HOLE CARDS ***
MTails: raises $3 to $6
perten: raises $3 to $9
MTails: calls $3
*** FLOP *** [As Ah 3h]
perten: bets $3
MTails: calls $3
*** TURN *** [As Ah 3h] [2d]
perten: checks
MTails: checks
*** RIVER *** [As Ah 3h 2d] [Kd]
perten: bets $6
MTails: raises $6 to $12
perten: folds
Uncalled bet ($6) returned to MTails
MTails collected $35.50 from pot
*** SUMMARY ***
Total pot $36 | Rake $0.50
Board [As Ah 3h 2d Kd]
Seat 1: perten (big blind) folded on the River
Seat 5: MTails (button) (small blind) collected ($35.50)


PokerStars Hand #168423314879:  Hold'em Limit ($3/$6 USD) - 2017/04/01 12:24:05 ET
Table 'Kordula' 6-max Seat #1 is the button
Seat 1: perten ($19.94 in chips)
Seat 5: MTails ($372.83 in chips)
perten: posts small blind $1
MTails: posts big blind $3
*** HOLE CARDS ***
perten: raises $3 to $6
MTails: raises $3 to $9
perten: calls $3
*** FLOP *** [5c As Jd]
MTails: bets $3
perten: calls $3
*** TURN *** [5c As Jd] [9h]
MTails: bets $6
perten: folds
Uncalled bet ($6) returned to MTails
MTails collected $23.52 from pot
*** SUMMARY ***
Total pot $24 | Rake $0.48
Board [5c As Jd 9h]
Seat 1: perten (button) (small blind) folded on the Turn
Seat 5: MTails (big blind) collected ($23.52)


