PokerStars Hand #175048844907:  Hold'em Limit ($3/$6 USD) - 2017/08/31 22:17:12 ET
Table 'Koronis' 6-max Seat #4 is the button
Seat 1: Mind90 ($36.05 in chips)
Seat 4: Bluf_To_Much ($100.50 in chips)
Bluf_To_Much: posts small blind $1
Mind90: posts big blind $3
*** HOLE CARDS ***
Bluf_To_Much: raises $3 to $6
Mind90 said, "suka ebanaya"
Mind90: calls $3
*** FLOP *** [2h Ah As]
Mind90: bets $3
Bluf_To_Much: calls $3
*** TURN *** [2h Ah As] [6d]
Mind90: bets $6
Bluf_To_Much: calls $6
*** RIVER *** [2h Ah As 6d] [5h]
Mind90: bets $6
Bluf_To_Much: calls $6
*** SHOW DOWN ***
Mind90: shows [2d 3s] (two pair, Aces and Deuces)
Bluf_To_Much: shows [8h Ad] (three of a kind, Aces)
Bluf_To_Much collected $41.50 from pot
*** SUMMARY ***
Total pot $42 | Rake $0.50
Board [2h Ah As 6d 5h]
Seat 1: Mind90 (big blind) showed [2d 3s] and lost with two pair, Aces and Deuces
Seat 4: Bluf_To_Much (button) (small blind) showed [8h Ad] and won ($41.50) with three of a kind, Aces


PokerStars Hand #175048819579:  Hold'em Limit ($3/$6 USD) - 2017/08/31 22:16:27 ET
Table 'Koronis' 6-max Seat #1 is the button
Seat 1: Mind90 ($60.05 in chips)
Seat 4: Bluf_To_Much ($77 in chips)
Mind90: posts small blind $1
Bluf_To_Much: posts big blind $3
*** HOLE CARDS ***
Mind90: raises $3 to $6
Bluf_To_Much: raises $3 to $9
Mind90: calls $3
*** FLOP *** [6c As Jc]
Bluf_To_Much: bets $3
Mind90: calls $3
*** TURN *** [6c As Jc] [Ks]
Bluf_To_Much: bets $6
Mind90: calls $6
*** RIVER *** [6c As Jc Ks] [4c]
Bluf_To_Much: bets $6
Mind90: calls $6
*** SHOW DOWN ***
Bluf_To_Much: shows [8c 7c] (a flush, Jack high)
Mind90: mucks hand
Bluf_To_Much collected $47.50 from pot
*** SUMMARY ***
Total pot $48 | Rake $0.50
Board [6c As Jc Ks 4c]
Seat 1: Mind90 (button) (small blind) mucked
Seat 4: Bluf_To_Much (big blind) showed [8c 7c] and won ($47.50) with a flush, Jack high


PokerStars Hand #175048850177:  Hold'em Limit ($3/$6 USD) - 2017/08/31 22:17:27 ET
Table 'Koronis' 6-max Seat #1 is the button
Seat 1: Mind90 ($15.05 in chips)
Seat 4: Bluf_To_Much ($121 in chips)
Mind90: posts small blind $1
Bluf_To_Much: posts big blind $3
*** HOLE CARDS ***
Mind90: raises $3 to $6
Bluf_To_Much: calls $3
*** FLOP *** [8h 8s Qc]
Bluf_To_Much: checks
Mind90: bets $3
Bluf_To_Much: folds
Uncalled bet ($3) returned to Mind90
Mind90 collected $11.76 from pot
*** SUMMARY ***
Total pot $12 | Rake $0.24
Board [8h 8s Qc]
Seat 1: Mind90 (button) (small blind) collected ($11.76)
Seat 4: Bluf_To_Much (big blind) folded on the Flop


PokerStars Hand #175048861763:  Hold'em Limit ($3/$6 USD) - 2017/08/31 22:18:00 ET
Table 'Koronis' 6-max Seat #4 is the button
Seat 4: Bluf_To_Much ($115 in chips)
Seat 5: keeponflying ($120 in chips)
Bluf_To_Much: posts small blind $1
keeponflying: posts big blind $3
*** HOLE CARDS ***
Bluf_To_Much: raises $3 to $6
keeponflying: calls $3
*** FLOP *** [4c 4d 9s]
keeponflying: checks
Bluf_To_Much: bets $3
keeponflying: calls $3
*** TURN *** [4c 4d 9s] [8h]
keeponflying: checks
Bluf_To_Much: bets $6
keeponflying: calls $6
*** RIVER *** [4c 4d 9s 8h] [Th]
keeponflying: bets $6
denn69 joins the table at seat #6
Bluf_To_Much: folds
Uncalled bet ($6) returned to keeponflying
keeponflying collected $29.50 from pot
keeponflying: doesn't show hand
*** SUMMARY ***
Total pot $30 | Rake $0.50
Board [4c 4d 9s 8h Th]
Seat 4: Bluf_To_Much (button) (small blind) folded on the River
Seat 5: keeponflying (big blind) collected ($29.50)


PokerStars Hand #175050156618:  Hold'em Limit ($3/$6 USD) - 2017/08/31 23:26:25 ET
Table 'Koronis' 6-max Seat #5 is the button
Seat 4: Bluf_To_Much ($77 in chips)
Seat 5: xxPSRxx ($121 in chips)
xxPSRxx: posts small blind $1
HAL9QQQ: is sitting out
Bluf_To_Much: posts big blind $3
*** HOLE CARDS ***
xxPSRxx: raises $3 to $6
Bluf_To_Much: calls $3
*** FLOP *** [As 4s 5h]
HAL9QQQ leaves the table
Bluf_To_Much: checks
xxPSRxx: bets $3
Bluf_To_Much: folds
Uncalled bet ($3) returned to xxPSRxx
xxPSRxx collected $11.76 from pot
xxPSRxx: doesn't show hand
*** SUMMARY ***
Total pot $12 | Rake $0.24
Board [As 4s 5h]
Seat 4: Bluf_To_Much (big blind) folded on the Flop
Seat 5: xxPSRxx (button) (small blind) collected ($11.76)


PokerStars Hand #175050166674:  Hold'em Limit ($3/$6 USD) - 2017/08/31 23:26:59 ET
Table 'Koronis' 6-max Seat #5 is the button
Seat 4: Bluf_To_Much ($77 in chips)
Seat 5: xxPSRxx ($135.40 in chips)
xxPSRxx: posts small blind $1
Bluf_To_Much: posts big blind $3
*** HOLE CARDS ***
xxPSRxx: raises $3 to $6
Bluf_To_Much: calls $3
*** FLOP *** [4s 7c 8d]
Bluf_To_Much: checks
xxPSRxx: bets $3
Bluf_To_Much: raises $3 to $6
xxPSRxx: calls $3
*** TURN *** [4s 7c 8d] [2s]
Bluf_To_Much: bets $6
xxPSRxx: calls $6
*** RIVER *** [4s 7c 8d 2s] [Qd]
Bluf_To_Much: bets $6
xxPSRxx: folds
Uncalled bet ($6) returned to Bluf_To_Much
Bluf_To_Much collected $35.50 from pot
*** SUMMARY ***
Total pot $36 | Rake $0.50
Board [4s 7c 8d 2s Qd]
Seat 4: Bluf_To_Much (big blind) collected ($35.50)
Seat 5: xxPSRxx (button) (small blind) folded on the River


PokerStars Hand #175050160005:  Hold'em Limit ($3/$6 USD) - 2017/08/31 23:26:36 ET
Table 'Koronis' 6-max Seat #4 is the button
Seat 4: Bluf_To_Much ($77 in chips)
Seat 5: xxPSRxx ($126.76 in chips)
Bluf_To_Much: posts small blind $1
xxPSRxx: posts big blind $3
*** HOLE CARDS ***
Bluf_To_Much: raises $3 to $6
xxPSRxx: calls $3
*** FLOP *** [4s 9c 4h]
xxPSRxx: checks
Bluf_To_Much: bets $3
xxPSRxx: raises $3 to $6
Bluf_To_Much: folds
Uncalled bet ($3) returned to xxPSRxx
xxPSRxx collected $17.64 from pot
xxPSRxx: doesn't show hand
*** SUMMARY ***
Total pot $18 | Rake $0.36
Board [4s 9c 4h]
Seat 4: Bluf_To_Much (button) (small blind) folded on the Flop
Seat 5: xxPSRxx (big blind) collected ($17.64)


PokerStars Hand #175050178190:  Hold'em Limit ($3/$6 USD) - 2017/08/31 23:27:38 ET
Table 'Koronis' 6-max Seat #4 is the button
Seat 4: Bluf_To_Much ($94.50 in chips)
Seat 5: xxPSRxx ($117.40 in chips)
Bluf_To_Much: posts small blind $1
xxPSRxx: posts big blind $3
*** HOLE CARDS ***
Bluf_To_Much: raises $3 to $6
xxPSRxx: calls $3
*** FLOP *** [Td Kd 4h]
xxPSRxx: checks
Bluf_To_Much: bets $3
xxPSRxx: folds
Uncalled bet ($3) returned to Bluf_To_Much
Bluf_To_Much collected $11.76 from pot
xcgxcg2005 joins the table at seat #3
*** SUMMARY ***
Total pot $12 | Rake $0.24
Board [Td Kd 4h]
Seat 4: Bluf_To_Much (button) (small blind) collected ($11.76)
Seat 5: xxPSRxx (big blind) folded on the Flop


PokerStars Hand #175051565653:  Hold'em Limit ($3/$6 USD) - 2017/09/01 0:54:03 ET
Table 'Koronis' 6-max Seat #5 is the button
Seat 4: Bluf_To_Much ($138.26 in chips)
Seat 5: caliberblue ($148.18 in chips)
caliberblue: posts small blind $1
Bluf_To_Much: posts big blind $3
*** HOLE CARDS ***
caliberblue: raises $3 to $6
Bluf_To_Much: raises $3 to $9
caliberblue: calls $3
*** FLOP *** [3d Ad 4c]
Bluf_To_Much: bets $3
caliberblue: calls $3
*** TURN *** [3d Ad 4c] [As]
Bluf_To_Much: bets $6
caliberblue: folds
Uncalled bet ($6) returned to Bluf_To_Much
Bluf_To_Much collected $23.52 from pot
*** SUMMARY ***
Total pot $24 | Rake $0.48
Board [3d Ad 4c As]
Seat 4: Bluf_To_Much (big blind) collected ($23.52)
Seat 5: caliberblue (button) (small blind) folded on the Turn


