PokerStars Hand #158996052646:  Hold'em Limit ($3/$6 USD) - 2016/09/23 15:26:31 ET
Table 'Koronis' 6-max Seat #1 is the button
Seat 1: TbIP-TbIP 88 ($77.63 in chips)
Seat 6: HAOYUN88888 ($109.11 in chips)
TbIP-TbIP 88: posts small blind $1
perten: is sitting out
HAOYUN88888: posts big blind $3
*** HOLE CARDS ***
TbIP-TbIP 88: raises $3 to $6
HAOYUN88888: calls $3
*** FLOP *** [7h 9s Qd]
HAOYUN88888: checks
TbIP-TbIP 88: checks
*** TURN *** [7h 9s Qd] [Jh]
HAOYUN88888: bets $6
TbIP-TbIP 88: folds
Uncalled bet ($6) returned to HAOYUN88888
HAOYUN88888 collected $11.76 from pot
HAOYUN88888: doesn't show hand
*** SUMMARY ***
Total pot $12 | Rake $0.24
Board [7h 9s Qd Jh]
Seat 1: TbIP-TbIP 88 (button) (small blind) folded on the Turn
Seat 6: HAOYUN88888 (big blind) collected ($11.76)


PokerStars Hand #158996063520:  Hold'em Limit ($3/$6 USD) - 2016/09/23 15:26:44 ET
Table 'Koronis' 6-max Seat #6 is the button
Seat 1: TbIP-TbIP 88 ($72 in chips)
Seat 6: HAOYUN88888 ($114.87 in chips)
HAOYUN88888: posts small blind $1
TbIP-TbIP 88: posts big blind $3
*** HOLE CARDS ***
HAOYUN88888: folds
Uncalled bet ($2) returned to TbIP-TbIP 88
TbIP-TbIP 88 collected $2 from pot
TbIP-TbIP 88: doesn't show hand
*** SUMMARY ***
Total pot $2 | Rake $0
Seat 1: TbIP-TbIP 88 (big blind) collected ($2)
Seat 6: HAOYUN88888 (button) (small blind) folded before Flop


PokerStars Hand #158996067415:  Hold'em Limit ($3/$6 USD) - 2016/09/23 15:26:48 ET
Table 'Koronis' 6-max Seat #1 is the button
Seat 1: TbIP-TbIP 88 ($73 in chips)
Seat 6: HAOYUN88888 ($113.87 in chips)
TbIP-TbIP 88: posts small blind $1
HAOYUN88888: posts big blind $3
*** HOLE CARDS ***
TbIP-TbIP 88: raises $3 to $6
HAOYUN88888: raises $3 to $9
TbIP-TbIP 88: calls $3
*** FLOP *** [5d 2c Qh]
HAOYUN88888: bets $3
TbIP-TbIP 88: folds
Uncalled bet ($3) returned to HAOYUN88888
HAOYUN88888 collected $17.64 from pot
HAOYUN88888: doesn't show hand
*** SUMMARY ***
Total pot $18 | Rake $0.36
Board [5d 2c Qh]
Seat 1: TbIP-TbIP 88 (button) (small blind) folded on the Flop
Seat 6: HAOYUN88888 (big blind) collected ($17.64)


PokerStars Hand #158996078271:  Hold'em Limit ($3/$6 USD) - 2016/09/23 15:27:02 ET
Table 'Koronis' 6-max Seat #6 is the button
Seat 1: TbIP-TbIP 88 ($72 in chips)
Seat 6: HAOYUN88888 ($122.51 in chips)
HAOYUN88888: posts small blind $1
TbIP-TbIP 88: posts big blind $3
*** HOLE CARDS ***
HAOYUN88888: folds
Uncalled bet ($2) returned to TbIP-TbIP 88
TbIP-TbIP 88 collected $2 from pot
TbIP-TbIP 88: doesn't show hand
*** SUMMARY ***
Total pot $2 | Rake $0
Seat 1: TbIP-TbIP 88 (big blind) collected ($2)
Seat 6: HAOYUN88888 (button) (small blind) folded before Flop


