PokerStars Hand #164962942760:  Hold'em Limit ($3/$6 USD) - 2017/01/21 19:56:03 ET
Table 'Koronis' 6-max Seat #1 is the button
Seat 1: LifeisagameX ($84 in chips)
Seat 4: dompokera ($30 in chips)
LifeisagameX: posts small blind $1
dompokera: posts big blind $3
*** HOLE CARDS ***
LifeisagameX: raises $3 to $6
dompokera: folds
Uncalled bet ($3) returned to LifeisagameX
LifeisagameX collected $6 from pot
LifeisagameX: doesn't show hand
*** SUMMARY ***
Total pot $6 | Rake $0
Seat 1: LifeisagameX (button) (small blind) collected ($6)
Seat 4: dompokera (big blind) folded before Flop


PokerStars Hand #164962951249:  Hold'em Limit ($3/$6 USD) - 2017/01/21 19:56:19 ET
Table 'Koronis' 6-max Seat #4 is the button
Seat 1: LifeisagameX ($87 in chips)
Seat 4: dompokera ($27 in chips)
dompokera: posts small blind $1
LifeisagameX: posts big blind $3
*** HOLE CARDS ***
dompokera: raises $3 to $6
LifeisagameX: calls $3
*** FLOP *** [7s 9c 5s]
LifeisagameX: checks
dompokera: bets $3
LifeisagameX: calls $3
*** TURN *** [7s 9c 5s] [Ts]
LifeisagameX: checks
dompokera: checks
*** RIVER *** [7s 9c 5s Ts] [8c]
LifeisagameX: bets $6
dompokera: folds
Uncalled bet ($6) returned to LifeisagameX
LifeisagameX collected $17.64 from pot
LifeisagameX: doesn't show hand
*** SUMMARY ***
Total pot $18 | Rake $0.36
Board [7s 9c 5s Ts 8c]
Seat 1: LifeisagameX (big blind) collected ($17.64)
Seat 4: dompokera (button) (small blind) folded on the River


PokerStars Hand #164963000415:  Hold'em Limit ($3/$6 USD) - 2017/01/21 19:57:52 ET
Table 'Koronis' 6-max Seat #4 is the button
Seat 1: LifeisagameX ($102.64 in chips)
Seat 4: dompokera ($11 in chips)
dompokera: posts small blind $1
LifeisagameX: posts big blind $3
*** HOLE CARDS ***
dompokera: folds
Uncalled bet ($2) returned to LifeisagameX
LifeisagameX collected $2 from pot
LifeisagameX: doesn't show hand
*** SUMMARY ***
Total pot $2 | Rake $0
Seat 1: LifeisagameX (big blind) collected ($2)
Seat 4: dompokera (button) (small blind) folded before Flop


PokerStars Hand #164962990038:  Hold'em Limit ($3/$6 USD) - 2017/01/21 19:57:33 ET
Table 'Koronis' 6-max Seat #1 is the button
Seat 1: LifeisagameX ($99.64 in chips)
Seat 4: dompokera ($14 in chips)
LifeisagameX: posts small blind $1
dompokera: posts big blind $3
*** HOLE CARDS ***
LifeisagameX: raises $3 to $6
dompokera: folds
Uncalled bet ($3) returned to LifeisagameX
LifeisagameX collected $6 from pot
LifeisagameX: doesn't show hand
*** SUMMARY ***
Total pot $6 | Rake $0
Seat 1: LifeisagameX (button) (small blind) collected ($6)
Seat 4: dompokera (big blind) folded before Flop


PokerStars Hand #164962986581:  Hold'em Limit ($3/$6 USD) - 2017/01/21 19:57:26 ET
Table 'Koronis' 6-max Seat #4 is the button
Seat 1: LifeisagameX ($98.64 in chips)
Seat 4: dompokera ($15 in chips)
dompokera: posts small blind $1
LifeisagameX: posts big blind $3
*** HOLE CARDS ***
dompokera: folds
Uncalled bet ($2) returned to LifeisagameX
LifeisagameX collected $2 from pot
LifeisagameX: doesn't show hand
*** SUMMARY ***
Total pot $2 | Rake $0
Seat 1: LifeisagameX (big blind) collected ($2)
Seat 4: dompokera (button) (small blind) folded before Flop


PokerStars Hand #164962976962:  Hold'em Limit ($3/$6 USD) - 2017/01/21 19:57:08 ET
Table 'Koronis' 6-max Seat #1 is the button
Seat 1: LifeisagameX ($95.64 in chips)
Seat 4: dompokera ($18 in chips)
LifeisagameX: posts small blind $1
dompokera: posts big blind $3
*** HOLE CARDS ***
LifeisagameX: raises $3 to $6
dompokera: folds
Uncalled bet ($3) returned to LifeisagameX
LifeisagameX collected $6 from pot
LifeisagameX: doesn't show hand
*** SUMMARY ***
Total pot $6 | Rake $0
Seat 1: LifeisagameX (button) (small blind) collected ($6)
Seat 4: dompokera (big blind) folded before Flop


PokerStars Hand #164963020063:  Hold'em Limit ($3/$6 USD) - 2017/01/21 19:58:30 ET
Table 'Koronis' 6-max Seat #1 is the button
Seat 1: LifeisagameX ($90.64 in chips)
Seat 4: dompokera ($22.60 in chips)
LifeisagameX: posts small blind $1
dompokera: posts big blind $3
*** HOLE CARDS ***
LifeisagameX: raises $3 to $6
dompokera: calls $3
*** FLOP *** [4c Qh 5s]
dompokera: checks
LifeisagameX: bets $3
dompokera: folds
Uncalled bet ($3) returned to LifeisagameX
LifeisagameX collected $11.76 from pot
LifeisagameX: doesn't show hand
*** SUMMARY ***
Total pot $12 | Rake $0.24
Board [4c Qh 5s]
Seat 1: LifeisagameX (button) (small blind) collected ($11.76)
Seat 4: dompokera (big blind) folded on the Flop


PokerStars Hand #164963015542:  Hold'em Limit ($3/$6 USD) - 2017/01/21 19:58:21 ET
Table 'Koronis' 6-max Seat #4 is the button
Seat 1: LifeisagameX ($93.64 in chips)
Seat 4: dompokera ($19.60 in chips)
dompokera: posts small blind $1
LifeisagameX: posts big blind $3
*** HOLE CARDS ***
dompokera: raises $3 to $6
LifeisagameX: folds
Uncalled bet ($3) returned to dompokera
dompokera collected $6 from pot
dompokera: doesn't show hand
*** SUMMARY ***
Total pot $6 | Rake $0
Seat 1: LifeisagameX (big blind) folded before Flop
Seat 4: dompokera (button) (small blind) collected ($6)


PokerStars Hand #164963003226:  Hold'em Limit ($3/$6 USD) - 2017/01/21 19:57:58 ET
Table 'Koronis' 6-max Seat #1 is the button
Seat 1: LifeisagameX ($103.64 in chips)
Seat 4: dompokera ($10 in chips)
LifeisagameX: posts small blind $1
dompokera: posts big blind $3
*** HOLE CARDS ***
LifeisagameX: raises $3 to $6
dompokera: raises $3 to $9
LifeisagameX: calls $3
*** FLOP *** [Th 5h 8h]
dompokera: bets $1 and is all-in
LifeisagameX: calls $1
*** TURN *** [Th 5h 8h] [6d]
*** RIVER *** [Th 5h 8h 6d] [Ks]
*** SHOW DOWN ***
dompokera: shows [Td Kd] (two pair, Kings and Tens)
LifeisagameX: shows [Kh 9s] (a pair of Kings)
dompokera collected $19.60 from pot
*** SUMMARY ***
Total pot $20 | Rake $0.40
Board [Th 5h 8h 6d Ks]
Seat 1: LifeisagameX (button) (small blind) showed [Kh 9s] and lost with a pair of Kings
Seat 4: dompokera (big blind) showed [Td Kd] and won ($19.60) with two pair, Kings and Tens


PokerStars Hand #164963033102:  Hold'em Limit ($3/$6 USD) - 2017/01/21 19:58:54 ET
Table 'Koronis' 6-max Seat #4 is the button
Seat 1: LifeisagameX ($96.40 in chips)
Seat 4: dompokera ($16.60 in chips)
dompokera: posts small blind $1
LifeisagameX: posts big blind $3
*** HOLE CARDS ***
dompokera: calls $2
LifeisagameX: checks
*** FLOP *** [9c 9h 8c]
LifeisagameX: checks
dompokera: bets $3
LifeisagameX: folds
Uncalled bet ($3) returned to dompokera
dompokera collected $5.88 from pot
dompokera: doesn't show hand
*** SUMMARY ***
Total pot $6 | Rake $0.12
Board [9c 9h 8c]
Seat 1: LifeisagameX (big blind) folded on the Flop
Seat 4: dompokera (button) (small blind) collected ($5.88)


PokerStars Hand #164963080576:  Hold'em Limit ($3/$6 USD) - 2017/01/21 20:00:24 ET
Table 'Koronis' 6-max Seat #4 is the button
Seat 1: LifeisagameX ($84 in chips)
Seat 4: dompokera ($38.46 in chips)
dompokera: posts small blind $1
LifeisagameX: posts big blind $3
*** HOLE CARDS ***
dompokera: folds
Uncalled bet ($2) returned to LifeisagameX
LifeisagameX collected $2 from pot
LifeisagameX: doesn't show hand
*** SUMMARY ***
Total pot $2 | Rake $0
Seat 1: LifeisagameX (big blind) collected ($2)
Seat 4: dompokera (button) (small blind) folded before Flop


PokerStars Hand #164963049451:  Hold'em Limit ($3/$6 USD) - 2017/01/21 19:59:26 ET
Table 'Koronis' 6-max Seat #1 is the button
Seat 1: LifeisagameX ($93.40 in chips)
Seat 4: dompokera ($19.48 in chips)
LifeisagameX: posts small blind $1
dompokera: posts big blind $3
*** HOLE CARDS ***
LifeisagameX: raises $3 to $6
dompokera: calls $3
*** FLOP *** [3h Js Kd]
dompokera: checks
LifeisagameX: bets $3
dompokera: raises $3 to $6
LifeisagameX: calls $3
*** TURN *** [3h Js Kd] [Th]
dompokera: bets $6
LifeisagameX: calls $6
*** RIVER *** [3h Js Kd Th] [8c]
dompokera: bets $1.48 and is all-in
LifeisagameX: calls $1.48
*** SHOW DOWN ***
dompokera: shows [Ks Qd] (a pair of Kings)
LifeisagameX: shows [3c 5s] (a pair of Threes)
dompokera collected $38.46 from pot
*** SUMMARY ***
Total pot $38.96 | Rake $0.50
Board [3h Js Kd Th 8c]
Seat 1: LifeisagameX (button) (small blind) showed [3c 5s] and lost with a pair of Threes
Seat 4: dompokera (big blind) showed [Ks Qd] and won ($38.46) with a pair of Kings


