PokerStars Hand #152451618600:  Hold'em Limit ($3/$6 USD) - 2016/04/25 20:07:13 ET
Table 'Koronis II' 10-max Seat #9 is the button
Seat 8: NEST201300 ($283.83 in chips)
Seat 9: vestimokrec ($123.50 in chips)
vestimokrec: posts small blind $1
MissEKAmouse: is sitting out
NEST201300: posts big blind $3
*** HOLE CARDS ***
MissEKAmouse leaves the table
vestimokrec: raises $3 to $6
NEST201300: calls $3
*** FLOP *** [Tc 3s 9s]
NEST201300: checks
vestimokrec: bets $3
NEST201300: calls $3
*** TURN *** [Tc 3s 9s] [9d]
NEST201300: checks
vestimokrec: bets $6
NEST201300: raises $6 to $12
vestimokrec: calls $6
*** RIVER *** [Tc 3s 9s 9d] [Kd]
NEST201300: bets $6
vestimokrec: calls $6
*** SHOW DOWN ***
NEST201300: shows [9h Qh] (three of a kind, Nines)
vestimokrec: mucks hand
NEST201300 collected $53.50 from pot
*** SUMMARY ***
Total pot $54 | Rake $0.50
Board [Tc 3s 9s 9d Kd]
Seat 8: NEST201300 (big blind) showed [9h Qh] and won ($53.50) with three of a kind, Nines
Seat 9: vestimokrec (button) (small blind) mucked


