PokerStars Hand #147049353865:  Hold'em Limit ($3/$6 USD) - 2016/01/14 18:05:18 ET
Table 'Koronis' 6-max Seat #3 is the button
Seat 1: Zubasa07 ($455 in chips)
Seat 3: Gesystar ($163.52 in chips)
Gesystar: posts small blind $1
Zubasa07: posts big blind $3
*** HOLE CARDS ***
Gesystar: calls $2
Zubasa07: raises $3 to $6
Gesystar: calls $3
*** FLOP *** [7c 4s As]
Zubasa07: bets $3
Gesystar: calls $3
*** TURN *** [7c 4s As] [5h]
GRAILKO joins the table at seat #4
Zubasa07: checks
Gesystar: bets $6
Zubasa07: calls $6
*** RIVER *** [7c 4s As 5h] [3d]
Zubasa07: checks
Gesystar: checks
*** SHOW DOWN ***
Zubasa07: shows [Kd 5d] (a pair of Fives)
Gesystar: mucks hand
Zubasa07 collected $29.50 from pot
*** SUMMARY ***
Total pot $30 | Rake $0.50
Board [7c 4s As 5h 3d]
Seat 1: Zubasa07 (big blind) showed [Kd 5d] and won ($29.50) with a pair of Fives
Seat 3: Gesystar (button) (small blind) mucked


PokerStars Hand #147049302322:  Hold'em Limit ($3/$6 USD) - 2016/01/14 18:04:23 ET
Table 'Koronis' 6-max Seat #1 is the button
Seat 1: Zubasa07 ($473 in chips)
Seat 3: Gesystar ($146.02 in chips)
Zubasa07: posts small blind $1
Gesystar: posts big blind $3
*** HOLE CARDS ***
Zubasa07: raises $3 to $6
Gesystar: calls $3
*** FLOP *** [4h 8s 9s]
Gesystar: checks
Zubasa07: bets $3
Gesystar: raises $3 to $6
Zubasa07: calls $3
*** TURN *** [4h 8s 9s] [2d]
Gesystar: bets $6
Zubasa07: calls $6
*** RIVER *** [4h 8s 9s 2d] [Th]
Gesystar: bets $6
Zubasa07: folds
Uncalled bet ($6) returned to Gesystar
Gesystar collected $35.50 from pot
Gesystar: doesn't show hand
*** SUMMARY ***
Total pot $36 | Rake $0.50
Board [4h 8s 9s 2d Th]
Seat 1: Zubasa07 (button) (small blind) folded on the River
Seat 3: Gesystar (big blind) collected ($35.50)


PokerStars Hand #147049384870:  Hold'em Limit ($3/$6 USD) - 2016/01/14 18:05:51 ET
Table 'Koronis' 6-max Seat #1 is the button
Seat 1: Zubasa07 ($469.50 in chips)
Seat 3: Gesystar ($148.52 in chips)
Zubasa07: posts small blind $1
Gesystar: posts big blind $3
*** HOLE CARDS ***
Zubasa07: raises $3 to $6
Gesystar: calls $3
*** FLOP *** [7d 6d Qh]
Gesystar: checks
Zubasa07: bets $3
Gesystar: folds
Uncalled bet ($3) returned to Zubasa07
Zubasa07 collected $11.76 from pot
Zubasa07: doesn't show hand
*** SUMMARY ***
Total pot $12 | Rake $0.24
Board [7d 6d Qh]
Seat 1: Zubasa07 (button) (small blind) collected ($11.76)
Seat 3: Gesystar (big blind) folded on the Flop


PokerStars Hand #147049532819:  Hold'em Limit ($3/$6 USD) - 2016/01/14 18:08:30 ET
Table 'Koronis' 6-max Seat #3 is the button
Seat 1: Zubasa07 ($409.26 in chips)
Seat 3: Gesystar ($172.54 in chips)
Gesystar: posts small blind $1
GRAILKO: is sitting out
Zubasa07: posts big blind $3
*** HOLE CARDS ***
Gesystar: calls $2
Zubasa07: checks
*** FLOP *** [9c 2d 3c]
Zubasa07: bets $3
Gesystar: calls $3
*** TURN *** [9c 2d 3c] [Jd]
Zubasa07: checks
Gesystar: bets $6
Zubasa07: calls $6
*** RIVER *** [9c 2d 3c Jd] [7d]
Zubasa07: checks
Gesystar: bets $6
Zubasa07: folds
Uncalled bet ($6) returned to Gesystar
Gesystar collected $23.52 from pot
Gesystar: doesn't show hand
*** SUMMARY ***
Total pot $24 | Rake $0.48
Board [9c 2d 3c Jd 7d]
Seat 1: Zubasa07 (big blind) folded on the River
Seat 3: Gesystar (button) (small blind) collected ($23.52)


PokerStars Hand #147049645701:  Hold'em Limit ($3/$6 USD) - 2016/01/14 18:10:30 ET
Table 'Koronis' 6-max Seat #3 is the button
Seat 1: Zubasa07 ($411.54 in chips)
Seat 3: Gesystar ($169.06 in chips)
Gesystar: posts small blind $1
Zubasa07: posts big blind $3
*** HOLE CARDS ***
Gesystar: folds
Uncalled bet ($2) returned to Zubasa07
Zubasa07 collected $2 from pot
Zubasa07: doesn't show hand
*** SUMMARY ***
Total pot $2 | Rake $0
Seat 1: Zubasa07 (big blind) collected ($2)
Seat 3: Gesystar (button) (small blind) folded before Flop


PokerStars Hand #147049634456:  Hold'em Limit ($3/$6 USD) - 2016/01/14 18:10:19 ET
Table 'Koronis' 6-max Seat #1 is the button
Seat 1: Zubasa07 ($405.78 in chips)
Seat 3: Gesystar ($175.06 in chips)
Zubasa07: posts small blind $1
Gesystar: posts big blind $3
*** HOLE CARDS ***
Zubasa07: raises $3 to $6
Gesystar: calls $3
*** FLOP *** [Qc Ah 8d]
Gesystar: checks
Zubasa07: bets $3
Gesystar: folds
Uncalled bet ($3) returned to Zubasa07
Zubasa07 collected $11.76 from pot
Zubasa07: doesn't show hand
*** SUMMARY ***
Total pot $12 | Rake $0.24
Board [Qc Ah 8d]
Seat 1: Zubasa07 (button) (small blind) collected ($11.76)
Seat 3: Gesystar (big blind) folded on the Flop


PokerStars Hand #147049625715:  Hold'em Limit ($3/$6 USD) - 2016/01/14 18:10:10 ET
Table 'Koronis' 6-max Seat #3 is the button
Seat 1: Zubasa07 ($408.78 in chips)
Seat 3: Gesystar ($172.06 in chips)
Gesystar: posts small blind $1
Zubasa07: posts big blind $3
*** HOLE CARDS ***
Gesystar: raises $3 to $6
Zubasa07: folds
Uncalled bet ($3) returned to Gesystar
Gesystar collected $6 from pot
Gesystar: doesn't show hand
*** SUMMARY ***
Total pot $6 | Rake $0
Seat 1: Zubasa07 (big blind) folded before Flop
Seat 3: Gesystar (button) (small blind) collected ($6)


PokerStars Hand #147049593559:  Hold'em Limit ($3/$6 USD) - 2016/01/14 18:09:36 ET
Table 'Koronis' 6-max Seat #1 is the button
Seat 1: Zubasa07 ($397.26 in chips)
Seat 3: Gesystar ($184.06 in chips)
Zubasa07: posts small blind $1
Gesystar: posts big blind $3
*** HOLE CARDS ***
Zubasa07: raises $3 to $6
Gesystar: calls $3
*** FLOP *** [Jc 9d Tc]
Gesystar: checks
Zubasa07: checks
*** TURN *** [Jc 9d Tc] [Th]
Gesystar: bets $6
Zubasa07: calls $6
*** RIVER *** [Jc 9d Tc Th] [Ts]
Gesystar: checks
Zubasa07: checks
*** SHOW DOWN ***
Gesystar: shows [5d Qd] (three of a kind, Tens)
Zubasa07: shows [Ac 2d] (three of a kind, Tens - Ace kicker)
Zubasa07 collected $23.52 from pot
*** SUMMARY ***
Total pot $24 | Rake $0.48
Board [Jc 9d Tc Th Ts]
Seat 1: Zubasa07 (button) (small blind) showed [Ac 2d] and won ($23.52) with three of a kind, Tens
Seat 3: Gesystar (big blind) showed [5d Qd] and lost with three of a kind, Tens


PokerStars Hand #147049687363:  Hold'em Limit ($3/$6 USD) - 2016/01/14 18:11:12 ET
Table 'Koronis' 6-max Seat #3 is the button
Seat 1: Zubasa07 ($400.54 in chips)
Seat 3: Gesystar ($179.58 in chips)
Gesystar: posts small blind $1
Zubasa07: posts big blind $3
*** HOLE CARDS ***
Gesystar: raises $3 to $6
Zubasa07: calls $3
*** FLOP *** [2h Jh 6h]
Zubasa07: checks
Gesystar: bets $3
Zubasa07: raises $3 to $6
Gesystar: calls $3
*** TURN *** [2h Jh 6h] [9c]
Zubasa07: bets $6
Gesystar: calls $6
*** RIVER *** [2h Jh 6h 9c] [Th]
Zubasa07: checks
Gesystar: bets $6
Zubasa07: calls $6
*** SHOW DOWN ***
Gesystar: shows [Jc Ad] (a pair of Jacks)
Zubasa07: shows [6s 7h] (a flush, Jack high)
Zubasa07 collected $47.50 from pot
*** SUMMARY ***
Total pot $48 | Rake $0.50
Board [2h Jh 6h 9c Th]
Seat 1: Zubasa07 (big blind) showed [6s 7h] and won ($47.50) with a flush, Jack high
Seat 3: Gesystar (button) (small blind) showed [Jc Ad] and lost with a pair of Jacks


PokerStars Hand #147049650716:  Hold'em Limit ($3/$6 USD) - 2016/01/14 18:10:35 ET
Table 'Koronis' 6-max Seat #1 is the button
Seat 1: Zubasa07 ($412.54 in chips)
Seat 3: Gesystar ($168.06 in chips)
Zubasa07: posts small blind $1
Gesystar: posts big blind $3
*** HOLE CARDS ***
Zubasa07: raises $3 to $6
Gesystar: calls $3
*** FLOP *** [4h 2c 5c]
Gesystar: checks
Zubasa07: checks
*** TURN *** [4h 2c 5c] [6s]
Gesystar: bets $6
Zubasa07: calls $6
*** RIVER *** [4h 2c 5c 6s] [3d]
Gesystar: bets $6
GRAILKO leaves the table
Zubasa07: folds
Uncalled bet ($6) returned to Gesystar
Gesystar collected $23.52 from pot
Gesystar: doesn't show hand
*** SUMMARY ***
Total pot $24 | Rake $0.48
Board [4h 2c 5c 6s 3d]
Seat 1: Zubasa07 (button) (small blind) folded on the River
Seat 3: Gesystar (big blind) collected ($23.52)


PokerStars Hand #147049759644:  Hold'em Limit ($3/$6 USD) - 2016/01/14 18:12:26 ET
Table 'Koronis' 6-max Seat #1 is the button
Seat 1: Zubasa07 ($412.04 in chips)
Seat 3: Gesystar ($167.10 in chips)
Zubasa07: posts small blind $1
Gesystar: posts big blind $3
*** HOLE CARDS ***
Zubasa07: raises $3 to $6
Gesystar: calls $3
*** FLOP *** [6d Th Qc]
Gesystar: checks
Zubasa07: bets $3
Gesystar: calls $3
*** TURN *** [6d Th Qc] [Ah]
Gesystar: bets $6
Zubasa07: folds
Uncalled bet ($6) returned to Gesystar
Gesystar collected $17.64 from pot
Gesystar: doesn't show hand
*** SUMMARY ***
Total pot $18 | Rake $0.36
Board [6d Th Qc Ah]
Seat 1: Zubasa07 (button) (small blind) folded on the Turn
Seat 3: Gesystar (big blind) collected ($17.64)


PokerStars Hand #147049744472:  Hold'em Limit ($3/$6 USD) - 2016/01/14 18:12:10 ET
Table 'Koronis' 6-max Seat #3 is the button
Seat 1: Zubasa07 ($415.04 in chips)
Seat 3: Gesystar ($164.22 in chips)
Gesystar: posts small blind $1
Zubasa07: posts big blind $3
*** HOLE CARDS ***
Gesystar: calls $2
Zubasa07: checks
*** FLOP *** [3s Js 8s]
Zubasa07: checks
Gesystar: bets $3
Zubasa07: folds
Uncalled bet ($3) returned to Gesystar
Gesystar collected $5.88 from pot
Gesystar: doesn't show hand
*** SUMMARY ***
Total pot $6 | Rake $0.12
Board [3s Js 8s]
Seat 1: Zubasa07 (big blind) folded on the Flop
Seat 3: Gesystar (button) (small blind) collected ($5.88)


PokerStars Hand #147049725462:  Hold'em Limit ($3/$6 USD) - 2016/01/14 18:11:51 ET
Table 'Koronis' 6-max Seat #1 is the button
Seat 1: Zubasa07 ($424.04 in chips)
Seat 3: Gesystar ($155.58 in chips)
Zubasa07: posts small blind $1
Gesystar: posts big blind $3
*** HOLE CARDS ***
Zubasa07: raises $3 to $6
Gesystar: calls $3
*** FLOP *** [3c 3d 2c]
Gesystar: bets $3
Zubasa07: calls $3
*** TURN *** [3c 3d 2c] [9c]
Gesystar: bets $6
Zubasa07: folds
Uncalled bet ($6) returned to Gesystar
Gesystar collected $17.64 from pot
Gesystar: doesn't show hand
*** SUMMARY ***
Total pot $18 | Rake $0.36
Board [3c 3d 2c 9c]
Seat 1: Zubasa07 (button) (small blind) folded on the Turn
Seat 3: Gesystar (big blind) collected ($17.64)


PokerStars Hand #147049830722:  Hold'em Limit ($3/$6 USD) - 2016/01/14 18:13:39 ET
Table 'Koronis' 6-max Seat #3 is the button
Seat 1: Zubasa07 ($429.30 in chips)
Seat 3: Gesystar ($148.74 in chips)
Gesystar: posts small blind $1
Zubasa07: posts big blind $3
*** HOLE CARDS ***
Gesystar: folds
Uncalled bet ($2) returned to Zubasa07
Zubasa07 collected $2 from pot
Zubasa07: doesn't show hand
*** SUMMARY ***
Total pot $2 | Rake $0
Seat 1: Zubasa07 (big blind) collected ($2)
Seat 3: Gesystar (button) (small blind) folded before Flop


PokerStars Hand #147049803406:  Hold'em Limit ($3/$6 USD) - 2016/01/14 18:13:11 ET
Table 'Koronis' 6-max Seat #1 is the button
Seat 1: Zubasa07 ($408.80 in chips)
Seat 3: Gesystar ($169.74 in chips)
Zubasa07: posts small blind $1
Gesystar: posts big blind $3
*** HOLE CARDS ***
Zubasa07: raises $3 to $6
Gesystar: calls $3
*** FLOP *** [Ts Js 6s]
Gesystar: bets $3
Zubasa07: calls $3
*** TURN *** [Ts Js 6s] [Qc]
Gesystar: bets $6
Zubasa07: calls $6
*** RIVER *** [Ts Js 6s Qc] [4h]
Gesystar: bets $6
Zubasa07: calls $6
*** SHOW DOWN ***
Gesystar: shows [8d 6d] (a pair of Sixes)
Zubasa07: shows [5d Th] (a pair of Tens)
Zubasa07 collected $41.50 from pot
*** SUMMARY ***
Total pot $42 | Rake $0.50
Board [Ts Js 6s Qc 4h]
Seat 1: Zubasa07 (button) (small blind) showed [5d Th] and won ($41.50) with a pair of Tens
Seat 3: Gesystar (big blind) showed [8d 6d] and lost with a pair of Sixes


PokerStars Hand #147049778853:  Hold'em Limit ($3/$6 USD) - 2016/01/14 18:12:45 ET
Table 'Koronis' 6-max Seat #3 is the button
Seat 1: Zubasa07 ($403.04 in chips)
Seat 3: Gesystar ($175.74 in chips)
Gesystar: posts small blind $1
Zubasa07: posts big blind $3
*** HOLE CARDS ***
Gesystar: calls $2
Zubasa07: raises $3 to $6
Gesystar: calls $3
*** FLOP *** [Ks Td Th]
Zubasa07: bets $3
Gesystar: folds
Uncalled bet ($3) returned to Zubasa07
Zubasa07 collected $11.76 from pot
Zubasa07: doesn't show hand
*** SUMMARY ***
Total pot $12 | Rake $0.24
Board [Ks Td Th]
Seat 1: Zubasa07 (big blind) collected ($11.76)
Seat 3: Gesystar (button) (small blind) folded on the Flop


PokerStars Hand #147049835301:  Hold'em Limit ($3/$6 USD) - 2016/01/14 18:13:43 ET
Table 'Koronis' 6-max Seat #1 is the button
Seat 1: Zubasa07 ($430.30 in chips)
Seat 3: Gesystar ($147.74 in chips)
Zubasa07: posts small blind $1
Gesystar: posts big blind $3
*** HOLE CARDS ***
Zubasa07: raises $3 to $6
Gesystar: calls $3
*** FLOP *** [Td Ks 3s]
Gesystar: checks
Zubasa07: bets $3
Gesystar: calls $3
*** TURN *** [Td Ks 3s] [7d]
Gesystar: checks
Zubasa07: checks
*** RIVER *** [Td Ks 3s 7d] [Jc]
Gesystar: bets $6
Zubasa07: calls $6
*** SHOW DOWN ***
Gesystar: shows [Jd 8d] (a pair of Jacks)
Zubasa07: mucks hand
Gesystar collected $29.50 from pot
*** SUMMARY ***
Total pot $30 | Rake $0.50
Board [Td Ks 3s 7d Jc]
Seat 1: Zubasa07 (button) (small blind) mucked
Seat 3: Gesystar (big blind) showed [Jd 8d] and won ($29.50) with a pair of Jacks


PokerStars Hand #147049867369:  Hold'em Limit ($3/$6 USD) - 2016/01/14 18:14:17 ET
Table 'Koronis' 6-max Seat #3 is the button
Seat 1: Zubasa07 ($415.30 in chips)
Seat 3: Gesystar ($162.24 in chips)
Gesystar: posts small blind $1
Zubasa07: posts big blind $3
*** HOLE CARDS ***
Gesystar: raises $3 to $6
Zubasa07: calls $3
*** FLOP *** [Jh Ac 6s]
Zubasa07: checks
Gesystar: bets $3
Zubasa07: calls $3
*** TURN *** [Jh Ac 6s] [Js]
Zubasa07: checks
Gesystar: bets $6
Zubasa07: calls $6
*** RIVER *** [Jh Ac 6s Js] [Jc]
Zubasa07: checks
Gesystar: bets $6
Zubasa07: calls $6
*** SHOW DOWN ***
Gesystar: shows [8h As] (a full house, Jacks full of Aces)
Zubasa07: mucks hand
Gesystar collected $41.50 from pot
*** SUMMARY ***
Total pot $42 | Rake $0.50
Board [Jh Ac 6s Js Jc]
Seat 1: Zubasa07 (big blind) mucked
Seat 3: Gesystar (button) (small blind) showed [8h As] and won ($41.50) with a full house, Jacks full of Aces


PokerStars Hand #147049914098:  Hold'em Limit ($3/$6 USD) - 2016/01/14 18:15:06 ET
Table 'Koronis' 6-max Seat #1 is the button
Seat 1: Zubasa07 ($394.30 in chips)
Seat 3: Gesystar ($182.74 in chips)
Zubasa07: posts small blind $1
Gesystar: posts big blind $3
*** HOLE CARDS ***
Zubasa07: raises $3 to $6
Gesystar: calls $3
*** FLOP *** [8d 6c Kh]
Gesystar: checks
Zubasa07: bets $3
Gesystar: calls $3
*** TURN *** [8d 6c Kh] [Qs]
Gesystar: checks
Zubasa07: bets $6
Gesystar: raises $6 to $12
Zubasa07: calls $6
*** RIVER *** [8d 6c Kh Qs] [6d]
Gesystar: bets $6
Zubasa07: calls $6
*** SHOW DOWN ***
Gesystar: shows [Ts Kd] (two pair, Kings and Sixes)
Zubasa07: mucks hand
Gesystar collected $53.50 from pot
*** SUMMARY ***
Total pot $54 | Rake $0.50
Board [8d 6c Kh Qs 6d]
Seat 1: Zubasa07 (button) (small blind) mucked
Seat 3: Gesystar (big blind) showed [Ts Kd] and won ($53.50) with two pair, Kings and Sixes


PokerStars Hand #147049962518:  Hold'em Limit ($3/$6 USD) - 2016/01/14 18:15:56 ET
Table 'Koronis' 6-max Seat #3 is the button
Seat 1: Zubasa07 ($367.30 in chips)
Seat 3: Gesystar ($209.24 in chips)
Gesystar: posts small blind $1
Zubasa07: posts big blind $3
*** HOLE CARDS ***
Gesystar: folds
Uncalled bet ($2) returned to Zubasa07
Zubasa07 collected $2 from pot
Zubasa07: doesn't show hand
*** SUMMARY ***
Total pot $2 | Rake $0
Seat 1: Zubasa07 (big blind) collected ($2)
Seat 3: Gesystar (button) (small blind) folded before Flop


PokerStars Hand #147049973339:  Hold'em Limit ($3/$6 USD) - 2016/01/14 18:16:08 ET
Table 'Koronis' 6-max Seat #1 is the button
Seat 1: Zubasa07 ($368.30 in chips)
Seat 3: Gesystar ($208.24 in chips)
Zubasa07: posts small blind $1
Gesystar: posts big blind $3
*** HOLE CARDS ***
Zubasa07: raises $3 to $6
Gesystar: calls $3
*** FLOP *** [3c 8h 8c]
Gesystar: checks
Zubasa07: bets $3
Gesystar: folds
Uncalled bet ($3) returned to Zubasa07
Zubasa07 collected $11.76 from pot
Zubasa07: doesn't show hand
*** SUMMARY ***
Total pot $12 | Rake $0.24
Board [3c 8h 8c]
Seat 1: Zubasa07 (button) (small blind) collected ($11.76)
Seat 3: Gesystar (big blind) folded on the Flop


PokerStars Hand #147049988387:  Hold'em Limit ($3/$6 USD) - 2016/01/14 18:16:23 ET
Table 'Koronis' 6-max Seat #3 is the button
Seat 1: Zubasa07 ($374.06 in chips)
Seat 3: Gesystar ($202.24 in chips)
Gesystar: posts small blind $1
Zubasa07: posts big blind $3
*** HOLE CARDS ***
Gesystar: calls $2
Zubasa07: checks
*** FLOP *** [3s 4s Qh]
Pokali joins the table at seat #4
Zubasa07: bets $3
Gesystar: calls $3
*** TURN *** [3s 4s Qh] [As]
Zubasa07: bets $6
Gesystar: raises $6 to $12
Zubasa07: raises $6 to $18
Gesystar: calls $6
*** RIVER *** [3s 4s Qh As] [6d]
Zubasa07: bets $6
Gesystar: folds
Uncalled bet ($6) returned to Zubasa07
Zubasa07 collected $47.50 from pot
Zubasa07: doesn't show hand
*** SUMMARY ***
Total pot $48 | Rake $0.50
Board [3s 4s Qh As 6d]
Seat 1: Zubasa07 (big blind) collected ($47.50)
Seat 3: Gesystar (button) (small blind) folded on the River


PokerStars Hand #147050019114:  Hold'em Limit ($3/$6 USD) - 2016/01/14 18:16:56 ET
Table 'Koronis' 6-max Seat #1 is the button
Seat 1: Zubasa07 ($397.56 in chips)
Seat 3: Gesystar ($178.24 in chips)
Zubasa07: posts small blind $1
Gesystar: posts big blind $3
*** HOLE CARDS ***
Zubasa07: raises $3 to $6
Gesystar: calls $3
*** FLOP *** [3s 8h Ah]
Gesystar: checks
Zubasa07: bets $3
Gesystar: raises $3 to $6
Zubasa07: calls $3
*** TURN *** [3s 8h Ah] [Qh]
Gesystar: checks
Zubasa07: checks
*** RIVER *** [3s 8h Ah Qh] [4h]
Gesystar: bets $6
Zubasa07: calls $6
*** SHOW DOWN ***
Gesystar: shows [9h Kh] (a flush, Ace high)
Zubasa07: mucks hand
Gesystar collected $35.50 from pot
*** SUMMARY ***
Total pot $36 | Rake $0.50
Board [3s 8h Ah Qh 4h]
Seat 1: Zubasa07 (button) (small blind) mucked
Seat 3: Gesystar (big blind) showed [9h Kh] and won ($35.50) with a flush, Ace high


PokerStars Hand #147050956139:  Hold'em Limit ($3/$6 USD) - 2016/01/14 18:34:42 ET
Table 'Koronis' 6-max Seat #1 is the button
Seat 1: Zubasa07 ($371.15 in chips)
Seat 5: SmellyToes4u ($161.36 in chips)
Zubasa07: posts small blind $1
Hi Im Alexey: is sitting out
SmellyToes4u: posts big blind $3
*** HOLE CARDS ***
Zubasa07: raises $3 to $6
Hi Im Alexey leaves the table
SmellyToes4u: folds
Uncalled bet ($3) returned to Zubasa07
Zubasa07 collected $6 from pot
Zubasa07: doesn't show hand
*** SUMMARY ***
Total pot $6 | Rake $0
Seat 1: Zubasa07 (button) (small blind) collected ($6)
Seat 5: SmellyToes4u (big blind) folded before Flop


