PokerStars Hand #170519560850:  Hold'em Limit ($3/$6 USD) - 2017/05/16 20:09:52 ET
Table 'Koronis II' 6-max Seat #1 is the button
Seat 1: Donald ($74 in chips)
Seat 2: Kaikare4ever ($229.48 in chips)
Donald: posts small blind $1
Kaikare4ever: posts big blind $3
*** HOLE CARDS ***
Donald: raises $3 to $6
Kaikare4ever: calls $3
*** FLOP *** [3s 9s Th]
Kaikare4ever: checks
Donald: bets $3
Kaikare4ever: folds
Uncalled bet ($3) returned to Donald
Donald collected $11.76 from pot
Donald: doesn't show hand
*** SUMMARY ***
Total pot $12 | Rake $0.24
Board [3s 9s Th]
Seat 1: Donald (button) (small blind) collected ($11.76)
Seat 2: Kaikare4ever (big blind) folded on the Flop


PokerStars Hand #170519567368:  Hold'em Limit ($3/$6 USD) - 2017/05/16 20:10:05 ET
Table 'Koronis II' 6-max Seat #2 is the button
Seat 1: Donald ($79.76 in chips)
Seat 2: Kaikare4ever ($223.48 in chips)
Kaikare4ever: posts small blind $1
Donald: posts big blind $3
*** HOLE CARDS ***
Kaikare4ever: folds
Uncalled bet ($2) returned to Donald
Donald collected $2 from pot
Donald: doesn't show hand
*** SUMMARY ***
Total pot $2 | Rake $0
Seat 1: Donald (big blind) collected ($2)
Seat 2: Kaikare4ever (button) (small blind) folded before Flop


PokerStars Hand #170519570137:  Hold'em Limit ($3/$6 USD) - 2017/05/16 20:10:10 ET
Table 'Koronis II' 6-max Seat #1 is the button
Seat 1: Donald ($80.76 in chips)
Seat 2: Kaikare4ever ($222.48 in chips)
Donald: posts small blind $1
Kaikare4ever: posts big blind $3
*** HOLE CARDS ***
Donald: raises $3 to $6
Kaikare4ever: calls $3
*** FLOP *** [Qc Qd 6c]
Kaikare4ever: checks
Donald: bets $3
Kaikare4ever: raises $3 to $6
Donald: calls $3
*** TURN *** [Qc Qd 6c] [Th]
Kaikare4ever: bets $6
Donald: folds
Uncalled bet ($6) returned to Kaikare4ever
Kaikare4ever collected $23.52 from pot
Kaikare4ever: doesn't show hand
*** SUMMARY ***
Total pot $24 | Rake $0.48
Board [Qc Qd 6c Th]
Seat 1: Donald (button) (small blind) folded on the Turn
Seat 2: Kaikare4ever (big blind) collected ($23.52)


PokerStars Hand #170519585645:  Hold'em Limit ($3/$6 USD) - 2017/05/16 20:10:40 ET
Table 'Koronis II' 6-max Seat #1 is the button
Seat 1: Donald ($62.76 in chips)
Seat 2: Kaikare4ever ($239.76 in chips)
Donald: posts small blind $1
Kaikare4ever: posts big blind $3
*** HOLE CARDS ***
Donald: raises $3 to $6
Kaikare4ever: folds
Uncalled bet ($3) returned to Donald
Donald collected $6 from pot
Donald: doesn't show hand
*** SUMMARY ***
Total pot $6 | Rake $0
Seat 1: Donald (button) (small blind) collected ($6)
Seat 2: Kaikare4ever (big blind) folded before Flop


PokerStars Hand #170519578506:  Hold'em Limit ($3/$6 USD) - 2017/05/16 20:10:26 ET
Table 'Koronis II' 6-max Seat #2 is the button
Seat 1: Donald ($68.76 in chips)
Seat 2: Kaikare4ever ($234 in chips)
Kaikare4ever: posts small blind $1
Donald: posts big blind $3
*** HOLE CARDS ***
Kaikare4ever: raises $3 to $6
Donald: calls $3
*** FLOP *** [As 5s Ad]
Donald: checks
Kaikare4ever: checks
*** TURN *** [As 5s Ad] [Kh]
Donald: checks
Kaikare4ever: bets $6
Donald: folds
Uncalled bet ($6) returned to Kaikare4ever
Kaikare4ever collected $11.76 from pot
Kaikare4ever: doesn't show hand
simper11 joins the table at seat #3
*** SUMMARY ***
Total pot $12 | Rake $0.24
Board [As 5s Ad Kh]
Seat 1: Donald (big blind) folded on the Turn
Seat 2: Kaikare4ever (button) (small blind) collected ($11.76)


PokerStars Hand #170519547537:  Hold'em Limit ($3/$6 USD) - 2017/05/16 20:09:26 ET
Table 'Koronis II' 6-max Seat #2 is the button
Seat 1: Donald ($98 in chips)
Seat 2: Kaikare4ever ($205.98 in chips)
Kaikare4ever: posts small blind $1
uho4186: is sitting out
Donald: posts big blind $3
*** HOLE CARDS ***
Kaikare4ever: raises $3 to $6
Donald: calls $3
*** FLOP *** [2c 8s 3c]
Donald: checks
Kaikare4ever: bets $3
Donald: raises $3 to $6
Kaikare4ever: calls $3
*** TURN *** [2c 8s 3c] [3h]
Donald: bets $6
Kaikare4ever: raises $6 to $12
Donald: calls $6
*** RIVER *** [2c 8s 3c 3h] [8d]
Vitalisek leaves the table
Donald: checks
Kaikare4ever: checks
*** SHOW DOWN ***
Donald: shows [4s 5c] (two pair, Eights and Threes)
Kaikare4ever: shows [3d Kd] (a full house, Threes full of Eights)
Kaikare4ever collected $47.50 from pot
*** SUMMARY ***
Total pot $48 | Rake $0.50
Board [2c 8s 3c 3h 8d]
Seat 1: Donald (big blind) showed [4s 5c] and lost with two pair, Eights and Threes
Seat 2: Kaikare4ever (button) (small blind) showed [3d Kd] and won ($47.50) with a full house, Threes full of Eights


PokerStars Hand #170523365852:  Hold'em Limit ($3/$6 USD) - 2017/05/16 22:38:36 ET
Table 'Koronis II' 6-max Seat #4 is the button
Seat 4: Chessnok ($374.22 in chips)
Seat 6: Rednaxela05 ($315.54 in chips)
Chessnok: posts small blind $1
Rednaxela05: posts big blind $3
*** HOLE CARDS ***
Chessnok: raises $3 to $6
Rednaxela05: calls $3
*** FLOP *** [5c Qd Kc]
Rednaxela05: checks
Chessnok: bets $3
Rednaxela05: folds
Uncalled bet ($3) returned to Chessnok
Chessnok collected $11.76 from pot
Chessnok: doesn't show hand
*** SUMMARY ***
Total pot $12 | Rake $0.24
Board [5c Qd Kc]
Seat 4: Chessnok (button) (small blind) collected ($11.76)
Seat 6: Rednaxela05 (big blind) folded on the Flop


