PokerStars Hand #145551590686:  Hold'em Limit ($3/$6 USD) - 2015/12/18 17:09:08 ET
Table 'Kraz II' 6-max Seat #3 is the button
Seat 1: Velbor107 ($298 in chips)
Seat 3: Ulanov954 ($121.76 in chips)
Ulanov954: posts small blind $1
Velbor107: posts big blind $3
*** HOLE CARDS ***
Ulanov954: raises $3 to $6
Velbor107: folds
Uncalled bet ($3) returned to Ulanov954
Ulanov954 collected $6 from pot
Ulanov954: doesn't show hand
*** SUMMARY ***
Total pot $6 | Rake $0
Seat 1: Velbor107 (big blind) folded before Flop
Seat 3: Ulanov954 (button) (small blind) collected ($6)


PokerStars Hand #145551629327:  Hold'em Limit ($3/$6 USD) - 2015/12/18 17:09:55 ET
Table 'Kraz II' 6-max Seat #3 is the button
Seat 1: Velbor107 ($289 in chips)
Seat 3: Ulanov954 ($130.52 in chips)
Ulanov954: posts small blind $1
Velbor107: posts big blind $3
*** HOLE CARDS ***
Ulanov954: raises $3 to $6
Velbor107: folds
Uncalled bet ($3) returned to Ulanov954
Ulanov954 collected $6 from pot
Ulanov954: doesn't show hand
*** SUMMARY ***
Total pot $6 | Rake $0
Seat 1: Velbor107 (big blind) folded before Flop
Seat 3: Ulanov954 (button) (small blind) collected ($6)


PokerStars Hand #145551623445:  Hold'em Limit ($3/$6 USD) - 2015/12/18 17:09:49 ET
Table 'Kraz II' 6-max Seat #1 is the button
Seat 1: Velbor107 ($290 in chips)
Seat 3: Ulanov954 ($129.52 in chips)
Velbor107: posts small blind $1
Ulanov954: posts big blind $3
*** HOLE CARDS ***
Velbor107: folds
Uncalled bet ($2) returned to Ulanov954
Ulanov954 collected $2 from pot
Ulanov954: doesn't show hand
*** SUMMARY ***
Total pot $2 | Rake $0
Seat 1: Velbor107 (button) (small blind) folded before Flop
Seat 3: Ulanov954 (big blind) collected ($2)


PokerStars Hand #145551618011:  Hold'em Limit ($3/$6 USD) - 2015/12/18 17:09:43 ET
Table 'Kraz II' 6-max Seat #3 is the button
Seat 1: Velbor107 ($289 in chips)
Seat 3: Ulanov954 ($130.52 in chips)
Ulanov954: posts small blind $1
Velbor107: posts big blind $3
*** HOLE CARDS ***
Ulanov954: folds
Uncalled bet ($2) returned to Velbor107
Velbor107 collected $2 from pot
*** SUMMARY ***
Total pot $2 | Rake $0
Seat 1: Velbor107 (big blind) collected ($2)
Seat 3: Ulanov954 (button) (small blind) folded before Flop


PokerStars Hand #145551603457:  Hold'em Limit ($3/$6 USD) - 2015/12/18 17:09:24 ET
Table 'Kraz II' 6-max Seat #1 is the button
Seat 1: Velbor107 ($295 in chips)
Seat 3: Ulanov954 ($124.76 in chips)
Velbor107: posts small blind $1
Ulanov954: posts big blind $3
*** HOLE CARDS ***
Velbor107: raises $3 to $6
Ulanov954: calls $3
*** FLOP *** [5c Kh 8d]
Ulanov954: bets $3
Velbor107: folds
Uncalled bet ($3) returned to Ulanov954
Ulanov954 collected $11.76 from pot
Ulanov954: doesn't show hand
*** SUMMARY ***
Total pot $12 | Rake $0.24
Board [5c Kh 8d]
Seat 1: Velbor107 (button) (small blind) folded on the Flop
Seat 3: Ulanov954 (big blind) collected ($11.76)


PokerStars Hand #145551639951:  Hold'em Limit ($3/$6 USD) - 2015/12/18 17:10:07 ET
Table 'Kraz II' 6-max Seat #1 is the button
Seat 1: Velbor107 ($286 in chips)
Seat 3: Ulanov954 ($133.52 in chips)
Velbor107: posts small blind $1
Ulanov954: posts big blind $3
*** HOLE CARDS ***
Velbor107: raises $3 to $6
Ulanov954: calls $3
*** FLOP *** [5h Kc Jd]
Ulanov954: checks
Mullern joins the table at seat #6
Velbor107: bets $3
Ulanov954: folds
Uncalled bet ($3) returned to Velbor107
Velbor107 collected $11.76 from pot
*** SUMMARY ***
Total pot $12 | Rake $0.24
Board [5h Kc Jd]
Seat 1: Velbor107 (button) (small blind) collected ($11.76)
Seat 3: Ulanov954 (big blind) folded on the Flop


