PokerStars Hand #169020956270:  Hold'em Limit ($3/$6 USD) - 2017/04/14 8:13:50 ET
Table 'Kraz' 6-max Seat #3 is the button
Seat 3: D Juice11 ($75.51 in chips)
Seat 4: Agrotait ($72 in chips)
D Juice11: posts small blind $1
Agrotait: posts big blind $3
*** HOLE CARDS ***
D Juice11: calls $2
Agrotait: checks
*** FLOP *** [3c Ah Qd]
Agrotait: bets $3
D Juice11: raises $3 to $6
Agrotait: folds
Uncalled bet ($3) returned to D Juice11
D Juice11 collected $11.76 from pot
D Juice11: doesn't show hand
*** SUMMARY ***
Total pot $12 | Rake $0.24
Board [3c Ah Qd]
Seat 3: D Juice11 (button) (small blind) collected ($11.76)
Seat 4: Agrotait (big blind) folded on the Flop


PokerStars Hand #169020969367:  Hold'em Limit ($3/$6 USD) - 2017/04/14 8:14:14 ET
Table 'Kraz' 6-max Seat #3 is the button
Seat 3: D Juice11 ($78.27 in chips)
Seat 4: Agrotait ($69 in chips)
D Juice11: posts small blind $1
Agrotait: posts big blind $3
*** HOLE CARDS ***
D Juice11: calls $2
Agrotait: checks
*** FLOP *** [Jd 4h 8h]
Agrotait: bets $3
D Juice11: calls $3
*** TURN *** [Jd 4h 8h] [As]
Agrotait: bets $6
Homasapien joins the table at seat #5
D Juice11: calls $6
*** RIVER *** [Jd 4h 8h As] [8d]
Agrotait: checks
D Juice11: bets $6
AzureCaper joins the table at seat #6
Agrotait: calls $6
*** SHOW DOWN ***
D Juice11: shows [8c 5c] (three of a kind, Eights)
Agrotait: mucks hand
D Juice11 collected $35.50 from pot
*** SUMMARY ***
Total pot $36 | Rake $0.50
Board [Jd 4h 8h As 8d]
Seat 3: D Juice11 (button) (small blind) showed [8c 5c] and won ($35.50) with three of a kind, Eights
Seat 4: Agrotait (big blind) mucked


PokerStars Hand #169020965623:  Hold'em Limit ($3/$6 USD) - 2017/04/14 8:14:07 ET
Table 'Kraz' 6-max Seat #4 is the button
Seat 3: D Juice11 ($81.27 in chips)
Seat 4: Agrotait ($66 in chips)
Agrotait: posts small blind $1
D Juice11: posts big blind $3
*** HOLE CARDS ***
Agrotait: raises $3 to $6
D Juice11: folds
Uncalled bet ($3) returned to Agrotait
Agrotait collected $6 from pot
Agrotait: doesn't show hand
*** SUMMARY ***
Total pot $6 | Rake $0
Seat 3: D Juice11 (big blind) folded before Flop
Seat 4: Agrotait (button) (small blind) collected ($6)


PokerStars Hand #169021635189:  Hold'em Limit ($3/$6 USD) - 2017/04/14 8:34:20 ET
Table 'Kraz' 6-max Seat #1 is the button
Seat 1: yasmins1990 ($57.28 in chips)
Seat 2: Homasapien ($274.27 in chips)
yasmins1990: posts small blind $1
Homasapien: posts big blind $3
*** HOLE CARDS ***
yasmins1990: folds
Uncalled bet ($2) returned to Homasapien
Homasapien collected $2 from pot
Homasapien: doesn't show hand
*** SUMMARY ***
Total pot $2 | Rake $0
Seat 1: yasmins1990 (button) (small blind) folded before Flop
Seat 2: Homasapien (big blind) collected ($2)


PokerStars Hand #169021605378:  Hold'em Limit ($3/$6 USD) - 2017/04/14 8:33:27 ET
Table 'Kraz' 6-max Seat #2 is the button
Seat 1: yasmins1990 ($45.76 in chips)
Seat 2: Homasapien ($286.27 in chips)
Homasapien: posts small blind $1
Agrotait: is sitting out
AzureCaper: is sitting out
yasmins1990: posts big blind $3
*** HOLE CARDS ***
AzureCaper leaves the table
Homasapien: raises $3 to $6
Agrotait leaves the table
yasmins1990: calls $3
*** FLOP *** [5s 9d Jc]
yasmins1990: checks
Homasapien: bets $3
yasmins1990: raises $3 to $6
Homasapien: calls $3
*** TURN *** [5s 9d Jc] [Kh]
yasmins1990: checks
Krazy90 joins the table at seat #3
Homasapien: checks
*** RIVER *** [5s 9d Jc Kh] [Qc]
yasmins1990: bets $6
Homasapien: folds
Uncalled bet ($6) returned to yasmins1990
yasmins1990 collected $23.52 from pot
*** SUMMARY ***
Total pot $24 | Rake $0.48
Board [5s 9d Jc Kh Qc]
Seat 1: yasmins1990 (big blind) collected ($23.52)
Seat 2: Homasapien (button) (small blind) folded on the River


PokerStars Hand #169021661541:  Hold'em Limit ($3/$6 USD) - 2017/04/14 8:35:07 ET
Table 'Kraz' 6-max Seat #3 is the button
Seat 2: Homasapien ($295.10 in chips)
Seat 3: Krazy90 ($120 in chips)
Krazy90: posts small blind $1
yasmins1990: is sitting out
Homasapien: posts big blind $3
*** HOLE CARDS ***
yasmins1990 leaves the table
Krazy90: raises $3 to $6
Homasapien: folds
Uncalled bet ($3) returned to Krazy90
Krazy90 collected $6 from pot
Krazy90: doesn't show hand
*** SUMMARY ***
Total pot $6 | Rake $0
Seat 2: Homasapien (big blind) folded before Flop
Seat 3: Krazy90 (button) (small blind) collected ($6)


