PokerStars Hand #150431003790:  Hold'em Limit ($3/$6 USD) - 2016/03/16 5:51:16 ET
Table 'Kraz III' 6-max Seat #6 is the button
Seat 4: Agrotait ($72 in chips)
Seat 6: stressed31 ($80 in chips)
stressed31: posts small blind $1
Agrotait: posts big blind $3
*** HOLE CARDS ***
stressed31: folds
Uncalled bet ($2) returned to Agrotait
Agrotait collected $2 from pot
Agrotait: doesn't show hand
*** SUMMARY ***
Total pot $2 | Rake $0
Seat 4: Agrotait (big blind) collected ($2)
Seat 6: stressed31 (button) (small blind) folded before Flop


PokerStars Hand #150431008191:  Hold'em Limit ($3/$6 USD) - 2016/03/16 5:51:27 ET
Table 'Kraz III' 6-max Seat #4 is the button
Seat 4: Agrotait ($73 in chips)
Seat 6: stressed31 ($79 in chips)
Agrotait: posts small blind $1
stressed31: posts big blind $3
*** HOLE CARDS ***
Agrotait: raises $3 to $6
stressed31: calls $3
*** FLOP *** [Qh Kc Tc]
stressed31: checks
Agrotait: bets $3
stressed31: calls $3
*** TURN *** [Qh Kc Tc] [Td]
stressed31: checks
Agrotait: checks
*** RIVER *** [Qh Kc Tc Td] [Jh]
stressed31: checks
Agrotait: bets $6
stressed31: calls $6
*** SHOW DOWN ***
Agrotait: shows [6c 9c] (a straight, Nine to King)
stressed31: mucks hand
Agrotait collected $29.50 from pot
*** SUMMARY ***
Total pot $30 | Rake $0.50
Board [Qh Kc Tc Td Jh]
Seat 4: Agrotait (button) (small blind) showed [6c 9c] and won ($29.50) with a straight, Nine to King
Seat 6: stressed31 (big blind) mucked


PokerStars Hand #150431026664:  Hold'em Limit ($3/$6 USD) - 2016/03/16 5:52:12 ET
Table 'Kraz III' 6-max Seat #4 is the button
Seat 4: Agrotait ($102 in chips)
Seat 6: stressed31 ($49 in chips)
Agrotait: posts small blind $1
stressed31: posts big blind $3
*** HOLE CARDS ***
Agrotait: raises $3 to $6
stressed31: raises $3 to $9
Agrotait: calls $3
*** FLOP *** [6c 3h Qc]
stressed31: bets $3
Agrotait: calls $3
*** TURN *** [6c 3h Qc] [5d]
stressed31: checks
Agrotait: bets $6
stressed31: folds
Uncalled bet ($6) returned to Agrotait
Agrotait collected $23.52 from pot
Agrotait: doesn't show hand
*** SUMMARY ***
Total pot $24 | Rake $0.48
Board [6c 3h Qc 5d]
Seat 4: Agrotait (button) (small blind) collected ($23.52)
Seat 6: stressed31 (big blind) folded on the Turn


PokerStars Hand #150431018845:  Hold'em Limit ($3/$6 USD) - 2016/03/16 5:51:53 ET
Table 'Kraz III' 6-max Seat #6 is the button
Seat 4: Agrotait ($87.50 in chips)
Seat 6: stressed31 ($64 in chips)
stressed31: posts small blind $1
Agrotait: posts big blind $3
*** HOLE CARDS ***
stressed31: raises $3 to $6
Agrotait: calls $3
*** FLOP *** [3h 3c 5c]
Agrotait: checks
stressed31: bets $3
Agrotait: calls $3
*** TURN *** [3h 3c 5c] [5d]
Agrotait: checks
stressed31: checks
*** RIVER *** [3h 3c 5c 5d] [9d]
Agrotait: bets $6
stressed31: calls $6
*** SHOW DOWN ***
Agrotait: shows [Ac 4s] (two pair, Fives and Threes)
stressed31: mucks hand
Agrotait collected $29.50 from pot
*** SUMMARY ***
Total pot $30 | Rake $0.50
Board [3h 3c 5c 5d 9d]
Seat 4: Agrotait (big blind) showed [Ac 4s] and won ($29.50) with two pair, Fives and Threes
Seat 6: stressed31 (button) (small blind) mucked


PokerStars Hand #150431047439:  Hold'em Limit ($3/$6 USD) - 2016/03/16 5:53:02 ET
Table 'Kraz III' 6-max Seat #4 is the button
Seat 4: Agrotait ($131.02 in chips)
Seat 6: stressed31 ($19 in chips)
Agrotait: posts small blind $1
stressed31: posts big blind $3
*** HOLE CARDS ***
Agrotait: raises $3 to $6
stressed31: folds
Uncalled bet ($3) returned to Agrotait
Agrotait collected $6 from pot
Agrotait: doesn't show hand
*** SUMMARY ***
Total pot $6 | Rake $0
Seat 4: Agrotait (button) (small blind) collected ($6)
Seat 6: stressed31 (big blind) folded before Flop


PokerStars Hand #150431034323:  Hold'em Limit ($3/$6 USD) - 2016/03/16 5:52:30 ET
Table 'Kraz III' 6-max Seat #6 is the button
Seat 4: Agrotait ($113.52 in chips)
Seat 6: stressed31 ($37 in chips)
stressed31: posts small blind $1
Agrotait: posts big blind $3
*** HOLE CARDS ***
stressed31: calls $2
Agrotait: checks
*** FLOP *** [8h 9d 3s]
Agrotait: bets $3
stressed31: raises $3 to $6
Agrotait: raises $3 to $9
stressed31: calls $3
*** TURN *** [8h 9d 3s] [6h]
Agrotait: bets $6
stressed31: calls $6
*** RIVER *** [8h 9d 3s 6h] [3d]
Agrotait: bets $6
stressed31: folds
Uncalled bet ($6) returned to Agrotait
Agrotait collected $35.50 from pot
Agrotait: doesn't show hand
*** SUMMARY ***
Total pot $36 | Rake $0.50
Board [8h 9d 3s 6h 3d]
Seat 4: Agrotait (big blind) collected ($35.50)
Seat 6: stressed31 (button) (small blind) folded on the River


PokerStars Hand #150431050112:  Hold'em Limit ($3/$6 USD) - 2016/03/16 5:53:08 ET
Table 'Kraz III' 6-max Seat #6 is the button
Seat 4: Agrotait ($134.02 in chips)
Seat 6: stressed31 ($16 in chips)
stressed31: posts small blind $1
Agrotait: posts big blind $3
*** HOLE CARDS ***
stressed31: raises $3 to $6
Agrotait: calls $3
*** FLOP *** [8h 2d 6h]
Agrotait: checks
stressed31: bets $3
Agrotait: calls $3
*** TURN *** [8h 2d 6h] [9d]
Agrotait: checks
stressed31: bets $6
Agrotait: calls $6
*** RIVER *** [8h 2d 6h 9d] [6d]
Agrotait: checks
stressed31: checks
*** SHOW DOWN ***
Agrotait: shows [7s Kc] (a pair of Sixes)
stressed31: mucks hand
Agrotait collected $29.50 from pot
*** SUMMARY ***
Total pot $30 | Rake $0.50
Board [8h 2d 6h 9d 6d]
Seat 4: Agrotait (big blind) showed [7s Kc] and won ($29.50) with a pair of Sixes
Seat 6: stressed31 (button) (small blind) mucked


