PokerStars Hand #149770645333:  Hold'em Limit ($3/$6 USD) - 2016/03/03 10:19:17 ET
Table 'Kresak' 6-max Seat #3 is the button
Seat 2: Snuffymo ($123 in chips)
Seat 3: JoeHeaton ($117 in chips)
JoeHeaton: posts small blind $1
Snuffymo: posts big blind $3
*** HOLE CARDS ***
JoeHeaton: raises $3 to $6
Snuffymo: calls $3
*** FLOP *** [5c 7c 4c]
Snuffymo: checks
JoeHeaton: bets $3
Snuffymo: raises $3 to $6
JoeHeaton: raises $3 to $9
Krillekruka joins the table at seat #4
Snuffymo is connected
Snuffymo: calls $3
*** TURN *** [5c 7c 4c] [3c]
Snuffymo: checks
JoeHeaton: bets $6
Snuffymo: folds
Uncalled bet ($6) returned to JoeHeaton
JoeHeaton collected $29.50 from pot
JoeHeaton: doesn't show hand
*** SUMMARY ***
Total pot $30 | Rake $0.50
Board [5c 7c 4c 3c]
Seat 2: Snuffymo (big blind) folded on the Turn
Seat 3: JoeHeaton (button) (small blind) collected ($29.50)


PokerStars Hand #149770694813:  Hold'em Limit ($3/$6 USD) - 2016/03/03 10:20:26 ET
Table 'Kresak' 6-max Seat #2 is the button
Seat 2: Snuffymo ($108 in chips)
Seat 3: JoeHeaton ($131.50 in chips)
Snuffymo: posts small blind $1
JoeHeaton: posts big blind $3
*** HOLE CARDS ***
Snuffymo: raises $3 to $6
JoeHeaton: folds
Uncalled bet ($3) returned to Snuffymo
Snuffymo collected $6 from pot
Snuffymo: doesn't show hand
*** SUMMARY ***
Total pot $6 | Rake $0
Seat 2: Snuffymo (button) (small blind) collected ($6)
Seat 3: JoeHeaton (big blind) folded before Flop


PokerStars Hand #149772822291:  Hold'em Limit ($3/$6 USD) - 2016/03/03 11:08:48 ET
Table 'Kresak' 6-max Seat #2 is the button
Seat 2: bodo1444 ($112.92 in chips)
Seat 5: Hi Im Alexey ($140.04 in chips)
bodo1444: posts small blind $1
Hi Im Alexey: posts big blind $3
*** HOLE CARDS ***
bodo1444: folds
Uncalled bet ($2) returned to Hi Im Alexey
Hi Im Alexey collected $2 from pot
*** SUMMARY ***
Total pot $2 | Rake $0
Seat 2: bodo1444 (button) (small blind) folded before Flop
Seat 5: Hi Im Alexey (big blind) collected ($2)


PokerStars Hand #149772815456:  Hold'em Limit ($3/$6 USD) - 2016/03/03 11:08:40 ET
Table 'Kresak' 6-max Seat #5 is the button
Seat 2: bodo1444 ($115.92 in chips)
Seat 5: Hi Im Alexey ($137.04 in chips)
Hi Im Alexey: posts small blind $1
Agrotait: is sitting out
bodo1444: posts big blind $3
*** HOLE CARDS ***
Agrotait leaves the table
Hi Im Alexey: raises $3 to $6
bodo1444: folds
Uncalled bet ($3) returned to Hi Im Alexey
Hi Im Alexey collected $6 from pot
*** SUMMARY ***
Total pot $6 | Rake $0
Seat 2: bodo1444 (big blind) folded before Flop
Seat 5: Hi Im Alexey (button) (small blind) collected ($6)


