PokerStars Hand #169240540203:  Hold'em Limit ($3/$6 USD) - 2017/04/18 20:32:46 ET
Table 'Kressida' 6-max Seat #1 is the button
Seat 1: B_loJkl ($73.99 in chips)
Seat 4: Donald ($159.20 in chips)
B_loJkl: posts small blind $1
NoVebra: is sitting out
Donald: posts big blind $3
*** HOLE CARDS ***
NoVebra leaves the table
B_loJkl: raises $3 to $6
Jack_Wu1985 leaves the table
Donald: calls $3
*** FLOP *** [Jd 7c Qd]
Donald: checks
B_loJkl: bets $3
Donald: raises $3 to $6
B_loJkl: calls $3
*** TURN *** [Jd 7c Qd] [3d]
Donald: bets $6
B_loJkl: calls $6
*** RIVER *** [Jd 7c Qd 3d] [As]
Donald: checks
B_loJkl: bets $6
Donald: folds
Uncalled bet ($6) returned to B_loJkl
B_loJkl collected $35.50 from pot
B_loJkl: doesn't show hand
*** SUMMARY ***
Total pot $36 | Rake $0.50
Board [Jd 7c Qd 3d As]
Seat 1: B_loJkl (button) (small blind) collected ($35.50)
Seat 4: Donald (big blind) folded on the River


PokerStars Hand #169240552839:  Hold'em Limit ($3/$6 USD) - 2017/04/18 20:33:13 ET
Table 'Kressida' 6-max Seat #4 is the button
Seat 1: B_loJkl ($91.49 in chips)
Seat 4: Donald ($141.20 in chips)
Donald: posts small blind $1
B_loJkl: posts big blind $3
*** HOLE CARDS ***
Donald: folds
Uncalled bet ($2) returned to B_loJkl
B_loJkl collected $2 from pot
B_loJkl: doesn't show hand
*** SUMMARY ***
Total pot $2 | Rake $0
Seat 1: B_loJkl (big blind) collected ($2)
Seat 4: Donald (button) (small blind) folded before Flop


