PokerStars Hand #146296847582:  Hold'em Limit ($3/$6 USD) - 2016/01/01 17:51:15 ET
Table 'Kresak' 6-max Seat #4 is the button
Seat 4: Azrarn ($72 in chips)
Seat 5: thekiing80 ($120 in chips)
Azrarn: posts small blind $1
thekiing80: posts big blind $3
*** HOLE CARDS ***
Azrarn: raises $3 to $6
thekiing80: calls $3
*** FLOP *** [6d 3d 2d]
thekiing80: checks
Azrarn: checks
*** TURN *** [6d 3d 2d] [9d]
thekiing80: checks
sailence joins the table at seat #1
Azrarn: checks
*** RIVER *** [6d 3d 2d 9d] [Ks]
thekiing80: checks
Azrarn: bets $6
thekiing80: folds
Uncalled bet ($6) returned to Azrarn
Azrarn collected $11.76 from pot
Azrarn: doesn't show hand
*** SUMMARY ***
Total pot $12 | Rake $0.24
Board [6d 3d 2d 9d Ks]
Seat 4: Azrarn (button) (small blind) collected ($11.76)
Seat 5: thekiing80 (big blind) folded on the River


PokerStars Hand #146297073085:  Hold'em Limit ($3/$6 USD) - 2016/01/01 17:55:27 ET
Table 'Kresak' 6-max Seat #3 is the button
Seat 3: LWNS ($97.58 in chips)
Seat 6: julenchu ($190 in chips)
LWNS: posts small blind $1
Azrarn: is sitting out
julenchu: posts big blind $3
*** HOLE CARDS ***
LWNS: folds
Uncalled bet ($2) returned to julenchu
julenchu collected $2 from pot
Azrarn leaves the table
julenchu: doesn't show hand
sailence leaves the table
*** SUMMARY ***
Total pot $2 | Rake $0
Seat 3: LWNS (button) (small blind) folded before Flop
Seat 6: julenchu (big blind) collected ($2)


