PokerStars Hand #175135663373:  Hold'em Limit ($3/$6 USD) - 2017/09/03 0:42:49 ET
Table 'Kresak' 6-max Seat #4 is the button
Seat 1: AMA2347 ($117 in chips)
Seat 4: Agrotait ($62.88 in chips)
Agrotait: posts small blind $1
AMA2347: posts big blind $3
*** HOLE CARDS ***
Agrotait: raises $3 to $6
AMA2347: calls $3
*** FLOP *** [5d 2h 2d]
AMA2347: checks
Agrotait: bets $3
AMA2347: calls $3
*** TURN *** [5d 2h 2d] [5h]
AMA2347: checks
Agrotait: checks
*** RIVER *** [5d 2h 2d 5h] [7h]
AMA2347: bets $6
Agrotait: calls $6
*** SHOW DOWN ***
AMA2347: shows [2s 8s] (a full house, Deuces full of Fives)
Agrotait: mucks hand
AMA2347 collected $29.50 from pot
*** SUMMARY ***
Total pot $30 | Rake $0.50
Board [5d 2h 2d 5h 7h]
Seat 1: AMA2347 (big blind) showed [2s 8s] and won ($29.50) with a full house, Deuces full of Fives
Seat 4: Agrotait (button) (small blind) mucked


PokerStars Hand #175135674553:  Hold'em Limit ($3/$6 USD) - 2017/09/03 0:43:33 ET
Table 'Kresak' 6-max Seat #1 is the button
Seat 1: AMA2347 ($131.50 in chips)
Seat 4: Agrotait ($47.88 in chips)
AMA2347: posts small blind $1
Agrotait: posts big blind $3
*** HOLE CARDS ***
AMA2347: folds
Uncalled bet ($2) returned to Agrotait
Agrotait collected $2 from pot
Agrotait: doesn't show hand
*** SUMMARY ***
Total pot $2 | Rake $0
Seat 1: AMA2347 (button) (small blind) folded before Flop
Seat 4: Agrotait (big blind) collected ($2)


PokerStars Hand #175135675988:  Hold'em Limit ($3/$6 USD) - 2017/09/03 0:43:38 ET
Table 'Kresak' 6-max Seat #4 is the button
Seat 1: AMA2347 ($130.50 in chips)
Seat 4: Agrotait ($48.88 in chips)
Agrotait: posts small blind $1
AMA2347: posts big blind $3
*** HOLE CARDS ***
Agrotait: raises $3 to $6
AMA2347: calls $3
*** FLOP *** [Ts Qc Td]
AMA2347: checks
Agrotait: bets $3
AMA2347: folds
Uncalled bet ($3) returned to Agrotait
Agrotait collected $11.76 from pot
Agrotait: doesn't show hand
*** SUMMARY ***
Total pot $12 | Rake $0.24
Board [Ts Qc Td]
Seat 1: AMA2347 (big blind) folded on the Flop
Seat 4: Agrotait (button) (small blind) collected ($11.76)


PokerStars Hand #175135680285:  Hold'em Limit ($3/$6 USD) - 2017/09/03 0:43:56 ET
Table 'Kresak' 6-max Seat #1 is the button
Seat 1: AMA2347 ($124.50 in chips)
Seat 4: Agrotait ($54.64 in chips)
AMA2347: posts small blind $1
Agrotait: posts big blind $3
*** HOLE CARDS ***
AMA2347: raises $3 to $6
Agrotait: calls $3
*** FLOP *** [Kc 6s 3h]
Agrotait: checks
AMA2347: bets $3
Agrotait: folds
Uncalled bet ($3) returned to AMA2347
Shakawka joins the table at seat #6
AMA2347 collected $11.76 from pot
AMA2347: doesn't show hand
*** SUMMARY ***
Total pot $12 | Rake $0.24
Board [Kc 6s 3h]
Seat 1: AMA2347 (button) (small blind) collected ($11.76)
Seat 4: Agrotait (big blind) folded on the Flop


PokerStars Hand #175135714553:  Hold'em Limit ($3/$6 USD) - 2017/09/03 0:46:12 ET
Table 'Kresak' 6-max Seat #1 is the button
Seat 1: AMA2347 ($118.90 in chips)
Seat 4: Agrotait ($67.47 in chips)
AMA2347: posts small blind $1
Agrotait: posts big blind $3
*** HOLE CARDS ***
AMA2347: raises $3 to $6
Agrotait: calls $3
*** FLOP *** [2h 8h As]
Agrotait: checks
AMA2347: bets $3
Agrotait: calls $3
*** TURN *** [2h 8h As] [4s]
Agrotait: checks
AMA2347: bets $6
Agrotait: calls $6
*** RIVER *** [2h 8h As 4s] [5c]
Agrotait: checks
AMA2347: checks
*** SHOW DOWN ***
Agrotait: shows [3d 2d] (a straight, Ace to Five)
AMA2347: mucks hand
Agrotait collected $29.50 from pot
*** SUMMARY ***
Total pot $30 | Rake $0.50
Board [2h 8h As 4s 5c]
Seat 1: AMA2347 (button) (small blind) mucked
Seat 4: Agrotait (big blind) showed [3d 2d] and won ($29.50) with a straight, Ace to Five


PokerStars Hand #175135713105:  Hold'em Limit ($3/$6 USD) - 2017/09/03 0:46:07 ET
Table 'Kresak' 6-max Seat #4 is the button
Seat 1: AMA2347 ($117.90 in chips)
Seat 4: Agrotait ($68.47 in chips)
Agrotait: posts small blind $1
AMA2347: posts big blind $3
*** HOLE CARDS ***
Agrotait: folds
Uncalled bet ($2) returned to AMA2347
AMA2347 collected $2 from pot
AMA2347: doesn't show hand
*** SUMMARY ***
Total pot $2 | Rake $0
Seat 1: AMA2347 (big blind) collected ($2)
Seat 4: Agrotait (button) (small blind) folded before Flop


PokerStars Hand #175135726466:  Hold'em Limit ($3/$6 USD) - 2017/09/03 0:46:59 ET
Table 'Kresak' 6-max Seat #1 is the button
Seat 1: AMA2347 ($97.90 in chips)
Seat 4: Agrotait ($87.73 in chips)
AMA2347: posts small blind $1
Agrotait: posts big blind $3
*** HOLE CARDS ***
AMA2347: raises $3 to $6
Agrotait: calls $3
*** FLOP *** [Qc Qs 7c]
Agrotait: checks
AMA2347: bets $3
Agrotait: calls $3
*** TURN *** [Qc Qs 7c] [9s]
Agrotait: checks
AMA2347: bets $6
Agrotait: folds
Uncalled bet ($6) returned to AMA2347
AMA2347 collected $17.64 from pot
AMA2347: doesn't show hand
*** SUMMARY ***
Total pot $18 | Rake $0.36
Board [Qc Qs 7c 9s]
Seat 1: AMA2347 (button) (small blind) collected ($17.64)
Seat 4: Agrotait (big blind) folded on the Turn


PokerStars Hand #175135723030:  Hold'em Limit ($3/$6 USD) - 2017/09/03 0:46:46 ET
Table 'Kresak' 6-max Seat #4 is the button
Seat 1: AMA2347 ($103.90 in chips)
Seat 4: Agrotait ($81.97 in chips)
Agrotait: posts small blind $1
AMA2347: posts big blind $3
*** HOLE CARDS ***
Agrotait: raises $3 to $6
AMA2347: calls $3
*** FLOP *** [8s Kc 2d]
AMA2347: checks
Agrotait: bets $3
AMA2347: folds
Uncalled bet ($3) returned to Agrotait
Agrotait collected $11.76 from pot
Agrotait: doesn't show hand
*** SUMMARY ***
Total pot $12 | Rake $0.24
Board [8s Kc 2d]
Seat 1: AMA2347 (big blind) folded on the Flop
Seat 4: Agrotait (button) (small blind) collected ($11.76)


PokerStars Hand #175135734121:  Hold'em Limit ($3/$6 USD) - 2017/09/03 0:47:30 ET
Table 'Kresak' 6-max Seat #4 is the button
Seat 1: AMA2347 ($106.54 in chips)
Seat 4: Agrotait ($78.73 in chips)
Agrotait: posts small blind $1
AMA2347: posts big blind $3
*** HOLE CARDS ***
Agrotait: raises $3 to $6
AMA2347: calls $3
*** FLOP *** [Kh Js Th]
AMA2347: checks
Agrotait: bets $3
AMA2347: folds
Uncalled bet ($3) returned to Agrotait
Agrotait collected $11.76 from pot
Agrotait: doesn't show hand
*** SUMMARY ***
Total pot $12 | Rake $0.24
Board [Kh Js Th]
Seat 1: AMA2347 (big blind) folded on the Flop
Seat 4: Agrotait (button) (small blind) collected ($11.76)


PokerStars Hand #175135739770:  Hold'em Limit ($3/$6 USD) - 2017/09/03 0:47:52 ET
Table 'Kresak' 6-max Seat #1 is the button
Seat 1: AMA2347 ($100.54 in chips)
Seat 4: Agrotait ($84.49 in chips)
AMA2347: posts small blind $1
Agrotait: posts big blind $3
*** HOLE CARDS ***
AMA2347: calls $2
Agrotait: checks
*** FLOP *** [Kd Qh 2h]
Agrotait: bets $3
AMA2347: raises $3 to $6
Agrotait: folds
Uncalled bet ($3) returned to AMA2347
AMA2347 collected $11.76 from pot
AMA2347: doesn't show hand
*** SUMMARY ***
Total pot $12 | Rake $0.24
Board [Kd Qh 2h]
Seat 1: AMA2347 (button) (small blind) collected ($11.76)
Seat 4: Agrotait (big blind) folded on the Flop


PokerStars Hand #175135748993:  Hold'em Limit ($3/$6 USD) - 2017/09/03 0:48:28 ET
Table 'Kresak' 6-max Seat #4 is the button
Seat 1: AMA2347 ($106.30 in chips)
Seat 4: Agrotait ($78.49 in chips)
Agrotait: posts small blind $1
AMA2347: posts big blind $3
*** HOLE CARDS ***
Agrotait: raises $3 to $6
AMA2347: raises $3 to $9
Agrotait: calls $3
*** FLOP *** [3h Qd 8d]
AMA2347: bets $3
Agrotait: calls $3
*** TURN *** [3h Qd 8d] [3s]
AMA2347: bets $6
Agrotait: calls $6
*** RIVER *** [3h Qd 8d 3s] [7s]
AMA2347: bets $6
Agrotait: folds
Uncalled bet ($6) returned to AMA2347
AMA2347 collected $35.50 from pot
AMA2347: doesn't show hand
*** SUMMARY ***
Total pot $36 | Rake $0.50
Board [3h Qd 8d 3s 7s]
Seat 1: AMA2347 (big blind) collected ($35.50)
Seat 4: Agrotait (button) (small blind) folded on the River


