PokerStars Hand #169234746599:  Hold'em Limit ($3/$6 USD) - 2017/04/18 17:54:44 ET
Table 'Kressida' 6-max Seat #4 is the button
Seat 3: cheungchina ($70.50 in chips)
Seat 4: Actionni13 ($151 in chips)
Actionni13: posts small blind $1
cheungchina: posts big blind $3
*** HOLE CARDS ***
Actionni13: folds
Uncalled bet ($2) returned to cheungchina
cheungchina collected $2 from pot
cheungchina: doesn't show hand
*** SUMMARY ***
Total pot $2 | Rake $0
Seat 3: cheungchina (big blind) collected ($2)
Seat 4: Actionni13 (button) (small blind) folded before Flop


PokerStars Hand #169234738721:  Hold'em Limit ($3/$6 USD) - 2017/04/18 17:54:34 ET
Table 'Kressida' 6-max Seat #3 is the button
Seat 3: cheungchina ($71.50 in chips)
Seat 4: Actionni13 ($150 in chips)
cheungchina: posts small blind $1
Actionni13: posts big blind $3
*** HOLE CARDS ***
cheungchina: folds
Uncalled bet ($2) returned to Actionni13
Actionni13 collected $2 from pot
Actionni13: doesn't show hand
*** SUMMARY ***
Total pot $2 | Rake $0
Seat 3: cheungchina (button) (small blind) folded before Flop
Seat 4: Actionni13 (big blind) collected ($2)


PokerStars Hand #169234717770:  Hold'em Limit ($3/$6 USD) - 2017/04/18 17:54:06 ET
Table 'Kressida' 6-max Seat #4 is the button
Seat 3: cheungchina ($51 in chips)
Seat 4: Actionni13 ($164.28 in chips)
Actionni13: posts small blind $1
cheungchina: posts big blind $3
*** HOLE CARDS ***
Actionni13: raises $3 to $6
cheungchina: calls $3
*** FLOP *** [6h 2s 8h]
cheungchina: checks
Actionni13: bets $3
cheungchina: calls $3
*** TURN *** [6h 2s 8h] [3s]
cheungchina: checks
Actionni13: bets $6
cheungchina: calls $6
*** RIVER *** [6h 2s 8h 3s] [6d]
cheungchina: bets $6
Actionni13: calls $6
*** SHOW DOWN ***
cheungchina: shows [8s Ts] (two pair, Eights and Sixes)
Actionni13: mucks hand
cheungchina collected $41.50 from pot
*** SUMMARY ***
Total pot $42 | Rake $0.50
Board [6h 2s 8h 3s 6d]
Seat 3: cheungchina (big blind) showed [8s Ts] and won ($41.50) with two pair, Eights and Sixes
Seat 4: Actionni13 (button) (small blind) mucked


PokerStars Hand #169234696159:  Hold'em Limit ($3/$6 USD) - 2017/04/18 17:53:39 ET
Table 'Kressida' 6-max Seat #4 is the button
Seat 3: cheungchina ($47 in chips)
Seat 4: Actionni13 ($168.28 in chips)
Actionni13: posts small blind $1
cheungchina: posts big blind $3
*** HOLE CARDS ***
Actionni13: folds
Uncalled bet ($2) returned to cheungchina
cheungchina collected $2 from pot
cheungchina: doesn't show hand
*** SUMMARY ***
Total pot $2 | Rake $0
Seat 3: cheungchina (big blind) collected ($2)
Seat 4: Actionni13 (button) (small blind) folded before Flop


PokerStars Hand #169234784483:  Hold'em Limit ($3/$6 USD) - 2017/04/18 17:55:38 ET
Table 'Kressida' 6-max Seat #3 is the button
Seat 3: cheungchina ($74.26 in chips)
Seat 4: Actionni13 ($150 in chips)
cheungchina: posts small blind $1
Actionni13: posts big blind $3
*** HOLE CARDS ***
cheungchina: folds
Uncalled bet ($2) returned to Actionni13
Burgal15 joins the table at seat #5
Actionni13 collected $2 from pot
Actionni13: doesn't show hand
*** SUMMARY ***
Total pot $2 | Rake $0
Seat 3: cheungchina (button) (small blind) folded before Flop
Seat 4: Actionni13 (big blind) collected ($2)


PokerStars Hand #169234776373:  Hold'em Limit ($3/$6 USD) - 2017/04/18 17:55:25 ET
Table 'Kressida' 6-max Seat #4 is the button
Seat 3: cheungchina ($68.50 in chips)
Seat 4: Actionni13 ($152.88 in chips)
Actionni13: posts small blind $1
cheungchina: posts big blind $3
*** HOLE CARDS ***
Actionni13: raises $3 to $6
cheungchina: calls $3
*** FLOP *** [Ah 9d 5h]
cheungchina: bets $3
Actionni13: folds
Uncalled bet ($3) returned to cheungchina
cheungchina collected $11.76 from pot
cheungchina: doesn't show hand
*** SUMMARY ***
Total pot $12 | Rake $0.24
Board [Ah 9d 5h]
Seat 3: cheungchina (big blind) collected ($11.76)
Seat 4: Actionni13 (button) (small blind) folded on the Flop


PokerStars Hand #169234772059:  Hold'em Limit ($3/$6 USD) - 2017/04/18 17:55:19 ET
Table 'Kressida' 6-max Seat #3 is the button
Seat 3: cheungchina ($65.50 in chips)
Seat 4: Actionni13 ($155.88 in chips)
cheungchina: posts small blind $1
Actionni13: posts big blind $3
*** HOLE CARDS ***
cheungchina: raises $3 to $6
Actionni13: folds
Uncalled bet ($3) returned to cheungchina
cheungchina collected $6 from pot
cheungchina: doesn't show hand
*** SUMMARY ***
Total pot $6 | Rake $0
Seat 3: cheungchina (button) (small blind) collected ($6)
Seat 4: Actionni13 (big blind) folded before Flop


PokerStars Hand #169234767406:  Hold'em Limit ($3/$6 USD) - 2017/04/18 17:55:11 ET
Table 'Kressida' 6-max Seat #4 is the button
Seat 3: cheungchina ($68.50 in chips)
Seat 4: Actionni13 ($152.88 in chips)
Actionni13: posts small blind $1
cheungchina: posts big blind $3
*** HOLE CARDS ***
Actionni13: raises $3 to $6
cheungchina: folds
Uncalled bet ($3) returned to Actionni13
Actionni13 collected $6 from pot
Actionni13: doesn't show hand
*** SUMMARY ***
Total pot $6 | Rake $0
Seat 3: cheungchina (big blind) folded before Flop
Seat 4: Actionni13 (button) (small blind) collected ($6)


PokerStars Hand #169234752114:  Hold'em Limit ($3/$6 USD) - 2017/04/18 17:54:51 ET
Table 'Kressida' 6-max Seat #3 is the button
Seat 3: cheungchina ($71.50 in chips)
Seat 4: Actionni13 ($150 in chips)
cheungchina: posts small blind $1
Actionni13: posts big blind $3
*** HOLE CARDS ***
cheungchina: calls $2
Actionni13: checks
*** FLOP *** [2c Ad 8s]
Actionni13: bets $3
cheungchina: folds
Uncalled bet ($3) returned to Actionni13
Actionni13 collected $5.88 from pot
Actionni13: doesn't show hand
*** SUMMARY ***
Total pot $6 | Rake $0.12
Board [2c Ad 8s]
Seat 3: cheungchina (button) (small blind) folded on the Flop
Seat 4: Actionni13 (big blind) collected ($5.88)


PokerStars Hand #169235440314:  Hold'em Limit ($3/$6 USD) - 2017/04/18 18:10:40 ET
Table 'Kressida' 6-max Seat #6 is the button
Seat 1: B_loJkl ($157.55 in chips)
Seat 6: Murshid ($89.60 in chips)
Murshid: posts small blind $1
B_loJkl: posts big blind $3
*** HOLE CARDS ***
Murshid: folds
Uncalled bet ($2) returned to B_loJkl
B_loJkl collected $2 from pot
B_loJkl: doesn't show hand
*** SUMMARY ***
Total pot $2 | Rake $0
Seat 1: B_loJkl (big blind) collected ($2)
Seat 6: Murshid (button) (small blind) folded before Flop


PokerStars Hand #169235416081:  Hold'em Limit ($3/$6 USD) - 2017/04/18 18:10:08 ET
Table 'Kressida' 6-max Seat #1 is the button
Seat 1: B_loJkl ($143.05 in chips)
Seat 6: Murshid ($104.60 in chips)
B_loJkl: posts small blind $1
skanQ: is sitting out
Murshid: posts big blind $3
*** HOLE CARDS ***
skanQ leaves the table
B_loJkl: raises $3 to $6
Murshid: calls $3
*** FLOP *** [Tc 9s 3s]
Murshid: checks
B_loJkl: bets $3
Murshid: calls $3
*** TURN *** [Tc 9s 3s] [8c]
Murshid: checks
B_loJkl: checks
*** RIVER *** [Tc 9s 3s 8c] [Jh]
Murshid: bets $6
B_loJkl: raises $6 to $12
Murshid: folds
Uncalled bet ($6) returned to B_loJkl
B_loJkl collected $29.50 from pot
B_loJkl: doesn't show hand
*** SUMMARY ***
Total pot $30 | Rake $0.50
Board [Tc 9s 3s 8c Jh]
Seat 1: B_loJkl (button) (small blind) collected ($29.50)
Seat 6: Murshid (big blind) folded on the River


PokerStars Hand #169235444218:  Hold'em Limit ($3/$6 USD) - 2017/04/18 18:10:45 ET
Table 'Kressida' 6-max Seat #1 is the button
Seat 1: B_loJkl ($158.55 in chips)
Seat 6: Murshid ($88.60 in chips)
B_loJkl: posts small blind $1
Murshid: posts big blind $3
*** HOLE CARDS ***
B_loJkl: raises $3 to $6
Murshid: folds
Uncalled bet ($3) returned to B_loJkl
B_loJkl collected $6 from pot
B_loJkl: doesn't show hand
*** SUMMARY ***
Total pot $6 | Rake $0
Seat 1: B_loJkl (button) (small blind) collected ($6)
Seat 6: Murshid (big blind) folded before Flop


PokerStars Hand #169235449084:  Hold'em Limit ($3/$6 USD) - 2017/04/18 18:10:51 ET
Table 'Kressida' 6-max Seat #6 is the button
Seat 1: B_loJkl ($161.55 in chips)
Seat 6: Murshid ($85.60 in chips)
Murshid: posts small blind $1
B_loJkl: posts big blind $3
*** HOLE CARDS ***
Murshid: raises $3 to $6
B_loJkl: calls $3
*** FLOP *** [Qh Td 6s]
B_loJkl: checks
Murshid: checks
*** TURN *** [Qh Td 6s] [8s]
B_loJkl: checks
Murshid: checks
*** RIVER *** [Qh Td 6s 8s] [Jd]
B_loJkl: checks
Murshid: checks
*** SHOW DOWN ***
B_loJkl: shows [Kd 2c] (high card King)
Murshid: shows [5c Kc] (high card King)
B_loJkl collected $5.88 from pot
Murshid collected $5.88 from pot
*** SUMMARY ***
Total pot $12 | Rake $0.24
Board [Qh Td 6s 8s Jd]
Seat 1: B_loJkl (big blind) showed [Kd 2c] and won ($5.88) with high card King
Seat 6: Murshid (button) (small blind) showed [5c Kc] and won ($5.88) with high card King


PokerStars Hand #169235476882:  Hold'em Limit ($3/$6 USD) - 2017/04/18 18:11:28 ET
Table 'Kressida' 6-max Seat #1 is the button
Seat 1: B_loJkl ($161.43 in chips)
Seat 6: Murshid ($85.48 in chips)
B_loJkl: posts small blind $1
Murshid: posts big blind $3
*** HOLE CARDS ***
B_loJkl: raises $3 to $6
Murshid: raises $3 to $9
B_loJkl: calls $3
*** FLOP *** [As 7d 8d]
Murshid: bets $3
B_loJkl: calls $3
*** TURN *** [As 7d 8d] [3s]
Murshid: bets $6
B_loJkl: calls $6
*** RIVER *** [As 7d 8d 3s] [Kh]
Murshid: checks
B_loJkl: checks
*** SHOW DOWN ***
Murshid: shows [6c 6d] (a pair of Sixes)
B_loJkl: mucks hand
Murshid collected $35.50 from pot
*** SUMMARY ***
Total pot $36 | Rake $0.50
Board [As 7d 8d 3s Kh]
Seat 1: B_loJkl (button) (small blind) mucked
Seat 6: Murshid (big blind) showed [6c 6d] and won ($35.50) with a pair of Sixes


PokerStars Hand #169235515123:  Hold'em Limit ($3/$6 USD) - 2017/04/18 18:12:19 ET
Table 'Kressida' 6-max Seat #6 is the button
Seat 1: B_loJkl ($143.43 in chips)
Seat 6: Murshid ($102.98 in chips)
Murshid: posts small blind $1
B_loJkl: posts big blind $3
*** HOLE CARDS ***
Murshid: raises $3 to $6
B_loJkl: calls $3
*** FLOP *** [2d 6c 7d]
B_loJkl: checks
Murshid: checks
*** TURN *** [2d 6c 7d] [7c]
B_loJkl: checks
Murshid: checks
*** RIVER *** [2d 6c 7d 7c] [3h]
B_loJkl: checks
Murshid: checks
*** SHOW DOWN ***
B_loJkl: shows [9d Qd] (a pair of Sevens)
Murshid: mucks hand
B_loJkl collected $11.76 from pot
*** SUMMARY ***
Total pot $12 | Rake $0.24
Board [2d 6c 7d 7c 3h]
Seat 1: B_loJkl (big blind) showed [9d Qd] and won ($11.76) with a pair of Sevens
Seat 6: Murshid (button) (small blind) mucked


PokerStars Hand #169235533996:  Hold'em Limit ($3/$6 USD) - 2017/04/18 18:12:44 ET
Table 'Kressida' 6-max Seat #1 is the button
Seat 1: B_loJkl ($149.19 in chips)
Seat 6: Murshid ($96.98 in chips)
B_loJkl: posts small blind $1
Burgal15 was removed from the table for failing to post
Murshid: posts big blind $3
*** HOLE CARDS ***
B_loJkl: raises $3 to $6
Murshid: folds
Uncalled bet ($3) returned to B_loJkl
B_loJkl collected $6 from pot
B_loJkl: doesn't show hand
*** SUMMARY ***
Total pot $6 | Rake $0
Seat 1: B_loJkl (button) (small blind) collected ($6)
Seat 6: Murshid (big blind) folded before Flop


PokerStars Hand #169235539872:  Hold'em Limit ($3/$6 USD) - 2017/04/18 18:12:52 ET
Table 'Kressida' 6-max Seat #6 is the button
Seat 1: B_loJkl ($152.19 in chips)
Seat 6: Murshid ($93.98 in chips)
Murshid: posts small blind $1
B_loJkl: posts big blind $3
*** HOLE CARDS ***
Murshid: raises $3 to $6
B_loJkl: calls $3
*** FLOP *** [7c Jh Ts]
B_loJkl: checks
Murshid: bets $3
B_loJkl: calls $3
*** TURN *** [7c Jh Ts] [7d]
B_loJkl: checks
Murshid: bets $6
B_loJkl: folds
Uncalled bet ($6) returned to Murshid
Murshid collected $17.64 from pot
Murshid: doesn't show hand
*** SUMMARY ***
Total pot $18 | Rake $0.36
Board [7c Jh Ts 7d]
Seat 1: B_loJkl (big blind) folded on the Turn
Seat 6: Murshid (button) (small blind) collected ($17.64)


PokerStars Hand #169235564919:  Hold'em Limit ($3/$6 USD) - 2017/04/18 18:13:26 ET
Table 'Kressida' 6-max Seat #1 is the button
Seat 1: B_loJkl ($143.19 in chips)
Seat 6: Murshid ($102.62 in chips)
B_loJkl: posts small blind $1
Jack_Wu1985 was removed from the table for failing to post
Actionni13 was removed from the table for failing to post
Murshid: posts big blind $3
*** HOLE CARDS ***
B_loJkl: raises $3 to $6
Murshid: folds
Uncalled bet ($3) returned to B_loJkl
B_loJkl collected $6 from pot
B_loJkl: doesn't show hand
*** SUMMARY ***
Total pot $6 | Rake $0
Seat 1: B_loJkl (button) (small blind) collected ($6)
Seat 6: Murshid (big blind) folded before Flop


PokerStars Hand #169235571133:  Hold'em Limit ($3/$6 USD) - 2017/04/18 18:13:35 ET
Table 'Kressida' 6-max Seat #6 is the button
Seat 1: B_loJkl ($146.19 in chips)
Seat 6: Murshid ($99.62 in chips)
Murshid: posts small blind $1
B_loJkl: posts big blind $3
*** HOLE CARDS ***
Murshid: raises $3 to $6
B_loJkl: calls $3
*** FLOP *** [Ac Qs 6c]
B_loJkl: checks
Murshid: bets $3
B_loJkl: folds
Uncalled bet ($3) returned to Murshid
Murshid collected $11.76 from pot
Murshid: doesn't show hand
*** SUMMARY ***
Total pot $12 | Rake $0.24
Board [Ac Qs 6c]
Seat 1: B_loJkl (big blind) folded on the Flop
Seat 6: Murshid (button) (small blind) collected ($11.76)


PokerStars Hand #169235585693:  Hold'em Limit ($3/$6 USD) - 2017/04/18 18:13:55 ET
Table 'Kressida' 6-max Seat #1 is the button
Seat 1: B_loJkl ($140.19 in chips)
Seat 6: Murshid ($105.38 in chips)
B_loJkl: posts small blind $1
Murshid: posts big blind $3
*** HOLE CARDS ***
Donald joins the table at seat #2
B_loJkl: raises $3 to $6
Murshid: folds
Uncalled bet ($3) returned to B_loJkl
B_loJkl collected $6 from pot
B_loJkl: doesn't show hand
*** SUMMARY ***
Total pot $6 | Rake $0
Seat 1: B_loJkl (button) (small blind) collected ($6)
Seat 6: Murshid (big blind) folded before Flop


PokerStars Hand #169235591457:  Hold'em Limit ($3/$6 USD) - 2017/04/18 18:14:02 ET
Table 'Kressida' 6-max Seat #6 is the button
Seat 1: B_loJkl ($143.19 in chips)
Seat 6: Murshid ($102.38 in chips)
Murshid: posts small blind $1
B_loJkl: posts big blind $3
*** HOLE CARDS ***
Murshid: raises $3 to $6
B_loJkl: calls $3
*** FLOP *** [Jd 9c 4s]
B_loJkl: checks
Murshid: checks
*** TURN *** [Jd 9c 4s] [Qc]
B_loJkl: checks
Murshid: checks
*** RIVER *** [Jd 9c 4s Qc] [5h]
B_loJkl: checks
Murshid: checks
*** SHOW DOWN ***
B_loJkl: shows [7d 3s] (high card Queen)
Murshid: shows [7s 6s] (high card Queen - Jack+Nine+Seven+Six kicker)
Murshid collected $11.76 from pot
*** SUMMARY ***
Total pot $12 | Rake $0.24
Board [Jd 9c 4s Qc 5h]
Seat 1: B_loJkl (big blind) showed [7d 3s] and lost with high card Queen
Seat 6: Murshid (button) (small blind) showed [7s 6s] and won ($11.76) with high card Queen


PokerStars Hand #169235680986:  Hold'em Limit ($3/$6 USD) - 2017/04/18 18:16:02 ET
Table 'Kressida' 6-max Seat #1 is the button
Seat 1: B_loJkl ($121.19 in chips)
Seat 2: Donald ($80.68 in chips)
B_loJkl: posts small blind $1
Donald: posts big blind $3
*** HOLE CARDS ***
B_loJkl: raises $3 to $6
Donald: calls $3
*** FLOP *** [Ad 8s 7d]
Donald: checks
B_loJkl: bets $3
Donald: folds
Uncalled bet ($3) returned to B_loJkl
B_loJkl collected $11.76 from pot
B_loJkl: doesn't show hand
*** SUMMARY ***
Total pot $12 | Rake $0.24
Board [Ad 8s 7d]
Seat 1: B_loJkl (button) (small blind) collected ($11.76)
Seat 2: Donald (big blind) folded on the Flop


