PokerStars Hand #156463332209:  Hold'em Limit ($3/$6 USD) - 2016/07/26 8:46:56 ET
Table 'Krethon' 6-max Seat #2 is the button
Seat 2: Fantomet ($204.58 in chips)
Seat 4: Agrotait ($72 in chips)
Fantomet: posts small blind $1
Agrotait: posts big blind $3
*** HOLE CARDS ***
Fantomet: raises $3 to $6
Headgtboy joins the table at seat #5
Agrotait: folds
Uncalled bet ($3) returned to Fantomet
Fantomet collected $6 from pot
*** SUMMARY ***
Total pot $6 | Rake $0
Seat 2: Fantomet (button) (small blind) collected ($6)
Seat 4: Agrotait (big blind) folded before Flop


PokerStars Hand #156464457349:  Hold'em Limit ($3/$6 USD) - 2016/07/26 9:24:29 ET
Table 'Krethon' 6-max Seat #4 is the button
Seat 4: mishosauga34 ($61.78 in chips)
Seat 5: Headgtboy ($90.31 in chips)
mishosauga34: posts small blind $1
Headgtboy: posts big blind $3
*** HOLE CARDS ***
mishosauga34: raises $3 to $6
Headgtboy: folds
Uncalled bet ($3) returned to mishosauga34
mishosauga34 collected $6 from pot
mishosauga34: doesn't show hand
*** SUMMARY ***
Total pot $6 | Rake $0
Seat 4: mishosauga34 (button) (small blind) collected ($6)
Seat 5: Headgtboy (big blind) folded before Flop


PokerStars Hand #156464454391:  Hold'em Limit ($3/$6 USD) - 2016/07/26 9:24:23 ET
Table 'Krethon' 6-max Seat #5 is the button
Seat 4: mishosauga34 ($60.78 in chips)
Seat 5: Headgtboy ($91.31 in chips)
Headgtboy: posts small blind $1
mishosauga34: posts big blind $3
*** HOLE CARDS ***
Headgtboy: folds
Uncalled bet ($2) returned to mishosauga34
mishosauga34 collected $2 from pot
mishosauga34: doesn't show hand
*** SUMMARY ***
Total pot $2 | Rake $0
Seat 4: mishosauga34 (big blind) collected ($2)
Seat 5: Headgtboy (button) (small blind) folded before Flop


PokerStars Hand #156464461814:  Hold'em Limit ($3/$6 USD) - 2016/07/26 9:24:37 ET
Table 'Krethon' 6-max Seat #5 is the button
Seat 4: mishosauga34 ($64.78 in chips)
Seat 5: Headgtboy ($87.31 in chips)
Headgtboy: posts small blind $1
mishosauga34: posts big blind $3
*** HOLE CARDS ***
Headgtboy: raises $3 to $6
Punkyfee leaves the table
mishosauga34: calls $3
*** FLOP *** [Js 6d 8d]
mishosauga34: checks
Headgtboy: bets $3
mishosauga34: raises $3 to $6
Headgtboy: calls $3
*** TURN *** [Js 6d 8d] [3h]
mishosauga34: bets $6
Headgtboy: calls $6
*** RIVER *** [Js 6d 8d 3h] [2c]
mishosauga34: bets $6
Headgtboy: calls $6
*** SHOW DOWN ***
mishosauga34: shows [Tc Jh] (a pair of Jacks)
Headgtboy: mucks hand
mishosauga34 collected $47.50 from pot
*** SUMMARY ***
Total pot $48 | Rake $0.50
Board [Js 6d 8d 3h 2c]
Seat 4: mishosauga34 (big blind) showed [Tc Jh] and won ($47.50) with a pair of Jacks
Seat 5: Headgtboy (button) (small blind) mucked


PokerStars Hand #156464475942:  Hold'em Limit ($3/$6 USD) - 2016/07/26 9:25:05 ET
Table 'Krethon' 6-max Seat #4 is the button
Seat 4: mishosauga34 ($88.28 in chips)
Seat 5: Headgtboy ($63.31 in chips)
mishosauga34: posts small blind $1
Headgtboy: posts big blind $3
*** HOLE CARDS ***
mishosauga34: raises $3 to $6
Headgtboy: calls $3
*** FLOP *** [9c Jd 8c]
Headgtboy: checks
mishosauga34: bets $3
Headgtboy: raises $3 to $6
mishosauga34: calls $3
*** TURN *** [9c Jd 8c] [Th]
Headgtboy: bets $6
mishosauga34: folds
Uncalled bet ($6) returned to Headgtboy
mishosauga34 leaves the table
Headgtboy collected $23.52 from pot
Headgtboy: doesn't show hand
*** SUMMARY ***
Total pot $24 | Rake $0.48
Board [9c Jd 8c Th]
Seat 4: mishosauga34 (button) (small blind) folded on the Turn
Seat 5: Headgtboy (big blind) collected ($23.52)


