PokerStars Hand #147022902791:  Hold'em Limit ($3/$6 USD) - 2016/01/14 10:46:35 ET
Table 'Krethon' 6-max Seat #5 is the button
Seat 4: scorpio04 ($219.17 in chips)
Seat 5: patrikskjold ($73 in chips)
patrikskjold: posts small blind $1
GRAILKO: is sitting out
scorpio04: posts big blind $3
*** HOLE CARDS ***
GRAILKO leaves the table
patrikskjold: raises $3 to $6
scorpio04: raises $3 to $9
patrikskjold: calls $3
*** FLOP *** [6s 3h Tc]
scorpio04: bets $3
patrikskjold: calls $3
*** TURN *** [6s 3h Tc] [7h]
scorpio04: checks
patrikskjold: bets $6
scorpio04: calls $6
*** RIVER *** [6s 3h Tc 7h] [9c]
scorpio04: bets $6
patrikskjold: folds
Uncalled bet ($6) returned to scorpio04
scorpio04 collected $35.50 from pot
scorpio04: doesn't show hand
*** SUMMARY ***
Total pot $36 | Rake $0.50
Board [6s 3h Tc 7h 9c]
Seat 4: scorpio04 (big blind) collected ($35.50)
Seat 5: patrikskjold (button) (small blind) folded on the River


PokerStars Hand #147025953328:  Hold'em Limit ($3/$6 USD) - 2016/01/14 11:46:23 ET
Table 'Krethon' 6-max Seat #4 is the button
Seat 3: julenchu ($165.74 in chips)
Seat 4: scorpio04 ($84.90 in chips)
scorpio04: posts small blind $1
kolaz03: is sitting out
julenchu: posts big blind $3
*** HOLE CARDS ***
scorpio04: folds
Uncalled bet ($2) returned to julenchu
julenchu collected $2 from pot
julenchu: doesn't show hand
*** SUMMARY ***
Total pot $2 | Rake $0
Seat 3: julenchu (big blind) collected ($2)
Seat 4: scorpio04 (button) (small blind) folded before Flop


