PokerStars Hand #166613037833:  Hold'em Limit ($3/$6 USD) - 2017/02/22 14:14:45 ET
Table 'Krethon II' 6-max Seat #4 is the button
Seat 3: Heroo187 ($82.42 in chips)
Seat 4: Azrarn ($121 in chips)
Azrarn: posts small blind $1
Heroo187: posts big blind $3
*** HOLE CARDS ***
Azrarn: raises $3 to $6
Heroo187: folds
Uncalled bet ($3) returned to Azrarn
Azrarn collected $6 from pot
*** SUMMARY ***
Total pot $6 | Rake $0
Seat 3: Heroo187 (big blind) folded before Flop
Seat 4: Azrarn (button) (small blind) collected ($6)


PokerStars Hand #166613048890:  Hold'em Limit ($3/$6 USD) - 2017/02/22 14:14:58 ET
Table 'Krethon II' 6-max Seat #3 is the button
Seat 3: Heroo187 ($79.42 in chips)
Seat 4: Azrarn ($124 in chips)
Heroo187: posts small blind $1
Azrarn: posts big blind $3
*** HOLE CARDS ***
Heroo187: raises $3 to $6
Azrarn: calls $3
*** FLOP *** [4d 5s Js]
Azrarn: checks
Heroo187: bets $3
Azrarn: folds
Uncalled bet ($3) returned to Heroo187
Heroo187 collected $11.76 from pot
Heroo187: doesn't show hand
*** SUMMARY ***
Total pot $12 | Rake $0.24
Board [4d 5s Js]
Seat 3: Heroo187 (button) (small blind) collected ($11.76)
Seat 4: Azrarn (big blind) folded on the Flop


PokerStars Hand #166613080445:  Hold'em Limit ($3/$6 USD) - 2017/02/22 14:15:34 ET
Table 'Krethon II' 6-max Seat #4 is the button
Seat 3: Heroo187 ($85.18 in chips)
Seat 4: Azrarn ($118 in chips)
Azrarn: posts small blind $1
Heroo187: posts big blind $3
*** HOLE CARDS ***
Azrarn: raises $3 to $6
Heroo187: raises $3 to $9
Azrarn: calls $3
*** FLOP *** [Qs 6c Jh]
Heroo187: bets $3
Azrarn: calls $3
*** TURN *** [Qs 6c Jh] [4h]
Heroo187: bets $6
Azrarn: folds
Uncalled bet ($6) returned to Heroo187
Heroo187 collected $23.52 from pot
Heroo187: doesn't show hand
*** SUMMARY ***
Total pot $24 | Rake $0.48
Board [Qs 6c Jh 4h]
Seat 3: Heroo187 (big blind) collected ($23.52)
Seat 4: Azrarn (button) (small blind) folded on the Turn


PokerStars Hand #166613094591:  Hold'em Limit ($3/$6 USD) - 2017/02/22 14:15:50 ET
Table 'Krethon II' 6-max Seat #3 is the button
Seat 3: Heroo187 ($96.70 in chips)
Seat 4: Azrarn ($106 in chips)
Heroo187: posts small blind $1
Azrarn: posts big blind $3
*** HOLE CARDS ***
Heroo187: raises $3 to $6
Azrarn: calls $3
*** FLOP *** [3s 8c As]
Azrarn: checks
Heroo187: bets $3
Azrarn: raises $3 to $6
Heroo187: calls $3
*** TURN *** [3s 8c As] [Jh]
Azrarn: bets $6
Heroo187: calls $6
*** RIVER *** [3s 8c As Jh] [Jd]
Azrarn: bets $6
Heroo187: calls $6
*** SHOW DOWN ***
Azrarn: shows [Ad 3c] (two pair, Aces and Jacks)
Heroo187: mucks hand
Azrarn collected $47.50 from pot
*** SUMMARY ***
Total pot $48 | Rake $0.50
Board [3s 8c As Jh Jd]
Seat 3: Heroo187 (button) (small blind) mucked
Seat 4: Azrarn (big blind) showed [Ad 3c] and won ($47.50) with two pair, Aces and Jacks


PokerStars Hand #166613171321:  Hold'em Limit ($3/$6 USD) - 2017/02/22 14:17:18 ET
Table 'Krethon II' 6-max Seat #3 is the button
Seat 3: Heroo187 ($54.70 in chips)
Seat 4: Azrarn ($147 in chips)
Heroo187: posts small blind $1
Azrarn: posts big blind $3
*** HOLE CARDS ***
Heroo187: folds
Uncalled bet ($2) returned to Azrarn
Azrarn collected $2 from pot
*** SUMMARY ***
Total pot $2 | Rake $0
Seat 3: Heroo187 (button) (small blind) folded before Flop
Seat 4: Azrarn (big blind) collected ($2)


PokerStars Hand #166613134856:  Hold'em Limit ($3/$6 USD) - 2017/02/22 14:16:35 ET
Table 'Krethon II' 6-max Seat #4 is the button
Seat 3: Heroo187 ($72.70 in chips)
Seat 4: Azrarn ($129.50 in chips)
Azrarn: posts small blind $1
Heroo187: posts big blind $3
*** HOLE CARDS ***
Azrarn: raises $3 to $6
Heroo187: calls $3
*** FLOP *** [9d Qd 2d]
Heroo187: checks
Azrarn: bets $3
Heroo187: raises $3 to $6
Azrarn: calls $3
*** TURN *** [9d Qd 2d] [Jh]
Heroo187: bets $6
Azrarn: calls $6
*** RIVER *** [9d Qd 2d Jh] [Tc]
Heroo187: checks
Azrarn: checks
*** SHOW DOWN ***
Heroo187: shows [2h 4h] (a pair of Deuces)
Azrarn: shows [3s Qh] (a pair of Queens)
Azrarn collected $35.50 from pot
*** SUMMARY ***
Total pot $36 | Rake $0.50
Board [9d Qd 2d Jh Tc]
Seat 3: Heroo187 (big blind) showed [2h 4h] and lost with a pair of Deuces
Seat 4: Azrarn (button) (small blind) showed [3s Qh] and won ($35.50) with a pair of Queens


PokerStars Hand #166613175054:  Hold'em Limit ($3/$6 USD) - 2017/02/22 14:17:23 ET
Table 'Krethon II' 6-max Seat #4 is the button
Seat 3: Heroo187 ($53.70 in chips)
Seat 4: Azrarn ($148 in chips)
Azrarn: posts small blind $1
Heroo187: posts big blind $3
*** HOLE CARDS ***
Azrarn: raises $3 to $6
Heroo187: folds
Uncalled bet ($3) returned to Azrarn
Azrarn collected $6 from pot
*** SUMMARY ***
Total pot $6 | Rake $0
Seat 3: Heroo187 (big blind) folded before Flop
Seat 4: Azrarn (button) (small blind) collected ($6)


PokerStars Hand #166613182419:  Hold'em Limit ($3/$6 USD) - 2017/02/22 14:17:31 ET
Table 'Krethon II' 6-max Seat #3 is the button
Seat 3: Heroo187 ($50.70 in chips)
Seat 4: Azrarn ($151 in chips)
Heroo187: posts small blind $1
Azrarn: posts big blind $3
*** HOLE CARDS ***
Heroo187: folds
Uncalled bet ($2) returned to Azrarn
Azrarn collected $2 from pot
*** SUMMARY ***
Total pot $2 | Rake $0
Seat 3: Heroo187 (button) (small blind) folded before Flop
Seat 4: Azrarn (big blind) collected ($2)


PokerStars Hand #166613186224:  Hold'em Limit ($3/$6 USD) - 2017/02/22 14:17:35 ET
Table 'Krethon II' 6-max Seat #4 is the button
Seat 3: Heroo187 ($49.70 in chips)
Seat 4: Azrarn ($152 in chips)
Azrarn: posts small blind $1
Heroo187: posts big blind $3
*** HOLE CARDS ***
Azrarn: raises $3 to $6
Heroo187: calls $3
*** FLOP *** [Jc Qc 7d]
Heroo187: checks
Azrarn: bets $3
Heroo187: calls $3
*** TURN *** [Jc Qc 7d] [6c]
Heroo187: checks
Azrarn: bets $6
Heroo187: raises $6 to $12
Azrarn: calls $6
*** RIVER *** [Jc Qc 7d 6c] [Qd]
Heroo187: bets $6
Azrarn: raises $6 to $12
Heroo187: folds
Uncalled bet ($6) returned to Azrarn
Azrarn collected $53.50 from pot
*** SUMMARY ***
Total pot $54 | Rake $0.50
Board [Jc Qc 7d 6c Qd]
Seat 3: Heroo187 (big blind) folded on the River
Seat 4: Azrarn (button) (small blind) collected ($53.50)


PokerStars Hand #166613228538:  Hold'em Limit ($3/$6 USD) - 2017/02/22 14:18:24 ET
Table 'Krethon II' 6-max Seat #3 is the button
Seat 3: Heroo187 ($22.70 in chips)
Seat 4: Azrarn ($178.50 in chips)
Heroo187: posts small blind $1
Azrarn: posts big blind $3
*** HOLE CARDS ***
Heroo187: folds
Uncalled bet ($2) returned to Azrarn
Azrarn collected $2 from pot
*** SUMMARY ***
Total pot $2 | Rake $0
Seat 3: Heroo187 (button) (small blind) folded before Flop
Seat 4: Azrarn (big blind) collected ($2)


PokerStars Hand #166613232363:  Hold'em Limit ($3/$6 USD) - 2017/02/22 14:18:28 ET
Table 'Krethon II' 6-max Seat #4 is the button
Seat 3: Heroo187 ($21.70 in chips)
Seat 4: Azrarn ($179.50 in chips)
Azrarn: posts small blind $1
Heroo187: posts big blind $3
*** HOLE CARDS ***
Azrarn: raises $3 to $6
Heroo187: raises $3 to $9
Azrarn: calls $3
*** FLOP *** [2h 3s 8d]
Heroo187: bets $3
Azrarn: calls $3
*** TURN *** [2h 3s 8d] [8h]
Heroo187: bets $6
Azrarn: folds
Uncalled bet ($6) returned to Heroo187
Heroo187 collected $23.52 from pot
Heroo187: doesn't show hand
*** SUMMARY ***
Total pot $24 | Rake $0.48
Board [2h 3s 8d 8h]
Seat 3: Heroo187 (big blind) collected ($23.52)
Seat 4: Azrarn (button) (small blind) folded on the Turn


PokerStars Hand #166613249273:  Hold'em Limit ($3/$6 USD) - 2017/02/22 14:18:47 ET
Table 'Krethon II' 6-max Seat #3 is the button
Seat 3: Heroo187 ($33.22 in chips)
Seat 4: Azrarn ($167.50 in chips)
Heroo187: posts small blind $1
Azrarn: posts big blind $3
*** HOLE CARDS ***
Heroo187: raises $3 to $6
Azrarn: calls $3
*** FLOP *** [Qc Qd 3h]
Azrarn: checks
Heroo187: bets $3
Azrarn: folds
Uncalled bet ($3) returned to Heroo187
Heroo187 collected $11.76 from pot
Heroo187: doesn't show hand
*** SUMMARY ***
Total pot $12 | Rake $0.24
Board [Qc Qd 3h]
Seat 3: Heroo187 (button) (small blind) collected ($11.76)
Seat 4: Azrarn (big blind) folded on the Flop


PokerStars Hand #166613280801:  Hold'em Limit ($3/$6 USD) - 2017/02/22 14:19:23 ET
Table 'Krethon II' 6-max Seat #4 is the button
Seat 3: Heroo187 ($38.98 in chips)
Seat 4: Azrarn ($161.50 in chips)
Azrarn: posts small blind $1
Heroo187: posts big blind $3
*** HOLE CARDS ***
Azrarn: raises $3 to $6
Heroo187: calls $3
*** FLOP *** [3d 4d 6d]
Heroo187: checks
Azrarn: bets $3
Heroo187: folds
Uncalled bet ($3) returned to Azrarn
Azrarn collected $11.76 from pot
*** SUMMARY ***
Total pot $12 | Rake $0.24
Board [3d 4d 6d]
Seat 3: Heroo187 (big blind) folded on the Flop
Seat 4: Azrarn (button) (small blind) collected ($11.76)


PokerStars Hand #166613292302:  Hold'em Limit ($3/$6 USD) - 2017/02/22 14:19:36 ET
Table 'Krethon II' 6-max Seat #3 is the button
Seat 3: Heroo187 ($32.98 in chips)
Seat 4: Azrarn ($167.26 in chips)
Heroo187: posts small blind $1
Azrarn: posts big blind $3
*** HOLE CARDS ***
Heroo187: raises $3 to $6
Azrarn: folds
Uncalled bet ($3) returned to Heroo187
Heroo187 collected $6 from pot
Heroo187: doesn't show hand
*** SUMMARY ***
Total pot $6 | Rake $0
Seat 3: Heroo187 (button) (small blind) collected ($6)
Seat 4: Azrarn (big blind) folded before Flop


PokerStars Hand #166613303584:  Hold'em Limit ($3/$6 USD) - 2017/02/22 14:19:49 ET
Table 'Krethon II' 6-max Seat #4 is the button
Seat 3: Heroo187 ($35.98 in chips)
Seat 4: Azrarn ($164.26 in chips)
Azrarn: posts small blind $1
Heroo187: posts big blind $3
*** HOLE CARDS ***
Azrarn: raises $3 to $6
Heroo187: calls $3
*** FLOP *** [2h 3d Ah]
Heroo187: bets $3
Azrarn: calls $3
*** TURN *** [2h 3d Ah] [5d]
Heroo187: bets $6
Azrarn: raises $6 to $12
Heroo187: calls $6
*** RIVER *** [2h 3d Ah 5d] [9c]
Heroo187: checks
Azrarn: bets $6
Heroo187: calls $6
*** SHOW DOWN ***
Azrarn: shows [8h 4d] (a straight, Ace to Five)
Heroo187: mucks hand
Azrarn collected $53.50 from pot
*** SUMMARY ***
Total pot $54 | Rake $0.50
Board [2h 3d Ah 5d 9c]
Seat 3: Heroo187 (big blind) mucked
Seat 4: Azrarn (button) (small blind) showed [8h 4d] and won ($53.50) with a straight, Ace to Five


PokerStars Hand #166613347082:  Hold'em Limit ($3/$6 USD) - 2017/02/22 14:20:38 ET
Table 'Krethon II' 6-max Seat #4 is the button
Seat 3: Heroo187 ($17.60 in chips)
Seat 4: Azrarn ($181.78 in chips)
Azrarn: posts small blind $1
Heroo187: posts big blind $3
*** HOLE CARDS ***
Azrarn: raises $3 to $6
Heroo187: folds
Uncalled bet ($3) returned to Azrarn
Azrarn collected $6 from pot
*** SUMMARY ***
Total pot $6 | Rake $0
Seat 3: Heroo187 (big blind) folded before Flop
Seat 4: Azrarn (button) (small blind) collected ($6)


PokerStars Hand #166613333061:  Hold'em Limit ($3/$6 USD) - 2017/02/22 14:20:23 ET
Table 'Krethon II' 6-max Seat #3 is the button
Seat 3: Heroo187 ($8.98 in chips)
Seat 4: Azrarn ($190.76 in chips)
Heroo187: posts small blind $1
Azrarn: posts big blind $3
*** HOLE CARDS ***
Heroo187: raises $3 to $6
Azrarn: raises $3 to $9
Heroo187: calls $2.98 and is all-in
Uncalled bet ($0.02) returned to Azrarn
*** FLOP *** [4c 4d Qh]
*** TURN *** [4c 4d Qh] [3h]
*** RIVER *** [4c 4d Qh 3h] [Jc]
*** SHOW DOWN ***
Azrarn: shows [5d 3c] (two pair, Fours and Threes)
Heroo187: shows [Qc 9c] (two pair, Queens and Fours)
Heroo187 collected $17.60 from pot
*** SUMMARY ***
Total pot $17.96 | Rake $0.36
Board [4c 4d Qh 3h Jc]
Seat 3: Heroo187 (button) (small blind) showed [Qc 9c] and won ($17.60) with two pair, Queens and Fours
Seat 4: Azrarn (big blind) showed [5d 3c] and lost with two pair, Fours and Threes


PokerStars Hand #166613354261:  Hold'em Limit ($3/$6 USD) - 2017/02/22 14:20:46 ET
Table 'Krethon II' 6-max Seat #3 is the button
Seat 3: Heroo187 ($14.60 in chips)
Seat 4: Azrarn ($184.78 in chips)
Heroo187: posts small blind $1
Azrarn: posts big blind $3
*** HOLE CARDS ***
Heroo187: raises $3 to $6
Azrarn: calls $3
*** FLOP *** [7s 6h 3h]
Azrarn: checks
Heroo187: bets $3
Azrarn: raises $3 to $6
Heroo187: raises $2.60 to $8.60 and is all-in
Azrarn: calls $2.60
*** TURN *** [7s 6h 3h] [Ad]
*** RIVER *** [7s 6h 3h Ad] [8c]
*** SHOW DOWN ***
Azrarn: shows [3s Qc] (a pair of Threes)
Heroo187: shows [6d Kd] (a pair of Sixes)
Heroo187 collected $28.70 from pot
*** SUMMARY ***
Total pot $29.20 | Rake $0.50
Board [7s 6h 3h Ad 8c]
Seat 3: Heroo187 (button) (small blind) showed [6d Kd] and won ($28.70) with a pair of Sixes
Seat 4: Azrarn (big blind) showed [3s Qc] and lost with a pair of Threes


PokerStars Hand #166613372984:  Hold'em Limit ($3/$6 USD) - 2017/02/22 14:21:07 ET
Table 'Krethon II' 6-max Seat #3 is the button
Seat 3: Heroo187 ($25.70 in chips)
Seat 4: Azrarn ($173.18 in chips)
Heroo187: posts small blind $1
Azrarn: posts big blind $3
*** HOLE CARDS ***
Heroo187: raises $3 to $6
Azrarn: calls $3
*** FLOP *** [8s 5h Qc]
Azrarn: checks
Heroo187: bets $3
Azrarn: raises $3 to $6
Heroo187: calls $3
*** TURN *** [8s 5h Qc] [8d]
Azrarn: bets $6
Heroo187: raises $6 to $12
Azrarn: raises $6 to $18
Heroo187: calls $1.70 and is all-in
Uncalled bet ($4.30) returned to Azrarn
*** RIVER *** [8s 5h Qc 8d] [Ac]
*** SHOW DOWN ***
Azrarn: shows [Qs Td] (two pair, Queens and Eights)
Heroo187: shows [Qh 9d] (two pair, Queens and Eights)
Azrarn collected $25.45 from pot
Heroo187 collected $25.45 from pot
*** SUMMARY ***
Total pot $51.40 | Rake $0.50
Board [8s 5h Qc 8d Ac]
Seat 3: Heroo187 (button) (small blind) showed [Qh 9d] and won ($25.45) with two pair, Queens and Eights
Seat 4: Azrarn (big blind) showed [Qs Td] and won ($25.45) with two pair, Queens and Eights


PokerStars Hand #166613368427:  Hold'em Limit ($3/$6 USD) - 2017/02/22 14:21:02 ET
Table 'Krethon II' 6-max Seat #4 is the button
Seat 3: Heroo187 ($28.70 in chips)
Seat 4: Azrarn ($170.18 in chips)
Azrarn: posts small blind $1
Heroo187: posts big blind $3
*** HOLE CARDS ***
Azrarn: raises $3 to $6
Heroo187: folds
Uncalled bet ($3) returned to Azrarn
Azrarn collected $6 from pot
*** SUMMARY ***
Total pot $6 | Rake $0
Seat 3: Heroo187 (big blind) folded before Flop
Seat 4: Azrarn (button) (small blind) collected ($6)


PokerStars Hand #166613392998:  Hold'em Limit ($3/$6 USD) - 2017/02/22 14:21:30 ET
Table 'Krethon II' 6-max Seat #4 is the button
Seat 3: Heroo187 ($25.45 in chips)
Seat 4: Azrarn ($172.93 in chips)
Azrarn: posts small blind $1
Heroo187: posts big blind $3
*** HOLE CARDS ***
Azrarn: raises $3 to $6
Heroo187: raises $3 to $9
Azrarn: calls $3
*** FLOP *** [9s 8c Jc]
Heroo187: bets $3
Azrarn: calls $3
*** TURN *** [9s 8c Jc] [6c]
Heroo187: bets $6
Azrarn: calls $6
*** RIVER *** [9s 8c Jc 6c] [6s]
Heroo187: bets $6
Azrarn: calls $6
*** SHOW DOWN ***
Heroo187: shows [9d Qd] (two pair, Nines and Sixes)
Azrarn: mucks hand
Heroo187 collected $47.50 from pot
*** SUMMARY ***
Total pot $48 | Rake $0.50
Board [9s 8c Jc 6c 6s]
Seat 3: Heroo187 (big blind) showed [9d Qd] and won ($47.50) with two pair, Nines and Sixes
Seat 4: Azrarn (button) (small blind) mucked


PokerStars Hand #166613430586:  Hold'em Limit ($3/$6 USD) - 2017/02/22 14:22:11 ET
Table 'Krethon II' 6-max Seat #3 is the button
Seat 3: Heroo187 ($48.95 in chips)
Seat 4: Azrarn ($148.93 in chips)
Heroo187: posts small blind $1
Azrarn: posts big blind $3
*** HOLE CARDS ***
Heroo187: raises $3 to $6
Azrarn: calls $3
*** FLOP *** [Qh 7d 6c]
Azrarn: checks
Heroo187: bets $3
Azrarn: calls $3
*** TURN *** [Qh 7d 6c] [Ks]
nimzon joins the table at seat #1
Azrarn: bets $6
laubes04 joins the table at seat #6
Heroo187: raises $6 to $12
Azrarn: folds
Uncalled bet ($6) returned to Heroo187
nimzon leaves the table
Heroo187 collected $29.50 from pot
Heroo187: doesn't show hand
*** SUMMARY ***
Total pot $30 | Rake $0.50
Board [Qh 7d 6c Ks]
Seat 3: Heroo187 (button) (small blind) collected ($29.50)
Seat 4: Azrarn (big blind) folded on the Turn


PokerStars Hand #166613525676:  Hold'em Limit ($3/$6 USD) - 2017/02/22 14:23:57 ET
Table 'Krethon II' 6-max Seat #3 is the button
Seat 3: Heroo187 ($65.45 in chips)
Seat 6: laubes04 ($115.47 in chips)
Heroo187: posts small blind $1
laubes04: posts big blind $3
*** HOLE CARDS ***
Heroo187: folds
Uncalled bet ($2) returned to laubes04
Apanage joins the table at seat #4
laubes04 collected $2 from pot
laubes04: doesn't show hand
*** SUMMARY ***
Total pot $2 | Rake $0
Seat 3: Heroo187 (button) (small blind) folded before Flop
Seat 6: laubes04 (big blind) collected ($2)


PokerStars Hand #166613529767:  Hold'em Limit ($3/$6 USD) - 2017/02/22 14:24:01 ET
Table 'Krethon II' 6-max Seat #6 is the button
Seat 3: Heroo187 ($64.45 in chips)
Seat 6: laubes04 ($116.47 in chips)
laubes04: posts small blind $1
Heroo187: posts big blind $3
*** HOLE CARDS ***
laubes04: raises $3 to $6
Heroo187: folds
Uncalled bet ($3) returned to laubes04
laubes04 collected $6 from pot
laubes04: doesn't show hand
*** SUMMARY ***
Total pot $6 | Rake $0
Seat 3: Heroo187 (big blind) folded before Flop
Seat 6: laubes04 (button) (small blind) collected ($6)


PokerStars Hand #166613607511:  Hold'em Limit ($3/$6 USD) - 2017/02/22 14:25:28 ET
Table 'Krethon II' 6-max Seat #4 is the button
Seat 4: Apanage ($119.27 in chips)
Seat 6: laubes04 ($137.06 in chips)
Apanage: posts small blind $1
laubes04: posts big blind $3
*** HOLE CARDS ***
Apanage: raises $3 to $6
Heroo187 leaves the table
laubes04: folds
Uncalled bet ($3) returned to Apanage
Apanage collected $6 from pot
Apanage: doesn't show hand
*** SUMMARY ***
Total pot $6 | Rake $0
Seat 4: Apanage (button) (small blind) collected ($6)
Seat 6: laubes04 (big blind) folded before Flop


