PokerStars Hand #149570812076:  Hold'em Limit ($3/$6 USD) - 2016/02/28 14:01:12 ET
Table 'Krethon II' 6-max Seat #4 is the button
Seat 3: Mudager ($152.50 in chips)
Seat 4: feilinho ($87 in chips)
feilinho: posts small blind $1
Mudager: posts big blind $3
*** HOLE CARDS ***
feilinho: raises $3 to $6
Mudager: calls $3
*** FLOP *** [Ks 6c Ts]
Mudager: checks
feilinho: bets $3
Mudager: raises $3 to $6
feilinho: calls $3
*** TURN *** [Ks 6c Ts] [Js]
Mudager: bets $6
feilinho: calls $6
*** RIVER *** [Ks 6c Ts Js] [4d]
Mudager: bets $6
feilinho: folds
Uncalled bet ($6) returned to Mudager
Mudager collected $35.50 from pot
Mudager: doesn't show hand
*** SUMMARY ***
Total pot $36 | Rake $0.50
Board [Ks 6c Ts Js 4d]
Seat 3: Mudager (big blind) collected ($35.50)
Seat 4: feilinho (button) (small blind) folded on the River


PokerStars Hand #149570835759:  Hold'em Limit ($3/$6 USD) - 2016/02/28 14:01:36 ET
Table 'Krethon II' 6-max Seat #3 is the button
Seat 3: Mudager ($170 in chips)
Seat 4: feilinho ($69 in chips)
Mudager: posts small blind $1
feilinho: posts big blind $3
*** HOLE CARDS ***
Mudager: raises $3 to $6
feilinho: calls $3
*** FLOP *** [6d Jh 2c]
feilinho: checks
Mudager: bets $3
feilinho: raises $3 to $6
Mudager: folds
Uncalled bet ($3) returned to feilinho
feilinho collected $17.64 from pot
feilinho: doesn't show hand
*** SUMMARY ***
Total pot $18 | Rake $0.36
Board [6d Jh 2c]
Seat 3: Mudager (button) (small blind) folded on the Flop
Seat 4: feilinho (big blind) collected ($17.64)


PokerStars Hand #149570855156:  Hold'em Limit ($3/$6 USD) - 2016/02/28 14:01:55 ET
Table 'Krethon II' 6-max Seat #4 is the button
Seat 3: Mudager ($161 in chips)
Seat 4: feilinho ($77.64 in chips)
feilinho: posts small blind $1
Mudager: posts big blind $3
*** HOLE CARDS ***
feilinho: raises $3 to $6
Mudager: calls $3
*** FLOP *** [2s 7s Kd]
Mudager: checks
feilinho: checks
*** TURN *** [2s 7s Kd] [5d]
kolaz03 joins the table at seat #5
Mudager: checks
feilinho: checks
*** RIVER *** [2s 7s Kd 5d] [Qh]
Mudager: checks
feilinho: bets $6
Mudager: folds
Uncalled bet ($6) returned to feilinho
feilinho collected $11.76 from pot
feilinho: doesn't show hand
*** SUMMARY ***
Total pot $12 | Rake $0.24
Board [2s 7s Kd 5d Qh]
Seat 3: Mudager (big blind) folded on the River
Seat 4: feilinho (button) (small blind) collected ($11.76)


PokerStars Hand #149570920225:  Hold'em Limit ($3/$6 USD) - 2016/02/28 14:02:53 ET
Table 'Krethon II' 6-max Seat #5 is the button
Seat 4: feilinho ($73.40 in chips)
Seat 5: kolaz03 ($72 in chips)
kolaz03: posts small blind $1
Mudager: is sitting out
feilinho: posts big blind $3
*** HOLE CARDS ***
kolaz03: raises $3 to $6
gigouli55 joins the table at seat #2
feilinho: calls $3
*** FLOP *** [3h 3c 6c]
feilinho: checks
Mudager leaves the table
kolaz03: bets $3
feilinho: calls $3
*** TURN *** [3h 3c 6c] [6d]
feilinho: checks
kolaz03: checks
*** RIVER *** [3h 3c 6c 6d] [5h]
feilinho: checks
kolaz03: bets $6
feilinho: calls $6
*** SHOW DOWN ***
kolaz03: shows [7c 9d] (two pair, Sixes and Threes)
feilinho: shows [Ts Qh] (two pair, Sixes and Threes - Queen kicker)
feilinho collected $29.50 from pot
*** SUMMARY ***
Total pot $30 | Rake $0.50
Board [3h 3c 6c 6d 5h]
Seat 4: feilinho (big blind) showed [Ts Qh] and won ($29.50) with two pair, Sixes and Threes
Seat 5: kolaz03 (button) (small blind) showed [7c 9d] and lost with two pair, Sixes and Threes


PokerStars Hand #149570943750:  Hold'em Limit ($3/$6 USD) - 2016/02/28 14:03:17 ET
Table 'Krethon II' 6-max Seat #4 is the button
Seat 4: feilinho ($87.90 in chips)
Seat 5: kolaz03 ($72 in chips)
feilinho: posts small blind $1
kolaz03: posts big blind $3
*** HOLE CARDS ***
feilinho: raises $3 to $6
kolaz03: calls $3
*** FLOP *** [7c Td Jd]
kolaz03: checks
feilinho: bets $3
kolaz03: folds
Uncalled bet ($3) returned to feilinho
feilinho collected $11.76 from pot
feilinho: doesn't show hand
*** SUMMARY ***
Total pot $12 | Rake $0.24
Board [7c Td Jd]
Seat 4: feilinho (button) (small blind) collected ($11.76)
Seat 5: kolaz03 (big blind) folded on the Flop


PokerStars Hand #149571320607:  Hold'em Limit ($3/$6 USD) - 2016/02/28 14:08:52 ET
Table 'Krethon II' 6-max Seat #5 is the button
Seat 2: gigouli55 ($32.02 in chips)
Seat 5: kolaz03 ($181.21 in chips)
kolaz03: posts small blind $1
gigouli55: posts big blind $3
*** HOLE CARDS ***
kolaz03: raises $3 to $6
gigouli55: calls $3
*** FLOP *** [9c 5c Jd]
gigouli55: bets $3
kolaz03: calls $3
*** TURN *** [9c 5c Jd] [Ad]
gigouli55: bets $6
kolaz03: calls $6
*** RIVER *** [9c 5c Jd Ad] [Qc]
gigouli55: bets $6
kolaz03: raises $6 to $12
gigouli55: raises $5.02 to $17.02 and is all-in
kolaz03: calls $5.02
*** SHOW DOWN ***
gigouli55: shows [8s Tc] (a straight, Eight to Queen)
kolaz03: shows [6c 4c] (a flush, Queen high)
kolaz03 collected $63.54 from pot
*** SUMMARY ***
Total pot $64.04 | Rake $0.50
Board [9c 5c Jd Ad Qc]
Seat 2: gigouli55 (big blind) showed [8s Tc] and lost with a straight, Eight to Queen
Seat 5: kolaz03 (button) (small blind) showed [6c 4c] and won ($63.54) with a flush, Queen high


PokerStars Hand #149571315453:  Hold'em Limit ($3/$6 USD) - 2016/02/28 14:08:47 ET
Table 'Krethon II' 6-max Seat #2 is the button
Seat 2: gigouli55 ($33.02 in chips)
Seat 5: kolaz03 ($180.21 in chips)
gigouli55: posts small blind $1
kolaz03: posts big blind $3
*** HOLE CARDS ***
gigouli55: folds
Uncalled bet ($2) returned to kolaz03
kolaz03 collected $2 from pot
kolaz03: doesn't show hand
*** SUMMARY ***
Total pot $2 | Rake $0
Seat 2: gigouli55 (button) (small blind) folded before Flop
Seat 5: kolaz03 (big blind) collected ($2)


PokerStars Hand #149571308731:  Hold'em Limit ($3/$6 USD) - 2016/02/28 14:08:41 ET
Table 'Krethon II' 6-max Seat #5 is the button
Seat 2: gigouli55 ($36.02 in chips)
Seat 5: kolaz03 ($177.21 in chips)
kolaz03: posts small blind $1
gigouli55: posts big blind $3
*** HOLE CARDS ***
kolaz03: raises $3 to $6
gigouli55: folds
Uncalled bet ($3) returned to kolaz03
kolaz03 collected $6 from pot
kolaz03: doesn't show hand
*** SUMMARY ***
Total pot $6 | Rake $0
Seat 2: gigouli55 (big blind) folded before Flop
Seat 5: kolaz03 (button) (small blind) collected ($6)


PokerStars Hand #149571289328:  Hold'em Limit ($3/$6 USD) - 2016/02/28 14:08:24 ET
Table 'Krethon II' 6-max Seat #2 is the button
Seat 2: gigouli55 ($48.02 in chips)
Seat 5: kolaz03 ($165.69 in chips)
gigouli55: posts small blind $1
feilinho: is sitting out
kolaz03: posts big blind $3
*** HOLE CARDS ***
feilinho leaves the table
gigouli55: raises $3 to $6
kolaz03: calls $3
*** FLOP *** [Ac Kc Ah]
kolaz03: checks
gigouli55: bets $3
kolaz03: raises $3 to $6
gigouli55: calls $3
*** TURN *** [Ac Kc Ah] [Jh]
kolaz03: bets $6
gigouli55: folds
Uncalled bet ($6) returned to kolaz03
kolaz03 collected $23.52 from pot
kolaz03: doesn't show hand
*** SUMMARY ***
Total pot $24 | Rake $0.48
Board [Ac Kc Ah Jh]
Seat 2: gigouli55 (button) (small blind) folded on the Turn
Seat 5: kolaz03 (big blind) collected ($23.52)


