PokerStars Hand #166238504926:  Hold'em Limit ($3/$6 USD) - 2017/02/15 5:49:26 ET
Table 'Krethon' 6-max Seat #1 is the button
Seat 1: TbIP-TbIP 88 ($72 in chips)
Seat 6: XJZD ($120 in chips)
TbIP-TbIP 88: posts small blind $1
MTails has timed out
MTails: is sitting out
XJZD: posts big blind $3
*** HOLE CARDS ***
TbIP-TbIP 88: raises $3 to $6
XJZD: calls $3
*** FLOP *** [9h As 3c]
XJZD: checks
TbIP-TbIP 88: bets $3
XJZD: folds
Uncalled bet ($3) returned to TbIP-TbIP 88
TbIP-TbIP 88 collected $11.76 from pot
TbIP-TbIP 88: doesn't show hand
*** SUMMARY ***
Total pot $12 | Rake $0.24
Board [9h As 3c]
Seat 1: TbIP-TbIP 88 (button) (small blind) collected ($11.76)
Seat 6: XJZD (big blind) folded on the Flop


PokerStars Hand #166238545531:  Hold'em Limit ($3/$6 USD) - 2017/02/15 5:50:58 ET
Table 'Krethon' 6-max Seat #6 is the button
Seat 1: TbIP-TbIP 88 ($77.40 in chips)
Seat 6: XJZD ($113.64 in chips)
XJZD: posts small blind $1
TbIP-TbIP 88: posts big blind $3
*** HOLE CARDS ***
XJZD: raises $3 to $6
TbIP-TbIP 88: calls $3
*** FLOP *** [2d Ac 5h]
TbIP-TbIP 88: checks
XJZD: bets $3
TbIP-TbIP 88: folds
Uncalled bet ($3) returned to XJZD
XJZD collected $11.76 from pot
XJZD: doesn't show hand
*** SUMMARY ***
Total pot $12 | Rake $0.24
Board [2d Ac 5h]
Seat 1: TbIP-TbIP 88 (big blind) folded on the Flop
Seat 6: XJZD (button) (small blind) collected ($11.76)


PokerStars Hand #166238537870:  Hold'em Limit ($3/$6 USD) - 2017/02/15 5:50:41 ET
Table 'Krethon' 6-max Seat #1 is the button
Seat 1: TbIP-TbIP 88 ($86.40 in chips)
Seat 6: XJZD ($105 in chips)
TbIP-TbIP 88: posts small blind $1
XJZD: posts big blind $3
*** HOLE CARDS ***
TbIP-TbIP 88: raises $3 to $6
XJZD: raises $3 to $9
TbIP-TbIP 88: calls $3
*** FLOP *** [2h Ts 2s]
XJZD: bets $3
TbIP-TbIP 88: folds
Uncalled bet ($3) returned to XJZD
XJZD collected $17.64 from pot
XJZD: doesn't show hand
*** SUMMARY ***
Total pot $18 | Rake $0.36
Board [2h Ts 2s]
Seat 1: TbIP-TbIP 88 (button) (small blind) folded on the Flop
Seat 6: XJZD (big blind) collected ($17.64)


PokerStars Hand #166238527102:  Hold'em Limit ($3/$6 USD) - 2017/02/15 5:50:17 ET
Table 'Krethon' 6-max Seat #6 is the button
Seat 1: TbIP-TbIP 88 ($77.76 in chips)
Seat 6: XJZD ($114 in chips)
XJZD: posts small blind $1
TbIP-TbIP 88: posts big blind $3
*** HOLE CARDS ***
XJZD: raises $3 to $6
TbIP-TbIP 88: calls $3
*** FLOP *** [7d 9h 9c]
TbIP-TbIP 88: checks
XJZD: bets $3
TbIP-TbIP 88: calls $3
*** TURN *** [7d 9h 9c] [2d]
TbIP-TbIP 88: checks
XJZD: checks
*** RIVER *** [7d 9h 9c 2d] [8d]
TbIP-TbIP 88: checks
XJZD: checks
*** SHOW DOWN ***
TbIP-TbIP 88: shows [Kc Qh] (a pair of Nines)
XJZD: mucks hand
TbIP-TbIP 88 collected $17.64 from pot
*** SUMMARY ***
Total pot $18 | Rake $0.36
Board [7d 9h 9c 2d 8d]
Seat 1: TbIP-TbIP 88 (big blind) showed [Kc Qh] and won ($17.64) with a pair of Nines
Seat 6: XJZD (button) (small blind) mucked


PokerStars Hand #166238563286:  Hold'em Limit ($3/$6 USD) - 2017/02/15 5:51:39 ET
Table 'Krethon' 6-max Seat #6 is the button
Seat 1: TbIP-TbIP 88 ($72 in chips)
Seat 6: XJZD ($120.40 in chips)
XJZD: posts small blind $1
TbIP-TbIP 88: posts big blind $3
*** HOLE CARDS ***
XJZD: folds
Uncalled bet ($2) returned to TbIP-TbIP 88
TbIP-TbIP 88 collected $2 from pot
TbIP-TbIP 88: doesn't show hand
*** SUMMARY ***
Total pot $2 | Rake $0
Seat 1: TbIP-TbIP 88 (big blind) collected ($2)
Seat 6: XJZD (button) (small blind) folded before Flop


PokerStars Hand #166238565587:  Hold'em Limit ($3/$6 USD) - 2017/02/15 5:51:44 ET
Table 'Krethon' 6-max Seat #1 is the button
Seat 1: TbIP-TbIP 88 ($73 in chips)
Seat 6: XJZD ($119.40 in chips)
TbIP-TbIP 88: posts small blind $1
XJZD: posts big blind $3
*** HOLE CARDS ***
TbIP-TbIP 88: raises $3 to $6
XJZD: calls $3
*** FLOP *** [3d 6c 6s]
XJZD: checks
TbIP-TbIP 88: checks
*** TURN *** [3d 6c 6s] [9s]
XJZD: bets $6
TbIP-TbIP 88: raises $6 to $12
XJZD: folds
Uncalled bet ($6) returned to TbIP-TbIP 88
TbIP-TbIP 88 collected $23.52 from pot
TbIP-TbIP 88: doesn't show hand
*** SUMMARY ***
Total pot $24 | Rake $0.48
Board [3d 6c 6s 9s]
Seat 1: TbIP-TbIP 88 (button) (small blind) collected ($23.52)
Seat 6: XJZD (big blind) folded on the Turn


PokerStars Hand #166238557035:  Hold'em Limit ($3/$6 USD) - 2017/02/15 5:51:25 ET
Table 'Krethon' 6-max Seat #1 is the button
Seat 1: TbIP-TbIP 88 ($72 in chips)
Seat 6: XJZD ($119.40 in chips)
TbIP-TbIP 88: posts small blind $1
XJZD: posts big blind $3
*** HOLE CARDS ***
MTails leaves the table
TbIP-TbIP 88: folds
Uncalled bet ($2) returned to XJZD
XJZD collected $2 from pot
XJZD: doesn't show hand
*** SUMMARY ***
Total pot $2 | Rake $0
Seat 1: TbIP-TbIP 88 (button) (small blind) folded before Flop
Seat 6: XJZD (big blind) collected ($2)


PokerStars Hand #166238600961:  Hold'em Limit ($3/$6 USD) - 2017/02/15 5:53:05 ET
Table 'Krethon' 6-max Seat #1 is the button
Seat 1: TbIP-TbIP 88 ($72 in chips)
Seat 6: XJZD ($121.90 in chips)
TbIP-TbIP 88: posts small blind $1
XJZD: posts big blind $3
*** HOLE CARDS ***
TbIP-TbIP 88: raises $3 to $6
XJZD: raises $3 to $9
TbIP-TbIP 88: calls $3
*** FLOP *** [3c 6c Kd]
XJZD: bets $3
TbIP-TbIP 88: calls $3
*** TURN *** [3c 6c Kd] [Td]
XJZD: bets $6
TbIP-TbIP 88: raises $6 to $12
XJZD: calls $6
*** RIVER *** [3c 6c Kd Td] [4h]
XJZD: checks
TbIP-TbIP 88: bets $6
XJZD: calls $6
*** SHOW DOWN ***
TbIP-TbIP 88: shows [Ks 3d] (two pair, Kings and Threes)
XJZD: mucks hand
TbIP-TbIP 88 collected $59.50 from pot
*** SUMMARY ***
Total pot $60 | Rake $0.50
Board [3c 6c Kd Td 4h]
Seat 1: TbIP-TbIP 88 (button) (small blind) showed [Ks 3d] and won ($59.50) with two pair, Kings and Threes
Seat 6: XJZD (big blind) mucked


PokerStars Hand #166238573103:  Hold'em Limit ($3/$6 USD) - 2017/02/15 5:52:01 ET
Table 'Krethon' 6-max Seat #6 is the button
Seat 1: TbIP-TbIP 88 ($84.52 in chips)
Seat 6: XJZD ($107.40 in chips)
XJZD: posts small blind $1
TbIP-TbIP 88: posts big blind $3
*** HOLE CARDS ***
XJZD: raises $3 to $6
TbIP-TbIP 88: calls $3
*** FLOP *** [5h As 8h]
TbIP-TbIP 88: checks
XJZD: bets $3
TbIP-TbIP 88: calls $3
*** TURN *** [5h As 8h] [Td]
TbIP-TbIP 88: checks
XJZD: bets $6
TbIP-TbIP 88: calls $6
*** RIVER *** [5h As 8h Td] [Jc]
TbIP-TbIP 88: checks
XJZD: bets $6
TbIP-TbIP 88: folds
Uncalled bet ($6) returned to XJZD
XJZD collected $29.50 from pot
XJZD: doesn't show hand
*** SUMMARY ***
Total pot $30 | Rake $0.50
Board [5h As 8h Td Jc]
Seat 1: TbIP-TbIP 88 (big blind) folded on the River
Seat 6: XJZD (button) (small blind) collected ($29.50)


PokerStars Hand #166238612482:  Hold'em Limit ($3/$6 USD) - 2017/02/15 5:53:31 ET
Table 'Krethon' 6-max Seat #6 is the button
Seat 1: TbIP-TbIP 88 ($101.50 in chips)
Seat 6: XJZD ($91.90 in chips)
XJZD: posts small blind $1
TbIP-TbIP 88: posts big blind $3
*** HOLE CARDS ***
XJZD: raises $3 to $6
TbIP-TbIP 88: folds
Uncalled bet ($3) returned to XJZD
XJZD collected $6 from pot
XJZD: doesn't show hand
*** SUMMARY ***
Total pot $6 | Rake $0
Seat 1: TbIP-TbIP 88 (big blind) folded before Flop
Seat 6: XJZD (button) (small blind) collected ($6)


PokerStars Hand #166238621749:  Hold'em Limit ($3/$6 USD) - 2017/02/15 5:53:53 ET
Table 'Krethon' 6-max Seat #6 is the button
Seat 1: TbIP-TbIP 88 ($104.26 in chips)
Seat 6: XJZD ($88.90 in chips)
XJZD: posts small blind $1
TbIP-TbIP 88: posts big blind $3
*** HOLE CARDS ***
XJZD: raises $3 to $6
TbIP-TbIP 88: calls $3
*** FLOP *** [Qs 4c 2s]
TbIP-TbIP 88: checks
XJZD: bets $3
TbIP-TbIP 88: raises $3 to $6
XJZD: folds
Uncalled bet ($3) returned to TbIP-TbIP 88
TbIP-TbIP 88 collected $17.64 from pot
TbIP-TbIP 88: doesn't show hand
*** SUMMARY ***
Total pot $18 | Rake $0.36
Board [Qs 4c 2s]
Seat 1: TbIP-TbIP 88 (big blind) collected ($17.64)
Seat 6: XJZD (button) (small blind) folded on the Flop


PokerStars Hand #166238629288:  Hold'em Limit ($3/$6 USD) - 2017/02/15 5:54:10 ET
Table 'Krethon' 6-max Seat #1 is the button
Seat 1: TbIP-TbIP 88 ($112.90 in chips)
Seat 6: XJZD ($79.90 in chips)
TbIP-TbIP 88: posts small blind $1
XJZD: posts big blind $3
*** HOLE CARDS ***
TbIP-TbIP 88: raises $3 to $6
XJZD: calls $3
*** FLOP *** [Qd 8s 3d]
XJZD: checks
TbIP-TbIP 88: bets $3
XJZD: folds
Uncalled bet ($3) returned to TbIP-TbIP 88
TbIP-TbIP 88 collected $11.76 from pot
TbIP-TbIP 88: doesn't show hand
*** SUMMARY ***
Total pot $12 | Rake $0.24
Board [Qd 8s 3d]
Seat 1: TbIP-TbIP 88 (button) (small blind) collected ($11.76)
Seat 6: XJZD (big blind) folded on the Flop


PokerStars Hand #166238615037:  Hold'em Limit ($3/$6 USD) - 2017/02/15 5:53:37 ET
Table 'Krethon' 6-max Seat #1 is the button
Seat 1: TbIP-TbIP 88 ($98.50 in chips)
Seat 6: XJZD ($94.90 in chips)
TbIP-TbIP 88: posts small blind $1
XJZD: posts big blind $3
*** HOLE CARDS ***
TbIP-TbIP 88: raises $3 to $6
XJZD: calls $3
*** FLOP *** [7c Th Kc]
XJZD: checks
TbIP-TbIP 88: bets $3
XJZD: folds
Uncalled bet ($3) returned to TbIP-TbIP 88
TbIP-TbIP 88 collected $11.76 from pot
TbIP-TbIP 88: doesn't show hand
*** SUMMARY ***
Total pot $12 | Rake $0.24
Board [7c Th Kc]
Seat 1: TbIP-TbIP 88 (button) (small blind) collected ($11.76)
Seat 6: XJZD (big blind) folded on the Flop


PokerStars Hand #166238636102:  Hold'em Limit ($3/$6 USD) - 2017/02/15 5:54:25 ET
Table 'Krethon' 6-max Seat #6 is the button
Seat 1: TbIP-TbIP 88 ($118.66 in chips)
Seat 6: XJZD ($73.90 in chips)
XJZD: posts small blind $1
TbIP-TbIP 88: posts big blind $3
*** HOLE CARDS ***
XJZD: raises $3 to $6
TbIP-TbIP 88: calls $3
*** FLOP *** [6s 8d 7h]
TbIP-TbIP 88: checks
XJZD: bets $3
TbIP-TbIP 88: calls $3
*** TURN *** [6s 8d 7h] [8h]
TbIP-TbIP 88: checks
XJZD: bets $6
TbIP-TbIP 88: calls $6
*** RIVER *** [6s 8d 7h 8h] [Qs]
TbIP-TbIP 88: bets $6
XJZD: raises $6 to $12
TbIP-TbIP 88: folds
Uncalled bet ($6) returned to XJZD
XJZD collected $41.50 from pot
XJZD: doesn't show hand
*** SUMMARY ***
Total pot $42 | Rake $0.50
Board [6s 8d 7h 8h Qs]
Seat 1: TbIP-TbIP 88 (big blind) folded on the River
Seat 6: XJZD (button) (small blind) collected ($41.50)


PokerStars Hand #166238650932:  Hold'em Limit ($3/$6 USD) - 2017/02/15 5:54:59 ET
Table 'Krethon' 6-max Seat #1 is the button
Seat 1: TbIP-TbIP 88 ($97.66 in chips)
Seat 6: XJZD ($94.40 in chips)
TbIP-TbIP 88: posts small blind $1
XJZD: posts big blind $3
*** HOLE CARDS ***
TbIP-TbIP 88: raises $3 to $6
XJZD: raises $3 to $9
TbIP-TbIP 88: calls $3
*** FLOP *** [9c Ad 3s]
XJZD: bets $3
TbIP-TbIP 88: calls $3
*** TURN *** [9c Ad 3s] [6d]
XJZD: bets $6
TbIP-TbIP 88: calls $6
*** RIVER *** [9c Ad 3s 6d] [Td]
XJZD: bets $6
TbIP-TbIP 88: raises $6 to $12
XJZD: calls $6
*** SHOW DOWN ***
TbIP-TbIP 88: shows [As 4d] (a pair of Aces)
XJZD: shows [2c Ac] (a pair of Aces)
XJZD collected $29.75 from pot
TbIP-TbIP 88 collected $29.75 from pot
*** SUMMARY ***
Total pot $60 | Rake $0.50
Board [9c Ad 3s 6d Td]
Seat 1: TbIP-TbIP 88 (button) (small blind) showed [As 4d] and won ($29.75) with a pair of Aces
Seat 6: XJZD (big blind) showed [2c Ac] and won ($29.75) with a pair of Aces


PokerStars Hand #166238658391:  Hold'em Limit ($3/$6 USD) - 2017/02/15 5:55:16 ET
Table 'Krethon' 6-max Seat #6 is the button
Seat 1: TbIP-TbIP 88 ($97.41 in chips)
Seat 6: XJZD ($94.15 in chips)
XJZD: posts small blind $1
TbIP-TbIP 88: posts big blind $3
*** HOLE CARDS ***
XJZD: raises $3 to $6
TbIP-TbIP 88: raises $3 to $9
XJZD: calls $3
*** FLOP *** [3s 4h 5s]
TbIP-TbIP 88: bets $3
XJZD: raises $3 to $6
TbIP-TbIP 88: raises $3 to $9
XJZD: calls $3
*** TURN *** [3s 4h 5s] [4d]
TbIP-TbIP 88: bets $6
XJZD: calls $6
*** RIVER *** [3s 4h 5s 4d] [8s]
TbIP-TbIP 88: bets $6
XJZD: calls $6
*** SHOW DOWN ***
TbIP-TbIP 88: shows [3h 3c] (a full house, Threes full of Fours)
XJZD: mucks hand
TbIP-TbIP 88 collected $59.50 from pot
*** SUMMARY ***
Total pot $60 | Rake $0.50
Board [3s 4h 5s 4d 8s]
Seat 1: TbIP-TbIP 88 (big blind) showed [3h 3c] and won ($59.50) with a full house, Threes full of Fours
Seat 6: XJZD (button) (small blind) mucked


PokerStars Hand #166238677005:  Hold'em Limit ($3/$6 USD) - 2017/02/15 5:56:00 ET
Table 'Krethon' 6-max Seat #1 is the button
Seat 1: TbIP-TbIP 88 ($126.91 in chips)
Seat 6: XJZD ($64.15 in chips)
TbIP-TbIP 88: posts small blind $1
XJZD: posts big blind $3
*** HOLE CARDS ***
TbIP-TbIP 88: raises $3 to $6
XJZD: calls $3
*** FLOP *** [4h 3c 9h]
XJZD: checks
TbIP-TbIP 88: bets $3
XJZD: raises $3 to $6
TbIP-TbIP 88: raises $3 to $9
XJZD: calls $3
*** TURN *** [4h 3c 9h] [8c]
XJZD: checks
TbIP-TbIP 88: bets $6
XJZD: calls $6
*** RIVER *** [4h 3c 9h 8c] [Td]
XJZD: checks
TbIP-TbIP 88: bets $6
XJZD: calls $6
*** SHOW DOWN ***
TbIP-TbIP 88: shows [9s As] (a pair of Nines)
XJZD: mucks hand
TbIP-TbIP 88 collected $53.50 from pot
*** SUMMARY ***
Total pot $54 | Rake $0.50
Board [4h 3c 9h 8c Td]
Seat 1: TbIP-TbIP 88 (button) (small blind) showed [9s As] and won ($53.50) with a pair of Nines
Seat 6: XJZD (big blind) mucked


