PokerStars Hand #145201103251:  Hold'em Limit ($3/$6 USD) - 2015/12/11 19:03:11 ET
Table 'Krethon' 6-max Seat #6 is the button
Seat 3: Puzanchik 11 ($65.44 in chips)
Seat 6: NIGHTyxa ($72 in chips)
NIGHTyxa: posts small blind $1
Puzanchik 11: posts big blind $3
*** HOLE CARDS ***
NIGHTyxa: raises $3 to $6
Puzanchik 11: calls $3
*** FLOP *** [2s 3s 9h]
Puzanchik 11: checks
NIGHTyxa: bets $3
Puzanchik 11: calls $3
*** TURN *** [2s 3s 9h] [Ah]
Puzanchik 11: checks
NIGHTyxa: checks
*** RIVER *** [2s 3s 9h Ah] [2c]
Puzanchik 11: bets $6
NIGHTyxa: folds
Uncalled bet ($6) returned to Puzanchik 11
Puzanchik 11 collected $17.64 from pot
*** SUMMARY ***
Total pot $18 | Rake $0.36
Board [2s 3s 9h Ah 2c]
Seat 3: Puzanchik 11 (big blind) collected ($17.64)
Seat 6: NIGHTyxa (button) (small blind) folded on the River


PokerStars Hand #145201121942:  Hold'em Limit ($3/$6 USD) - 2015/12/11 19:03:36 ET
Table 'Krethon' 6-max Seat #3 is the button
Seat 3: Puzanchik 11 ($74.08 in chips)
Seat 6: NIGHTyxa ($72 in chips)
Puzanchik 11: posts small blind $1
NIGHTyxa: posts big blind $3
*** HOLE CARDS ***
Puzanchik 11: raises $3 to $6
NIGHTyxa: folds
Uncalled bet ($3) returned to Puzanchik 11
Puzanchik 11 collected $6 from pot
*** SUMMARY ***
Total pot $6 | Rake $0
Seat 3: Puzanchik 11 (button) (small blind) collected ($6)
Seat 6: NIGHTyxa (big blind) folded before Flop


PokerStars Hand #145201141924:  Hold'em Limit ($3/$6 USD) - 2015/12/11 19:04:04 ET
Table 'Krethon' 6-max Seat #3 is the button
Seat 3: Puzanchik 11 ($88.60 in chips)
Seat 6: NIGHTyxa ($72 in chips)
Puzanchik 11: posts small blind $1
NIGHTyxa: posts big blind $3
*** HOLE CARDS ***
Puzanchik 11: raises $3 to $6
NIGHTyxa: calls $3
*** FLOP *** [Kc 7s 5h]
NIGHTyxa: checks
Puzanchik 11: checks
*** TURN *** [Kc 7s 5h] [Kh]
NIGHTyxa: bets $6
Puzanchik 11: calls $6
*** RIVER *** [Kc 7s 5h Kh] [8s]
NIGHTyxa: bets $6
Puzanchik 11: folds
Uncalled bet ($6) returned to NIGHTyxa
NIGHTyxa collected $23.52 from pot
NIGHTyxa: doesn't show hand
*** SUMMARY ***
Total pot $24 | Rake $0.48
Board [Kc 7s 5h Kh 8s]
Seat 3: Puzanchik 11 (button) (small blind) folded on the River
Seat 6: NIGHTyxa (big blind) collected ($23.52)


PokerStars Hand #145201157571:  Hold'em Limit ($3/$6 USD) - 2015/12/11 19:04:26 ET
Table 'Krethon' 6-max Seat #6 is the button
Seat 3: Puzanchik 11 ($76.60 in chips)
Seat 6: NIGHTyxa ($83.52 in chips)
NIGHTyxa: posts small blind $1
Puzanchik 11: posts big blind $3
*** HOLE CARDS ***
NIGHTyxa: raises $3 to $6
Puzanchik 11: calls $3
*** FLOP *** [3d 6c 6h]
Puzanchik 11: checks
NIGHTyxa: bets $3
Puzanchik 11: calls $3
*** TURN *** [3d 6c 6h] [7s]
Puzanchik 11: checks
NIGHTyxa: bets $6
Puzanchik 11: calls $6
*** RIVER *** [3d 6c 6h 7s] [Th]
Puzanchik 11: checks
NIGHTyxa: checks
*** SHOW DOWN ***
Puzanchik 11: shows [Ac 2s] (a pair of Sixes)
NIGHTyxa: mucks hand
Puzanchik 11 collected $29.50 from pot
*** SUMMARY ***
Total pot $30 | Rake $0.50
Board [3d 6c 6h 7s Th]
Seat 3: Puzanchik 11 (big blind) showed [Ac 2s] and won ($29.50) with a pair of Sixes
Seat 6: NIGHTyxa (button) (small blind) mucked


PokerStars Hand #145201127808:  Hold'em Limit ($3/$6 USD) - 2015/12/11 19:03:45 ET
Table 'Krethon' 6-max Seat #6 is the button
Seat 3: Puzanchik 11 ($77.08 in chips)
Seat 6: NIGHTyxa ($72 in chips)
NIGHTyxa: posts small blind $1
Puzanchik 11: posts big blind $3
*** HOLE CARDS ***
NIGHTyxa: raises $3 to $6
Puzanchik 11: raises $3 to $9
NIGHTyxa: calls $3
*** FLOP *** [9d 9h Kc]
Puzanchik 11: bets $3
NIGHTyxa: calls $3
*** TURN *** [9d 9h Kc] [2s]
Puzanchik 11: checks
NIGHTyxa: checks
*** RIVER *** [9d 9h Kc 2s] [8s]
Puzanchik 11: checks
NIGHTyxa: checks
*** SHOW DOWN ***
Puzanchik 11: shows [Qd Ac] (a pair of Nines)
NIGHTyxa: mucks hand
Puzanchik 11 collected $23.52 from pot
*** SUMMARY ***
Total pot $24 | Rake $0.48
Board [9d 9h Kc 2s 8s]
Seat 3: Puzanchik 11 (big blind) showed [Qd Ac] and won ($23.52) with a pair of Nines
Seat 6: NIGHTyxa (button) (small blind) mucked


PokerStars Hand #145201175438:  Hold'em Limit ($3/$6 USD) - 2015/12/11 19:04:50 ET
Table 'Krethon' 6-max Seat #3 is the button
Seat 3: Puzanchik 11 ($91.10 in chips)
Seat 6: NIGHTyxa ($72 in chips)
Puzanchik 11: posts small blind $1
NIGHTyxa: posts big blind $3
*** HOLE CARDS ***
Puzanchik 11: raises $3 to $6
NIGHTyxa: raises $3 to $9
Puzanchik 11: calls $3
*** FLOP *** [4c 7h Th]
NIGHTyxa: bets $3
Puzanchik 11: raises $3 to $6
NIGHTyxa: calls $3
*** TURN *** [4c 7h Th] [6h]
NIGHTyxa: checks
Puzanchik 11: bets $6
NIGHTyxa: calls $6
*** RIVER *** [4c 7h Th 6h] [Jh]
andrey0709 joins the table at seat #2
NIGHTyxa: checks
Puzanchik 11: checks
*** SHOW DOWN ***
NIGHTyxa: shows [Td Kd] (a pair of Tens)
Puzanchik 11: mucks hand
NIGHTyxa collected $41.50 from pot
*** SUMMARY ***
Total pot $42 | Rake $0.50
Board [4c 7h Th 6h Jh]
Seat 3: Puzanchik 11 (button) (small blind) mucked
Seat 6: NIGHTyxa (big blind) showed [Td Kd] and won ($41.50) with a pair of Tens


PokerStars Hand #145202263004:  Hold'em Limit ($3/$6 USD) - 2015/12/11 19:31:10 ET
Table 'Krethon' 6-max Seat #4 is the button
Seat 3: Puzanchik 11 ($60.16 in chips)
Seat 4: ChrisTuff ($188.63 in chips)
ChrisTuff: posts small blind $1
Puzanchik 11: posts big blind $3
*** HOLE CARDS ***
ChrisTuff: raises $3 to $6
Puzanchik 11: calls $3
*** FLOP *** [3d 2c 6c]
Puzanchik 11: bets $3
ChrisTuff: calls $3
*** TURN *** [3d 2c 6c] [Kc]
Puzanchik 11: bets $6
ChrisTuff: calls $6
*** RIVER *** [3d 2c 6c Kc] [Qh]
Puzanchik 11: bets $6
ChrisTuff: calls $6
*** SHOW DOWN ***
Puzanchik 11: shows [4c Qc] (a flush, King high)
ChrisTuff: mucks hand
Puzanchik 11 collected $41.50 from pot
*** SUMMARY ***
Total pot $42 | Rake $0.50
Board [3d 2c 6c Kc Qh]
Seat 3: Puzanchik 11 (big blind) showed [4c Qc] and won ($41.50) with a flush, King high
Seat 4: ChrisTuff (button) (small blind) mucked


PokerStars Hand #145202278270:  Hold'em Limit ($3/$6 USD) - 2015/12/11 19:31:33 ET
Table 'Krethon' 6-max Seat #3 is the button
Seat 3: Puzanchik 11 ($80.66 in chips)
Seat 4: ChrisTuff ($167.63 in chips)
Puzanchik 11: posts small blind $1
ChrisTuff: posts big blind $3
*** HOLE CARDS ***
Puzanchik 11: folds
Uncalled bet ($2) returned to ChrisTuff
ChrisTuff collected $2 from pot
*** SUMMARY ***
Total pot $2 | Rake $0
Seat 3: Puzanchik 11 (button) (small blind) folded before Flop
Seat 4: ChrisTuff (big blind) collected ($2)


PokerStars Hand #145202284244:  Hold'em Limit ($3/$6 USD) - 2015/12/11 19:31:42 ET
Table 'Krethon' 6-max Seat #4 is the button
Seat 3: Puzanchik 11 ($79.66 in chips)
Seat 4: ChrisTuff ($168.63 in chips)
ChrisTuff: posts small blind $1
Puzanchik 11: posts big blind $3
*** HOLE CARDS ***
ChrisTuff: raises $3 to $6
Puzanchik 11: folds
Uncalled bet ($3) returned to ChrisTuff
ChrisTuff collected $6 from pot
*** SUMMARY ***
Total pot $6 | Rake $0
Seat 3: Puzanchik 11 (big blind) folded before Flop
Seat 4: ChrisTuff (button) (small blind) collected ($6)


PokerStars Hand #145202320705:  Hold'em Limit ($3/$6 USD) - 2015/12/11 19:32:38 ET
Table 'Krethon' 6-max Seat #3 is the button
Seat 3: Puzanchik 11 ($83.42 in chips)
Seat 4: ChrisTuff ($164.63 in chips)
Puzanchik 11: posts small blind $1
ChrisTuff: posts big blind $3
*** HOLE CARDS ***
Puzanchik 11: folds
Uncalled bet ($2) returned to ChrisTuff
ChrisTuff collected $2 from pot
ChrisTuff: doesn't show hand
*** SUMMARY ***
Total pot $2 | Rake $0
Seat 3: Puzanchik 11 (button) (small blind) folded before Flop
Seat 4: ChrisTuff (big blind) collected ($2)


PokerStars Hand #145202315010:  Hold'em Limit ($3/$6 USD) - 2015/12/11 19:32:29 ET
Table 'Krethon' 6-max Seat #4 is the button
Seat 3: Puzanchik 11 ($82.42 in chips)
Seat 4: ChrisTuff ($165.63 in chips)
ChrisTuff: posts small blind $1
Puzanchik 11: posts big blind $3
*** HOLE CARDS ***
ChrisTuff: folds
Uncalled bet ($2) returned to Puzanchik 11
Puzanchik 11 collected $2 from pot
*** SUMMARY ***
Total pot $2 | Rake $0
Seat 3: Puzanchik 11 (big blind) collected ($2)
Seat 4: ChrisTuff (button) (small blind) folded before Flop


PokerStars Hand #145202311102:  Hold'em Limit ($3/$6 USD) - 2015/12/11 19:32:23 ET
Table 'Krethon' 6-max Seat #3 is the button
Seat 3: Puzanchik 11 ($83.42 in chips)
Seat 4: ChrisTuff ($164.63 in chips)
Puzanchik 11: posts small blind $1
ChrisTuff: posts big blind $3
*** HOLE CARDS ***
Puzanchik 11: folds
Uncalled bet ($2) returned to ChrisTuff
ChrisTuff collected $2 from pot
*** SUMMARY ***
Total pot $2 | Rake $0
Seat 3: Puzanchik 11 (button) (small blind) folded before Flop
Seat 4: ChrisTuff (big blind) collected ($2)


PokerStars Hand #145202305176:  Hold'em Limit ($3/$6 USD) - 2015/12/11 19:32:14 ET
Table 'Krethon' 6-max Seat #4 is the button
Seat 3: Puzanchik 11 ($82.42 in chips)
Seat 4: ChrisTuff ($165.63 in chips)
ChrisTuff: posts small blind $1
Puzanchik 11: posts big blind $3
*** HOLE CARDS ***
ChrisTuff: folds
Uncalled bet ($2) returned to Puzanchik 11
Puzanchik 11 collected $2 from pot
*** SUMMARY ***
Total pot $2 | Rake $0
Seat 3: Puzanchik 11 (big blind) collected ($2)
Seat 4: ChrisTuff (button) (small blind) folded before Flop


PokerStars Hand #145202291351:  Hold'em Limit ($3/$6 USD) - 2015/12/11 19:31:53 ET
Table 'Krethon' 6-max Seat #3 is the button
Seat 3: Puzanchik 11 ($76.66 in chips)
Seat 4: ChrisTuff ($171.63 in chips)
Puzanchik 11: posts small blind $1
ChrisTuff: posts big blind $3
*** HOLE CARDS ***
Puzanchik 11: raises $3 to $6
ChrisTuff: calls $3
*** FLOP *** [Ts 7d 5h]
ChrisTuff: checks
Puzanchik 11: bets $3
ChrisTuff: folds
Uncalled bet ($3) returned to Puzanchik 11
Puzanchik 11 collected $11.76 from pot
*** SUMMARY ***
Total pot $12 | Rake $0.24
Board [Ts 7d 5h]
Seat 3: Puzanchik 11 (button) (small blind) collected ($11.76)
Seat 4: ChrisTuff (big blind) folded on the Flop


PokerStars Hand #145202338671:  Hold'em Limit ($3/$6 USD) - 2015/12/11 19:33:05 ET
Table 'Krethon' 6-max Seat #3 is the button
Seat 3: Puzanchik 11 ($73.42 in chips)
Seat 4: ChrisTuff ($174.27 in chips)
Puzanchik 11: posts small blind $1
ChrisTuff: posts big blind $3
*** HOLE CARDS ***
Puzanchik 11: folds
Uncalled bet ($2) returned to ChrisTuff
ChrisTuff collected $2 from pot
ChrisTuff: doesn't show hand
*** SUMMARY ***
Total pot $2 | Rake $0
Seat 3: Puzanchik 11 (button) (small blind) folded before Flop
Seat 4: ChrisTuff (big blind) collected ($2)


PokerStars Hand #145202324766:  Hold'em Limit ($3/$6 USD) - 2015/12/11 19:32:44 ET
Table 'Krethon' 6-max Seat #4 is the button
Seat 3: Puzanchik 11 ($82.42 in chips)
Seat 4: ChrisTuff ($165.63 in chips)
ChrisTuff: posts small blind $1
Puzanchik 11: posts big blind $3
*** HOLE CARDS ***
ChrisTuff: raises $3 to $6
Puzanchik 11: calls $3
*** FLOP *** [Kc Ah 8c]
Puzanchik 11: checks
ChrisTuff: bets $3
Puzanchik 11: calls $3
*** TURN *** [Kc Ah 8c] [2s]
Puzanchik 11: checks
ChrisTuff: bets $6
Puzanchik 11: folds
Uncalled bet ($6) returned to ChrisTuff
ChrisTuff collected $17.64 from pot
ChrisTuff: doesn't show hand
*** SUMMARY ***
Total pot $18 | Rake $0.36
Board [Kc Ah 8c 2s]
Seat 3: Puzanchik 11 (big blind) folded on the Turn
Seat 4: ChrisTuff (button) (small blind) collected ($17.64)


PokerStars Hand #145202346884:  Hold'em Limit ($3/$6 USD) - 2015/12/11 19:33:17 ET
Table 'Krethon' 6-max Seat #3 is the button
Seat 3: Puzanchik 11 ($69.42 in chips)
Seat 4: ChrisTuff ($178.27 in chips)
Puzanchik 11: posts small blind $1
ChrisTuff: posts big blind $3
*** HOLE CARDS ***
Puzanchik 11: raises $3 to $6
ChrisTuff: folds
Uncalled bet ($3) returned to Puzanchik 11
Puzanchik 11 collected $6 from pot
*** SUMMARY ***
Total pot $6 | Rake $0
Seat 3: Puzanchik 11 (button) (small blind) collected ($6)
Seat 4: ChrisTuff (big blind) folded before Flop


PokerStars Hand #145202351809:  Hold'em Limit ($3/$6 USD) - 2015/12/11 19:33:25 ET
Table 'Krethon' 6-max Seat #4 is the button
Seat 3: Puzanchik 11 ($72.42 in chips)
Seat 4: ChrisTuff ($175.27 in chips)
ChrisTuff: posts small blind $1
Puzanchik 11: posts big blind $3
*** HOLE CARDS ***
ChrisTuff: raises $3 to $6
Puzanchik 11: calls $3
*** FLOP *** [9c Ts 5s]
Puzanchik 11: checks
ChrisTuff: bets $3
Puzanchik 11: calls $3
*** TURN *** [9c Ts 5s] [2d]
Puzanchik 11: checks
ChrisTuff: checks
*** RIVER *** [9c Ts 5s 2d] [Ah]
Puzanchik 11: bets $6
ChrisTuff: folds
Uncalled bet ($6) returned to Puzanchik 11
Puzanchik 11 collected $17.64 from pot
*** SUMMARY ***
Total pot $18 | Rake $0.36
Board [9c Ts 5s 2d Ah]
Seat 3: Puzanchik 11 (big blind) collected ($17.64)
Seat 4: ChrisTuff (button) (small blind) folded on the River


PokerStars Hand #145202342433:  Hold'em Limit ($3/$6 USD) - 2015/12/11 19:33:11 ET
Table 'Krethon' 6-max Seat #4 is the button
Seat 3: Puzanchik 11 ($72.42 in chips)
Seat 4: ChrisTuff ($175.27 in chips)
ChrisTuff: posts small blind $1
Puzanchik 11: posts big blind $3
*** HOLE CARDS ***
ChrisTuff: raises $3 to $6
Puzanchik 11: folds
Uncalled bet ($3) returned to ChrisTuff
ChrisTuff collected $6 from pot
ChrisTuff: doesn't show hand
*** SUMMARY ***
Total pot $6 | Rake $0
Seat 3: Puzanchik 11 (big blind) folded before Flop
Seat 4: ChrisTuff (button) (small blind) collected ($6)


PokerStars Hand #145202365861:  Hold'em Limit ($3/$6 USD) - 2015/12/11 19:33:46 ET
Table 'Krethon' 6-max Seat #3 is the button
Seat 3: Puzanchik 11 ($81.06 in chips)
Seat 4: ChrisTuff ($166.27 in chips)
Puzanchik 11: posts small blind $1
ChrisTuff: posts big blind $3
*** HOLE CARDS ***
Puzanchik 11: raises $3 to $6
ChrisTuff: calls $3
*** FLOP *** [Kh 5c 6c]
ChrisTuff: checks
Puzanchik 11: bets $3
ChrisTuff: calls $3
*** TURN *** [Kh 5c 6c] [4d]
ChrisTuff: checks
Puzanchik 11: bets $6
ChrisTuff: calls $6
*** RIVER *** [Kh 5c 6c 4d] [Ac]
ChrisTuff: checks
Puzanchik 11: checks
*** SHOW DOWN ***
ChrisTuff: shows [5d 8s] (a pair of Fives)
Puzanchik 11: shows [Ts 6h] (a pair of Sixes)
Puzanchik 11 collected $29.50 from pot
*** SUMMARY ***
Total pot $30 | Rake $0.50
Board [Kh 5c 6c 4d Ac]
Seat 3: Puzanchik 11 (button) (small blind) showed [Ts 6h] and won ($29.50) with a pair of Sixes
Seat 4: ChrisTuff (big blind) showed [5d 8s] and lost with a pair of Fives


PokerStars Hand #145202385484:  Hold'em Limit ($3/$6 USD) - 2015/12/11 19:34:16 ET
Table 'Krethon' 6-max Seat #3 is the button
Seat 3: Puzanchik 11 ($92.56 in chips)
Seat 4: ChrisTuff ($154.27 in chips)
Puzanchik 11: posts small blind $1
ChrisTuff: posts big blind $3
*** HOLE CARDS ***
Puzanchik 11: raises $3 to $6
ChrisTuff: calls $3
*** FLOP *** [9c Qs Td]
ChrisTuff: checks
Puzanchik 11: bets $3
ChrisTuff: calls $3
*** TURN *** [9c Qs Td] [8s]
ChrisTuff: bets $6
Puzanchik 11: calls $6
*** RIVER *** [9c Qs Td 8s] [2s]
ChrisTuff: bets $6
Puzanchik 11: calls $6
*** SHOW DOWN ***
ChrisTuff: shows [Jd 9d] (a straight, Eight to Queen)
Puzanchik 11: mucks hand
ChrisTuff collected $41.50 from pot
*** SUMMARY ***
Total pot $42 | Rake $0.50
Board [9c Qs Td 8s 2s]
Seat 3: Puzanchik 11 (button) (small blind) mucked
Seat 4: ChrisTuff (big blind) showed [Jd 9d] and won ($41.50) with a straight, Eight to Queen


PokerStars Hand #145202404451:  Hold'em Limit ($3/$6 USD) - 2015/12/11 19:34:45 ET
Table 'Krethon' 6-max Seat #3 is the button
Seat 3: Puzanchik 11 ($68.56 in chips)
Seat 4: ChrisTuff ($177.77 in chips)
Puzanchik 11: posts small blind $1
ChrisTuff: posts big blind $3
*** HOLE CARDS ***
Puzanchik 11: folds
Uncalled bet ($2) returned to ChrisTuff
ChrisTuff collected $2 from pot
ChrisTuff: doesn't show hand
*** SUMMARY ***
Total pot $2 | Rake $0
Seat 3: Puzanchik 11 (button) (small blind) folded before Flop
Seat 4: ChrisTuff (big blind) collected ($2)


PokerStars Hand #145202400651:  Hold'em Limit ($3/$6 USD) - 2015/12/11 19:34:39 ET
Table 'Krethon' 6-max Seat #4 is the button
Seat 3: Puzanchik 11 ($71.56 in chips)
Seat 4: ChrisTuff ($174.77 in chips)
ChrisTuff: posts small blind $1
Puzanchik 11: posts big blind $3
*** HOLE CARDS ***
ChrisTuff: raises $3 to $6
Puzanchik 11: folds
Uncalled bet ($3) returned to ChrisTuff
ChrisTuff collected $6 from pot
ChrisTuff: doesn't show hand
*** SUMMARY ***
Total pot $6 | Rake $0
Seat 3: Puzanchik 11 (big blind) folded before Flop
Seat 4: ChrisTuff (button) (small blind) collected ($6)


PokerStars Hand #145202411471:  Hold'em Limit ($3/$6 USD) - 2015/12/11 19:34:55 ET
Table 'Krethon' 6-max Seat #3 is the button
Seat 3: Puzanchik 11 ($68.56 in chips)
Seat 4: ChrisTuff ($177.77 in chips)
Puzanchik 11: posts small blind $1
ChrisTuff: posts big blind $3
*** HOLE CARDS ***
Puzanchik 11: raises $3 to $6
ChrisTuff: folds
Uncalled bet ($3) returned to Puzanchik 11
Puzanchik 11 collected $6 from pot
*** SUMMARY ***
Total pot $6 | Rake $0
Seat 3: Puzanchik 11 (button) (small blind) collected ($6)
Seat 4: ChrisTuff (big blind) folded before Flop


PokerStars Hand #145202407980:  Hold'em Limit ($3/$6 USD) - 2015/12/11 19:34:50 ET
Table 'Krethon' 6-max Seat #4 is the button
Seat 3: Puzanchik 11 ($67.56 in chips)
Seat 4: ChrisTuff ($178.77 in chips)
ChrisTuff: posts small blind $1
Puzanchik 11: posts big blind $3
*** HOLE CARDS ***
ChrisTuff: folds
Uncalled bet ($2) returned to Puzanchik 11
Puzanchik 11 collected $2 from pot
*** SUMMARY ***
Total pot $2 | Rake $0
Seat 3: Puzanchik 11 (big blind) collected ($2)
Seat 4: ChrisTuff (button) (small blind) folded before Flop


PokerStars Hand #145202380704:  Hold'em Limit ($3/$6 USD) - 2015/12/11 19:34:08 ET
Table 'Krethon' 6-max Seat #4 is the button
Seat 3: Puzanchik 11 ($95.56 in chips)
Seat 4: ChrisTuff ($151.27 in chips)
ChrisTuff: posts small blind $1
Puzanchik 11: posts big blind $3
*** HOLE CARDS ***
ChrisTuff: raises $3 to $6
Puzanchik 11: folds
Uncalled bet ($3) returned to ChrisTuff
ChrisTuff collected $6 from pot
ChrisTuff: doesn't show hand
*** SUMMARY ***
Total pot $6 | Rake $0
Seat 3: Puzanchik 11 (big blind) folded before Flop
Seat 4: ChrisTuff (button) (small blind) collected ($6)


PokerStars Hand #145202416375:  Hold'em Limit ($3/$6 USD) - 2015/12/11 19:35:03 ET
Table 'Krethon' 6-max Seat #4 is the button
Seat 3: Puzanchik 11 ($71.56 in chips)
Seat 4: ChrisTuff ($174.77 in chips)
ChrisTuff: posts small blind $1
Puzanchik 11: posts big blind $3
*** HOLE CARDS ***
ChrisTuff: raises $3 to $6
Puzanchik 11: raises $3 to $9
ChrisTuff: calls $3
*** FLOP *** [4d Kc Ks]
Puzanchik 11: bets $3
ChrisTuff: calls $3
*** TURN *** [4d Kc Ks] [Tc]
Puzanchik 11: bets $6
ChrisTuff: calls $6
*** RIVER *** [4d Kc Ks Tc] [2c]
Puzanchik 11: bets $6
ChrisTuff: calls $6
*** SHOW DOWN ***
Puzanchik 11: shows [Qc 8c] (a flush, King high)
ChrisTuff: mucks hand
Puzanchik 11 collected $47.50 from pot
*** SUMMARY ***
Total pot $48 | Rake $0.50
Board [4d Kc Ks Tc 2c]
Seat 3: Puzanchik 11 (big blind) showed [Qc 8c] and won ($47.50) with a flush, King high
Seat 4: ChrisTuff (button) (small blind) mucked


PokerStars Hand #145202433723:  Hold'em Limit ($3/$6 USD) - 2015/12/11 19:35:30 ET
Table 'Krethon' 6-max Seat #3 is the button
Seat 3: Puzanchik 11 ($95.06 in chips)
Seat 4: ChrisTuff ($150.77 in chips)
Puzanchik 11: posts small blind $1
ChrisTuff: posts big blind $3
*** HOLE CARDS ***
Puzanchik 11: raises $3 to $6
ChrisTuff: calls $3
*** FLOP *** [Ad 4c 5s]
ChrisTuff: checks
Puzanchik 11: checks
*** TURN *** [Ad 4c 5s] [9d]
ChrisTuff: checks
Puzanchik 11: checks
*** RIVER *** [Ad 4c 5s 9d] [7h]
ChrisTuff: checks
Puzanchik 11: checks
*** SHOW DOWN ***
ChrisTuff: shows [8s Kh] (high card Ace)
Puzanchik 11: mucks hand
ChrisTuff collected $11.76 from pot
*** SUMMARY ***
Total pot $12 | Rake $0.24
Board [Ad 4c 5s 9d 7h]
Seat 3: Puzanchik 11 (button) (small blind) mucked
Seat 4: ChrisTuff (big blind) showed [8s Kh] and won ($11.76) with high card Ace


PokerStars Hand #145202462546:  Hold'em Limit ($3/$6 USD) - 2015/12/11 19:36:14 ET
Table 'Krethon' 6-max Seat #3 is the button
Seat 3: Puzanchik 11 ($103.56 in chips)
Seat 4: ChrisTuff ($141.53 in chips)
Puzanchik 11: posts small blind $1
ChrisTuff: posts big blind $3
*** HOLE CARDS ***
Puzanchik 11: raises $3 to $6
ChrisTuff: raises $3 to $9
Puzanchik 11: raises $3 to $12
Betting is capped
ChrisTuff: calls $3
*** FLOP *** [9c 2c Th]
ChrisTuff: checks
Puzanchik 11: bets $3
ChrisTuff: raises $3 to $6
Puzanchik 11: raises $3 to $9
ChrisTuff: raises $3 to $12
Betting is capped
Puzanchik 11: calls $3
*** TURN *** [9c 2c Th] [Ts]
ChrisTuff: bets $6
Puzanchik 11: calls $6
*** RIVER *** [9c 2c Th Ts] [2s]
ChrisTuff: bets $6
Puzanchik 11: calls $6
*** SHOW DOWN ***
ChrisTuff: shows [Kc Ks] (two pair, Kings and Tens)
Puzanchik 11: mucks hand
ChrisTuff collected $71.50 from pot
*** SUMMARY ***
Total pot $72 | Rake $0.50
Board [9c 2c Th Ts 2s]
Seat 3: Puzanchik 11 (button) (small blind) mucked
Seat 4: ChrisTuff (big blind) showed [Kc Ks] and won ($71.50) with two pair, Kings and Tens


PokerStars Hand #145202478347:  Hold'em Limit ($3/$6 USD) - 2015/12/11 19:36:38 ET
Table 'Krethon' 6-max Seat #4 is the button
Seat 3: Puzanchik 11 ($67.56 in chips)
Seat 4: ChrisTuff ($177.03 in chips)
ChrisTuff: posts small blind $1
Puzanchik 11: posts big blind $3
*** HOLE CARDS ***
ChrisTuff: raises $3 to $6
Puzanchik 11: folds
Uncalled bet ($3) returned to ChrisTuff
ChrisTuff collected $6 from pot
ChrisTuff: doesn't show hand
*** SUMMARY ***
Total pot $6 | Rake $0
Seat 3: Puzanchik 11 (big blind) folded before Flop
Seat 4: ChrisTuff (button) (small blind) collected ($6)


PokerStars Hand #145202450119:  Hold'em Limit ($3/$6 USD) - 2015/12/11 19:35:55 ET
Table 'Krethon' 6-max Seat #4 is the button
Seat 3: Puzanchik 11 ($89.06 in chips)
Seat 4: ChrisTuff ($156.53 in chips)
ChrisTuff: posts small blind $1
Puzanchik 11: posts big blind $3
*** HOLE CARDS ***
ChrisTuff: raises $3 to $6
Puzanchik 11: calls $3
*** FLOP *** [Qc 4h 6s]
Puzanchik 11: checks
ChrisTuff: bets $3
Puzanchik 11: calls $3
*** TURN *** [Qc 4h 6s] [3d]
Puzanchik 11: checks
ChrisTuff: bets $6
Puzanchik 11: calls $6
*** RIVER *** [Qc 4h 6s 3d] [Kc]
Puzanchik 11: checks
ChrisTuff: checks
*** SHOW DOWN ***
Puzanchik 11: shows [As 3c] (a pair of Threes)
ChrisTuff: mucks hand
Puzanchik 11 collected $29.50 from pot
*** SUMMARY ***
Total pot $30 | Rake $0.50
Board [Qc 4h 6s 3d Kc]
Seat 3: Puzanchik 11 (big blind) showed [As 3c] and won ($29.50) with a pair of Threes
Seat 4: ChrisTuff (button) (small blind) mucked


PokerStars Hand #145202484290:  Hold'em Limit ($3/$6 USD) - 2015/12/11 19:36:48 ET
Table 'Krethon' 6-max Seat #3 is the button
Seat 3: Puzanchik 11 ($64.56 in chips)
Seat 4: ChrisTuff ($180.03 in chips)
Puzanchik 11: posts small blind $1
ChrisTuff: posts big blind $3
*** HOLE CARDS ***
Puzanchik 11: raises $3 to $6
ChrisTuff: raises $3 to $9
Puzanchik 11: calls $3
*** FLOP *** [7h 9c 5d]
ChrisTuff: bets $3
Puzanchik 11: calls $3
*** TURN *** [7h 9c 5d] [2c]
ChrisTuff: checks
Puzanchik 11: checks
*** RIVER *** [7h 9c 5d 2c] [8s]
ChrisTuff: checks
Puzanchik 11: bets $6
ChrisTuff: folds
Uncalled bet ($6) returned to Puzanchik 11
Puzanchik 11 collected $23.52 from pot
*** SUMMARY ***
Total pot $24 | Rake $0.48
Board [7h 9c 5d 2c 8s]
Seat 3: Puzanchik 11 (button) (small blind) collected ($23.52)
Seat 4: ChrisTuff (big blind) folded on the River


PokerStars Hand #145202507784:  Hold'em Limit ($3/$6 USD) - 2015/12/11 19:37:24 ET
Table 'Krethon' 6-max Seat #3 is the button
Seat 3: Puzanchik 11 ($49.08 in chips)
Seat 4: ChrisTuff ($194.53 in chips)
Puzanchik 11: posts small blind $1
ChrisTuff: posts big blind $3
*** HOLE CARDS ***
Puzanchik 11: raises $3 to $6
ChrisTuff: calls $3
*** FLOP *** [Tc Kh Qh]
ChrisTuff: checks
Puzanchik 11: checks
*** TURN *** [Tc Kh Qh] [Jh]
ChrisTuff: bets $6
Puzanchik 11: calls $6
*** RIVER *** [Tc Kh Qh Jh] [9d]
ChrisTuff: bets $6
Puzanchik 11: calls $6
*** SHOW DOWN ***
ChrisTuff: shows [Ad 9s] (a straight, Ten to Ace)
Puzanchik 11: mucks hand
ChrisTuff collected $35.50 from pot
*** SUMMARY ***
Total pot $36 | Rake $0.50
Board [Tc Kh Qh Jh 9d]
Seat 3: Puzanchik 11 (button) (small blind) mucked
Seat 4: ChrisTuff (big blind) showed [Ad 9s] and won ($35.50) with a straight, Ten to Ace


PokerStars Hand #145202496523:  Hold'em Limit ($3/$6 USD) - 2015/12/11 19:37:07 ET
Table 'Krethon' 6-max Seat #4 is the button
Seat 3: Puzanchik 11 ($76.08 in chips)
Seat 4: ChrisTuff ($168.03 in chips)
ChrisTuff: posts small blind $1
Puzanchik 11: posts big blind $3
*** HOLE CARDS ***
ChrisTuff: raises $3 to $6
Puzanchik 11: calls $3
*** FLOP *** [7c 3c 2s]
Puzanchik 11: bets $3
ChrisTuff: calls $3
*** TURN *** [7c 3c 2s] [9h]
Puzanchik 11: bets $6
ChrisTuff: calls $6
*** RIVER *** [7c 3c 2s 9h] [Tc]
Puzanchik 11: bets $6
ChrisTuff: raises $6 to $12
Puzanchik 11: calls $6
*** SHOW DOWN ***
ChrisTuff: shows [Jc 8s] (a straight, Seven to Jack)
Puzanchik 11: mucks hand
ChrisTuff collected $53.50 from pot
*** SUMMARY ***
Total pot $54 | Rake $0.50
Board [7c 3c 2s 9h Tc]
Seat 3: Puzanchik 11 (big blind) mucked
Seat 4: ChrisTuff (button) (small blind) showed [Jc 8s] and won ($53.50) with a straight, Seven to Jack


PokerStars Hand #145202568255:  Hold'em Limit ($3/$6 USD) - 2015/12/11 19:38:58 ET
Table 'Krethon' 6-max Seat #4 is the button
Seat 3: Puzanchik 11 ($32.60 in chips)
Seat 4: ChrisTuff ($209.79 in chips)
ChrisTuff: posts small blind $1
Puzanchik 11: posts big blind $3
*** HOLE CARDS ***
ChrisTuff: folds
Uncalled bet ($2) returned to Puzanchik 11
Puzanchik 11 collected $2 from pot
*** SUMMARY ***
Total pot $2 | Rake $0
Seat 3: Puzanchik 11 (big blind) collected ($2)
Seat 4: ChrisTuff (button) (small blind) folded before Flop


PokerStars Hand #145202554277:  Hold'em Limit ($3/$6 USD) - 2015/12/11 19:38:36 ET
Table 'Krethon' 6-max Seat #3 is the button
Seat 3: Puzanchik 11 ($38.60 in chips)
Seat 4: ChrisTuff ($204.03 in chips)
Puzanchik 11: posts small blind $1
ChrisTuff: posts big blind $3
*** HOLE CARDS ***
Puzanchik 11: raises $3 to $6
ChrisTuff: calls $3
*** FLOP *** [Qd 5s Js]
ChrisTuff: checks
Puzanchik 11: checks
*** TURN *** [Qd 5s Js] [8h]
ChrisTuff: bets $6
Puzanchik 11: folds
Uncalled bet ($6) returned to ChrisTuff
ChrisTuff collected $11.76 from pot
ChrisTuff: doesn't show hand
*** SUMMARY ***
Total pot $12 | Rake $0.24
Board [Qd 5s Js 8h]
Seat 3: Puzanchik 11 (button) (small blind) folded on the Turn
Seat 4: ChrisTuff (big blind) collected ($11.76)


PokerStars Hand #145202550605:  Hold'em Limit ($3/$6 USD) - 2015/12/11 19:38:30 ET
Table 'Krethon' 6-max Seat #4 is the button
Seat 3: Puzanchik 11 ($41.60 in chips)
Seat 4: ChrisTuff ($201.03 in chips)
ChrisTuff: posts small blind $1
Puzanchik 11: posts big blind $3
*** HOLE CARDS ***
ChrisTuff: raises $3 to $6
Puzanchik 11: folds
Uncalled bet ($3) returned to ChrisTuff
ChrisTuff collected $6 from pot
ChrisTuff: doesn't show hand
*** SUMMARY ***
Total pot $6 | Rake $0
Seat 3: Puzanchik 11 (big blind) folded before Flop
Seat 4: ChrisTuff (button) (small blind) collected ($6)


PokerStars Hand #145202547294:  Hold'em Limit ($3/$6 USD) - 2015/12/11 19:38:25 ET
Table 'Krethon' 6-max Seat #3 is the button
Seat 3: Puzanchik 11 ($42.60 in chips)
Seat 4: ChrisTuff ($200.03 in chips)
Puzanchik 11: posts small blind $1
ChrisTuff: posts big blind $3
*** HOLE CARDS ***
Puzanchik 11: folds
Uncalled bet ($2) returned to ChrisTuff
ChrisTuff collected $2 from pot
ChrisTuff: doesn't show hand
*** SUMMARY ***
Total pot $2 | Rake $0
Seat 3: Puzanchik 11 (button) (small blind) folded before Flop
Seat 4: ChrisTuff (big blind) collected ($2)


PokerStars Hand #145202528571:  Hold'em Limit ($3/$6 USD) - 2015/12/11 19:37:56 ET
Table 'Krethon' 6-max Seat #4 is the button
Seat 3: Puzanchik 11 ($31.08 in chips)
Seat 4: ChrisTuff ($212.03 in chips)
ChrisTuff: posts small blind $1
Puzanchik 11: posts big blind $3
*** HOLE CARDS ***
ChrisTuff: raises $3 to $6
Puzanchik 11: raises $3 to $9
ChrisTuff: calls $3
*** FLOP *** [Qs 9s 6d]
Puzanchik 11: bets $3
ChrisTuff: calls $3
*** TURN *** [Qs 9s 6d] [Th]
Puzanchik 11: checks
ChrisTuff: checks
*** RIVER *** [Qs 9s 6d Th] [3s]
Puzanchik 11: checks
ChrisTuff: checks
*** SHOW DOWN ***
Puzanchik 11: shows [Ah 5h] (high card Ace)
ChrisTuff: mucks hand
Puzanchik 11 collected $23.52 from pot
*** SUMMARY ***
Total pot $24 | Rake $0.48
Board [Qs 9s 6d Th 3s]
Seat 3: Puzanchik 11 (big blind) showed [Ah 5h] and won ($23.52) with high card Ace
Seat 4: ChrisTuff (button) (small blind) mucked


PokerStars Hand #145202571646:  Hold'em Limit ($3/$6 USD) - 2015/12/11 19:39:03 ET
Table 'Krethon' 6-max Seat #3 is the button
Seat 3: Puzanchik 11 ($33.60 in chips)
Seat 4: ChrisTuff ($208.79 in chips)
Puzanchik 11: posts small blind $1
ChrisTuff: posts big blind $3
*** HOLE CARDS ***
Puzanchik 11: folds
Uncalled bet ($2) returned to ChrisTuff
ChrisTuff collected $2 from pot
ChrisTuff: doesn't show hand
*** SUMMARY ***
Total pot $2 | Rake $0
Seat 3: Puzanchik 11 (button) (small blind) folded before Flop
Seat 4: ChrisTuff (big blind) collected ($2)


PokerStars Hand #145202575014:  Hold'em Limit ($3/$6 USD) - 2015/12/11 19:39:08 ET
Table 'Krethon' 6-max Seat #4 is the button
Seat 3: Puzanchik 11 ($32.60 in chips)
Seat 4: ChrisTuff ($209.79 in chips)
ChrisTuff: posts small blind $1
Puzanchik 11: posts big blind $3
*** HOLE CARDS ***
ChrisTuff: raises $3 to $6
Puzanchik 11: raises $3 to $9
ChrisTuff: calls $3
*** FLOP *** [Js Jc Ac]
Puzanchik 11: checks
ChrisTuff: checks
*** TURN *** [Js Jc Ac] [5d]
Puzanchik 11: bets $6
ChrisTuff: folds
Uncalled bet ($6) returned to Puzanchik 11
Puzanchik 11 collected $17.64 from pot
*** SUMMARY ***
Total pot $18 | Rake $0.36
Board [Js Jc Ac 5d]
Seat 3: Puzanchik 11 (big blind) collected ($17.64)
Seat 4: ChrisTuff (button) (small blind) folded on the Turn


PokerStars Hand #145202594088:  Hold'em Limit ($3/$6 USD) - 2015/12/11 19:39:38 ET
Table 'Krethon' 6-max Seat #4 is the button
Seat 3: Puzanchik 11 ($40.24 in chips)
Seat 4: ChrisTuff ($201.79 in chips)
ChrisTuff: posts small blind $1
Puzanchik 11: posts big blind $3
*** HOLE CARDS ***
ChrisTuff: raises $3 to $6
Puzanchik 11: folds
Uncalled bet ($3) returned to ChrisTuff
ChrisTuff collected $6 from pot
ChrisTuff: doesn't show hand
*** SUMMARY ***
Total pot $6 | Rake $0
Seat 3: Puzanchik 11 (big blind) folded before Flop
Seat 4: ChrisTuff (button) (small blind) collected ($6)


PokerStars Hand #145202590628:  Hold'em Limit ($3/$6 USD) - 2015/12/11 19:39:33 ET
Table 'Krethon' 6-max Seat #3 is the button
Seat 3: Puzanchik 11 ($41.24 in chips)
Seat 4: ChrisTuff ($200.79 in chips)
Puzanchik 11: posts small blind $1
ChrisTuff: posts big blind $3
*** HOLE CARDS ***
Puzanchik 11: folds
Uncalled bet ($2) returned to ChrisTuff
ChrisTuff collected $2 from pot
ChrisTuff: doesn't show hand
*** SUMMARY ***
Total pot $2 | Rake $0
Seat 3: Puzanchik 11 (button) (small blind) folded before Flop
Seat 4: ChrisTuff (big blind) collected ($2)


PokerStars Hand #145202598276:  Hold'em Limit ($3/$6 USD) - 2015/12/11 19:39:44 ET
Table 'Krethon' 6-max Seat #3 is the button
Seat 3: Puzanchik 11 ($37.24 in chips)
Seat 4: ChrisTuff ($204.79 in chips)
Puzanchik 11: posts small blind $1
ChrisTuff: posts big blind $3
*** HOLE CARDS ***
Puzanchik 11: folds
Uncalled bet ($2) returned to ChrisTuff
ChrisTuff collected $2 from pot
ChrisTuff: doesn't show hand
*** SUMMARY ***
Total pot $2 | Rake $0
Seat 3: Puzanchik 11 (button) (small blind) folded before Flop
Seat 4: ChrisTuff (big blind) collected ($2)


PokerStars Hand #145202601622:  Hold'em Limit ($3/$6 USD) - 2015/12/11 19:39:50 ET
Table 'Krethon' 6-max Seat #4 is the button
Seat 3: Puzanchik 11 ($36.24 in chips)
Seat 4: ChrisTuff ($205.79 in chips)
ChrisTuff: posts small blind $1
Puzanchik 11: posts big blind $3
*** HOLE CARDS ***
ChrisTuff: raises $3 to $6
Puzanchik 11: folds
Uncalled bet ($3) returned to ChrisTuff
ChrisTuff collected $6 from pot
ChrisTuff: doesn't show hand
*** SUMMARY ***
Total pot $6 | Rake $0
Seat 3: Puzanchik 11 (big blind) folded before Flop
Seat 4: ChrisTuff (button) (small blind) collected ($6)


PokerStars Hand #145202621419:  Hold'em Limit ($3/$6 USD) - 2015/12/11 19:40:21 ET
Table 'Krethon' 6-max Seat #4 is the button
Seat 3: Puzanchik 11 ($39 in chips)
Seat 4: ChrisTuff ($202.79 in chips)
ChrisTuff: posts small blind $1
Puzanchik 11: posts big blind $3
*** HOLE CARDS ***
ChrisTuff: raises $3 to $6
Puzanchik 11: calls $3
*** FLOP *** [6h 7h Tc]
Puzanchik 11: checks
ChrisTuff: bets $3
Puzanchik 11: calls $3
*** TURN *** [6h 7h Tc] [Ah]
Puzanchik 11: checks
ChrisTuff: bets $6
Puzanchik 11: folds
Uncalled bet ($6) returned to ChrisTuff
ChrisTuff collected $17.64 from pot
*** SUMMARY ***
Total pot $18 | Rake $0.36
Board [6h 7h Tc Ah]
Seat 3: Puzanchik 11 (big blind) folded on the Turn
Seat 4: ChrisTuff (button) (small blind) collected ($17.64)


PokerStars Hand #145202635777:  Hold'em Limit ($3/$6 USD) - 2015/12/11 19:40:43 ET
Table 'Krethon' 6-max Seat #3 is the button
Seat 3: Puzanchik 11 ($30 in chips)
Seat 4: ChrisTuff ($211.43 in chips)
Puzanchik 11: posts small blind $1
ChrisTuff: posts big blind $3
*** HOLE CARDS ***
Puzanchik 11: folds
Uncalled bet ($2) returned to ChrisTuff
ChrisTuff collected $2 from pot
*** SUMMARY ***
Total pot $2 | Rake $0
Seat 3: Puzanchik 11 (button) (small blind) folded before Flop
Seat 4: ChrisTuff (big blind) collected ($2)


PokerStars Hand #145202639574:  Hold'em Limit ($3/$6 USD) - 2015/12/11 19:40:49 ET
Table 'Krethon' 6-max Seat #4 is the button
Seat 3: Puzanchik 11 ($29 in chips)
Seat 4: ChrisTuff ($212.43 in chips)
ChrisTuff: posts small blind $1
Puzanchik 11: posts big blind $3
*** HOLE CARDS ***
ChrisTuff: raises $3 to $6
Puzanchik 11: folds
Uncalled bet ($3) returned to ChrisTuff
ChrisTuff collected $6 from pot
ChrisTuff: doesn't show hand
*** SUMMARY ***
Total pot $6 | Rake $0
Seat 3: Puzanchik 11 (big blind) folded before Flop
Seat 4: ChrisTuff (button) (small blind) collected ($6)


PokerStars Hand #145202605311:  Hold'em Limit ($3/$6 USD) - 2015/12/11 19:39:56 ET
Table 'Krethon' 6-max Seat #3 is the button
Seat 3: Puzanchik 11 ($33.24 in chips)
Seat 4: ChrisTuff ($208.79 in chips)
Puzanchik 11: posts small blind $1
ChrisTuff: posts big blind $3
*** HOLE CARDS ***
Puzanchik 11: raises $3 to $6
ChrisTuff: calls $3
*** FLOP *** [Th Kh Qs]
ChrisTuff: checks
Puzanchik 11: bets $3
ChrisTuff: folds
Uncalled bet ($3) returned to Puzanchik 11
Puzanchik 11 collected $11.76 from pot
*** SUMMARY ***
Total pot $12 | Rake $0.24
Board [Th Kh Qs]
Seat 3: Puzanchik 11 (button) (small blind) collected ($11.76)
Seat 4: ChrisTuff (big blind) folded on the Flop


PokerStars Hand #145202656496:  Hold'em Limit ($3/$6 USD) - 2015/12/11 19:41:16 ET
Table 'Krethon' 6-max Seat #4 is the button
Seat 3: Puzanchik 11 ($31.76 in chips)
Seat 4: ChrisTuff ($209.43 in chips)
ChrisTuff: posts small blind $1
Puzanchik 11: posts big blind $3
*** HOLE CARDS ***
ChrisTuff: raises $3 to $6
Puzanchik 11: folds
Uncalled bet ($3) returned to ChrisTuff
ChrisTuff collected $6 from pot
ChrisTuff: doesn't show hand
*** SUMMARY ***
Total pot $6 | Rake $0
Seat 3: Puzanchik 11 (big blind) folded before Flop
Seat 4: ChrisTuff (button) (small blind) collected ($6)


PokerStars Hand #145202645264:  Hold'em Limit ($3/$6 USD) - 2015/12/11 19:40:58 ET
Table 'Krethon' 6-max Seat #3 is the button
Seat 3: Puzanchik 11 ($26 in chips)
Seat 4: ChrisTuff ($215.43 in chips)
Puzanchik 11: posts small blind $1
ChrisTuff: posts big blind $3
*** HOLE CARDS ***
Puzanchik 11: raises $3 to $6
ChrisTuff: calls $3
*** FLOP *** [5c Qh 2d]
ChrisTuff: checks
Puzanchik 11: bets $3
ChrisTuff: folds
Uncalled bet ($3) returned to Puzanchik 11
Puzanchik 11 collected $11.76 from pot
*** SUMMARY ***
Total pot $12 | Rake $0.24
Board [5c Qh 2d]
Seat 3: Puzanchik 11 (button) (small blind) collected ($11.76)
Seat 4: ChrisTuff (big blind) folded on the Flop


PokerStars Hand #145202661388:  Hold'em Limit ($3/$6 USD) - 2015/12/11 19:41:24 ET
Table 'Krethon' 6-max Seat #3 is the button
Seat 3: Puzanchik 11 ($28.76 in chips)
Seat 4: ChrisTuff ($212.43 in chips)
Puzanchik 11: posts small blind $1
ChrisTuff: posts big blind $3
*** HOLE CARDS ***
Puzanchik 11: raises $3 to $6
ChrisTuff: calls $3
*** FLOP *** [2h Ad 4d]
ChrisTuff: checks
Puzanchik 11: checks
*** TURN *** [2h Ad 4d] [8d]
ChrisTuff: bets $6
Puzanchik 11: raises $6 to $12
ChrisTuff: raises $6 to $18
Puzanchik 11: raises $4.76 to $22.76 and is all-in
Betting is capped
ChrisTuff: calls $4.76
*** RIVER *** [2h Ad 4d 8d] [6d]
*** SHOW DOWN ***
ChrisTuff: shows [5h 3h] (a straight, Deuce to Six)
Puzanchik 11: shows [Qd 8h] (a flush, Ace high)
Puzanchik 11 collected $57.02 from pot
*** SUMMARY ***
Total pot $57.52 | Rake $0.50
Board [2h Ad 4d 8d 6d]
Seat 3: Puzanchik 11 (button) (small blind) showed [Qd 8h] and won ($57.02) with a flush, Ace high
Seat 4: ChrisTuff (big blind) showed [5h 3h] and lost with a straight, Deuce to Six


PokerStars Hand #145202682460:  Hold'em Limit ($3/$6 USD) - 2015/12/11 19:41:57 ET
Table 'Krethon' 6-max Seat #3 is the button
Seat 3: Puzanchik 11 ($54.02 in chips)
Seat 4: ChrisTuff ($186.67 in chips)
Puzanchik 11: posts small blind $1
ChrisTuff: posts big blind $3
*** HOLE CARDS ***
Puzanchik 11: folds
Uncalled bet ($2) returned to ChrisTuff
ChrisTuff collected $2 from pot
ChrisTuff: doesn't show hand
*** SUMMARY ***
Total pot $2 | Rake $0
Seat 3: Puzanchik 11 (button) (small blind) folded before Flop
Seat 4: ChrisTuff (big blind) collected ($2)


PokerStars Hand #145202678089:  Hold'em Limit ($3/$6 USD) - 2015/12/11 19:41:50 ET
Table 'Krethon' 6-max Seat #4 is the button
Seat 3: Puzanchik 11 ($57.02 in chips)
Seat 4: ChrisTuff ($183.67 in chips)
ChrisTuff: posts small blind $1
Puzanchik 11: posts big blind $3
*** HOLE CARDS ***
ChrisTuff: raises $3 to $6
Puzanchik 11: folds
Uncalled bet ($3) returned to ChrisTuff
ChrisTuff collected $6 from pot
ChrisTuff: doesn't show hand
*** SUMMARY ***
Total pot $6 | Rake $0
Seat 3: Puzanchik 11 (big blind) folded before Flop
Seat 4: ChrisTuff (button) (small blind) collected ($6)


PokerStars Hand #145202704555:  Hold'em Limit ($3/$6 USD) - 2015/12/11 19:42:31 ET
Table 'Krethon' 6-max Seat #4 is the button
Seat 3: Puzanchik 11 ($60.66 in chips)
Seat 4: ChrisTuff ($179.67 in chips)
ChrisTuff: posts small blind $1
Puzanchik 11: posts big blind $3
*** HOLE CARDS ***
ChrisTuff: raises $3 to $6
Puzanchik 11: calls $3
*** FLOP *** [9d 7c 6s]
Puzanchik 11: checks
ChrisTuff: bets $3
Puzanchik 11: calls $3
*** TURN *** [9d 7c 6s] [9h]
Puzanchik 11: checks
ChrisTuff: checks
*** RIVER *** [9d 7c 6s 9h] [Ks]
Puzanchik 11: checks
ChrisTuff: checks
*** SHOW DOWN ***
Puzanchik 11: shows [5h 3h] (a pair of Nines)
ChrisTuff: shows [4h Qc] (a pair of Nines - King+Queen kicker)
ChrisTuff collected $17.64 from pot
*** SUMMARY ***
Total pot $18 | Rake $0.36
Board [9d 7c 6s 9h Ks]
Seat 3: Puzanchik 11 (big blind) showed [5h 3h] and lost with a pair of Nines
Seat 4: ChrisTuff (button) (small blind) showed [4h Qc] and won ($17.64) with a pair of Nines


PokerStars Hand #145202700983:  Hold'em Limit ($3/$6 USD) - 2015/12/11 19:42:25 ET
Table 'Krethon' 6-max Seat #3 is the button
Seat 3: Puzanchik 11 ($61.66 in chips)
Seat 4: ChrisTuff ($178.67 in chips)
Puzanchik 11: posts small blind $1
ChrisTuff: posts big blind $3
*** HOLE CARDS ***
Puzanchik 11: folds
Uncalled bet ($2) returned to ChrisTuff
ChrisTuff collected $2 from pot
ChrisTuff: doesn't show hand
*** SUMMARY ***
Total pot $2 | Rake $0
Seat 3: Puzanchik 11 (button) (small blind) folded before Flop
Seat 4: ChrisTuff (big blind) collected ($2)


PokerStars Hand #145202719490:  Hold'em Limit ($3/$6 USD) - 2015/12/11 19:42:55 ET
Table 'Krethon' 6-max Seat #3 is the button
Seat 3: Puzanchik 11 ($51.66 in chips)
Seat 4: ChrisTuff ($188.31 in chips)
Puzanchik 11: posts small blind $1
ChrisTuff: posts big blind $3
*** HOLE CARDS ***
Puzanchik 11: folds
Uncalled bet ($2) returned to ChrisTuff
ChrisTuff collected $2 from pot
ChrisTuff: doesn't show hand
*** SUMMARY ***
Total pot $2 | Rake $0
Seat 3: Puzanchik 11 (button) (small blind) folded before Flop
Seat 4: ChrisTuff (big blind) collected ($2)


PokerStars Hand #145202686457:  Hold'em Limit ($3/$6 USD) - 2015/12/11 19:42:03 ET
Table 'Krethon' 6-max Seat #4 is the button
Seat 3: Puzanchik 11 ($53.02 in chips)
Seat 4: ChrisTuff ($187.67 in chips)
ChrisTuff: posts small blind $1
Puzanchik 11: posts big blind $3
*** HOLE CARDS ***
ChrisTuff: raises $3 to $6
Puzanchik 11: calls $3
*** FLOP *** [Qh 6d 8s]
Puzanchik 11: checks
ChrisTuff: bets $3
Puzanchik 11: calls $3
*** TURN *** [Qh 6d 8s] [2d]
Puzanchik 11: checks
ChrisTuff: checks
*** RIVER *** [Qh 6d 8s 2d] [Jh]
Puzanchik 11: bets $6
ChrisTuff: folds
Uncalled bet ($6) returned to Puzanchik 11
Puzanchik 11 collected $17.64 from pot
*** SUMMARY ***
Total pot $18 | Rake $0.36
Board [Qh 6d 8s 2d Jh]
Seat 3: Puzanchik 11 (big blind) collected ($17.64)
Seat 4: ChrisTuff (button) (small blind) folded on the River


PokerStars Hand #145202731308:  Hold'em Limit ($3/$6 USD) - 2015/12/11 19:43:13 ET
Table 'Krethon' 6-max Seat #3 is the button
Seat 3: Puzanchik 11 ($59.30 in chips)
Seat 4: ChrisTuff ($180.31 in chips)
Puzanchik 11: posts small blind $1
ChrisTuff: posts big blind $3
*** HOLE CARDS ***
Puzanchik 11: raises $3 to $6
ChrisTuff: calls $3
*** FLOP *** [9s Qs As]
ChrisTuff: checks
Puzanchik 11: bets $3
ChrisTuff: folds
Uncalled bet ($3) returned to Puzanchik 11
Puzanchik 11 collected $11.76 from pot
*** SUMMARY ***
Total pot $12 | Rake $0.24
Board [9s Qs As]
Seat 3: Puzanchik 11 (button) (small blind) collected ($11.76)
Seat 4: ChrisTuff (big blind) folded on the Flop


PokerStars Hand #145202722535:  Hold'em Limit ($3/$6 USD) - 2015/12/11 19:43:00 ET
Table 'Krethon' 6-max Seat #4 is the button
Seat 3: Puzanchik 11 ($50.66 in chips)
Seat 4: ChrisTuff ($189.31 in chips)
ChrisTuff: posts small blind $1
Puzanchik 11: posts big blind $3
*** HOLE CARDS ***
ChrisTuff: raises $3 to $6
Puzanchik 11: calls $3
*** FLOP *** [9c 4h Ah]
Puzanchik 11: bets $3
ChrisTuff: calls $3
*** TURN *** [9c 4h Ah] [As]
Puzanchik 11: bets $6
ChrisTuff: folds
Uncalled bet ($6) returned to Puzanchik 11
Puzanchik 11 collected $17.64 from pot
*** SUMMARY ***
Total pot $18 | Rake $0.36
Board [9c 4h Ah As]
Seat 3: Puzanchik 11 (big blind) collected ($17.64)
Seat 4: ChrisTuff (button) (small blind) folded on the Turn


PokerStars Hand #145202747731:  Hold'em Limit ($3/$6 USD) - 2015/12/11 19:43:39 ET
Table 'Krethon' 6-max Seat #3 is the button
Seat 3: Puzanchik 11 ($59.06 in chips)
Seat 4: ChrisTuff ($180.07 in chips)
Puzanchik 11: posts small blind $1
ChrisTuff: posts big blind $3
*** HOLE CARDS ***
Puzanchik 11: raises $3 to $6
ChrisTuff: folds
Uncalled bet ($3) returned to Puzanchik 11
Puzanchik 11 collected $6 from pot
*** SUMMARY ***
Total pot $6 | Rake $0
Seat 3: Puzanchik 11 (button) (small blind) collected ($6)
Seat 4: ChrisTuff (big blind) folded before Flop


PokerStars Hand #145202751916:  Hold'em Limit ($3/$6 USD) - 2015/12/11 19:43:46 ET
Table 'Krethon' 6-max Seat #4 is the button
Seat 3: Puzanchik 11 ($62.06 in chips)
Seat 4: ChrisTuff ($177.07 in chips)
ChrisTuff: posts small blind $1
Puzanchik 11: posts big blind $3
*** HOLE CARDS ***
ChrisTuff: raises $3 to $6
Puzanchik 11: calls $3
*** FLOP *** [8d Kd 5h]
Puzanchik 11: bets $3
ChrisTuff: calls $3
*** TURN *** [8d Kd 5h] [9d]
Puzanchik 11: bets $6
ChrisTuff: calls $6
*** RIVER *** [8d Kd 5h 9d] [Ad]
Puzanchik 11: bets $6
ChrisTuff: calls $6
*** SHOW DOWN ***
Puzanchik 11: shows [3c 4c] (high card Ace)
ChrisTuff: shows [Ah 6s] (a pair of Aces)
ChrisTuff collected $41.50 from pot
*** SUMMARY ***
Total pot $42 | Rake $0.50
Board [8d Kd 5h 9d Ad]
Seat 3: Puzanchik 11 (big blind) showed [3c 4c] and lost with high card Ace
Seat 4: ChrisTuff (button) (small blind) showed [Ah 6s] and won ($41.50) with a pair of Aces


PokerStars Hand #145202779062:  Hold'em Limit ($3/$6 USD) - 2015/12/11 19:44:29 ET
Table 'Krethon' 6-max Seat #3 is the button
Seat 3: Puzanchik 11 ($33.06 in chips)
Seat 4: ChrisTuff ($205.57 in chips)
Puzanchik 11: posts small blind $1
ChrisTuff: posts big blind $3
*** HOLE CARDS ***
Puzanchik 11: folds
Uncalled bet ($2) returned to ChrisTuff
ChrisTuff collected $2 from pot
*** SUMMARY ***
Total pot $2 | Rake $0
Seat 3: Puzanchik 11 (button) (small blind) folded before Flop
Seat 4: ChrisTuff (big blind) collected ($2)


PokerStars Hand #145202774036:  Hold'em Limit ($3/$6 USD) - 2015/12/11 19:44:21 ET
Table 'Krethon' 6-max Seat #4 is the button
Seat 3: Puzanchik 11 ($36.06 in chips)
Seat 4: ChrisTuff ($202.57 in chips)
ChrisTuff: posts small blind $1
Puzanchik 11: posts big blind $3
*** HOLE CARDS ***
ChrisTuff: raises $3 to $6
Puzanchik 11: folds
Uncalled bet ($3) returned to ChrisTuff
ChrisTuff collected $6 from pot
ChrisTuff: doesn't show hand
*** SUMMARY ***
Total pot $6 | Rake $0
Seat 3: Puzanchik 11 (big blind) folded before Flop
Seat 4: ChrisTuff (button) (small blind) collected ($6)


PokerStars Hand #145202782332:  Hold'em Limit ($3/$6 USD) - 2015/12/11 19:44:34 ET
Table 'Krethon' 6-max Seat #4 is the button
Seat 3: Puzanchik 11 ($32.06 in chips)
Seat 4: ChrisTuff ($206.57 in chips)
ChrisTuff: posts small blind $1
Puzanchik 11: posts big blind $3
*** HOLE CARDS ***
ChrisTuff: raises $3 to $6
Puzanchik 11: raises $3 to $9
ChrisTuff: calls $3
*** FLOP *** [Qd 4s 7d]
Puzanchik 11: bets $3
ChrisTuff: calls $3
*** TURN *** [Qd 4s 7d] [Kc]
Puzanchik 11: checks
ChrisTuff: checks
*** RIVER *** [Qd 4s 7d Kc] [Js]
Puzanchik 11: checks
ChrisTuff: checks
*** SHOW DOWN ***
Puzanchik 11: shows [8h 9c] (high card King)
ChrisTuff: mucks hand
Puzanchik 11 collected $23.52 from pot
*** SUMMARY ***
Total pot $24 | Rake $0.48
Board [Qd 4s 7d Kc Js]
Seat 3: Puzanchik 11 (big blind) showed [8h 9c] and won ($23.52) with high card King
Seat 4: ChrisTuff (button) (small blind) mucked


PokerStars Hand #145202767435:  Hold'em Limit ($3/$6 USD) - 2015/12/11 19:44:10 ET
Table 'Krethon' 6-max Seat #4 is the button
Seat 3: Puzanchik 11 ($40.06 in chips)
Seat 4: ChrisTuff ($198.57 in chips)
ChrisTuff: posts small blind $1
Puzanchik 11: posts big blind $3
*** HOLE CARDS ***
ChrisTuff: raises $3 to $6
Puzanchik 11: folds
Uncalled bet ($3) returned to ChrisTuff
ChrisTuff collected $6 from pot
ChrisTuff: doesn't show hand
*** SUMMARY ***
Total pot $6 | Rake $0
Seat 3: Puzanchik 11 (big blind) folded before Flop
Seat 4: ChrisTuff (button) (small blind) collected ($6)


PokerStars Hand #145202764098:  Hold'em Limit ($3/$6 USD) - 2015/12/11 19:44:05 ET
Table 'Krethon' 6-max Seat #3 is the button
Seat 3: Puzanchik 11 ($41.06 in chips)
Seat 4: ChrisTuff ($197.57 in chips)
Puzanchik 11: posts small blind $1
ChrisTuff: posts big blind $3
*** HOLE CARDS ***
Puzanchik 11: folds
Uncalled bet ($2) returned to ChrisTuff
ChrisTuff collected $2 from pot
ChrisTuff: doesn't show hand
*** SUMMARY ***
Total pot $2 | Rake $0
Seat 3: Puzanchik 11 (button) (small blind) folded before Flop
Seat 4: ChrisTuff (big blind) collected ($2)


PokerStars Hand #145202771075:  Hold'em Limit ($3/$6 USD) - 2015/12/11 19:44:16 ET
Table 'Krethon' 6-max Seat #3 is the button
Seat 3: Puzanchik 11 ($37.06 in chips)
Seat 4: ChrisTuff ($201.57 in chips)
Puzanchik 11: posts small blind $1
ChrisTuff: posts big blind $3
*** HOLE CARDS ***
Puzanchik 11: folds
Uncalled bet ($2) returned to ChrisTuff
ChrisTuff collected $2 from pot
ChrisTuff: doesn't show hand
*** SUMMARY ***
Total pot $2 | Rake $0
Seat 3: Puzanchik 11 (button) (small blind) folded before Flop
Seat 4: ChrisTuff (big blind) collected ($2)


PokerStars Hand #145202797444:  Hold'em Limit ($3/$6 USD) - 2015/12/11 19:44:58 ET
Table 'Krethon' 6-max Seat #3 is the button
Seat 3: Puzanchik 11 ($43.58 in chips)
Seat 4: ChrisTuff ($194.57 in chips)
Puzanchik 11: posts small blind $1
ChrisTuff: posts big blind $3
*** HOLE CARDS ***
rastyb87 joins the table at seat #5
Puzanchik 11: raises $3 to $6
ChrisTuff: folds
Uncalled bet ($3) returned to Puzanchik 11
Puzanchik 11 collected $6 from pot
*** SUMMARY ***
Total pot $6 | Rake $0
Seat 3: Puzanchik 11 (button) (small blind) collected ($6)
Seat 4: ChrisTuff (big blind) folded before Flop


PokerStars Hand #145203008182:  Hold'em Limit ($3/$6 USD) - 2015/12/11 19:50:34 ET
Table 'Krethon' 6-max Seat #5 is the button
Seat 4: ChrisTuff ($221.41 in chips)
Seat 5: rastyb87 ($73.22 in chips)
rastyb87: posts small blind $1
ChrisTuff: posts big blind $3
*** HOLE CARDS ***
rastyb87: raises $3 to $6
Puzanchik 11 leaves the table
ChrisTuff: calls $3
*** FLOP *** [Kh 7d 8h]
ChrisTuff: checks
rastyb87: bets $3
ChrisTuff: calls $3
*** TURN *** [Kh 7d 8h] [3c]
ChrisTuff: checks
rastyb87: bets $6
ChrisTuff: calls $6
*** RIVER *** [Kh 7d 8h 3c] [9h]
ChrisTuff: checks
rastyb87: checks
*** SHOW DOWN ***
ChrisTuff: shows [2h Ah] (a flush, Ace high)
rastyb87: mucks hand
ChrisTuff collected $29.50 from pot
*** SUMMARY ***
Total pot $30 | Rake $0.50
Board [Kh 7d 8h 3c 9h]
Seat 4: ChrisTuff (big blind) showed [2h Ah] and won ($29.50) with a flush, Ace high
Seat 5: rastyb87 (button) (small blind) mucked


PokerStars Hand #145203024044:  Hold'em Limit ($3/$6 USD) - 2015/12/11 19:51:00 ET
Table 'Krethon' 6-max Seat #4 is the button
Seat 4: ChrisTuff ($235.91 in chips)
Seat 5: rastyb87 ($58.22 in chips)
ChrisTuff: posts small blind $1
rastyb87: posts big blind $3
*** HOLE CARDS ***
ChrisTuff: raises $3 to $6
rastyb87: raises $3 to $9
ChrisTuff: calls $3
*** FLOP *** [9d 5d 5s]
rastyb87: bets $3
ChrisTuff: calls $3
*** TURN *** [9d 5d 5s] [6c]
rastyb87: checks
ChrisTuff: bets $6
rastyb87: folds
Uncalled bet ($6) returned to ChrisTuff
ChrisTuff collected $23.52 from pot
ChrisTuff: doesn't show hand
*** SUMMARY ***
Total pot $24 | Rake $0.48
Board [9d 5d 5s 6c]
Seat 4: ChrisTuff (button) (small blind) collected ($23.52)
Seat 5: rastyb87 (big blind) folded on the Turn


PokerStars Hand #145203036772:  Hold'em Limit ($3/$6 USD) - 2015/12/11 19:51:20 ET
Table 'Krethon' 6-max Seat #5 is the button
Seat 4: ChrisTuff ($247.43 in chips)
Seat 5: rastyb87 ($46.22 in chips)
rastyb87: posts small blind $1
ChrisTuff: posts big blind $3
*** HOLE CARDS ***
rastyb87: raises $3 to $6
ChrisTuff: calls $3
*** FLOP *** [7c 3c 4c]
ChrisTuff: checks
rastyb87: bets $3
ChrisTuff: raises $3 to $6
rastyb87: raises $3 to $9
ChrisTuff: calls $3
*** TURN *** [7c 3c 4c] [3d]
ChrisTuff: checks
rastyb87: bets $6
ChrisTuff: calls $6
*** RIVER *** [7c 3c 4c 3d] [5d]
ChrisTuff: checks
rastyb87: bets $6
ChrisTuff: calls $6
*** SHOW DOWN ***
rastyb87: shows [4d 4s] (a full house, Fours full of Threes)
ChrisTuff: mucks hand
rastyb87 collected $53.50 from pot
*** SUMMARY ***
Total pot $54 | Rake $0.50
Board [7c 3c 4c 3d 5d]
Seat 4: ChrisTuff (big blind) mucked
Seat 5: rastyb87 (button) (small blind) showed [4d 4s] and won ($53.50) with a full house, Fours full of Threes


PokerStars Hand #145203093665:  Hold'em Limit ($3/$6 USD) - 2015/12/11 19:52:52 ET
Table 'Krethon' 6-max Seat #4 is the button
Seat 4: ChrisTuff ($224.43 in chips)
Seat 5: rastyb87 ($68.72 in chips)
ChrisTuff: posts small blind $1
rastyb87: posts big blind $3
*** HOLE CARDS ***
ChrisTuff: folds
Uncalled bet ($2) returned to rastyb87
rastyb87 collected $2 from pot
*** SUMMARY ***
Total pot $2 | Rake $0
Seat 4: ChrisTuff (button) (small blind) folded before Flop
Seat 5: rastyb87 (big blind) collected ($2)


PokerStars Hand #145203090781:  Hold'em Limit ($3/$6 USD) - 2015/12/11 19:52:48 ET
Table 'Krethon' 6-max Seat #5 is the button
Seat 4: ChrisTuff ($223.43 in chips)
Seat 5: rastyb87 ($69.72 in chips)
rastyb87: posts small blind $1
ChrisTuff: posts big blind $3
*** HOLE CARDS ***
rastyb87: folds
Uncalled bet ($2) returned to ChrisTuff
ChrisTuff collected $2 from pot
ChrisTuff: doesn't show hand
*** SUMMARY ***
Total pot $2 | Rake $0
Seat 4: ChrisTuff (big blind) collected ($2)
Seat 5: rastyb87 (button) (small blind) folded before Flop


PokerStars Hand #145203083488:  Hold'em Limit ($3/$6 USD) - 2015/12/11 19:52:36 ET
Table 'Krethon' 6-max Seat #5 is the button
Seat 4: ChrisTuff ($223.43 in chips)
Seat 5: rastyb87 ($69.72 in chips)
rastyb87: posts small blind $1
ChrisTuff: posts big blind $3
*** HOLE CARDS ***
rastyb87: folds
Uncalled bet ($2) returned to ChrisTuff
ChrisTuff collected $2 from pot
ChrisTuff: doesn't show hand
*** SUMMARY ***
Total pot $2 | Rake $0
Seat 4: ChrisTuff (big blind) collected ($2)
Seat 5: rastyb87 (button) (small blind) folded before Flop


PokerStars Hand #145203080430:  Hold'em Limit ($3/$6 USD) - 2015/12/11 19:52:31 ET
Table 'Krethon' 6-max Seat #4 is the button
Seat 4: ChrisTuff ($224.43 in chips)
Seat 5: rastyb87 ($68.72 in chips)
ChrisTuff: posts small blind $1
rastyb87: posts big blind $3
*** HOLE CARDS ***
ChrisTuff: folds
Uncalled bet ($2) returned to rastyb87
rastyb87 collected $2 from pot
*** SUMMARY ***
Total pot $2 | Rake $0
Seat 4: ChrisTuff (button) (small blind) folded before Flop
Seat 5: rastyb87 (big blind) collected ($2)


PokerStars Hand #145203076041:  Hold'em Limit ($3/$6 USD) - 2015/12/11 19:52:24 ET
Table 'Krethon' 6-max Seat #5 is the button
Seat 4: ChrisTuff ($223.43 in chips)
Seat 5: rastyb87 ($69.72 in chips)
rastyb87: posts small blind $1
ChrisTuff: posts big blind $3
*** HOLE CARDS ***
rastyb87: folds
Uncalled bet ($2) returned to ChrisTuff
ChrisTuff collected $2 from pot
ChrisTuff: doesn't show hand
*** SUMMARY ***
Total pot $2 | Rake $0
Seat 4: ChrisTuff (big blind) collected ($2)
Seat 5: rastyb87 (button) (small blind) folded before Flop


PokerStars Hand #145203070857:  Hold'em Limit ($3/$6 USD) - 2015/12/11 19:52:15 ET
Table 'Krethon' 6-max Seat #4 is the button
Seat 4: ChrisTuff ($220.43 in chips)
Seat 5: rastyb87 ($72.72 in chips)
ChrisTuff: posts small blind $1
rastyb87: posts big blind $3
*** HOLE CARDS ***
ChrisTuff: raises $3 to $6
rastyb87: folds
Uncalled bet ($3) returned to ChrisTuff
ChrisTuff collected $6 from pot
ChrisTuff: doesn't show hand
*** SUMMARY ***
Total pot $6 | Rake $0
Seat 4: ChrisTuff (button) (small blind) collected ($6)
Seat 5: rastyb87 (big blind) folded before Flop


PokerStars Hand #145203067675:  Hold'em Limit ($3/$6 USD) - 2015/12/11 19:52:10 ET
Table 'Krethon' 6-max Seat #5 is the button
Seat 4: ChrisTuff ($219.43 in chips)
Seat 5: rastyb87 ($73.72 in chips)
rastyb87: posts small blind $1
ChrisTuff: posts big blind $3
*** HOLE CARDS ***
rastyb87: folds
Uncalled bet ($2) returned to ChrisTuff
ChrisTuff collected $2 from pot
ChrisTuff: doesn't show hand
*** SUMMARY ***
Total pot $2 | Rake $0
Seat 4: ChrisTuff (big blind) collected ($2)
Seat 5: rastyb87 (button) (small blind) folded before Flop


PokerStars Hand #145203063642:  Hold'em Limit ($3/$6 USD) - 2015/12/11 19:52:04 ET
Table 'Krethon' 6-max Seat #4 is the button
Seat 4: ChrisTuff ($220.43 in chips)
Seat 5: rastyb87 ($72.72 in chips)
ChrisTuff: posts small blind $1
rastyb87: posts big blind $3
*** HOLE CARDS ***
ChrisTuff: folds
Uncalled bet ($2) returned to rastyb87
rastyb87 collected $2 from pot
*** SUMMARY ***
Total pot $2 | Rake $0
Seat 4: ChrisTuff (button) (small blind) folded before Flop
Seat 5: rastyb87 (big blind) collected ($2)


PokerStars Hand #145203099488:  Hold'em Limit ($3/$6 USD) - 2015/12/11 19:53:02 ET
Table 'Krethon' 6-max Seat #4 is the button
Seat 4: ChrisTuff ($224.43 in chips)
Seat 5: rastyb87 ($68.72 in chips)
ChrisTuff: posts small blind $1
rastyb87: posts big blind $3
*** HOLE CARDS ***
ChrisTuff: raises $3 to $6
rastyb87: folds
Uncalled bet ($3) returned to ChrisTuff
ChrisTuff collected $6 from pot
ChrisTuff: doesn't show hand
*** SUMMARY ***
Total pot $6 | Rake $0
Seat 4: ChrisTuff (button) (small blind) collected ($6)
Seat 5: rastyb87 (big blind) folded before Flop


PokerStars Hand #145203096553:  Hold'em Limit ($3/$6 USD) - 2015/12/11 19:52:57 ET
Table 'Krethon' 6-max Seat #5 is the button
Seat 4: ChrisTuff ($223.43 in chips)
Seat 5: rastyb87 ($69.72 in chips)
rastyb87: posts small blind $1
ChrisTuff: posts big blind $3
*** HOLE CARDS ***
rastyb87: folds
Uncalled bet ($2) returned to ChrisTuff
ChrisTuff collected $2 from pot
ChrisTuff: doesn't show hand
*** SUMMARY ***
Total pot $2 | Rake $0
Seat 4: ChrisTuff (big blind) collected ($2)
Seat 5: rastyb87 (button) (small blind) folded before Flop


PokerStars Hand #145203119311:  Hold'em Limit ($3/$6 USD) - 2015/12/11 19:53:34 ET
Table 'Krethon' 6-max Seat #5 is the button
Seat 4: ChrisTuff ($227.43 in chips)
Seat 5: rastyb87 ($65.60 in chips)
rastyb87: posts small blind $1
ChrisTuff: posts big blind $3
*** HOLE CARDS ***
rastyb87: folds
Uncalled bet ($2) returned to ChrisTuff
ChrisTuff collected $2 from pot
ChrisTuff: doesn't show hand
*** SUMMARY ***
Total pot $2 | Rake $0
Seat 4: ChrisTuff (big blind) collected ($2)
Seat 5: rastyb87 (button) (small blind) folded before Flop


PokerStars Hand #145203115424:  Hold'em Limit ($3/$6 USD) - 2015/12/11 19:53:28 ET
Table 'Krethon' 6-max Seat #4 is the button
Seat 4: ChrisTuff ($224.43 in chips)
Seat 5: rastyb87 ($68.60 in chips)
ChrisTuff: posts small blind $1
rastyb87: posts big blind $3
*** HOLE CARDS ***
ChrisTuff: raises $3 to $6
rastyb87: folds
Uncalled bet ($3) returned to ChrisTuff
ChrisTuff collected $6 from pot
ChrisTuff: doesn't show hand
*** SUMMARY ***
Total pot $6 | Rake $0
Seat 4: ChrisTuff (button) (small blind) collected ($6)
Seat 5: rastyb87 (big blind) folded before Flop


PokerStars Hand #145203103232:  Hold'em Limit ($3/$6 USD) - 2015/12/11 19:53:08 ET
Table 'Krethon' 6-max Seat #5 is the button
Seat 4: ChrisTuff ($227.43 in chips)
Seat 5: rastyb87 ($65.72 in chips)
rastyb87: posts small blind $1
ChrisTuff: posts big blind $3
*** HOLE CARDS ***
rastyb87: calls $2
ChrisTuff: checks
*** FLOP *** [Kd 5h Th]
ChrisTuff: checks
rastyb87: bets $3
ChrisTuff: folds
Uncalled bet ($3) returned to rastyb87
rastyb87 collected $5.88 from pot
*** SUMMARY ***
Total pot $6 | Rake $0.12
Board [Kd 5h Th]
Seat 4: ChrisTuff (big blind) folded on the Flop
Seat 5: rastyb87 (button) (small blind) collected ($5.88)


PokerStars Hand #145203122294:  Hold'em Limit ($3/$6 USD) - 2015/12/11 19:53:39 ET
Table 'Krethon' 6-max Seat #4 is the button
Seat 4: ChrisTuff ($228.43 in chips)
Seat 5: rastyb87 ($64.60 in chips)
ChrisTuff: posts small blind $1
rastyb87: posts big blind $3
*** HOLE CARDS ***
ChrisTuff: raises $3 to $6
rastyb87: calls $3
*** FLOP *** [3s Qc 2d]
rastyb87: checks
ChrisTuff: bets $3
rastyb87: folds
Uncalled bet ($3) returned to ChrisTuff
ChrisTuff collected $11.76 from pot
ChrisTuff: doesn't show hand
*** SUMMARY ***
Total pot $12 | Rake $0.24
Board [3s Qc 2d]
Seat 4: ChrisTuff (button) (small blind) collected ($11.76)
Seat 5: rastyb87 (big blind) folded on the Flop


PokerStars Hand #145203161536:  Hold'em Limit ($3/$6 USD) - 2015/12/11 19:54:43 ET
Table 'Krethon' 6-max Seat #5 is the button
Seat 4: ChrisTuff ($224.83 in chips)
Seat 5: rastyb87 ($67.10 in chips)
rastyb87: posts small blind $1
ChrisTuff: posts big blind $3
*** HOLE CARDS ***
rastyb87: calls $2
ChrisTuff: raises $3 to $6
rastyb87: calls $3
*** FLOP *** [8c 8h 9s]
ChrisTuff: bets $3
rastyb87: folds
Uncalled bet ($3) returned to ChrisTuff
ChrisTuff collected $11.76 from pot
ChrisTuff: doesn't show hand
*** SUMMARY ***
Total pot $12 | Rake $0.24
Board [8c 8h 9s]
Seat 4: ChrisTuff (big blind) collected ($11.76)
Seat 5: rastyb87 (button) (small blind) folded on the Flop


PokerStars Hand #145203146004:  Hold'em Limit ($3/$6 USD) - 2015/12/11 19:54:18 ET
Table 'Krethon' 6-max Seat #4 is the button
Seat 4: ChrisTuff ($242.83 in chips)
Seat 5: rastyb87 ($49.60 in chips)
ChrisTuff: posts small blind $1
rastyb87: posts big blind $3
*** HOLE CARDS ***
ChrisTuff: raises $3 to $6
rastyb87: calls $3
*** FLOP *** [8c 7s 3c]
rastyb87: checks
ChrisTuff: bets $3
rastyb87: raises $3 to $6
ChrisTuff: calls $3
*** TURN *** [8c 7s 3c] [Jh]
rastyb87: bets $6
ChrisTuff: calls $6
*** RIVER *** [8c 7s 3c Jh] [4h]
rastyb87: bets $6
ChrisTuff: folds
Uncalled bet ($6) returned to rastyb87
rastyb87 collected $35.50 from pot
*** SUMMARY ***
Total pot $36 | Rake $0.50
Board [8c 7s 3c Jh 4h]
Seat 4: ChrisTuff (button) (small blind) folded on the River
Seat 5: rastyb87 (big blind) collected ($35.50)


PokerStars Hand #145203129482:  Hold'em Limit ($3/$6 USD) - 2015/12/11 19:53:51 ET
Table 'Krethon' 6-max Seat #5 is the button
Seat 4: ChrisTuff ($234.19 in chips)
Seat 5: rastyb87 ($58.60 in chips)
rastyb87: posts small blind $1
ChrisTuff: posts big blind $3
*** HOLE CARDS ***
rastyb87: raises $3 to $6
ChrisTuff: raises $3 to $9
rastyb87: calls $3
*** FLOP *** [8c 4c 5s]
ChrisTuff: bets $3
rastyb87: folds
Uncalled bet ($3) returned to ChrisTuff
ChrisTuff collected $17.64 from pot
ChrisTuff: doesn't show hand
*** SUMMARY ***
Total pot $18 | Rake $0.36
Board [8c 4c 5s]
Seat 4: ChrisTuff (big blind) collected ($17.64)
Seat 5: rastyb87 (button) (small blind) folded on the Flop


PokerStars Hand #145203195401:  Hold'em Limit ($3/$6 USD) - 2015/12/11 19:55:44 ET
Table 'Krethon' 6-max Seat #4 is the button
Seat 4: ChrisTuff ($244.23 in chips)
Seat 5: rastyb87 ($47.10 in chips)
ChrisTuff: posts small blind $1
rastyb87: posts big blind $3
*** HOLE CARDS ***
ChrisTuff: folds
Uncalled bet ($2) returned to rastyb87
rastyb87 collected $2 from pot
*** SUMMARY ***
Total pot $2 | Rake $0
Seat 4: ChrisTuff (button) (small blind) folded before Flop
Seat 5: rastyb87 (big blind) collected ($2)


PokerStars Hand #145203192956:  Hold'em Limit ($3/$6 USD) - 2015/12/11 19:55:39 ET
Table 'Krethon' 6-max Seat #5 is the button
Seat 4: ChrisTuff ($243.23 in chips)
Seat 5: rastyb87 ($48.10 in chips)
rastyb87: posts small blind $1
ChrisTuff: posts big blind $3
*** HOLE CARDS ***
rastyb87: folds
Uncalled bet ($2) returned to ChrisTuff
ChrisTuff collected $2 from pot
ChrisTuff: doesn't show hand
*** SUMMARY ***
Total pot $2 | Rake $0
Seat 4: ChrisTuff (big blind) collected ($2)
Seat 5: rastyb87 (button) (small blind) folded before Flop


PokerStars Hand #145203189897:  Hold'em Limit ($3/$6 USD) - 2015/12/11 19:55:33 ET
Table 'Krethon' 6-max Seat #4 is the button
Seat 4: ChrisTuff ($240.23 in chips)
Seat 5: rastyb87 ($51.10 in chips)
ChrisTuff: posts small blind $1
rastyb87: posts big blind $3
*** HOLE CARDS ***
ChrisTuff: raises $3 to $6
rastyb87: folds
Uncalled bet ($3) returned to ChrisTuff
ChrisTuff collected $6 from pot
ChrisTuff: doesn't show hand
*** SUMMARY ***
Total pot $6 | Rake $0
Seat 4: ChrisTuff (button) (small blind) collected ($6)
Seat 5: rastyb87 (big blind) folded before Flop


PokerStars Hand #145203186726:  Hold'em Limit ($3/$6 USD) - 2015/12/11 19:55:26 ET
Table 'Krethon' 6-max Seat #5 is the button
Seat 4: ChrisTuff ($243.23 in chips)
Seat 5: rastyb87 ($48.10 in chips)
rastyb87: posts small blind $1
ChrisTuff: posts big blind $3
*** HOLE CARDS ***
rastyb87: raises $3 to $6
ChrisTuff: folds
Uncalled bet ($3) returned to rastyb87
rastyb87 collected $6 from pot
rastyb87: doesn't show hand
*** SUMMARY ***
Total pot $6 | Rake $0
Seat 4: ChrisTuff (big blind) folded before Flop
Seat 5: rastyb87 (button) (small blind) collected ($6)


PokerStars Hand #145203183262:  Hold'em Limit ($3/$6 USD) - 2015/12/11 19:55:20 ET
Table 'Krethon' 6-max Seat #4 is the button
Seat 4: ChrisTuff ($240.23 in chips)
Seat 5: rastyb87 ($51.10 in chips)
ChrisTuff: posts small blind $1
rastyb87: posts big blind $3
*** HOLE CARDS ***
ChrisTuff: raises $3 to $6
rastyb87: folds
Uncalled bet ($3) returned to ChrisTuff
ChrisTuff collected $6 from pot
ChrisTuff: doesn't show hand
*** SUMMARY ***
Total pot $6 | Rake $0
Seat 4: ChrisTuff (button) (small blind) collected ($6)
Seat 5: rastyb87 (big blind) folded before Flop


PokerStars Hand #145203180752:  Hold'em Limit ($3/$6 USD) - 2015/12/11 19:55:15 ET
Table 'Krethon' 6-max Seat #5 is the button
Seat 4: ChrisTuff ($239.23 in chips)
Seat 5: rastyb87 ($52.10 in chips)
rastyb87: posts small blind $1
ChrisTuff: posts big blind $3
*** HOLE CARDS ***
rastyb87: folds
Uncalled bet ($2) returned to ChrisTuff
ChrisTuff collected $2 from pot
ChrisTuff: doesn't show hand
*** SUMMARY ***
Total pot $2 | Rake $0
Seat 4: ChrisTuff (big blind) collected ($2)
Seat 5: rastyb87 (button) (small blind) folded before Flop


PokerStars Hand #145203169907:  Hold'em Limit ($3/$6 USD) - 2015/12/11 19:54:56 ET
Table 'Krethon' 6-max Seat #4 is the button
Seat 4: ChrisTuff ($230.59 in chips)
Seat 5: rastyb87 ($61.10 in chips)
sandy8430 joins the table at seat #3
ChrisTuff: posts small blind $1
rastyb87: posts big blind $3
*** HOLE CARDS ***
ChrisTuff: raises $3 to $6
rastyb87: calls $3
*** FLOP *** [Th 5s Jh]
rastyb87: checks
ChrisTuff: bets $3
rastyb87: calls $3
*** TURN *** [Th 5s Jh] [Ac]
rastyb87: checks
ChrisTuff: bets $6
sandy8430 leaves the table
rastyb87: folds
Uncalled bet ($6) returned to ChrisTuff
ChrisTuff collected $17.64 from pot
ChrisTuff: doesn't show hand
*** SUMMARY ***
Total pot $18 | Rake $0.36
Board [Th 5s Jh Ac]
Seat 4: ChrisTuff (button) (small blind) collected ($17.64)
Seat 5: rastyb87 (big blind) folded on the Turn


PokerStars Hand #145203197854:  Hold'em Limit ($3/$6 USD) - 2015/12/11 19:55:49 ET
Table 'Krethon' 6-max Seat #5 is the button
Seat 4: ChrisTuff ($243.23 in chips)
Seat 5: rastyb87 ($48.10 in chips)
rastyb87: posts small blind $1
ChrisTuff: posts big blind $3
*** HOLE CARDS ***
rastyb87: raises $3 to $6
ChrisTuff: calls $3
*** FLOP *** [Kh Ac 7c]
ChrisTuff: checks
rastyb87: bets $3
ChrisTuff: calls $3
*** TURN *** [Kh Ac 7c] [9h]
ChrisTuff: checks
rastyb87: checks
*** RIVER *** [Kh Ac 7c 9h] [Ks]
ChrisTuff: bets $6
rastyb87: folds
Uncalled bet ($6) returned to ChrisTuff
ChrisTuff collected $17.64 from pot
ChrisTuff: doesn't show hand
*** SUMMARY ***
Total pot $18 | Rake $0.36
Board [Kh Ac 7c 9h Ks]
Seat 4: ChrisTuff (big blind) collected ($17.64)
Seat 5: rastyb87 (button) (small blind) folded on the River


PokerStars Hand #145203226332:  Hold'em Limit ($3/$6 USD) - 2015/12/11 19:56:44 ET
Table 'Krethon' 6-max Seat #5 is the button
Seat 4: ChrisTuff ($273.13 in chips)
Seat 5: rastyb87 ($17.10 in chips)
rastyb87: posts small blind $1
ChrisTuff: posts big blind $3
*** HOLE CARDS ***
rastyb87: raises $3 to $6
ChrisTuff: calls $3
*** FLOP *** [Kd 5c 6d]
ChrisTuff: checks
rastyb87: checks
*** TURN *** [Kd 5c 6d] [Jh]
ChrisTuff: bets $6
rastyb87: calls $6
*** RIVER *** [Kd 5c 6d Jh] [8d]
ChrisTuff: bets $6
rastyb87: folds
Uncalled bet ($6) returned to ChrisTuff
ChrisTuff collected $23.52 from pot
rastyb87 leaves the table
ChrisTuff: doesn't show hand
*** SUMMARY ***
Total pot $24 | Rake $0.48
Board [Kd 5c 6d Jh 8d]
Seat 4: ChrisTuff (big blind) collected ($23.52)
Seat 5: rastyb87 (button) (small blind) folded on the River


PokerStars Hand #145203215536:  Hold'em Limit ($3/$6 USD) - 2015/12/11 19:56:23 ET
Table 'Krethon' 6-max Seat #4 is the button
Seat 4: ChrisTuff ($258.63 in chips)
Seat 5: rastyb87 ($32.10 in chips)
ChrisTuff: posts small blind $1
rastyb87: posts big blind $3
*** HOLE CARDS ***
ChrisTuff: raises $3 to $6
rastyb87: calls $3
*** FLOP *** [Ah Ad As]
rastyb87: checks
ChrisTuff: bets $3
rastyb87: calls $3
*** TURN *** [Ah Ad As] [4s]
rastyb87: checks
ChrisTuff: checks
*** RIVER *** [Ah Ad As 4s] [Jh]
rastyb87: bets $6
ChrisTuff: calls $6
*** SHOW DOWN ***
rastyb87: shows [6h 5h] (three of a kind, Aces)
ChrisTuff: shows [Jd 7d] (a full house, Aces full of Jacks)
ChrisTuff collected $29.50 from pot
*** SUMMARY ***
Total pot $30 | Rake $0.50
Board [Ah Ad As 4s Jh]
Seat 4: ChrisTuff (button) (small blind) showed [Jd 7d] and won ($29.50) with a full house, Aces full of Jacks
Seat 5: rastyb87 (big blind) showed [6h 5h] and lost with three of a kind, Aces


PokerStars Hand #145203213085:  Hold'em Limit ($3/$6 USD) - 2015/12/11 19:56:18 ET
Table 'Krethon' 6-max Seat #5 is the button
Seat 4: ChrisTuff ($257.63 in chips)
Seat 5: rastyb87 ($33.10 in chips)
rastyb87: posts small blind $1
ChrisTuff: posts big blind $3
*** HOLE CARDS ***
rastyb87: folds
Uncalled bet ($2) returned to ChrisTuff
ChrisTuff collected $2 from pot
ChrisTuff: doesn't show hand
*** SUMMARY ***
Total pot $2 | Rake $0
Seat 4: ChrisTuff (big blind) collected ($2)
Seat 5: rastyb87 (button) (small blind) folded before Flop


PokerStars Hand #145203207448:  Hold'em Limit ($3/$6 USD) - 2015/12/11 19:56:07 ET
Table 'Krethon' 6-max Seat #4 is the button
Seat 4: ChrisTuff ($251.87 in chips)
Seat 5: rastyb87 ($39.10 in chips)
ChrisTuff: posts small blind $1
rastyb87: posts big blind $3
*** HOLE CARDS ***
ChrisTuff: raises $3 to $6
rastyb87: calls $3
*** FLOP *** [Kh 5d Ks]
rastyb87: checks
ChrisTuff: bets $3
rastyb87: folds
Uncalled bet ($3) returned to ChrisTuff
ChrisTuff collected $11.76 from pot
ChrisTuff: doesn't show hand
*** SUMMARY ***
Total pot $12 | Rake $0.24
Board [Kh 5d Ks]
Seat 4: ChrisTuff (button) (small blind) collected ($11.76)
Seat 5: rastyb87 (big blind) folded on the Flop


PokerStars Hand #145204647432:  Hold'em Limit ($3/$6 USD) - 2015/12/11 20:38:40 ET
Table 'Krethon' 6-max Seat #1 is the button
Seat 1: ArashCash ($89 in chips)
Seat 2: chezlaw ($120 in chips)
ArashCash: posts small blind $1
chezlaw: posts big blind $3
*** HOLE CARDS ***
ArashCash: folds
Uncalled bet ($2) returned to chezlaw
chezlaw collected $2 from pot
chezlaw: doesn't show hand
*** SUMMARY ***
Total pot $2 | Rake $0
Seat 1: ArashCash (button) (small blind) folded before Flop
Seat 2: chezlaw (big blind) collected ($2)


PokerStars Hand #145204676310:  Hold'em Limit ($3/$6 USD) - 2015/12/11 20:39:33 ET
Table 'Krethon' 6-max Seat #2 is the button
Seat 1: ArashCash ($99.52 in chips)
Seat 2: chezlaw ($109 in chips)
chezlaw: posts small blind $1
ArashCash: posts big blind $3
*** HOLE CARDS ***
chezlaw: raises $3 to $6
ArashCash: raises $3 to $9
chezlaw: calls $3
*** FLOP *** [2h Qc Kc]
ArashCash: bets $3
chezlaw: folds
Uncalled bet ($3) returned to ArashCash
ArashCash collected $17.64 from pot
*** SUMMARY ***
Total pot $18 | Rake $0.36
Board [2h Qc Kc]
Seat 1: ArashCash (big blind) collected ($17.64)
Seat 2: chezlaw (button) (small blind) folded on the Flop


PokerStars Hand #145204667997:  Hold'em Limit ($3/$6 USD) - 2015/12/11 20:39:18 ET
Table 'Krethon' 6-max Seat #1 is the button
Seat 1: ArashCash ($96.64 in chips)
Seat 2: chezlaw ($112 in chips)
ArashCash: posts small blind $1
chezlaw: posts big blind $3
*** HOLE CARDS ***
ArashCash: calls $2
chezlaw: checks
*** FLOP *** [9h 6c Qh]
chezlaw: checks
ArashCash: bets $3
chezlaw: folds
Uncalled bet ($3) returned to ArashCash
ArashCash collected $5.88 from pot
*** SUMMARY ***
Total pot $6 | Rake $0.12
Board [9h 6c Qh]
Seat 1: ArashCash (button) (small blind) collected ($5.88)
Seat 2: chezlaw (big blind) folded on the Flop


PokerStars Hand #145204652098:  Hold'em Limit ($3/$6 USD) - 2015/12/11 20:38:48 ET
Table 'Krethon' 6-max Seat #2 is the button
Seat 1: ArashCash ($88 in chips)
Seat 2: chezlaw ($121 in chips)
chezlaw: posts small blind $1
ArashCash: posts big blind $3
*** HOLE CARDS ***
chezlaw: raises $3 to $6
ArashCash: raises $3 to $9
chezlaw: calls $3
*** FLOP *** [5c 8s 9d]
ArashCash: bets $3
chezlaw: folds
Uncalled bet ($3) returned to ArashCash
ArashCash collected $17.64 from pot
*** SUMMARY ***
Total pot $18 | Rake $0.36
Board [5c 8s 9d]
Seat 1: ArashCash (big blind) collected ($17.64)
Seat 2: chezlaw (button) (small blind) folded on the Flop


PokerStars Hand #145204682772:  Hold'em Limit ($3/$6 USD) - 2015/12/11 20:39:45 ET
Table 'Krethon' 6-max Seat #1 is the button
Seat 1: ArashCash ($108.16 in chips)
Seat 2: chezlaw ($100 in chips)
ArashCash: posts small blind $1
chezlaw: posts big blind $3
*** HOLE CARDS ***
ArashCash: calls $2
chezlaw: checks
*** FLOP *** [Ac 9d Ts]
chezlaw: checks
ArashCash: checks
*** TURN *** [Ac 9d Ts] [Td]
chezlaw: bets $6
ArashCash: folds
Uncalled bet ($6) returned to chezlaw
chezlaw collected $5.88 from pot
chezlaw: doesn't show hand
*** SUMMARY ***
Total pot $6 | Rake $0.12
Board [Ac 9d Ts Td]
Seat 1: ArashCash (button) (small blind) folded on the Turn
Seat 2: chezlaw (big blind) collected ($5.88)


PokerStars Hand #145204705322:  Hold'em Limit ($3/$6 USD) - 2015/12/11 20:40:27 ET
Table 'Krethon' 6-max Seat #1 is the button
Seat 1: ArashCash ($84.16 in chips)
Seat 2: chezlaw ($123.38 in chips)
ArashCash: posts small blind $1
chezlaw: posts big blind $3
*** HOLE CARDS ***
ArashCash: raises $3 to $6
chezlaw: calls $3
*** FLOP *** [Ad 7s 3s]
chezlaw: checks
ArashCash: bets $3
bankfackaren joins the table at seat #6
chezlaw: folds
Uncalled bet ($3) returned to ArashCash
ArashCash collected $11.76 from pot
ArashCash: doesn't show hand
*** SUMMARY ***
Total pot $12 | Rake $0.24
Board [Ad 7s 3s]
Seat 1: ArashCash (button) (small blind) collected ($11.76)
Seat 2: chezlaw (big blind) folded on the Flop


PokerStars Hand #145204693391:  Hold'em Limit ($3/$6 USD) - 2015/12/11 20:40:05 ET
Table 'Krethon' 6-max Seat #2 is the button
Seat 1: ArashCash ($105.16 in chips)
Seat 2: chezlaw ($102.88 in chips)
chezlaw: posts small blind $1
ArashCash: posts big blind $3
*** HOLE CARDS ***
chezlaw: raises $3 to $6
ArashCash: calls $3
*** FLOP *** [Ac Kc 3c]
ArashCash: checks
chezlaw: bets $3
ArashCash: calls $3
*** TURN *** [Ac Kc 3c] [4h]
ArashCash: checks
chezlaw: bets $6
ArashCash: calls $6
*** RIVER *** [Ac Kc 3c 4h] [9c]
ArashCash: checks
chezlaw: bets $6
ArashCash: calls $6
*** SHOW DOWN ***
chezlaw: shows [Kd 4c] (a flush, Ace high)
ArashCash: mucks hand
chezlaw collected $41.50 from pot
*** SUMMARY ***
Total pot $42 | Rake $0.50
Board [Ac Kc 3c 4h 9c]
Seat 1: ArashCash (big blind) mucked
Seat 2: chezlaw (button) (small blind) showed [Kd 4c] and won ($41.50) with a flush, Ace high


PokerStars Hand #145204787278:  Hold'em Limit ($3/$6 USD) - 2015/12/11 20:43:00 ET
Table 'Krethon' 6-max Seat #2 is the button
Seat 1: ArashCash ($131.43 in chips)
Seat 2: chezlaw ($121.54 in chips)
chezlaw: posts small blind $1
ArashCash: posts big blind $3
*** HOLE CARDS ***
chezlaw: folds
Uncalled bet ($2) returned to ArashCash
ArashCash collected $2 from pot
*** SUMMARY ***
Total pot $2 | Rake $0
Seat 1: ArashCash (big blind) collected ($2)
Seat 2: chezlaw (button) (small blind) folded before Flop


PokerStars Hand #145204812311:  Hold'em Limit ($3/$6 USD) - 2015/12/11 20:43:48 ET
Table 'Krethon' 6-max Seat #1 is the button
Seat 1: ArashCash ($134.94 in chips)
Seat 2: chezlaw ($117.05 in chips)
ArashCash: posts small blind $1
chezlaw: posts big blind $3
*** HOLE CARDS ***
ArashCash: raises $3 to $6
chezlaw: calls $3
*** FLOP *** [3d 7c 9d]
chezlaw: checks
ArashCash: bets $3
chezlaw: folds
Uncalled bet ($3) returned to ArashCash
ArashCash collected $11.76 from pot
ArashCash: doesn't show hand
*** SUMMARY ***
Total pot $12 | Rake $0.24
Board [3d 7c 9d]
Seat 1: ArashCash (button) (small blind) collected ($11.76)
Seat 2: chezlaw (big blind) folded on the Flop


PokerStars Hand #145204808074:  Hold'em Limit ($3/$6 USD) - 2015/12/11 20:43:40 ET
Table 'Krethon' 6-max Seat #2 is the button
Seat 1: ArashCash ($140.94 in chips)
Seat 2: chezlaw ($111.29 in chips)
chezlaw: posts small blind $1
ArashCash: posts big blind $3
*** HOLE CARDS ***
chezlaw: raises $3 to $6
ArashCash: calls $3
*** FLOP *** [Qh Qs 7s]
ArashCash: checks
chezlaw: bets $3
ArashCash: folds
Uncalled bet ($3) returned to chezlaw
chezlaw collected $11.76 from pot
chezlaw: doesn't show hand
*** SUMMARY ***
Total pot $12 | Rake $0.24
Board [Qh Qs 7s]
Seat 1: ArashCash (big blind) folded on the Flop
Seat 2: chezlaw (button) (small blind) collected ($11.76)


PokerStars Hand #145204805289:  Hold'em Limit ($3/$6 USD) - 2015/12/11 20:43:34 ET
Table 'Krethon' 6-max Seat #1 is the button
Seat 1: ArashCash ($137.94 in chips)
Seat 2: chezlaw ($114.29 in chips)
ArashCash: posts small blind $1
chezlaw: posts big blind $3
*** HOLE CARDS ***
ArashCash: raises $3 to $6
chezlaw: folds
Uncalled bet ($3) returned to ArashCash
ArashCash collected $6 from pot
*** SUMMARY ***
Total pot $6 | Rake $0
Seat 1: ArashCash (button) (small blind) collected ($6)
Seat 2: chezlaw (big blind) folded before Flop


PokerStars Hand #145204797260:  Hold'em Limit ($3/$6 USD) - 2015/12/11 20:43:19 ET
Table 'Krethon' 6-max Seat #2 is the button
Seat 1: ArashCash ($138.19 in chips)
Seat 2: chezlaw ($114.54 in chips)
chezlaw: posts small blind $1
ArashCash: posts big blind $3
*** HOLE CARDS ***
chezlaw: raises $3 to $6
ArashCash: calls $3
*** FLOP *** [4h 5s Js]
ArashCash: checks
chezlaw: bets $3
ArashCash: calls $3
*** TURN *** [4h 5s Js] [Tc]
ArashCash: checks
chezlaw: bets $6
ArashCash: calls $6
*** RIVER *** [4h 5s Js Tc] [5c]
ArashCash: checks
chezlaw: checks
*** SHOW DOWN ***
ArashCash: shows [9d 4d] (two pair, Fives and Fours)
chezlaw: shows [4c 7c] (two pair, Fives and Fours)
ArashCash collected $14.75 from pot
chezlaw collected $14.75 from pot
*** SUMMARY ***
Total pot $30 | Rake $0.50
Board [4h 5s Js Tc 5c]
Seat 1: ArashCash (big blind) showed [9d 4d] and won ($14.75) with two pair, Fives and Fours
Seat 2: chezlaw (button) (small blind) showed [4c 7c] and won ($14.75) with two pair, Fives and Fours


PokerStars Hand #145204789685:  Hold'em Limit ($3/$6 USD) - 2015/12/11 20:43:05 ET
Table 'Krethon' 6-max Seat #1 is the button
Seat 1: ArashCash ($132.43 in chips)
Seat 2: chezlaw ($120.54 in chips)
ArashCash: posts small blind $1
chezlaw: posts big blind $3
*** HOLE CARDS ***
bankfackaren leaves the table
ArashCash: raises $3 to $6
chezlaw: calls $3
*** FLOP *** [4h 9c 9h]
chezlaw: checks
ArashCash: bets $3
chezlaw: folds
Uncalled bet ($3) returned to ArashCash
ArashCash collected $11.76 from pot
ArashCash: doesn't show hand
*** SUMMARY ***
Total pot $12 | Rake $0.24
Board [4h 9c 9h]
Seat 1: ArashCash (button) (small blind) collected ($11.76)
Seat 2: chezlaw (big blind) folded on the Flop


PokerStars Hand #145204832111:  Hold'em Limit ($3/$6 USD) - 2015/12/11 20:44:25 ET
Table 'Krethon' 6-max Seat #2 is the button
Seat 1: ArashCash ($119.46 in chips)
Seat 2: chezlaw ($131.55 in chips)
chezlaw: posts small blind $1
ArashCash: posts big blind $3
*** HOLE CARDS ***
chezlaw: folds
Uncalled bet ($2) returned to ArashCash
ArashCash collected $2 from pot
*** SUMMARY ***
Total pot $2 | Rake $0
Seat 1: ArashCash (big blind) collected ($2)
Seat 2: chezlaw (button) (small blind) folded before Flop


PokerStars Hand #145204826809:  Hold'em Limit ($3/$6 USD) - 2015/12/11 20:44:15 ET
Table 'Krethon' 6-max Seat #1 is the button
Seat 1: ArashCash ($113.70 in chips)
Seat 2: chezlaw ($137.55 in chips)
ArashCash: posts small blind $1
chezlaw: posts big blind $3
*** HOLE CARDS ***
ArashCash: raises $3 to $6
chezlaw: calls $3
*** FLOP *** [Kc Js Qh]
chezlaw: checks
ArashCash: bets $3
chezlaw: folds
Uncalled bet ($3) returned to ArashCash
ArashCash collected $11.76 from pot
ArashCash: doesn't show hand
*** SUMMARY ***
Total pot $12 | Rake $0.24
Board [Kc Js Qh]
Seat 1: ArashCash (button) (small blind) collected ($11.76)
Seat 2: chezlaw (big blind) folded on the Flop


PokerStars Hand #145204817906:  Hold'em Limit ($3/$6 USD) - 2015/12/11 20:43:58 ET
Table 'Krethon' 6-max Seat #2 is the button
Seat 1: ArashCash ($140.70 in chips)
Seat 2: chezlaw ($111.05 in chips)
chezlaw: posts small blind $1
ArashCash: posts big blind $3
*** HOLE CARDS ***
chezlaw: raises $3 to $6
ArashCash: calls $3
*** FLOP *** [Qh Ah 9c]
ArashCash: checks
chezlaw: bets $3
ArashCash: calls $3
*** TURN *** [Qh Ah 9c] [Qd]
ArashCash: checks
chezlaw: bets $6
ArashCash: raises $6 to $12
chezlaw: calls $6
*** RIVER *** [Qh Ah 9c Qd] [3d]
ArashCash: bets $6
chezlaw: calls $6
*** SHOW DOWN ***
ArashCash: shows [2s Kh] (a pair of Queens)
chezlaw: shows [8s 9h] (two pair, Queens and Nines)
chezlaw collected $53.50 from pot
*** SUMMARY ***
Total pot $54 | Rake $0.50
Board [Qh Ah 9c Qd 3d]
Seat 1: ArashCash (big blind) showed [2s Kh] and lost with a pair of Queens
Seat 2: chezlaw (button) (small blind) showed [8s 9h] and won ($53.50) with two pair, Queens and Nines


PokerStars Hand #145204880572:  Hold'em Limit ($3/$6 USD) - 2015/12/11 20:45:57 ET
Table 'Krethon' 6-max Seat #1 is the button
Seat 1: ArashCash ($87.10 in chips)
Seat 2: chezlaw ($162.33 in chips)
ArashCash: posts small blind $1
chezlaw: posts big blind $3
*** HOLE CARDS ***
ArashCash: raises $3 to $6
chezlaw: calls $3
*** FLOP *** [Ts Th 2d]
chezlaw: checks
ArashCash: bets $3
chezlaw: folds
Uncalled bet ($3) returned to ArashCash
ArashCash collected $11.76 from pot
ArashCash: doesn't show hand
*** SUMMARY ***
Total pot $12 | Rake $0.24
Board [Ts Th 2d]
Seat 1: ArashCash (button) (small blind) collected ($11.76)
Seat 2: chezlaw (big blind) folded on the Flop


PokerStars Hand #145204874263:  Hold'em Limit ($3/$6 USD) - 2015/12/11 20:45:45 ET
Table 'Krethon' 6-max Seat #2 is the button
Seat 1: ArashCash ($99.10 in chips)
Seat 2: chezlaw ($150.81 in chips)
chezlaw: posts small blind $1
ArashCash: posts big blind $3
*** HOLE CARDS ***
chezlaw: raises $3 to $6
ArashCash: calls $3
*** FLOP *** [Ks Jh 7c]
ArashCash: checks
chezlaw: checks
*** TURN *** [Ks Jh 7c] [Qh]
ArashCash: checks
chezlaw: bets $6
ArashCash: calls $6
*** RIVER *** [Ks Jh 7c Qh] [3d]
ArashCash: checks
chezlaw: bets $6
ArashCash: folds
Uncalled bet ($6) returned to chezlaw
chezlaw collected $23.52 from pot
chezlaw: doesn't show hand
*** SUMMARY ***
Total pot $24 | Rake $0.48
Board [Ks Jh 7c Qh 3d]
Seat 1: ArashCash (big blind) folded on the River
Seat 2: chezlaw (button) (small blind) collected ($23.52)


PokerStars Hand #145204866303:  Hold'em Limit ($3/$6 USD) - 2015/12/11 20:45:30 ET
Table 'Krethon' 6-max Seat #1 is the button
Seat 1: ArashCash ($123.10 in chips)
Seat 2: chezlaw ($127.31 in chips)
ArashCash: posts small blind $1
chezlaw: posts big blind $3
*** HOLE CARDS ***
ArashCash: raises $3 to $6
chezlaw: calls $3
*** FLOP *** [5d 6h Qd]
chezlaw: checks
ArashCash: bets $3
chezlaw: raises $3 to $6
ArashCash: calls $3
*** TURN *** [5d 6h Qd] [7s]
chezlaw: bets $6
ArashCash: calls $6
*** RIVER *** [5d 6h Qd 7s] [Qc]
chezlaw: checks
ArashCash: bets $6
chezlaw: calls $6
*** SHOW DOWN ***
ArashCash: shows [4s Ts] (a pair of Queens)
chezlaw: shows [Kh 6s] (two pair, Queens and Sixes)
chezlaw collected $47.50 from pot
*** SUMMARY ***
Total pot $48 | Rake $0.50
Board [5d 6h Qd 7s Qc]
Seat 1: ArashCash (button) (small blind) showed [4s Ts] and lost with a pair of Queens
Seat 2: chezlaw (big blind) showed [Kh 6s] and won ($47.50) with two pair, Queens and Sixes


PokerStars Hand #145204854015:  Hold'em Limit ($3/$6 USD) - 2015/12/11 20:45:07 ET
Table 'Krethon' 6-max Seat #2 is the button
Seat 1: ArashCash ($129.10 in chips)
Seat 2: chezlaw ($121.55 in chips)
chezlaw: posts small blind $1
ArashCash: posts big blind $3
*** HOLE CARDS ***
chezlaw: raises $3 to $6
ArashCash: calls $3
*** FLOP *** [Th Jd Jh]
ArashCash: checks
chezlaw: bets $3
ArashCash: folds
Uncalled bet ($3) returned to chezlaw
chezlaw collected $11.76 from pot
chezlaw: doesn't show hand
*** SUMMARY ***
Total pot $12 | Rake $0.24
Board [Th Jd Jh]
Seat 1: ArashCash (big blind) folded on the Flop
Seat 2: chezlaw (button) (small blind) collected ($11.76)


PokerStars Hand #145204910265:  Hold'em Limit ($3/$6 USD) - 2015/12/11 20:46:53 ET
Table 'Krethon' 6-max Seat #1 is the button
Seat 1: ArashCash ($107 in chips)
Seat 2: chezlaw ($140.83 in chips)
ArashCash: posts small blind $1
chezlaw: posts big blind $3
*** HOLE CARDS ***
ArashCash: raises $3 to $6
chezlaw: folds
Uncalled bet ($3) returned to ArashCash
ArashCash collected $6 from pot
ArashCash: doesn't show hand
*** SUMMARY ***
Total pot $6 | Rake $0
Seat 1: ArashCash (button) (small blind) collected ($6)
Seat 2: chezlaw (big blind) folded before Flop


PokerStars Hand #145204902280:  Hold'em Limit ($3/$6 USD) - 2015/12/11 20:46:38 ET
Table 'Krethon' 6-max Seat #2 is the button
Seat 1: ArashCash ($83.50 in chips)
Seat 2: chezlaw ($164.83 in chips)
chezlaw: posts small blind $1
ArashCash: posts big blind $3
*** HOLE CARDS ***
chezlaw: raises $3 to $6
ArashCash: raises $3 to $9
chezlaw: calls $3
*** FLOP *** [4h 5h Qs]
ArashCash: bets $3
chezlaw: calls $3
*** TURN *** [4h 5h Qs] [Kc]
ArashCash: bets $6
chezlaw: calls $6
*** RIVER *** [4h 5h Qs Kc] [Td]
ArashCash: bets $6
chezlaw: calls $6
*** SHOW DOWN ***
ArashCash: shows [Ks Ah] (a pair of Kings)
chezlaw: mucks hand
ArashCash collected $47.50 from pot
*** SUMMARY ***
Total pot $48 | Rake $0.50
Board [4h 5h Qs Kc Td]
Seat 1: ArashCash (big blind) showed [Ks Ah] and won ($47.50) with a pair of Kings
Seat 2: chezlaw (button) (small blind) mucked


PokerStars Hand #145204891590:  Hold'em Limit ($3/$6 USD) - 2015/12/11 20:46:18 ET
Table 'Krethon' 6-max Seat #1 is the button
Seat 1: ArashCash ($101.50 in chips)
Seat 2: chezlaw ($147.33 in chips)
ArashCash: posts small blind $1
chezlaw: posts big blind $3
*** HOLE CARDS ***
ArashCash: raises $3 to $6
chezlaw: calls $3
*** FLOP *** [7h 6s Ad]
chezlaw: checks
ArashCash: bets $3
chezlaw: raises $3 to $6
ArashCash: calls $3
*** TURN *** [7h 6s Ad] [3d]
chezlaw: bets $6
ArashCash: calls $6
*** RIVER *** [7h 6s Ad 3d] [Ts]
chezlaw: bets $6
ArashCash: folds
Uncalled bet ($6) returned to chezlaw
chezlaw collected $35.50 from pot
chezlaw: doesn't show hand
*** SUMMARY ***
Total pot $36 | Rake $0.50
Board [7h 6s Ad 3d Ts]
Seat 1: ArashCash (button) (small blind) folded on the River
Seat 2: chezlaw (big blind) collected ($35.50)


PokerStars Hand #145204885310:  Hold'em Limit ($3/$6 USD) - 2015/12/11 20:46:06 ET
Table 'Krethon' 6-max Seat #2 is the button
Seat 1: ArashCash ($92.86 in chips)
Seat 2: chezlaw ($156.33 in chips)
chezlaw: posts small blind $1
ArashCash: posts big blind $3
*** HOLE CARDS ***
chezlaw: raises $3 to $6
ArashCash: raises $3 to $9
chezlaw: calls $3
*** FLOP *** [Ad 4s Qh]
ArashCash: bets $3
chezlaw: folds
Uncalled bet ($3) returned to ArashCash
ArashCash collected $17.64 from pot
ArashCash: doesn't show hand
*** SUMMARY ***
Total pot $18 | Rake $0.36
Board [Ad 4s Qh]
Seat 1: ArashCash (big blind) collected ($17.64)
Seat 2: chezlaw (button) (small blind) folded on the Flop


PokerStars Hand #145204932074:  Hold'em Limit ($3/$6 USD) - 2015/12/11 20:47:35 ET
Table 'Krethon' 6-max Seat #2 is the button
Seat 1: ArashCash ($136.50 in chips)
Seat 2: chezlaw ($137.50 in chips)
chezlaw: posts small blind $1
ArashCash: posts big blind $3
*** HOLE CARDS ***
chezlaw: folds
Uncalled bet ($2) returned to ArashCash
ArashCash collected $2 from pot
*** SUMMARY ***
Total pot $2 | Rake $0
Seat 1: ArashCash (big blind) collected ($2)
Seat 2: chezlaw (button) (small blind) folded before Flop


PokerStars Hand #145204924548:  Hold'em Limit ($3/$6 USD) - 2015/12/11 20:47:21 ET
Table 'Krethon' 6-max Seat #1 is the button
Seat 1: ArashCash ($154.50 in chips)
Seat 2: chezlaw ($120 in chips)
ArashCash: posts small blind $1
chezlaw: posts big blind $3
*** HOLE CARDS ***
ArashCash: raises $3 to $6
chezlaw: calls $3
*** FLOP *** [Jc 5s 9d]
chezlaw: checks
ArashCash: bets $3
chezlaw: raises $3 to $6
ArashCash: calls $3
*** TURN *** [Jc 5s 9d] [Qd]
chezlaw: bets $6
ArashCash: calls $6
*** RIVER *** [Jc 5s 9d Qd] [Qc]
chezlaw: checks
ArashCash: checks
*** SHOW DOWN ***
chezlaw: shows [5h Jd] (two pair, Queens and Jacks)
ArashCash: mucks hand
chezlaw collected $35.50 from pot
*** SUMMARY ***
Total pot $36 | Rake $0.50
Board [Jc 5s 9d Qd Qc]
Seat 1: ArashCash (button) (small blind) mucked
Seat 2: chezlaw (big blind) showed [5h Jd] and won ($35.50) with two pair, Queens and Jacks


PokerStars Hand #145204913369:  Hold'em Limit ($3/$6 USD) - 2015/12/11 20:46:59 ET
Table 'Krethon' 6-max Seat #2 is the button
Seat 1: ArashCash ($110 in chips)
Seat 2: chezlaw ($137.83 in chips)
chezlaw: posts small blind $1
ArashCash: posts big blind $3
*** HOLE CARDS ***
chezlaw: raises $3 to $6
ArashCash: raises $3 to $9
chezlaw: raises $3 to $12
Betting is capped
ArashCash: calls $3
*** FLOP *** [5d 3d 8d]
ArashCash: checks
chezlaw: bets $3
ArashCash: calls $3
*** TURN *** [5d 3d 8d] [Jh]
ArashCash: checks
chezlaw: bets $6
ArashCash: raises $6 to $12
chezlaw: raises $6 to $18
ArashCash: raises $6 to $24
Betting is capped
chezlaw: calls $6
*** RIVER *** [5d 3d 8d Jh] [9h]
ArashCash: bets $6
chezlaw: calls $6
*** SHOW DOWN ***
ArashCash: shows [Td Kd] (a flush, King high)
chezlaw: mucks hand
ArashCash collected $89.50 from pot
*** SUMMARY ***
Total pot $90 | Rake $0.50
Board [5d 3d 8d Jh 9h]
Seat 1: ArashCash (big blind) showed [Td Kd] and won ($89.50) with a flush, King high
Seat 2: chezlaw (button) (small blind) mucked


PokerStars Hand #145204964319:  Hold'em Limit ($3/$6 USD) - 2015/12/11 20:48:38 ET
Table 'Krethon' 6-max Seat #2 is the button
Seat 1: ArashCash ($138 in chips)
Seat 2: chezlaw ($135 in chips)
chezlaw: posts small blind $1
ArashCash: posts big blind $3
*** HOLE CARDS ***
chezlaw: raises $3 to $6
ArashCash: raises $3 to $9
chezlaw: calls $3
*** FLOP *** [5d 2h Ah]
ArashCash: bets $3
chezlaw: raises $3 to $6
ArashCash: calls $3
*** TURN *** [5d 2h Ah] [Qh]
ArashCash: checks
chezlaw: bets $6
ArashCash: raises $6 to $12
chezlaw: raises $6 to $18
ArashCash: calls $6
*** RIVER *** [5d 2h Ah Qh] [Td]
ArashCash: checks
chezlaw: bets $6
ArashCash: calls $6
*** SHOW DOWN ***
chezlaw: shows [3d 4d] (a straight, Ace to Five)
ArashCash: mucks hand
chezlaw collected $77.50 from pot
*** SUMMARY ***
Total pot $78 | Rake $0.50
Board [5d 2h Ah Qh Td]
Seat 1: ArashCash (big blind) mucked
Seat 2: chezlaw (button) (small blind) showed [3d 4d] and won ($77.50) with a straight, Ace to Five


PokerStars Hand #145204957128:  Hold'em Limit ($3/$6 USD) - 2015/12/11 20:48:24 ET
Table 'Krethon' 6-max Seat #1 is the button
Seat 1: ArashCash ($123.50 in chips)
Seat 2: chezlaw ($150 in chips)
ArashCash: posts small blind $1
chezlaw: posts big blind $3
*** HOLE CARDS ***
ArashCash: calls $2
chezlaw: raises $3 to $6
ArashCash: calls $3
*** FLOP *** [4s 7d Qd]
chezlaw: bets $3
ArashCash: calls $3
*** TURN *** [4s 7d Qd] [8s]
chezlaw: checks
ArashCash: checks
*** RIVER *** [4s 7d Qd 8s] [6s]
chezlaw: checks
ArashCash: bets $6
chezlaw: calls $6
*** SHOW DOWN ***
ArashCash: shows [5s 3c] (a straight, Four to Eight)
chezlaw: mucks hand
ArashCash collected $29.50 from pot
*** SUMMARY ***
Total pot $30 | Rake $0.50
Board [4s 7d Qd 8s 6s]
Seat 1: ArashCash (button) (small blind) showed [5s 3c] and won ($29.50) with a straight, Four to Eight
Seat 2: chezlaw (big blind) mucked


PokerStars Hand #145204955019:  Hold'em Limit ($3/$6 USD) - 2015/12/11 20:48:20 ET
Table 'Krethon' 6-max Seat #2 is the button
Seat 1: ArashCash ($122.50 in chips)
Seat 2: chezlaw ($151 in chips)
chezlaw: posts small blind $1
ArashCash: posts big blind $3
*** HOLE CARDS ***
chezlaw: folds
Uncalled bet ($2) returned to ArashCash
ArashCash collected $2 from pot
ArashCash: doesn't show hand
*** SUMMARY ***
Total pot $2 | Rake $0
Seat 1: ArashCash (big blind) collected ($2)
Seat 2: chezlaw (button) (small blind) folded before Flop


PokerStars Hand #145204934260:  Hold'em Limit ($3/$6 USD) - 2015/12/11 20:47:39 ET
Table 'Krethon' 6-max Seat #1 is the button
Seat 1: ArashCash ($137.50 in chips)
Seat 2: chezlaw ($136.50 in chips)
ArashCash: posts small blind $1
chezlaw: posts big blind $3
*** HOLE CARDS ***
ArashCash: raises $3 to $6
chezlaw: calls $3
*** FLOP *** [2d Td 3h]
chezlaw: checks
ArashCash: bets $3
chezlaw: calls $3
*** TURN *** [2d Td 3h] [Jd]
chezlaw: checks
ArashCash: bets $6
chezlaw: raises $6 to $12
ArashCash: folds
Uncalled bet ($6) returned to chezlaw
chezlaw collected $29.50 from pot
chezlaw: doesn't show hand
*** SUMMARY ***
Total pot $30 | Rake $0.50
Board [2d Td 3h Jd]
Seat 1: ArashCash (button) (small blind) folded on the Turn
Seat 2: chezlaw (big blind) collected ($29.50)


PokerStars Hand #145205000500:  Hold'em Limit ($3/$6 USD) - 2015/12/11 20:49:48 ET
Table 'Krethon' 6-max Seat #1 is the button
Seat 1: ArashCash ($146.64 in chips)
Seat 2: chezlaw ($124.50 in chips)
ArashCash: posts small blind $1
chezlaw: posts big blind $3
*** HOLE CARDS ***
ArashCash: raises $3 to $6
chezlaw: raises $3 to $9
ArashCash: calls $3
*** FLOP *** [2c Jd Jh]
chezlaw: bets $3
ArashCash: calls $3
*** TURN *** [2c Jd Jh] [Ah]
chezlaw: checks
ArashCash: checks
*** RIVER *** [2c Jd Jh Ah] [5h]
chezlaw: checks
ArashCash: checks
*** SHOW DOWN ***
chezlaw: shows [Kd Qs] (a pair of Jacks)
ArashCash: mucks hand
chezlaw collected $23.52 from pot
*** SUMMARY ***
Total pot $24 | Rake $0.48
Board [2c Jd Jh Ah 5h]
Seat 1: ArashCash (button) (small blind) mucked
Seat 2: chezlaw (big blind) showed [Kd Qs] and won ($23.52) with a pair of Jacks


PokerStars Hand #145204998613:  Hold'em Limit ($3/$6 USD) - 2015/12/11 20:49:44 ET
Table 'Krethon' 6-max Seat #2 is the button
Seat 1: ArashCash ($145.64 in chips)
Seat 2: chezlaw ($125.50 in chips)
chezlaw: posts small blind $1
ArashCash: posts big blind $3
*** HOLE CARDS ***
chezlaw: folds
Uncalled bet ($2) returned to ArashCash
ArashCash collected $2 from pot
*** SUMMARY ***
Total pot $2 | Rake $0
Seat 1: ArashCash (big blind) collected ($2)
Seat 2: chezlaw (button) (small blind) folded before Flop


PokerStars Hand #145204989325:  Hold'em Limit ($3/$6 USD) - 2015/12/11 20:49:26 ET
Table 'Krethon' 6-max Seat #1 is the button
Seat 1: ArashCash ($125.14 in chips)
Seat 2: chezlaw ($146.50 in chips)
ArashCash: posts small blind $1
chezlaw: posts big blind $3
*** HOLE CARDS ***
ArashCash: calls $2
chezlaw: raises $3 to $6
ArashCash: calls $3
*** FLOP *** [2h 6c 4d]
chezlaw: bets $3
ArashCash: calls $3
*** TURN *** [2h 6c 4d] [Th]
chezlaw: bets $6
ArashCash: raises $6 to $12
chezlaw: calls $6
*** RIVER *** [2h 6c 4d Th] [8s]
chezlaw: checks
ArashCash: bets $6
chezlaw: folds
Uncalled bet ($6) returned to ArashCash
ArashCash collected $41.50 from pot
ArashCash: doesn't show hand
*** SUMMARY ***
Total pot $42 | Rake $0.50
Board [2h 6c 4d Th 8s]
Seat 1: ArashCash (button) (small blind) collected ($41.50)
Seat 2: chezlaw (big blind) folded on the River


PokerStars Hand #145204982261:  Hold'em Limit ($3/$6 USD) - 2015/12/11 20:49:12 ET
Table 'Krethon' 6-max Seat #2 is the button
Seat 1: ArashCash ($107.64 in chips)
Seat 2: chezlaw ($164.50 in chips)
chezlaw: posts small blind $1
ArashCash: posts big blind $3
*** HOLE CARDS ***
chezlaw: raises $3 to $6
ArashCash: calls $3
*** FLOP *** [Qd 4c 7c]
ArashCash: checks
chezlaw: checks
*** TURN *** [Qd 4c 7c] [6s]
ArashCash: bets $6
chezlaw: calls $6
*** RIVER *** [Qd 4c 7c 6s] [2d]
ArashCash: bets $6
chezlaw: calls $6
*** SHOW DOWN ***
ArashCash: shows [6h 4h] (two pair, Sixes and Fours)
chezlaw: mucks hand
ArashCash collected $35.50 from pot
*** SUMMARY ***
Total pot $36 | Rake $0.50
Board [Qd 4c 7c 6s 2d]
Seat 1: ArashCash (big blind) showed [6h 4h] and won ($35.50) with two pair, Sixes and Fours
Seat 2: chezlaw (button) (small blind) mucked


PokerStars Hand #145204973152:  Hold'em Limit ($3/$6 USD) - 2015/12/11 20:48:55 ET
Table 'Krethon' 6-max Seat #1 is the button
Seat 1: ArashCash ($99 in chips)
Seat 2: chezlaw ($173.50 in chips)
ArashCash: posts small blind $1
chezlaw: posts big blind $3
*** HOLE CARDS ***
ArashCash said, "uindass,"
ArashCash: raises $3 to $6
chezlaw: calls $3
*** FLOP *** [9s 6d Jd]
chezlaw: checks
ArashCash: bets $3
chezlaw: calls $3
*** TURN *** [9s 6d Jd] [8d]
chezlaw: checks
ArashCash: checks
*** RIVER *** [9s 6d Jd 8d] [7d]
chezlaw: checks
ArashCash: bets $6
chezlaw: folds
Uncalled bet ($6) returned to ArashCash
ArashCash collected $17.64 from pot
ArashCash: shows [3c 4h] (high card Jack)
*** SUMMARY ***
Total pot $18 | Rake $0.36
Board [9s 6d Jd 8d 7d]
Seat 1: ArashCash (button) (small blind) collected ($17.64)
Seat 2: chezlaw (big blind) folded on the River


PokerStars Hand #145205007444:  Hold'em Limit ($3/$6 USD) - 2015/12/11 20:50:01 ET
Table 'Krethon' 6-max Seat #2 is the button
Seat 1: ArashCash ($134.64 in chips)
Seat 2: chezlaw ($136.02 in chips)
chezlaw: posts small blind $1
ArashCash: posts big blind $3
*** HOLE CARDS ***
chezlaw: raises $3 to $6
ArashCash: calls $3
*** FLOP *** [Js 5h Qc]
ArashCash: checks
chezlaw: bets $3
ArashCash: calls $3
*** TURN *** [Js 5h Qc] [6h]
ArashCash: checks
chezlaw: checks
*** RIVER *** [Js 5h Qc 6h] [Ad]
ArashCash: checks
chezlaw: checks
*** SHOW DOWN ***
ArashCash: shows [As 3c] (a pair of Aces)
chezlaw: mucks hand
ArashCash collected $17.64 from pot
*** SUMMARY ***
Total pot $18 | Rake $0.36
Board [Js 5h Qc 6h Ad]
Seat 1: ArashCash (big blind) showed [As 3c] and won ($17.64) with a pair of Aces
Seat 2: chezlaw (button) (small blind) mucked


PokerStars Hand #145205027703:  Hold'em Limit ($3/$6 USD) - 2015/12/11 20:50:41 ET
Table 'Krethon' 6-max Seat #1 is the button
Seat 1: ArashCash ($142.78 in chips)
Seat 2: chezlaw ($126.52 in chips)
ArashCash: posts small blind $1
chezlaw: posts big blind $3
*** HOLE CARDS ***
ArashCash: raises $3 to $6
chezlaw: raises $3 to $9
ArashCash: calls $3
*** FLOP *** [4h 9c 8d]
chezlaw: bets $3
ArashCash: calls $3
*** TURN *** [4h 9c 8d] [7d]
chezlaw: checks
ArashCash: checks
*** RIVER *** [4h 9c 8d 7d] [5c]
chezlaw: checks
ArashCash: bets $6
chezlaw: calls $6
*** SHOW DOWN ***
ArashCash: shows [6d 2h] (a straight, Five to Nine)
chezlaw: mucks hand
ArashCash collected $35.50 from pot
*** SUMMARY ***
Total pot $36 | Rake $0.50
Board [4h 9c 8d 7d 5c]
Seat 1: ArashCash (button) (small blind) showed [6d 2h] and won ($35.50) with a straight, Five to Nine
Seat 2: chezlaw (big blind) mucked


PokerStars Hand #145205020286:  Hold'em Limit ($3/$6 USD) - 2015/12/11 20:50:26 ET
Table 'Krethon' 6-max Seat #2 is the button
Seat 1: ArashCash ($128.28 in chips)
Seat 2: chezlaw ($141.52 in chips)
chezlaw: posts small blind $1
ArashCash: posts big blind $3
*** HOLE CARDS ***
chezlaw: raises $3 to $6
ArashCash: calls $3
*** FLOP *** [6c 5h Ac]
ArashCash: checks
chezlaw: bets $3
ArashCash: calls $3
*** TURN *** [6c 5h Ac] [Jd]
ArashCash: checks
chezlaw: bets $6
ArashCash: calls $6
*** RIVER *** [6c 5h Ac Jd] [4c]
ArashCash: checks
chezlaw: checks
*** SHOW DOWN ***
ArashCash: shows [4h 4s] (three of a kind, Fours)
chezlaw: mucks hand
ArashCash collected $29.50 from pot
*** SUMMARY ***
Total pot $30 | Rake $0.50
Board [6c 5h Ac Jd 4c]
Seat 1: ArashCash (big blind) showed [4h 4s] and won ($29.50) with three of a kind, Fours
Seat 2: chezlaw (button) (small blind) mucked


PokerStars Hand #145205013257:  Hold'em Limit ($3/$6 USD) - 2015/12/11 20:50:13 ET
Table 'Krethon' 6-max Seat #1 is the button
Seat 1: ArashCash ($143.28 in chips)
Seat 2: chezlaw ($127.02 in chips)
ArashCash: posts small blind $1
chezlaw: posts big blind $3
*** HOLE CARDS ***
ArashCash: raises $3 to $6
chezlaw: calls $3
*** FLOP *** [Jd 7h 5d]
chezlaw: checks
ArashCash: bets $3
chezlaw: calls $3
*** TURN *** [Jd 7h 5d] [Jh]
chezlaw: checks
ArashCash: checks
*** RIVER *** [Jd 7h 5d Jh] [Qs]
chezlaw: checks
ArashCash: bets $6
chezlaw: calls $6
*** SHOW DOWN ***
ArashCash: shows [Tc 8c] (a pair of Jacks)
chezlaw: shows [Ad 6h] (a pair of Jacks - Ace kicker)
chezlaw collected $29.50 from pot
*** SUMMARY ***
Total pot $30 | Rake $0.50
Board [Jd 7h 5d Jh Qs]
Seat 1: ArashCash (button) (small blind) showed [Tc 8c] and lost with a pair of Jacks
Seat 2: chezlaw (big blind) showed [Ad 6h] and won ($29.50) with a pair of Jacks


PokerStars Hand #145205068677:  Hold'em Limit ($3/$6 USD) - 2015/12/11 20:52:00 ET
Table 'Krethon' 6-max Seat #2 is the button
Seat 1: ArashCash ($186.30 in chips)
Seat 2: chezlaw ($108 in chips)
chezlaw: posts small blind $1
ArashCash: posts big blind $3
*** HOLE CARDS ***
chezlaw: folds
Uncalled bet ($2) returned to ArashCash
ArashCash collected $2 from pot
ArashCash: doesn't show hand
*** SUMMARY ***
Total pot $2 | Rake $0
Seat 1: ArashCash (big blind) collected ($2)
Seat 2: chezlaw (button) (small blind) folded before Flop


PokerStars Hand #145205063855:  Hold'em Limit ($3/$6 USD) - 2015/12/11 20:51:51 ET
Table 'Krethon' 6-max Seat #1 is the button
Seat 1: ArashCash ($183.42 in chips)
Seat 2: chezlaw ($111 in chips)
ArashCash: posts small blind $1
chezlaw: posts big blind $3
*** HOLE CARDS ***
ArashCash: calls $2
chezlaw: checks
*** FLOP *** [8s Kh 8h]
chezlaw: checks
ArashCash: checks
*** TURN *** [8s Kh 8h] [4c]
chezlaw: checks
ArashCash: checks
*** RIVER *** [8s Kh 8h 4c] [5c]
chezlaw: checks
ArashCash: checks
*** SHOW DOWN ***
chezlaw: shows [6c 3h] (a pair of Eights)
ArashCash: shows [9d 7c] (a pair of Eights - King+Nine kicker)
ArashCash collected $5.88 from pot
*** SUMMARY ***
Total pot $6 | Rake $0.12
Board [8s Kh 8h 4c 5c]
Seat 1: ArashCash (button) (small blind) showed [9d 7c] and won ($5.88) with a pair of Eights
Seat 2: chezlaw (big blind) showed [6c 3h] and lost with a pair of Eights


PokerStars Hand #145205059786:  Hold'em Limit ($3/$6 USD) - 2015/12/11 20:51:43 ET
Table 'Krethon' 6-max Seat #2 is the button
Seat 1: ArashCash ($174.78 in chips)
Seat 2: chezlaw ($120 in chips)
chezlaw: posts small blind $1
ArashCash: posts big blind $3
*** HOLE CARDS ***
chezlaw: raises $3 to $6
ArashCash: raises $3 to $9
chezlaw: calls $3
*** FLOP *** [Js 3h Ah]
ArashCash: bets $3
chezlaw: folds
Uncalled bet ($3) returned to ArashCash
ArashCash collected $17.64 from pot
ArashCash: doesn't show hand
*** SUMMARY ***
Total pot $18 | Rake $0.36
Board [Js 3h Ah]
Seat 1: ArashCash (big blind) collected ($17.64)
Seat 2: chezlaw (button) (small blind) folded on the Flop


PokerStars Hand #145205053437:  Hold'em Limit ($3/$6 USD) - 2015/12/11 20:51:31 ET
Table 'Krethon' 6-max Seat #1 is the button
Seat 1: ArashCash ($154.28 in chips)
Seat 2: chezlaw ($114.28 in chips)
ArashCash: posts small blind $1
chezlaw: posts big blind $3
*** HOLE CARDS ***
ArashCash: raises $3 to $6
chezlaw: calls $3
*** FLOP *** [2s Ks 7s]
chezlaw: checks
ArashCash: bets $3
chezlaw: calls $3
*** TURN *** [2s Ks 7s] [9s]
chezlaw: checks
ArashCash: bets $6
chezlaw: calls $6
*** RIVER *** [2s Ks 7s 9s] [Kh]
chezlaw: checks
ArashCash: bets $6
chezlaw: calls $6
*** SHOW DOWN ***
ArashCash: shows [5s Qd] (a flush, King high)
chezlaw: mucks hand
ArashCash collected $41.50 from pot
*** SUMMARY ***
Total pot $42 | Rake $0.50
Board [2s Ks 7s 9s Kh]
Seat 1: ArashCash (button) (small blind) showed [5s Qd] and won ($41.50) with a flush, King high
Seat 2: chezlaw (big blind) mucked


PokerStars Hand #145205037424:  Hold'em Limit ($3/$6 USD) - 2015/12/11 20:51:00 ET
Table 'Krethon' 6-max Seat #2 is the button
Seat 1: ArashCash ($160.28 in chips)
Seat 2: chezlaw ($108.52 in chips)
chezlaw: posts small blind $1
ArashCash: posts big blind $3
*** HOLE CARDS ***
chezlaw: raises $3 to $6
ArashCash: calls $3
*** FLOP *** [Qd Ts 6c]
ArashCash: checks
chezlaw: bets $3
ArashCash: folds
Uncalled bet ($3) returned to chezlaw
chezlaw collected $11.76 from pot
chezlaw: doesn't show hand
*** SUMMARY ***
Total pot $12 | Rake $0.24
Board [Qd Ts 6c]
Seat 1: ArashCash (big blind) folded on the Flop
Seat 2: chezlaw (button) (small blind) collected ($11.76)


PokerStars Hand #145205099501:  Hold'em Limit ($3/$6 USD) - 2015/12/11 20:53:00 ET
Table 'Krethon' 6-max Seat #1 is the button
Seat 1: ArashCash ($209.30 in chips)
Seat 2: chezlaw ($120.14 in chips)
ArashCash: posts small blind $1
chezlaw: posts big blind $3
*** HOLE CARDS ***
ArashCash: folds
Uncalled bet ($2) returned to chezlaw
chezlaw collected $2 from pot
chezlaw: doesn't show hand
*** SUMMARY ***
Total pot $2 | Rake $0
Seat 1: ArashCash (button) (small blind) folded before Flop
Seat 2: chezlaw (big blind) collected ($2)


PokerStars Hand #145205096992:  Hold'em Limit ($3/$6 USD) - 2015/12/11 20:52:56 ET
Table 'Krethon' 6-max Seat #2 is the button
Seat 1: ArashCash ($208.30 in chips)
Seat 2: chezlaw ($121.14 in chips)
chezlaw: posts small blind $1
ArashCash: posts big blind $3
*** HOLE CARDS ***
chezlaw: folds
Uncalled bet ($2) returned to ArashCash
ArashCash collected $2 from pot
ArashCash: doesn't show hand
*** SUMMARY ***
Total pot $2 | Rake $0
Seat 1: ArashCash (big blind) collected ($2)
Seat 2: chezlaw (button) (small blind) folded before Flop


PokerStars Hand #145205090023:  Hold'em Limit ($3/$6 USD) - 2015/12/11 20:52:42 ET
Table 'Krethon' 6-max Seat #1 is the button
Seat 1: ArashCash ($184.80 in chips)
Seat 2: chezlaw ($145.14 in chips)
ArashCash: posts small blind $1
chezlaw: posts big blind $3
*** HOLE CARDS ***
ArashCash: raises $3 to $6
chezlaw: calls $3
*** FLOP *** [4s 2c 5s]
chezlaw: checks
ArashCash: bets $3
chezlaw: raises $3 to $6
ArashCash: calls $3
*** TURN *** [4s 2c 5s] [7h]
chezlaw: bets $6
ArashCash: calls $6
*** RIVER *** [4s 2c 5s 7h] [6h]
chezlaw: checks
ArashCash: bets $6
chezlaw: calls $6
*** SHOW DOWN ***
ArashCash: shows [2h 8d] (a straight, Four to Eight)
chezlaw: mucks hand
ArashCash collected $47.50 from pot
*** SUMMARY ***
Total pot $48 | Rake $0.50
Board [4s 2c 5s 7h 6h]
Seat 1: ArashCash (button) (small blind) showed [2h 8d] and won ($47.50) with a straight, Four to Eight
Seat 2: chezlaw (big blind) mucked


PokerStars Hand #145205087851:  Hold'em Limit ($3/$6 USD) - 2015/12/11 20:52:38 ET
Table 'Krethon' 6-max Seat #2 is the button
Seat 1: ArashCash ($183.80 in chips)
Seat 2: chezlaw ($146.14 in chips)
chezlaw: posts small blind $1
ArashCash: posts big blind $3
*** HOLE CARDS ***
chezlaw: folds
Uncalled bet ($2) returned to ArashCash
ArashCash collected $2 from pot
*** SUMMARY ***
Total pot $2 | Rake $0
Seat 1: ArashCash (big blind) collected ($2)
Seat 2: chezlaw (button) (small blind) folded before Flop


PokerStars Hand #145205081990:  Hold'em Limit ($3/$6 USD) - 2015/12/11 20:52:26 ET
Table 'Krethon' 6-max Seat #1 is the button
Seat 1: ArashCash ($192.80 in chips)
Seat 2: chezlaw ($137.50 in chips)
ArashCash: posts small blind $1
chezlaw: posts big blind $3
*** HOLE CARDS ***
ArashCash: raises $3 to $6
chezlaw: calls $3
*** FLOP *** [2c 2d 9d]
chezlaw: checks
ArashCash: bets $3
chezlaw: calls $3
*** TURN *** [2c 2d 9d] [9c]
chezlaw: checks
ArashCash: checks
*** RIVER *** [2c 2d 9d 9c] [Ts]
chezlaw: checks
ArashCash: checks
*** SHOW DOWN ***
chezlaw: shows [Jh Qs] (two pair, Nines and Deuces)
ArashCash: mucks hand
chezlaw collected $17.64 from pot
*** SUMMARY ***
Total pot $18 | Rake $0.36
Board [2c 2d 9d 9c Ts]
Seat 1: ArashCash (button) (small blind) mucked
Seat 2: chezlaw (big blind) showed [Jh Qs] and won ($17.64) with two pair, Nines and Deuces


PokerStars Hand #145205076568:  Hold'em Limit ($3/$6 USD) - 2015/12/11 20:52:16 ET
Table 'Krethon' 6-max Seat #2 is the button
Seat 1: ArashCash ($210.80 in chips)
Seat 2: chezlaw ($120 in chips)
chezlaw: posts small blind $1
ArashCash: posts big blind $3
*** HOLE CARDS ***
chezlaw: raises $3 to $6
ArashCash: raises $3 to $9
chezlaw: calls $3
*** FLOP *** [8s 3h Ks]
ArashCash: bets $3
chezlaw: calls $3
*** TURN *** [8s 3h Ks] [7d]
ArashCash: bets $6
chezlaw: raises $6 to $12
ArashCash: folds
Uncalled bet ($6) returned to chezlaw
chezlaw collected $35.50 from pot
chezlaw: doesn't show hand
*** SUMMARY ***
Total pot $36 | Rake $0.50
Board [8s 3h Ks 7d]
Seat 1: ArashCash (big blind) folded on the Turn
Seat 2: chezlaw (button) (small blind) collected ($35.50)


PokerStars Hand #145205070824:  Hold'em Limit ($3/$6 USD) - 2015/12/11 20:52:05 ET
Table 'Krethon' 6-max Seat #1 is the button
Seat 1: ArashCash ($187.30 in chips)
Seat 2: chezlaw ($107 in chips)
ArashCash: posts small blind $1
chezlaw: posts big blind $3
*** HOLE CARDS ***
ArashCash: raises $3 to $6
chezlaw: calls $3
*** FLOP *** [Qd 7s Qs]
chezlaw: checks
ArashCash: bets $3
chezlaw: raises $3 to $6
ArashCash: calls $3
*** TURN *** [Qd 7s Qs] [Ts]
chezlaw: bets $6
ArashCash: calls $6
*** RIVER *** [Qd 7s Qs Ts] [3c]
chezlaw: bets $6
ArashCash: calls $6
*** SHOW DOWN ***
chezlaw: shows [5c 4d] (a pair of Queens)
ArashCash: shows [Ac Ks] (a pair of Queens - Ace kicker)
ArashCash collected $47.50 from pot
*** SUMMARY ***
Total pot $48 | Rake $0.50
Board [Qd 7s Qs Ts 3c]
Seat 1: ArashCash (button) (small blind) showed [Ac Ks] and won ($47.50) with a pair of Queens
Seat 2: chezlaw (big blind) showed [5c 4d] and lost with a pair of Queens


PokerStars Hand #145205107485:  Hold'em Limit ($3/$6 USD) - 2015/12/11 20:53:16 ET
Table 'Krethon' 6-max Seat #1 is the button
Seat 1: ArashCash ($199.30 in chips)
Seat 2: chezlaw ($129.78 in chips)
ArashCash: posts small blind $1
chezlaw: posts big blind $3
*** HOLE CARDS ***
ArashCash: raises $3 to $6
chezlaw: calls $3
*** FLOP *** [Kh Td As]
chezlaw: checks
ArashCash: bets $3
chezlaw: calls $3
*** TURN *** [Kh Td As] [Tc]
chezlaw: checks
ArashCash: checks
*** RIVER *** [Kh Td As Tc] [Qh]
chezlaw: checks
ArashCash: checks
*** SHOW DOWN ***
chezlaw: shows [Kc 2s] (two pair, Kings and Tens)
ArashCash: mucks hand
chezlaw collected $17.64 from pot
*** SUMMARY ***
Total pot $18 | Rake $0.36
Board [Kh Td As Tc Qh]
Seat 1: ArashCash (button) (small blind) mucked
Seat 2: chezlaw (big blind) showed [Kc 2s] and won ($17.64) with two pair, Kings and Tens


PokerStars Hand #145205112888:  Hold'em Limit ($3/$6 USD) - 2015/12/11 20:53:27 ET
Table 'Krethon' 6-max Seat #2 is the button
Seat 1: ArashCash ($190.30 in chips)
Seat 2: chezlaw ($138.42 in chips)
chezlaw: posts small blind $1
ArashCash: posts big blind $3
*** HOLE CARDS ***
chezlaw: raises $3 to $6
ArashCash: calls $3
*** FLOP *** [Kh 5s Ks]
ArashCash: checks
chezlaw: bets $3
ArashCash: calls $3
*** TURN *** [Kh 5s Ks] [6s]
ArashCash: checks
chezlaw: checks
*** RIVER *** [Kh 5s Ks 6s] [7d]
ArashCash: bets $6
chezlaw: folds
Uncalled bet ($6) returned to ArashCash
ArashCash collected $17.64 from pot
ArashCash: doesn't show hand
*** SUMMARY ***
Total pot $18 | Rake $0.36
Board [Kh 5s Ks 6s 7d]
Seat 1: ArashCash (big blind) collected ($17.64)
Seat 2: chezlaw (button) (small blind) folded on the River


PokerStars Hand #145205118012:  Hold'em Limit ($3/$6 USD) - 2015/12/11 20:53:37 ET
Table 'Krethon' 6-max Seat #1 is the button
Seat 1: ArashCash ($198.94 in chips)
Seat 2: chezlaw ($129.42 in chips)
ArashCash: posts small blind $1
chezlaw: posts big blind $3
*** HOLE CARDS ***
ArashCash: raises $3 to $6
chezlaw: calls $3
*** FLOP *** [Jc Ac Qc]
chezlaw: checks
ArashCash: bets $3
chezlaw: raises $3 to $6
ArashCash: calls $3
*** TURN *** [Jc Ac Qc] [9d]
chezlaw: bets $6
ArashCash: calls $6
*** RIVER *** [Jc Ac Qc 9d] [Js]
chezlaw: bets $6
ArashCash: calls $6
*** SHOW DOWN ***
chezlaw: shows [Td 6d] (a pair of Jacks)
ArashCash: shows [5s Ah] (two pair, Aces and Jacks)
ArashCash collected $47.50 from pot
*** SUMMARY ***
Total pot $48 | Rake $0.50
Board [Jc Ac Qc 9d Js]
Seat 1: ArashCash (button) (small blind) showed [5s Ah] and won ($47.50) with two pair, Aces and Jacks
Seat 2: chezlaw (big blind) showed [Td 6d] and lost with a pair of Jacks


PokerStars Hand #145205123901:  Hold'em Limit ($3/$6 USD) - 2015/12/11 20:53:48 ET
Table 'Krethon' 6-max Seat #2 is the button
Seat 1: ArashCash ($222.44 in chips)
Seat 2: chezlaw ($105.42 in chips)
chezlaw: posts small blind $1
ArashCash: posts big blind $3
*** HOLE CARDS ***
chezlaw: raises $3 to $6
ArashCash: calls $3
*** FLOP *** [4s 6h Tc]
ArashCash: checks
chezlaw: bets $3
ArashCash: calls $3
*** TURN *** [4s 6h Tc] [3c]
ArashCash: checks
chezlaw: checks
*** RIVER *** [4s 6h Tc 3c] [7h]
ArashCash: bets $6
chezlaw: folds
Uncalled bet ($6) returned to ArashCash
ArashCash collected $17.64 from pot
ArashCash: doesn't show hand
*** SUMMARY ***
Total pot $18 | Rake $0.36
Board [4s 6h Tc 3c 7h]
Seat 1: ArashCash (big blind) collected ($17.64)
Seat 2: chezlaw (button) (small blind) folded on the River


PokerStars Hand #145205102066:  Hold'em Limit ($3/$6 USD) - 2015/12/11 20:53:06 ET
Table 'Krethon' 6-max Seat #2 is the button
Seat 1: ArashCash ($208.30 in chips)
Seat 2: chezlaw ($121.14 in chips)
chezlaw: posts small blind $1
ArashCash: posts big blind $3
*** HOLE CARDS ***
chezlaw: raises $3 to $6
ArashCash: calls $3
*** FLOP *** [3d Jh 5d]
ArashCash: checks
chezlaw: bets $3
ArashCash: calls $3
*** TURN *** [3d Jh 5d] [Ah]
ArashCash: checks
chezlaw: bets $6
ArashCash: folds
Uncalled bet ($6) returned to chezlaw
chezlaw collected $17.64 from pot
chezlaw: doesn't show hand
*** SUMMARY ***
Total pot $18 | Rake $0.36
Board [3d Jh 5d Ah]
Seat 1: ArashCash (big blind) folded on the Turn
Seat 2: chezlaw (button) (small blind) collected ($17.64)


PokerStars Hand #145205135443:  Hold'em Limit ($3/$6 USD) - 2015/12/11 20:54:11 ET
Table 'Krethon' 6-max Seat #2 is the button
Seat 1: ArashCash ($260.58 in chips)
Seat 2: chezlaw ($120 in chips)
chezlaw: posts small blind $1
ArashCash: posts big blind $3
*** HOLE CARDS ***
chezlaw: raises $3 to $6
ArashCash: calls $3
*** FLOP *** [7s 4d 5h]
ArashCash: checks
chezlaw: bets $3
ArashCash: raises $3 to $6
chezlaw: calls $3
*** TURN *** [7s 4d 5h] [3s]
ArashCash: bets $6
chezlaw: folds
Uncalled bet ($6) returned to ArashCash
ArashCash collected $23.52 from pot
ArashCash: doesn't show hand
*** SUMMARY ***
Total pot $24 | Rake $0.48
Board [7s 4d 5h 3s]
Seat 1: ArashCash (big blind) collected ($23.52)
Seat 2: chezlaw (button) (small blind) folded on the Turn


PokerStars Hand #145205141749:  Hold'em Limit ($3/$6 USD) - 2015/12/11 20:54:23 ET
Table 'Krethon' 6-max Seat #1 is the button
Seat 1: ArashCash ($272.10 in chips)
Seat 2: chezlaw ($108 in chips)
ArashCash: posts small blind $1
chezlaw: posts big blind $3
*** HOLE CARDS ***
ArashCash: raises $3 to $6
chezlaw: calls $3
*** FLOP *** [4h Tc Js]
chezlaw: checks
ArashCash: checks
*** TURN *** [4h Tc Js] [Th]
chezlaw: bets $6
ArashCash: calls $6
*** RIVER *** [4h Tc Js Th] [Ah]
chezlaw: checks
ArashCash: checks
*** SHOW DOWN ***
chezlaw: shows [Qc 5c] (a pair of Tens)
ArashCash: mucks hand
chezlaw collected $23.52 from pot
*** SUMMARY ***
Total pot $24 | Rake $0.48
Board [4h Tc Js Th Ah]
Seat 1: ArashCash (button) (small blind) mucked
Seat 2: chezlaw (big blind) showed [Qc 5c] and won ($23.52) with a pair of Tens


PokerStars Hand #145205146874:  Hold'em Limit ($3/$6 USD) - 2015/12/11 20:54:33 ET
Table 'Krethon' 6-max Seat #2 is the button
Seat 1: ArashCash ($260.10 in chips)
Seat 2: chezlaw ($119.52 in chips)
chezlaw: posts small blind $1
ArashCash: posts big blind $3
*** HOLE CARDS ***
chezlaw: raises $3 to $6
ArashCash: calls $3
*** FLOP *** [2d 8c Ts]
ArashCash: checks
chezlaw: bets $3
ArashCash: calls $3
*** TURN *** [2d 8c Ts] [Ks]
ArashCash: checks
chezlaw: bets $6
ArashCash: calls $6
*** RIVER *** [2d 8c Ts Ks] [2s]
ArashCash: bets $6
chezlaw: calls $6
*** SHOW DOWN ***
ArashCash: shows [6s 7s] (a flush, King high)
chezlaw: mucks hand
ArashCash collected $41.50 from pot
*** SUMMARY ***
Total pot $42 | Rake $0.50
Board [2d 8c Ts Ks 2s]
Seat 1: ArashCash (big blind) showed [6s 7s] and won ($41.50) with a flush, King high
Seat 2: chezlaw (button) (small blind) mucked


PokerStars Hand #145205129521:  Hold'em Limit ($3/$6 USD) - 2015/12/11 20:53:59 ET
Table 'Krethon' 6-max Seat #1 is the button
Seat 1: ArashCash ($231.08 in chips)
Seat 2: chezlaw ($96.42 in chips)
ArashCash: posts small blind $1
chezlaw: posts big blind $3
*** HOLE CARDS ***
ArashCash: raises $3 to $6
chezlaw: calls $3
*** FLOP *** [8s Jd 6d]
chezlaw: checks
ArashCash: bets $3
chezlaw: raises $3 to $6
ArashCash: calls $3
*** TURN *** [8s Jd 6d] [9s]
chezlaw: bets $6
ArashCash: raises $6 to $12
chezlaw: calls $6
*** RIVER *** [8s Jd 6d 9s] [3s]
chezlaw: checks
ArashCash: bets $6
chezlaw: calls $6
*** SHOW DOWN ***
ArashCash: shows [Jc 3c] (two pair, Jacks and Threes)
chezlaw: mucks hand
ArashCash collected $59.50 from pot
*** SUMMARY ***
Total pot $60 | Rake $0.50
Board [8s Jd 6d 9s 3s]
Seat 1: ArashCash (button) (small blind) showed [Jc 3c] and won ($59.50) with two pair, Jacks and Threes
Seat 2: chezlaw (big blind) mucked


PokerStars Hand #145205162216:  Hold'em Limit ($3/$6 USD) - 2015/12/11 20:55:03 ET
Table 'Krethon' 6-max Seat #2 is the button
Seat 1: ArashCash ($301.10 in chips)
Seat 2: chezlaw ($120 in chips)
chezlaw: posts small blind $1
ArashCash: posts big blind $3
*** HOLE CARDS ***
chezlaw: raises $3 to $6
ArashCash: raises $3 to $9
chezlaw: calls $3
*** FLOP *** [Ts Kh 2d]
ArashCash: bets $3
chezlaw: calls $3
*** TURN *** [Ts Kh 2d] [6c]
ArashCash: bets $6
chezlaw: calls $6
*** RIVER *** [Ts Kh 2d 6c] [8h]
ArashCash: checks
chezlaw: checks
*** SHOW DOWN ***
ArashCash: shows [Ad 4h] (high card Ace)
chezlaw: shows [As 2h] (a pair of Deuces)
chezlaw collected $35.50 from pot
*** SUMMARY ***
Total pot $36 | Rake $0.50
Board [Ts Kh 2d 6c 8h]
Seat 1: ArashCash (big blind) showed [Ad 4h] and lost with high card Ace
Seat 2: chezlaw (button) (small blind) showed [As 2h] and won ($35.50) with a pair of Deuces


PokerStars Hand #145205174706:  Hold'em Limit ($3/$6 USD) - 2015/12/11 20:55:30 ET
Table 'Krethon' 6-max Seat #2 is the button
Seat 1: ArashCash ($306.60 in chips)
Seat 2: chezlaw ($113.50 in chips)
chezlaw: posts small blind $1
ArashCash: posts big blind $3
*** HOLE CARDS ***
rascal_319 joins the table at seat #3
chezlaw: raises $3 to $6
ArashCash: calls $3
*** FLOP *** [Qd Jc 4d]
ArashCash: checks
chezlaw: bets $3
ArashCash: calls $3
*** TURN *** [Qd Jc 4d] [7s]
ArashCash: checks
chezlaw: bets $6
ArashCash: calls $6
*** RIVER *** [Qd Jc 4d 7s] [2c]
ArashCash: checks
chezlaw: checks
*** SHOW DOWN ***
ArashCash: shows [3c 3s] (a pair of Threes)
chezlaw: shows [6d 6s] (a pair of Sixes)
chezlaw collected $29.50 from pot
donjuanmt joins the table at seat #5
*** SUMMARY ***
Total pot $30 | Rake $0.50
Board [Qd Jc 4d 7s 2c]
Seat 1: ArashCash (big blind) showed [3c 3s] and lost with a pair of Threes
Seat 2: chezlaw (button) (small blind) showed [6d 6s] and won ($29.50) with a pair of Sixes


PokerStars Hand #145205179506:  Hold'em Limit ($3/$6 USD) - 2015/12/11 20:55:42 ET
Table 'Krethon' 6-max Seat #1 is the button
Seat 1: ArashCash ($291.60 in chips)
Seat 2: chezlaw ($128 in chips)
ArashCash: posts small blind $1
chezlaw: posts big blind $3
*** HOLE CARDS ***
ArashCash: raises $3 to $6
chezlaw: raises $3 to $9
ArashCash: calls $3
*** FLOP *** [6c Th 2c]
chezlaw: bets $3
ArashCash: calls $3
*** TURN *** [6c Th 2c] [Ts]
chezlaw: bets $6
ArashCash: folds
Uncalled bet ($6) returned to chezlaw
chezlaw collected $23.52 from pot
chezlaw: doesn't show hand
*** SUMMARY ***
Total pot $24 | Rake $0.48
Board [6c Th 2c Ts]
Seat 1: ArashCash (button) (small blind) folded on the Turn
Seat 2: chezlaw (big blind) collected ($23.52)


PokerStars Hand #145205224485:  Hold'em Limit ($3/$6 USD) - 2015/12/11 20:57:26 ET
Table 'Krethon' 6-max Seat #5 is the button
Seat 3: rascal_319 ($102 in chips)
Seat 5: donjuanmt ($92.89 in chips)
donjuanmt: posts small blind $1
chezlaw: is sitting out
rascal_319: posts big blind $3
*** HOLE CARDS ***
donjuanmt: raises $3 to $6
rascal_319: raises $3 to $9
chezlaw leaves the table
donjuanmt: calls $3
*** FLOP *** [7d 7s Qc]
rascal_319: bets $3
donjuanmt: calls $3
*** TURN *** [7d 7s Qc] [9s]
rascal_319: checks
donjuanmt: bets $6
rascal_319: folds
Uncalled bet ($6) returned to donjuanmt
donjuanmt collected $23.52 from pot
donjuanmt: doesn't show hand
*** SUMMARY ***
Total pot $24 | Rake $0.48
Board [7d 7s Qc 9s]
Seat 3: rascal_319 (big blind) folded on the Turn
Seat 5: donjuanmt (button) (small blind) collected ($23.52)


PokerStars Hand #145205249874:  Hold'em Limit ($3/$6 USD) - 2015/12/11 20:58:25 ET
Table 'Krethon' 6-max Seat #3 is the button
Seat 3: rascal_319 ($90 in chips)
Seat 6: napol ($60 in chips)
rascal_319: posts small blind $1
napol: posts big blind $3
*** HOLE CARDS ***
rascal_319: raises $3 to $6
napol: calls $3
*** FLOP *** [6c 5d Ah]
napol: checks
rascal_319: checks
*** TURN *** [6c 5d Ah] [5s]
napol: bets $6
rascal_319: folds
Uncalled bet ($6) returned to napol
napol collected $11.76 from pot
napol: doesn't show hand
*** SUMMARY ***
Total pot $12 | Rake $0.24
Board [6c 5d Ah 5s]
Seat 3: rascal_319 (button) (small blind) folded on the Turn
Seat 6: napol (big blind) collected ($11.76)


PokerStars Hand #145205269461:  Hold'em Limit ($3/$6 USD) - 2015/12/11 20:59:10 ET
Table 'Krethon' 6-max Seat #3 is the button
Seat 3: rascal_319 ($78 in chips)
Seat 6: napol ($71.52 in chips)
rascal_319: posts small blind $1
napol: posts big blind $3
*** HOLE CARDS ***
rascal_319: raises $3 to $6
napol: folds
Uncalled bet ($3) returned to rascal_319
rascal_319 collected $6 from pot
*** SUMMARY ***
Total pot $6 | Rake $0
Seat 3: rascal_319 (button) (small blind) collected ($6)
Seat 6: napol (big blind) folded before Flop


PokerStars Hand #145205260635:  Hold'em Limit ($3/$6 USD) - 2015/12/11 20:58:50 ET
Table 'Krethon' 6-max Seat #6 is the button
Seat 3: rascal_319 ($84 in chips)
Seat 6: napol ($65.76 in chips)
napol: posts small blind $1
rascal_319: posts big blind $3
*** HOLE CARDS ***
napol: raises $3 to $6
rascal_319: calls $3
*** FLOP *** [Ts Ah Jh]
rascal_319: checks
napol: bets $3
rascal_319: folds
Uncalled bet ($3) returned to napol
napol collected $11.76 from pot
napol: doesn't show hand
*** SUMMARY ***
Total pot $12 | Rake $0.24
Board [Ts Ah Jh]
Seat 3: rascal_319 (big blind) folded on the Flop
Seat 6: napol (button) (small blind) collected ($11.76)


PokerStars Hand #145205272364:  Hold'em Limit ($3/$6 USD) - 2015/12/11 20:59:17 ET
Table 'Krethon' 6-max Seat #6 is the button
Seat 3: rascal_319 ($81 in chips)
Seat 6: napol ($68.52 in chips)
napol: posts small blind $1
rascal_319: posts big blind $3
*** HOLE CARDS ***
napol: raises $3 to $6
rascal_319: calls $3
*** FLOP *** [7c Qs Tc]
rascal_319: checks
napol: bets $3
rascal_319: folds
Uncalled bet ($3) returned to napol
napol collected $11.76 from pot
napol: doesn't show hand
*** SUMMARY ***
Total pot $12 | Rake $0.24
Board [7c Qs Tc]
Seat 3: rascal_319 (big blind) folded on the Flop
Seat 6: napol (button) (small blind) collected ($11.76)


PokerStars Hand #145205286338:  Hold'em Limit ($3/$6 USD) - 2015/12/11 20:59:50 ET
Table 'Krethon' 6-max Seat #6 is the button
Seat 3: rascal_319 ($74 in chips)
Seat 6: napol ($75.28 in chips)
napol: posts small blind $1
rascal_319: posts big blind $3
*** HOLE CARDS ***
napol: folds
Uncalled bet ($2) returned to rascal_319
rascal_319 collected $2 from pot
*** SUMMARY ***
Total pot $2 | Rake $0
Seat 3: rascal_319 (big blind) collected ($2)
Seat 6: napol (button) (small blind) folded before Flop


PokerStars Hand #145205283851:  Hold'em Limit ($3/$6 USD) - 2015/12/11 20:59:44 ET
Table 'Krethon' 6-max Seat #3 is the button
Seat 3: rascal_319 ($75 in chips)
Seat 6: napol ($74.28 in chips)
rascal_319: posts small blind $1
napol: posts big blind $3
*** HOLE CARDS ***
rascal_319: folds
Uncalled bet ($2) returned to napol
napol collected $2 from pot
napol: doesn't show hand
*** SUMMARY ***
Total pot $2 | Rake $0
Seat 3: rascal_319 (button) (small blind) folded before Flop
Seat 6: napol (big blind) collected ($2)


PokerStars Hand #145205288906:  Hold'em Limit ($3/$6 USD) - 2015/12/11 20:59:56 ET
Table 'Krethon' 6-max Seat #3 is the button
Seat 3: rascal_319 ($75 in chips)
Seat 6: napol ($74.28 in chips)
rascal_319: posts small blind $1
napol: posts big blind $3
*** HOLE CARDS ***
rascal_319: raises $3 to $6
napol: calls $3
*** FLOP *** [Qd 7s Jh]
napol: checks
rascal_319: checks
*** TURN *** [Qd 7s Jh] [9c]
napol: bets $6
rascal_319: folds
Uncalled bet ($6) returned to napol
napol collected $11.76 from pot
napol: doesn't show hand
*** SUMMARY ***
Total pot $12 | Rake $0.24
Board [Qd 7s Jh 9c]
Seat 3: rascal_319 (button) (small blind) folded on the Turn
Seat 6: napol (big blind) collected ($11.76)


PokerStars Hand #145205295306:  Hold'em Limit ($3/$6 USD) - 2015/12/11 21:00:09 ET
Table 'Krethon' 6-max Seat #6 is the button
Seat 3: rascal_319 ($69 in chips)
Seat 6: napol ($80.04 in chips)
napol: posts small blind $1
rascal_319: posts big blind $3
*** HOLE CARDS ***
napol: raises $3 to $6
rascal_319: folds
Uncalled bet ($3) returned to napol
napol collected $6 from pot
napol: doesn't show hand
*** SUMMARY ***
Total pot $6 | Rake $0
Seat 3: rascal_319 (big blind) folded before Flop
Seat 6: napol (button) (small blind) collected ($6)


PokerStars Hand #145205298356:  Hold'em Limit ($3/$6 USD) - 2015/12/11 21:00:16 ET
Table 'Krethon' 6-max Seat #3 is the button
Seat 3: rascal_319 ($66 in chips)
Seat 6: napol ($83.04 in chips)
rascal_319: posts small blind $1
napol: posts big blind $3
*** HOLE CARDS ***
rascal_319: raises $3 to $6
napol: calls $3
*** FLOP *** [Ts 9c 2c]
napol: checks
rascal_319: checks
*** TURN *** [Ts 9c 2c] [8s]
evildeathxxx joins the table at seat #2
napol: bets $6
rascal_319: calls $6
*** RIVER *** [Ts 9c 2c 8s] [Ah]
napol: checks
rascal_319: checks
*** SHOW DOWN ***
napol: shows [8c Jh] (a pair of Eights)
rascal_319: mucks hand
napol collected $23.52 from pot
*** SUMMARY ***
Total pot $24 | Rake $0.48
Board [Ts 9c 2c 8s Ah]
Seat 3: rascal_319 (button) (small blind) mucked
Seat 6: napol (big blind) showed [8c Jh] and won ($23.52) with a pair of Eights


PokerStars Hand #145206848890:  Hold'em Limit ($3/$6 USD) - 2015/12/11 21:54:59 ET
Table 'Krethon' 6-max Seat #1 is the button
Seat 1: karambakilla ($138.68 in chips)
Seat 6: napol ($96.98 in chips)
karambakilla: posts small blind $1
MAGER911: is sitting out
napol: posts big blind $3
*** HOLE CARDS ***
karambakilla: folds
Uncalled bet ($2) returned to napol
napol collected $2 from pot
napol: doesn't show hand
*** SUMMARY ***
Total pot $2 | Rake $0
Seat 1: karambakilla (button) (small blind) folded before Flop
Seat 6: napol (big blind) collected ($2)


PokerStars Hand #145206851071:  Hold'em Limit ($3/$6 USD) - 2015/12/11 21:55:04 ET
Table 'Krethon' 6-max Seat #6 is the button
Seat 1: karambakilla ($137.68 in chips)
Seat 6: napol ($97.98 in chips)
napol: posts small blind $1
karambakilla: posts big blind $3
*** HOLE CARDS ***
napol: raises $3 to $6
karambakilla: calls $3
*** FLOP *** [3h Tc 2s]
karambakilla: checks
napol: bets $3
karambakilla: raises $3 to $6
napol: calls $3
*** TURN *** [3h Tc 2s] [8h]
karambakilla: bets $6
napol: folds
Uncalled bet ($6) returned to karambakilla
karambakilla collected $23.52 from pot
karambakilla: doesn't show hand
*** SUMMARY ***
Total pot $24 | Rake $0.48
Board [3h Tc 2s 8h]
Seat 1: karambakilla (big blind) collected ($23.52)
Seat 6: napol (button) (small blind) folded on the Turn


PokerStars Hand #145206856010:  Hold'em Limit ($3/$6 USD) - 2015/12/11 21:55:18 ET
Table 'Krethon' 6-max Seat #1 is the button
Seat 1: karambakilla ($149.20 in chips)
Seat 6: napol ($85.98 in chips)
karambakilla: posts small blind $1
napol: posts big blind $3
*** HOLE CARDS ***
karambakilla: raises $3 to $6
napol: calls $3
*** FLOP *** [5c 3c 5d]
napol: checks
karambakilla: bets $3
napol: calls $3
*** TURN *** [5c 3c 5d] [7h]
napol: checks
karambakilla: bets $6
napol: raises $6 to $12
karambakilla: calls $6
*** RIVER *** [5c 3c 5d 7h] [6h]
napol: checks
karambakilla: checks
*** SHOW DOWN ***
napol: shows [Kc 9h] (a pair of Fives)
karambakilla: shows [3s 8s] (two pair, Fives and Threes)
karambakilla collected $41.50 from pot
*** SUMMARY ***
Total pot $42 | Rake $0.50
Board [5c 3c 5d 7h 6h]
Seat 1: karambakilla (button) (small blind) showed [3s 8s] and won ($41.50) with two pair, Fives and Threes
Seat 6: napol (big blind) showed [Kc 9h] and lost with a pair of Fives


PokerStars Hand #145206863642:  Hold'em Limit ($3/$6 USD) - 2015/12/11 21:55:39 ET
Table 'Krethon' 6-max Seat #1 is the button
Seat 1: karambakilla ($170.70 in chips)
Seat 6: napol ($63.98 in chips)
karambakilla: posts small blind $1
napol: posts big blind $3
*** HOLE CARDS ***
donjuanmt joins the table at seat #5
karambakilla: folds
Uncalled bet ($2) returned to napol
napol collected $2 from pot
napol: doesn't show hand
*** SUMMARY ***
Total pot $2 | Rake $0
Seat 1: karambakilla (button) (small blind) folded before Flop
Seat 6: napol (big blind) collected ($2)


PokerStars Hand #145206861938:  Hold'em Limit ($3/$6 USD) - 2015/12/11 21:55:35 ET
Table 'Krethon' 6-max Seat #6 is the button
Seat 1: karambakilla ($169.70 in chips)
Seat 6: napol ($64.98 in chips)
napol: posts small blind $1
karambakilla: posts big blind $3
*** HOLE CARDS ***
napol: folds
Uncalled bet ($2) returned to karambakilla
karambakilla collected $2 from pot
karambakilla: doesn't show hand
*** SUMMARY ***
Total pot $2 | Rake $0
Seat 1: karambakilla (big blind) collected ($2)
Seat 6: napol (button) (small blind) folded before Flop


PokerStars Hand #145206865222:  Hold'em Limit ($3/$6 USD) - 2015/12/11 21:55:44 ET
Table 'Krethon' 6-max Seat #6 is the button
Seat 1: karambakilla ($169.70 in chips)
Seat 6: napol ($64.98 in chips)
napol: posts small blind $1
karambakilla: posts big blind $3
*** HOLE CARDS ***
napol: raises $3 to $6
karambakilla: calls $3
*** FLOP *** [4s 2c 5c]
karambakilla: checks
napol: checks
*** TURN *** [4s 2c 5c] [7c]
karambakilla: bets $6
napol: folds
Uncalled bet ($6) returned to karambakilla
karambakilla collected $11.76 from pot
karambakilla: doesn't show hand
*** SUMMARY ***
Total pot $12 | Rake $0.24
Board [4s 2c 5c 7c]
Seat 1: karambakilla (big blind) collected ($11.76)
Seat 6: napol (button) (small blind) folded on the Turn


PokerStars Hand #145206876067:  Hold'em Limit ($3/$6 USD) - 2015/12/11 21:56:14 ET
Table 'Krethon' 6-max Seat #6 is the button
Seat 5: donjuanmt ($72 in chips)
Seat 6: napol ($59.98 in chips)
napol: posts small blind $1
karambakilla: is sitting out
evildeathxxx was removed from the table for failing to post
donjuanmt: posts big blind $3
*** HOLE CARDS ***
napol: raises $3 to $6
donjuanmt: raises $3 to $9
napol: calls $3
*** FLOP *** [Qd 2d Tc]
donjuanmt: bets $3
napol: folds
Uncalled bet ($3) returned to donjuanmt
rascal_319 joins the table at seat #2
donjuanmt collected $17.64 from pot
donjuanmt: doesn't show hand
*** SUMMARY ***
Total pot $18 | Rake $0.36
Board [Qd 2d Tc]
Seat 5: donjuanmt (big blind) collected ($17.64)
Seat 6: napol (button) (small blind) folded on the Flop


PokerStars Hand #145206881061:  Hold'em Limit ($3/$6 USD) - 2015/12/11 21:56:29 ET
Table 'Krethon' 6-max Seat #5 is the button
Seat 5: donjuanmt ($80.64 in chips)
Seat 6: napol ($50.98 in chips)
donjuanmt: posts small blind $1
napol: posts big blind $3
*** HOLE CARDS ***
donjuanmt: raises $3 to $6
napol: calls $3
*** FLOP *** [Ad 7h 2c]
napol: checks
donjuanmt: bets $3
napol: folds
Uncalled bet ($3) returned to donjuanmt
Masqb joins the table at seat #3
donjuanmt collected $11.76 from pot
donjuanmt: doesn't show hand
*** SUMMARY ***
Total pot $12 | Rake $0.24
Board [Ad 7h 2c]
Seat 5: donjuanmt (button) (small blind) collected ($11.76)
Seat 6: napol (big blind) folded on the Flop


PokerStars Hand #145207686684:  Hold'em Limit ($3/$6 USD) - 2015/12/11 22:29:54 ET
Table 'Krethon' 6-max Seat #2 is the button
Seat 1: karambakilla ($166.50 in chips)
Seat 2: rascal_319 ($106.55 in chips)
rascal_319: posts small blind $1
karambakilla: posts big blind $3
*** HOLE CARDS ***
rascal_319: folds
Uncalled bet ($2) returned to karambakilla
karambakilla collected $2 from pot
karambakilla: doesn't show hand
*** SUMMARY ***
Total pot $2 | Rake $0
Seat 1: karambakilla (big blind) collected ($2)
Seat 2: rascal_319 (button) (small blind) folded before Flop


PokerStars Hand #145207693264:  Hold'em Limit ($3/$6 USD) - 2015/12/11 22:30:11 ET
Table 'Krethon' 6-max Seat #2 is the button
Seat 1: karambakilla ($149.50 in chips)
Seat 2: rascal_319 ($123.05 in chips)
rascal_319: posts small blind $1
karambakilla: posts big blind $3
*** HOLE CARDS ***
rascal_319: folds
Uncalled bet ($2) returned to karambakilla
karambakilla collected $2 from pot
karambakilla: doesn't show hand
*** SUMMARY ***
Total pot $2 | Rake $0
Seat 1: karambakilla (big blind) collected ($2)
Seat 2: rascal_319 (button) (small blind) folded before Flop


PokerStars Hand #145207688242:  Hold'em Limit ($3/$6 USD) - 2015/12/11 22:29:58 ET
Table 'Krethon' 6-max Seat #1 is the button
Seat 1: karambakilla ($167.50 in chips)
Seat 2: rascal_319 ($105.55 in chips)
karambakilla: posts small blind $1
rascal_319: posts big blind $3
*** HOLE CARDS ***
karambakilla: raises $3 to $6
rascal_319: calls $3
*** FLOP *** [Ks 7d Ac]
rascal_319: checks
karambakilla: checks
*** TURN *** [Ks 7d Ac] [9h]
rascal_319: bets $6
karambakilla: calls $6
*** RIVER *** [Ks 7d Ac 9h] [6c]
rascal_319: bets $6
karambakilla: calls $6
*** SHOW DOWN ***
rascal_319: shows [7c Kc] (two pair, Kings and Sevens)
karambakilla: mucks hand
rascal_319 collected $35.50 from pot
*** SUMMARY ***
Total pot $36 | Rake $0.50
Board [Ks 7d Ac 9h 6c]
Seat 1: karambakilla (button) (small blind) mucked
Seat 2: rascal_319 (big blind) showed [7c Kc] and won ($35.50) with two pair, Kings and Sevens


PokerStars Hand #145207700533:  Hold'em Limit ($3/$6 USD) - 2015/12/11 22:30:30 ET
Table 'Krethon' 6-max Seat #2 is the button
Seat 1: karambakilla ($156.26 in chips)
Seat 2: rascal_319 ($116.05 in chips)
rascal_319: posts small blind $1
karambakilla: posts big blind $3
*** HOLE CARDS ***
rascal_319: folds
Uncalled bet ($2) returned to karambakilla
karambakilla collected $2 from pot
karambakilla: doesn't show hand
*** SUMMARY ***
Total pot $2 | Rake $0
Seat 1: karambakilla (big blind) collected ($2)
Seat 2: rascal_319 (button) (small blind) folded before Flop


PokerStars Hand #145207695183:  Hold'em Limit ($3/$6 USD) - 2015/12/11 22:30:16 ET
Table 'Krethon' 6-max Seat #1 is the button
Seat 1: karambakilla ($150.50 in chips)
Seat 2: rascal_319 ($122.05 in chips)
karambakilla: posts small blind $1
rascal_319: posts big blind $3
*** HOLE CARDS ***
karambakilla: raises $3 to $6
rascal_319: calls $3
*** FLOP *** [7d 5c 7h]
rascal_319: checks
karambakilla: bets $3
rascal_319: folds
Uncalled bet ($3) returned to karambakilla
karambakilla collected $11.76 from pot
karambakilla: doesn't show hand
*** SUMMARY ***
Total pot $12 | Rake $0.24
Board [7d 5c 7h]
Seat 1: karambakilla (button) (small blind) collected ($11.76)
Seat 2: rascal_319 (big blind) folded on the Flop


PokerStars Hand #145207702058:  Hold'em Limit ($3/$6 USD) - 2015/12/11 22:30:34 ET
Table 'Krethon' 6-max Seat #1 is the button
Seat 1: karambakilla ($157.26 in chips)
Seat 2: rascal_319 ($115.05 in chips)
karambakilla: posts small blind $1
rascal_319: posts big blind $3
*** HOLE CARDS ***
karambakilla: raises $3 to $6
rascal_319: raises $3 to $9
karambakilla: calls $3
*** FLOP *** [3h 5h Jh]
rascal_319: bets $3
karambakilla: calls $3
*** TURN *** [3h 5h Jh] [Js]
rascal_319: checks
karambakilla: bets $6
rascal_319: folds
Uncalled bet ($6) returned to karambakilla
karambakilla collected $23.52 from pot
karambakilla: doesn't show hand
*** SUMMARY ***
Total pot $24 | Rake $0.48
Board [3h 5h Jh Js]
Seat 1: karambakilla (button) (small blind) collected ($23.52)
Seat 2: rascal_319 (big blind) folded on the Turn


