PokerStars Hand #145195873162:  Hold'em Limit ($3/$6 USD) - 2015/12/11 17:15:23 ET
Table 'Krethon' 6-max Seat #4 is the button
Seat 3: mack n tire ($123.88 in chips)
Seat 4: AzureCaper ($72 in chips)
AzureCaper: posts small blind $1
mack n tire: posts big blind $3
*** HOLE CARDS ***
AzureCaper: raises $3 to $6
mack n tire: raises $3 to $9
AzureCaper: calls $3
*** FLOP *** [4s Js 8s]
mack n tire: bets $3
AzureCaper: raises $3 to $6
mack n tire: calls $3
*** TURN *** [4s Js 8s] [5s]
mack n tire: bets $6
AzureCaper: calls $6
*** RIVER *** [4s Js 8s 5s] [3s]
mack n tire: checks
AzureCaper: checks
*** SHOW DOWN ***
mack n tire: shows [4c Ac] (a flush, Jack high)
AzureCaper: shows [Jh 8c] (a flush, Jack high)
mack n tire collected $20.75 from pot
AzureCaper collected $20.75 from pot
*** SUMMARY ***
Total pot $42 | Rake $0.50
Board [4s Js 8s 5s 3s]
Seat 3: mack n tire (big blind) showed [4c Ac] and won ($20.75) with a flush, Jack high
Seat 4: AzureCaper (button) (small blind) showed [Jh 8c] and won ($20.75) with a flush, Jack high


PokerStars Hand #145195849642:  Hold'em Limit ($3/$6 USD) - 2015/12/11 17:14:58 ET
Table 'Krethon' 6-max Seat #3 is the button
Seat 3: mack n tire ($121 in chips)
Seat 4: AzureCaper ($72 in chips)
mack n tire: posts small blind $1
AzureCaper: posts big blind $3
*** HOLE CARDS ***
mack n tire: calls $2
AzureCaper: checks
*** FLOP *** [8s 4d Tc]
AzureCaper: checks
mack n tire: bets $3
AzureCaper: folds
Uncalled bet ($3) returned to mack n tire
mack n tire collected $5.88 from pot
mack n tire: doesn't show hand
*** SUMMARY ***
Total pot $6 | Rake $0.12
Board [8s 4d Tc]
Seat 3: mack n tire (button) (small blind) collected ($5.88)
Seat 4: AzureCaper (big blind) folded on the Flop


PokerStars Hand #145195841140:  Hold'em Limit ($3/$6 USD) - 2015/12/11 17:14:48 ET
Table 'Krethon' 6-max Seat #4 is the button
Seat 3: mack n tire ($120 in chips)
Seat 4: AzureCaper ($73 in chips)
AzureCaper: posts small blind $1
mack n tire: posts big blind $3
*** HOLE CARDS ***
AzureCaper: folds
Uncalled bet ($2) returned to mack n tire
mack n tire collected $2 from pot
mack n tire: doesn't show hand
*** SUMMARY ***
Total pot $2 | Rake $0
Seat 3: mack n tire (big blind) collected ($2)
Seat 4: AzureCaper (button) (small blind) folded before Flop


PokerStars Hand #145195948161:  Hold'em Limit ($3/$6 USD) - 2015/12/11 17:16:46 ET
Table 'Krethon' 6-max Seat #4 is the button
Seat 3: mack n tire ($84.27 in chips)
Seat 4: AzureCaper ($119.14 in chips)
AzureCaper: posts small blind $1
mack n tire: posts big blind $3
*** HOLE CARDS ***
AzureCaper: folds
Uncalled bet ($2) returned to mack n tire
mack n tire collected $2 from pot
mack n tire: doesn't show hand
*** SUMMARY ***
Total pot $2 | Rake $0
Seat 3: mack n tire (big blind) collected ($2)
Seat 4: AzureCaper (button) (small blind) folded before Flop


PokerStars Hand #145195932394:  Hold'em Limit ($3/$6 USD) - 2015/12/11 17:16:28 ET
Table 'Krethon' 6-max Seat #3 is the button
Seat 3: mack n tire ($93.27 in chips)
Seat 4: AzureCaper ($110.50 in chips)
mack n tire: posts small blind $1
AzureCaper: posts big blind $3
*** HOLE CARDS ***
mack n tire: calls $2
AzureCaper: checks
*** FLOP *** [2s 5h 6s]
AzureCaper: checks
mack n tire: checks
*** TURN *** [2s 5h 6s] [Tc]
AzureCaper: bets $6
mack n tire: calls $6
*** RIVER *** [2s 5h 6s Tc] [Ks]
AzureCaper: checks
mack n tire: checks
*** SHOW DOWN ***
AzureCaper: shows [5d 9d] (a pair of Fives)
mack n tire: mucks hand
AzureCaper collected $17.64 from pot
*** SUMMARY ***
Total pot $18 | Rake $0.36
Board [2s 5h 6s Tc Ks]
Seat 3: mack n tire (button) (small blind) mucked
Seat 4: AzureCaper (big blind) showed [5d 9d] and won ($17.64) with a pair of Fives


PokerStars Hand #145195911933:  Hold'em Limit ($3/$6 USD) - 2015/12/11 17:16:06 ET
Table 'Krethon' 6-max Seat #4 is the button
Seat 3: mack n tire ($132.27 in chips)
Seat 4: AzureCaper ($72 in chips)
AzureCaper: posts small blind $1
mack n tire: posts big blind $3
*** HOLE CARDS ***
AzureCaper: raises $3 to $6
mack n tire: calls $3
*** FLOP *** [8h 4d 7h]
mack n tire: checks
AzureCaper: bets $3
mack n tire: calls $3
*** TURN *** [8h 4d 7h] [Ks]
mack n tire: checks
AzureCaper: bets $6
mack n tire: calls $6
*** RIVER *** [8h 4d 7h Ks] [Tc]
mack n tire: checks
AzureCaper: bets $6
mack n tire: raises $6 to $12
AzureCaper: raises $6 to $18
mack n tire: raises $6 to $24
Betting is capped
AzureCaper: calls $6
*** SHOW DOWN ***
mack n tire: shows [7s 7d] (three of a kind, Sevens)
AzureCaper: shows [Jd 9d] (a straight, Seven to Jack)
AzureCaper collected $77.50 from pot
*** SUMMARY ***
Total pot $78 | Rake $0.50
Board [8h 4d 7h Ks Tc]
Seat 3: mack n tire (big blind) showed [7s 7d] and lost with three of a kind, Sevens
Seat 4: AzureCaper (button) (small blind) showed [Jd 9d] and won ($77.50) with a straight, Seven to Jack


PokerStars Hand #145195891604:  Hold'em Limit ($3/$6 USD) - 2015/12/11 17:15:44 ET
Table 'Krethon' 6-max Seat #3 is the button
Seat 3: mack n tire ($123.63 in chips)
Seat 4: AzureCaper ($72 in chips)
mack n tire: posts small blind $1
AzureCaper: posts big blind $3
*** HOLE CARDS ***
mack n tire: calls $2
AzureCaper: raises $3 to $6
mack n tire: calls $3
*** FLOP *** [Kh 2d 5d]
AzureCaper: bets $3
mack n tire: calls $3
*** TURN *** [Kh 2d 5d] [7h]
AzureCaper: checks
mack n tire: checks
*** RIVER *** [Kh 2d 5d 7h] [9d]
AzureCaper: checks
mack n tire: bets $6
AzureCaper: folds
Uncalled bet ($6) returned to mack n tire
mack n tire collected $17.64 from pot
mack n tire: doesn't show hand
*** SUMMARY ***
Total pot $18 | Rake $0.36
Board [Kh 2d 5d 7h 9d]
Seat 3: mack n tire (button) (small blind) collected ($17.64)
Seat 4: AzureCaper (big blind) folded on the River


PokerStars Hand #145195999365:  Hold'em Limit ($3/$6 USD) - 2015/12/11 17:17:42 ET
Table 'Krethon' 6-max Seat #4 is the button
Seat 3: mack n tire ($108.31 in chips)
Seat 4: AzureCaper ($94.14 in chips)
AzureCaper: posts small blind $1
mack n tire: posts big blind $3
*** HOLE CARDS ***
AzureCaper: folds
Uncalled bet ($2) returned to mack n tire
mack n tire collected $2 from pot
mack n tire: doesn't show hand
*** SUMMARY ***
Total pot $2 | Rake $0
Seat 3: mack n tire (big blind) collected ($2)
Seat 4: AzureCaper (button) (small blind) folded before Flop


PokerStars Hand #145195975812:  Hold'em Limit ($3/$6 USD) - 2015/12/11 17:17:16 ET
Table 'Krethon' 6-max Seat #3 is the button
Seat 3: mack n tire ($99.67 in chips)
Seat 4: AzureCaper ($103.14 in chips)
mack n tire: posts small blind $1
AzureCaper: posts big blind $3
*** HOLE CARDS ***
mack n tire: calls $2
AzureCaper: raises $3 to $6
mack n tire: calls $3
*** FLOP *** [5s 3d 3s]
AzureCaper: bets $3
mack n tire: calls $3
*** TURN *** [5s 3d 3s] [4s]
AzureCaper: checks
mack n tire: bets $6
AzureCaper: folds
Uncalled bet ($6) returned to mack n tire
mack n tire collected $17.64 from pot
mack n tire: doesn't show hand
*** SUMMARY ***
Total pot $18 | Rake $0.36
Board [5s 3d 3s 4s]
Seat 3: mack n tire (button) (small blind) collected ($17.64)
Seat 4: AzureCaper (big blind) folded on the Turn


PokerStars Hand #145195962508:  Hold'em Limit ($3/$6 USD) - 2015/12/11 17:17:01 ET
Table 'Krethon' 6-max Seat #4 is the button
Seat 3: mack n tire ($91.03 in chips)
Seat 4: AzureCaper ($112.14 in chips)
AzureCaper: posts small blind $1
mack n tire: posts big blind $3
*** HOLE CARDS ***
AzureCaper: raises $3 to $6
mack n tire: calls $3
*** FLOP *** [8c 2c Ks]
mack n tire: checks
AzureCaper: bets $3
mack n tire: calls $3
*** TURN *** [8c 2c Ks] [2s]
mack n tire: checks
AzureCaper: checks
*** RIVER *** [8c 2c Ks 2s] [Jd]
mack n tire: bets $6
AzureCaper: folds
Uncalled bet ($6) returned to mack n tire
mack n tire collected $17.64 from pot
mack n tire: doesn't show hand
*** SUMMARY ***
Total pot $18 | Rake $0.36
Board [8c 2c Ks 2s Jd]
Seat 3: mack n tire (big blind) collected ($17.64)
Seat 4: AzureCaper (button) (small blind) folded on the River


PokerStars Hand #145195952049:  Hold'em Limit ($3/$6 USD) - 2015/12/11 17:16:50 ET
Table 'Krethon' 6-max Seat #3 is the button
Seat 3: mack n tire ($85.27 in chips)
Seat 4: AzureCaper ($118.14 in chips)
mack n tire: posts small blind $1
AzureCaper: posts big blind $3
*** HOLE CARDS ***
mack n tire: raises $3 to $6
AzureCaper: calls $3
*** FLOP *** [Td 5c 9d]
AzureCaper: checks
mack n tire: bets $3
AzureCaper: folds
Uncalled bet ($3) returned to mack n tire
mack n tire collected $11.76 from pot
mack n tire: doesn't show hand
*** SUMMARY ***
Total pot $12 | Rake $0.24
Board [Td 5c 9d]
Seat 3: mack n tire (button) (small blind) collected ($11.76)
Seat 4: AzureCaper (big blind) folded on the Flop


PokerStars Hand #145196045162:  Hold'em Limit ($3/$6 USD) - 2015/12/11 17:18:32 ET
Table 'Krethon' 6-max Seat #4 is the button
Seat 3: mack n tire ($76.31 in chips)
Seat 4: AzureCaper ($125.16 in chips)
AzureCaper: posts small blind $1
mack n tire: posts big blind $3
*** HOLE CARDS ***
AzureCaper: raises $3 to $6
mack n tire: calls $3
*** FLOP *** [Js 9d 9c]
mack n tire: checks
AzureCaper: bets $3
mack n tire: calls $3
*** TURN *** [Js 9d 9c] [3d]
mack n tire: checks
AzureCaper: checks
*** RIVER *** [Js 9d 9c 3d] [2d]
mack n tire: checks
AzureCaper: checks
*** SHOW DOWN ***
mack n tire: shows [Tc Qs] (a pair of Nines)
AzureCaper: mucks hand
mack n tire collected $17.64 from pot
*** SUMMARY ***
Total pot $18 | Rake $0.36
Board [Js 9d 9c 3d 2d]
Seat 3: mack n tire (big blind) showed [Tc Qs] and won ($17.64) with a pair of Nines
Seat 4: AzureCaper (button) (small blind) mucked


PokerStars Hand #145196033567:  Hold'em Limit ($3/$6 USD) - 2015/12/11 17:18:19 ET
Table 'Krethon' 6-max Seat #3 is the button
Seat 3: mack n tire ($82.31 in chips)
Seat 4: AzureCaper ($119.40 in chips)
mack n tire: posts small blind $1
AzureCaper: posts big blind $3
*** HOLE CARDS ***
mack n tire: calls $2
AzureCaper: raises $3 to $6
mack n tire: calls $3
*** FLOP *** [Qs 2s 7c]
AzureCaper: bets $3
mack n tire: folds
Uncalled bet ($3) returned to AzureCaper
AzureCaper collected $11.76 from pot
AzureCaper: doesn't show hand
*** SUMMARY ***
Total pot $12 | Rake $0.24
Board [Qs 2s 7c]
Seat 3: mack n tire (button) (small blind) folded on the Flop
Seat 4: AzureCaper (big blind) collected ($11.76)


PokerStars Hand #145196022045:  Hold'em Limit ($3/$6 USD) - 2015/12/11 17:18:07 ET
Table 'Krethon' 6-max Seat #4 is the button
Seat 3: mack n tire ($88.31 in chips)
Seat 4: AzureCaper ($113.64 in chips)
AzureCaper: posts small blind $1
mack n tire: posts big blind $3
*** HOLE CARDS ***
AzureCaper: raises $3 to $6
mack n tire: calls $3
*** FLOP *** [Qc Ts 7h]
mack n tire: checks
AzureCaper: bets $3
mack n tire: folds
Uncalled bet ($3) returned to AzureCaper
AzureCaper collected $11.76 from pot
AzureCaper: doesn't show hand
*** SUMMARY ***
Total pot $12 | Rake $0.24
Board [Qc Ts 7h]
Seat 3: mack n tire (big blind) folded on the Flop
Seat 4: AzureCaper (button) (small blind) collected ($11.76)


PokerStars Hand #145196003614:  Hold'em Limit ($3/$6 USD) - 2015/12/11 17:17:47 ET
Table 'Krethon' 6-max Seat #3 is the button
Seat 3: mack n tire ($109.31 in chips)
Seat 4: AzureCaper ($93.14 in chips)
mack n tire: posts small blind $1
AzureCaper: posts big blind $3
*** HOLE CARDS ***
mack n tire: calls $2
AzureCaper: checks
*** FLOP *** [3c 9h 3d]
AzureCaper: bets $3
mack n tire: raises $3 to $6
AzureCaper: calls $3
*** TURN *** [3c 9h 3d] [5s]
AzureCaper: checks
mack n tire: bets $6
AzureCaper: calls $6
*** RIVER *** [3c 9h 3d 5s] [Kh]
AzureCaper: checks
mack n tire: bets $6
AzureCaper: raises $6 to $12
mack n tire: folds
Uncalled bet ($6) returned to AzureCaper
AzureCaper collected $41.50 from pot
AzureCaper: doesn't show hand
*** SUMMARY ***
Total pot $42 | Rake $0.50
Board [3c 9h 3d 5s Kh]
Seat 3: mack n tire (button) (small blind) folded on the River
Seat 4: AzureCaper (big blind) collected ($41.50)


PokerStars Hand #145196063565:  Hold'em Limit ($3/$6 USD) - 2015/12/11 17:18:52 ET
Table 'Krethon' 6-max Seat #3 is the button
Seat 3: mack n tire ($84.95 in chips)
Seat 4: AzureCaper ($116.16 in chips)
mack n tire: posts small blind $1
AzureCaper: posts big blind $3
*** HOLE CARDS ***
mack n tire: calls $2
AzureCaper: checks
*** FLOP *** [7d 8s Ad]
AzureCaper: checks
mack n tire: bets $3
AzureCaper: folds
Uncalled bet ($3) returned to mack n tire
mack n tire collected $5.88 from pot
mack n tire: doesn't show hand
*** SUMMARY ***
Total pot $6 | Rake $0.12
Board [7d 8s Ad]
Seat 3: mack n tire (button) (small blind) collected ($5.88)
Seat 4: AzureCaper (big blind) folded on the Flop


PokerStars Hand #145196075566:  Hold'em Limit ($3/$6 USD) - 2015/12/11 17:19:06 ET
Table 'Krethon' 6-max Seat #4 is the button
Seat 3: mack n tire ($87.83 in chips)
Seat 4: AzureCaper ($113.16 in chips)
AzureCaper: posts small blind $1
mack n tire: posts big blind $3
*** HOLE CARDS ***
AzureCaper: folds
Uncalled bet ($2) returned to mack n tire
mack n tire collected $2 from pot
mack n tire: doesn't show hand
*** SUMMARY ***
Total pot $2 | Rake $0
Seat 3: mack n tire (big blind) collected ($2)
Seat 4: AzureCaper (button) (small blind) folded before Flop


PokerStars Hand #145196079550:  Hold'em Limit ($3/$6 USD) - 2015/12/11 17:19:10 ET
Table 'Krethon' 6-max Seat #3 is the button
Seat 3: mack n tire ($88.83 in chips)
Seat 4: AzureCaper ($112.16 in chips)
mack n tire: posts small blind $1
AzureCaper: posts big blind $3
*** HOLE CARDS ***
mack n tire: calls $2
AzureCaper: checks
*** FLOP *** [Jd Qh 5c]
AzureCaper: checks
mack n tire: checks
*** TURN *** [Jd Qh 5c] [Ac]
AzureCaper: checks
mack n tire: bets $6
AzureCaper: calls $6
*** RIVER *** [Jd Qh 5c Ac] [Qc]
AzureCaper: checks
mack n tire: checks
*** SHOW DOWN ***
AzureCaper: shows [4s Jh] (two pair, Queens and Jacks)
mack n tire: mucks hand
AzureCaper collected $17.64 from pot
*** SUMMARY ***
Total pot $18 | Rake $0.36
Board [Jd Qh 5c Ac Qc]
Seat 3: mack n tire (button) (small blind) mucked
Seat 4: AzureCaper (big blind) showed [4s Jh] and won ($17.64) with two pair, Queens and Jacks


PokerStars Hand #145196100440:  Hold'em Limit ($3/$6 USD) - 2015/12/11 17:19:33 ET
Table 'Krethon' 6-max Seat #4 is the button
Seat 3: mack n tire ($79.83 in chips)
Seat 4: AzureCaper ($120.80 in chips)
AzureCaper: posts small blind $1
mack n tire: posts big blind $3
*** HOLE CARDS ***
AzureCaper: raises $3 to $6
mack n tire: calls $3
*** FLOP *** [6d Js 2c]
mack n tire: checks
AzureCaper: bets $3
mack n tire: calls $3
*** TURN *** [6d Js 2c] [Ks]
mack n tire: checks
AzureCaper: bets $6
mack n tire: folds
Uncalled bet ($6) returned to AzureCaper
AzureCaper collected $17.64 from pot
AzureCaper: doesn't show hand
*** SUMMARY ***
Total pot $18 | Rake $0.36
Board [6d Js 2c Ks]
Seat 3: mack n tire (big blind) folded on the Turn
Seat 4: AzureCaper (button) (small blind) collected ($17.64)


PokerStars Hand #145196135483:  Hold'em Limit ($3/$6 USD) - 2015/12/11 17:20:11 ET
Table 'Krethon' 6-max Seat #4 is the button
Seat 3: mack n tire ($43.83 in chips)
Seat 4: AzureCaper ($155.94 in chips)
AzureCaper: posts small blind $1
mack n tire: posts big blind $3
*** HOLE CARDS ***
AzureCaper: folds
Uncalled bet ($2) returned to mack n tire
mack n tire collected $2 from pot
mack n tire: doesn't show hand
*** SUMMARY ***
Total pot $2 | Rake $0
Seat 3: mack n tire (big blind) collected ($2)
Seat 4: AzureCaper (button) (small blind) folded before Flop


PokerStars Hand #145196120202:  Hold'em Limit ($3/$6 USD) - 2015/12/11 17:19:54 ET
Table 'Krethon' 6-max Seat #3 is the button
Seat 3: mack n tire ($70.83 in chips)
Seat 4: AzureCaper ($129.44 in chips)
mack n tire: posts small blind $1
AzureCaper: posts big blind $3
*** HOLE CARDS ***
mack n tire: raises $3 to $6
AzureCaper: calls $3
*** FLOP *** [6h 9s 3d]
AzureCaper: checks
mack n tire: bets $3
AzureCaper: calls $3
*** TURN *** [6h 9s 3d] [4h]
AzureCaper: checks
mack n tire: bets $6
AzureCaper: raises $6 to $12
mack n tire: calls $6
*** RIVER *** [6h 9s 3d 4h] [5d]
AzureCaper: bets $6
mack n tire: calls $6
*** SHOW DOWN ***
AzureCaper: shows [7h 5h] (a straight, Three to Seven)
mack n tire: mucks hand
AzureCaper collected $53.50 from pot
*** SUMMARY ***
Total pot $54 | Rake $0.50
Board [6h 9s 3d 4h 5d]
Seat 3: mack n tire (button) (small blind) mucked
Seat 4: AzureCaper (big blind) showed [7h 5h] and won ($53.50) with a straight, Three to Seven


PokerStars Hand #145196139742:  Hold'em Limit ($3/$6 USD) - 2015/12/11 17:20:16 ET
Table 'Krethon' 6-max Seat #3 is the button
Seat 3: mack n tire ($44.83 in chips)
Seat 4: AzureCaper ($154.94 in chips)
mack n tire: posts small blind $1
AzureCaper: posts big blind $3
*** HOLE CARDS ***
mack n tire: raises $3 to $6
AzureCaper: calls $3
*** FLOP *** [9c 4s 4h]
AzureCaper: checks
mack n tire: bets $3
AzureCaper: calls $3
*** TURN *** [9c 4s 4h] [7h]
AzureCaper: checks
mack n tire: bets $6
AzureCaper: raises $6 to $12
mack n tire: raises $6 to $18
AzureCaper: calls $6
*** RIVER *** [9c 4s 4h 7h] [Th]
AzureCaper: checks
mack n tire: bets $6
AzureCaper: folds
Uncalled bet ($6) returned to mack n tire
mack n tire collected $53.50 from pot
mack n tire: doesn't show hand
*** SUMMARY ***
Total pot $54 | Rake $0.50
Board [9c 4s 4h 7h Th]
Seat 3: mack n tire (button) (small blind) collected ($53.50)
Seat 4: AzureCaper (big blind) folded on the River


PokerStars Hand #145196156020:  Hold'em Limit ($3/$6 USD) - 2015/12/11 17:20:34 ET
Table 'Krethon' 6-max Seat #4 is the button
Seat 3: mack n tire ($71.33 in chips)
Seat 4: AzureCaper ($127.94 in chips)
AzureCaper: posts small blind $1
mack n tire: posts big blind $3
*** HOLE CARDS ***
AzureCaper: raises $3 to $6
mack n tire: calls $3
*** FLOP *** [Qs 7s 3c]
mack n tire: checks
AzureCaper: bets $3
mack n tire: calls $3
*** TURN *** [Qs 7s 3c] [Th]
mack n tire: checks
AzureCaper: bets $6
mack n tire: calls $6
*** RIVER *** [Qs 7s 3c Th] [Ac]
mack n tire: bets $6
AzureCaper: calls $6
*** SHOW DOWN ***
mack n tire: shows [Jc 8c] (high card Ace)
AzureCaper: shows [5d Ad] (a pair of Aces)
AzureCaper collected $41.50 from pot
*** SUMMARY ***
Total pot $42 | Rake $0.50
Board [Qs 7s 3c Th Ac]
Seat 3: mack n tire (big blind) showed [Jc 8c] and lost with high card Ace
Seat 4: AzureCaper (button) (small blind) showed [5d Ad] and won ($41.50) with a pair of Aces


PokerStars Hand #145196187116:  Hold'em Limit ($3/$6 USD) - 2015/12/11 17:21:08 ET
Table 'Krethon' 6-max Seat #4 is the button
Seat 3: mack n tire ($53.21 in chips)
Seat 4: AzureCaper ($145.44 in chips)
AzureCaper: posts small blind $1
mack n tire: posts big blind $3
*** HOLE CARDS ***
AzureCaper: folds
Uncalled bet ($2) returned to mack n tire
mack n tire collected $2 from pot
mack n tire: doesn't show hand
*** SUMMARY ***
Total pot $2 | Rake $0
Seat 3: mack n tire (big blind) collected ($2)
Seat 4: AzureCaper (button) (small blind) folded before Flop


PokerStars Hand #145196175733:  Hold'em Limit ($3/$6 USD) - 2015/12/11 17:20:56 ET
Table 'Krethon' 6-max Seat #3 is the button
Seat 3: mack n tire ($50.33 in chips)
Seat 4: AzureCaper ($148.44 in chips)
mack n tire: posts small blind $1
AzureCaper: posts big blind $3
*** HOLE CARDS ***
mack n tire: calls $2
AzureCaper: checks
*** FLOP *** [6h Qh 8c]
AzureCaper: checks
mack n tire: bets $3
AzureCaper: folds
Uncalled bet ($3) returned to mack n tire
mack n tire collected $5.88 from pot
mack n tire: doesn't show hand
*** SUMMARY ***
Total pot $6 | Rake $0.12
Board [6h Qh 8c]
Seat 3: mack n tire (button) (small blind) collected ($5.88)
Seat 4: AzureCaper (big blind) folded on the Flop


PokerStars Hand #145196191758:  Hold'em Limit ($3/$6 USD) - 2015/12/11 17:21:13 ET
Table 'Krethon' 6-max Seat #3 is the button
Seat 3: mack n tire ($54.21 in chips)
Seat 4: AzureCaper ($144.44 in chips)
mack n tire: posts small blind $1
AzureCaper: posts big blind $3
*** HOLE CARDS ***
mack n tire: calls $2
AzureCaper: raises $3 to $6
mack n tire: calls $3
*** FLOP *** [4c Qh As]
AzureCaper: bets $3
mack n tire: folds
Uncalled bet ($3) returned to AzureCaper
AzureCaper collected $11.76 from pot
AzureCaper: doesn't show hand
*** SUMMARY ***
Total pot $12 | Rake $0.24
Board [4c Qh As]
Seat 3: mack n tire (button) (small blind) folded on the Flop
Seat 4: AzureCaper (big blind) collected ($11.76)


PokerStars Hand #145196201253:  Hold'em Limit ($3/$6 USD) - 2015/12/11 17:21:24 ET
Table 'Krethon' 6-max Seat #4 is the button
Seat 3: mack n tire ($48.21 in chips)
Seat 4: AzureCaper ($150.20 in chips)
AzureCaper: posts small blind $1
mack n tire: posts big blind $3
*** HOLE CARDS ***
AzureCaper: raises $3 to $6
mack n tire: calls $3
*** FLOP *** [8h 3h 8c]
mack n tire: bets $3
AzureCaper: calls $3
*** TURN *** [8h 3h 8c] [6d]
mack n tire: bets $6
AzureCaper: calls $6
*** RIVER *** [8h 3h 8c 6d] [Kd]
mack n tire: bets $6
AzureCaper: calls $6
*** SHOW DOWN ***
mack n tire: shows [4s Qd] (a pair of Eights)
AzureCaper: shows [6c 4c] (two pair, Eights and Sixes)
AzureCaper collected $41.50 from pot
*** SUMMARY ***
Total pot $42 | Rake $0.50
Board [8h 3h 8c 6d Kd]
Seat 3: mack n tire (big blind) showed [4s Qd] and lost with a pair of Eights
Seat 4: AzureCaper (button) (small blind) showed [6c 4c] and won ($41.50) with two pair, Eights and Sixes


PokerStars Hand #145196213671:  Hold'em Limit ($3/$6 USD) - 2015/12/11 17:21:38 ET
Table 'Krethon' 6-max Seat #3 is the button
Seat 3: mack n tire ($27.21 in chips)
Seat 4: AzureCaper ($170.70 in chips)
mack n tire: posts small blind $1
AzureCaper: posts big blind $3
*** HOLE CARDS ***
mack n tire: calls $2
AzureCaper: checks
*** FLOP *** [Td 7c As]
AzureCaper: checks
mack n tire: checks
*** TURN *** [Td 7c As] [5h]
AzureCaper: checks
mack n tire: checks
*** RIVER *** [Td 7c As 5h] [3c]
AzureCaper: checks
mack n tire: checks
*** SHOW DOWN ***
AzureCaper: shows [Js 6h] (high card Ace)
mack n tire: shows [Kd 2h] (high card Ace - King kicker)
mack n tire collected $5.88 from pot
*** SUMMARY ***
Total pot $6 | Rake $0.12
Board [Td 7c As 5h 3c]
Seat 3: mack n tire (button) (small blind) showed [Kd 2h] and won ($5.88) with high card Ace
Seat 4: AzureCaper (big blind) showed [Js 6h] and lost with high card Ace


PokerStars Hand #145196226442:  Hold'em Limit ($3/$6 USD) - 2015/12/11 17:21:52 ET
Table 'Krethon' 6-max Seat #4 is the button
Seat 3: mack n tire ($30.09 in chips)
Seat 4: AzureCaper ($167.70 in chips)
AzureCaper: posts small blind $1
mack n tire: posts big blind $3
*** HOLE CARDS ***
AzureCaper: raises $3 to $6
mack n tire: calls $3
*** FLOP *** [Ks 5h Ts]
mack n tire: checks
AzureCaper: bets $3
mack n tire: folds
Uncalled bet ($3) returned to AzureCaper
AzureCaper collected $11.76 from pot
AzureCaper: doesn't show hand
*** SUMMARY ***
Total pot $12 | Rake $0.24
Board [Ks 5h Ts]
Seat 3: mack n tire (big blind) folded on the Flop
Seat 4: AzureCaper (button) (small blind) collected ($11.76)


PokerStars Hand #145196236082:  Hold'em Limit ($3/$6 USD) - 2015/12/11 17:22:03 ET
Table 'Krethon' 6-max Seat #3 is the button
Seat 3: mack n tire ($24.09 in chips)
Seat 4: AzureCaper ($173.46 in chips)
mack n tire: posts small blind $1
AzureCaper: posts big blind $3
*** HOLE CARDS ***
mack n tire: calls $2
AzureCaper: checks
*** FLOP *** [Kc Kd 3h]
AzureCaper: checks
mack n tire: checks
*** TURN *** [Kc Kd 3h] [Ac]
AzureCaper: checks
mack n tire: bets $6
AzureCaper: folds
Uncalled bet ($6) returned to mack n tire
mack n tire collected $5.88 from pot
mack n tire: doesn't show hand
*** SUMMARY ***
Total pot $6 | Rake $0.12
Board [Kc Kd 3h Ac]
Seat 3: mack n tire (button) (small blind) collected ($5.88)
Seat 4: AzureCaper (big blind) folded on the Turn


PokerStars Hand #145196249902:  Hold'em Limit ($3/$6 USD) - 2015/12/11 17:22:19 ET
Table 'Krethon' 6-max Seat #4 is the button
Seat 3: mack n tire ($26.97 in chips)
Seat 4: AzureCaper ($170.46 in chips)
AzureCaper: posts small blind $1
mack n tire: posts big blind $3
*** HOLE CARDS ***
AzureCaper: raises $3 to $6
mack n tire: calls $3
*** FLOP *** [4d 5d 6c]
mack n tire: checks
AzureCaper: bets $3
mack n tire: raises $3 to $6
AzureCaper: calls $3
*** TURN *** [4d 5d 6c] [Kh]
mack n tire: bets $6
AzureCaper: calls $6
*** RIVER *** [4d 5d 6c Kh] [Jh]
mack n tire: bets $6
AzureCaper: folds
Uncalled bet ($6) returned to mack n tire
mack n tire collected $35.50 from pot
mack n tire: doesn't show hand
*** SUMMARY ***
Total pot $36 | Rake $0.50
Board [4d 5d 6c Kh Jh]
Seat 3: mack n tire (big blind) collected ($35.50)
Seat 4: AzureCaper (button) (small blind) folded on the River


PokerStars Hand #145196263832:  Hold'em Limit ($3/$6 USD) - 2015/12/11 17:22:35 ET
Table 'Krethon' 6-max Seat #3 is the button
Seat 3: mack n tire ($44.47 in chips)
Seat 4: AzureCaper ($152.46 in chips)
mack n tire: posts small blind $1
AzureCaper: posts big blind $3
*** HOLE CARDS ***
mack n tire: calls $2
AzureCaper: checks
*** FLOP *** [8d 3s Jc]
AzureCaper: checks
mack n tire: checks
*** TURN *** [8d 3s Jc] [2s]
AzureCaper: checks
mack n tire: checks
*** RIVER *** [8d 3s Jc 2s] [4d]
AzureCaper: checks
mack n tire: checks
*** SHOW DOWN ***
AzureCaper: shows [8h 7h] (a pair of Eights)
mack n tire: mucks hand
AzureCaper collected $5.88 from pot
*** SUMMARY ***
Total pot $6 | Rake $0.12
Board [8d 3s Jc 2s 4d]
Seat 3: mack n tire (button) (small blind) mucked
Seat 4: AzureCaper (big blind) showed [8h 7h] and won ($5.88) with a pair of Eights


PokerStars Hand #145196273743:  Hold'em Limit ($3/$6 USD) - 2015/12/11 17:22:46 ET
Table 'Krethon' 6-max Seat #4 is the button
Seat 3: mack n tire ($41.47 in chips)
Seat 4: AzureCaper ($155.34 in chips)
AzureCaper: posts small blind $1
mack n tire: posts big blind $3
*** HOLE CARDS ***
AzureCaper: raises $3 to $6
mack n tire: calls $3
*** FLOP *** [Qc 8s 3d]
mack n tire: checks
AzureCaper: bets $3
mack n tire: calls $3
*** TURN *** [Qc 8s 3d] [8c]
mack n tire: checks
AzureCaper: bets $6
mack n tire: folds
Uncalled bet ($6) returned to AzureCaper
AzureCaper collected $17.64 from pot
AzureCaper: doesn't show hand
*** SUMMARY ***
Total pot $18 | Rake $0.36
Board [Qc 8s 3d 8c]
Seat 3: mack n tire (big blind) folded on the Turn
Seat 4: AzureCaper (button) (small blind) collected ($17.64)


PokerStars Hand #145196286604:  Hold'em Limit ($3/$6 USD) - 2015/12/11 17:23:00 ET
Table 'Krethon' 6-max Seat #3 is the button
Seat 3: mack n tire ($32.47 in chips)
Seat 4: AzureCaper ($163.98 in chips)
mack n tire: posts small blind $1
AzureCaper: posts big blind $3
*** HOLE CARDS ***
mack n tire: calls $2
AzureCaper: checks
*** FLOP *** [Ks Jc Jd]
AzureCaper: checks
mack n tire: bets $3
AzureCaper: calls $3
*** TURN *** [Ks Jc Jd] [Td]
AzureCaper: checks
mack n tire: bets $6
AzureCaper: calls $6
*** RIVER *** [Ks Jc Jd Td] [3d]
AzureCaper: checks
mack n tire: bets $6
AzureCaper: calls $6
*** SHOW DOWN ***
mack n tire: shows [5s Qd] (a pair of Jacks)
AzureCaper: shows [Kh 2d] (two pair, Kings and Jacks)
AzureCaper collected $35.50 from pot
*** SUMMARY ***
Total pot $36 | Rake $0.50
Board [Ks Jc Jd Td 3d]
Seat 3: mack n tire (button) (small blind) showed [5s Qd] and lost with a pair of Jacks
Seat 4: AzureCaper (big blind) showed [Kh 2d] and won ($35.50) with two pair, Kings and Jacks


PokerStars Hand #145196298041:  Hold'em Limit ($3/$6 USD) - 2015/12/11 17:23:12 ET
Table 'Krethon' 6-max Seat #4 is the button
Seat 3: mack n tire ($14.47 in chips)
Seat 4: AzureCaper ($181.48 in chips)
AzureCaper: posts small blind $1
mack n tire: posts big blind $3
*** HOLE CARDS ***
AzureCaper: raises $3 to $6
mack n tire: raises $3 to $9
AzureCaper: raises $3 to $12
Betting is capped
mack n tire: calls $3
*** FLOP *** [6d Ad Td]
mack n tire: bets $2.47 and is all-in
AzureCaper: calls $2.47
*** TURN *** [6d Ad Td] [Jc]
*** RIVER *** [6d Ad Td Jc] [9d]
*** SHOW DOWN ***
mack n tire: shows [Ts Js] (two pair, Jacks and Tens)
AzureCaper: shows [8c 8s] (a pair of Eights)
mack n tire collected $28.44 from pot
*** SUMMARY ***
Total pot $28.94 | Rake $0.50
Board [6d Ad Td Jc 9d]
Seat 3: mack n tire (big blind) showed [Ts Js] and won ($28.44) with two pair, Jacks and Tens
Seat 4: AzureCaper (button) (small blind) showed [8c 8s] and lost with a pair of Eights


PokerStars Hand #145196315998:  Hold'em Limit ($3/$6 USD) - 2015/12/11 17:23:33 ET
Table 'Krethon' 6-max Seat #3 is the button
Seat 3: mack n tire ($28.44 in chips)
Seat 4: AzureCaper ($167.01 in chips)
mack n tire: posts small blind $1
AzureCaper: posts big blind $3
*** HOLE CARDS ***
mack n tire: calls $2
AzureCaper: checks
*** FLOP *** [3h 7c 4c]
runeselnes10 joins the table at seat #2
AzureCaper: checks
mack n tire: bets $3
AzureCaper: calls $3
*** TURN *** [3h 7c 4c] [7h]
AzureCaper: checks
mack n tire: bets $6
AzureCaper: calls $6
*** RIVER *** [3h 7c 4c 7h] [Ad]
AzureCaper: checks
mack n tire: bets $6
AzureCaper: calls $6
*** SHOW DOWN ***
mack n tire: shows [6h 4s] (two pair, Sevens and Fours)
AzureCaper: shows [4d 2d] (two pair, Sevens and Fours)
AzureCaper collected $17.75 from pot
mack n tire collected $17.75 from pot
*** SUMMARY ***
Total pot $36 | Rake $0.50
Board [3h 7c 4c 7h Ad]
Seat 3: mack n tire (button) (small blind) showed [6h 4s] and won ($17.75) with two pair, Sevens and Fours
Seat 4: AzureCaper (big blind) showed [4d 2d] and won ($17.75) with two pair, Sevens and Fours


PokerStars Hand #145200399731:  Hold'em Limit ($3/$6 USD) - 2015/12/11 18:46:26 ET
Table 'Krethon' 6-max Seat #1 is the button
Seat 1: craaa ($93.24 in chips)
Seat 5: oj_pimpson ($228.96 in chips)
craaa: posts small blind $1
MellivoraSto: is sitting out
oj_pimpson: posts big blind $3
*** HOLE CARDS ***
craaa: raises $3 to $6
MellivoraSto leaves the table
oj_pimpson: folds
Uncalled bet ($3) returned to craaa
craaa collected $6 from pot
craaa: doesn't show hand
*** SUMMARY ***
Total pot $6 | Rake $0
Seat 1: craaa (button) (small blind) collected ($6)
Seat 5: oj_pimpson (big blind) folded before Flop


