PokerStars Hand #174515093907:  Hold'em Limit ($3/$6 USD) - 2017/08/19 1:29:02 ET
Table 'Kreusa II' 10-max Seat #5 is the button
Seat 5: aabeatenby23 ($120 in chips)
Seat 7: brokentoooth ($60 in chips)
aabeatenby23: posts small blind $1
brokentoooth: posts big blind $3
*** HOLE CARDS ***
aabeatenby23: raises $3 to $6
brokentoooth: calls $3
*** FLOP *** [7d 2d 4s]
brokentoooth: checks
aabeatenby23: bets $3
brokentoooth: calls $3
*** TURN *** [7d 2d 4s] [Qd]
brokentoooth: checks
aabeatenby23: checks
*** RIVER *** [7d 2d 4s Qd] [8h]
brokentoooth: bets $6
aabeatenby23: calls $6
*** SHOW DOWN ***
brokentoooth: shows [Ts 8s] (a pair of Eights)
aabeatenby23: mucks hand
brokentoooth collected $29.50 from pot
*** SUMMARY ***
Total pot $30 | Rake $0.50
Board [7d 2d 4s Qd 8h]
Seat 5: aabeatenby23 (button) (small blind) mucked
Seat 7: brokentoooth (big blind) showed [Ts 8s] and won ($29.50) with a pair of Eights


PokerStars Hand #174515111540:  Hold'em Limit ($3/$6 USD) - 2017/08/19 1:30:09 ET
Table 'Kreusa II' 10-max Seat #7 is the button
Seat 5: aabeatenby23 ($122.28 in chips)
Seat 7: brokentoooth ($56.50 in chips)
brokentoooth: posts small blind $1
aabeatenby23: posts big blind $3
*** HOLE CARDS ***
brokentoooth: raises $3 to $6
aabeatenby23: calls $3
*** FLOP *** [8s 2h Kd]
aabeatenby23: checks
brokentoooth: bets $3
aabeatenby23: calls $3
*** TURN *** [8s 2h Kd] [7c]
aabeatenby23: checks
brokentoooth: bets $6
aabeatenby23: calls $6
*** RIVER *** [8s 2h Kd 7c] [Ks]
aabeatenby23: checks
brokentoooth: checks
*** SHOW DOWN ***
aabeatenby23: shows [7d Js] (two pair, Kings and Sevens)
brokentoooth: mucks hand
aabeatenby23 collected $29.50 from pot
*** SUMMARY ***
Total pot $30 | Rake $0.50
Board [8s 2h Kd 7c Ks]
Seat 5: aabeatenby23 (big blind) showed [7d Js] and won ($29.50) with two pair, Kings and Sevens
Seat 7: brokentoooth (button) (small blind) mucked


PokerStars Hand #174515106696:  Hold'em Limit ($3/$6 USD) - 2017/08/19 1:29:51 ET
Table 'Kreusa II' 10-max Seat #5 is the button
Seat 5: aabeatenby23 ($113.64 in chips)
Seat 7: brokentoooth ($65.50 in chips)
aabeatenby23: posts small blind $1
brokentoooth: posts big blind $3
*** HOLE CARDS ***
aabeatenby23: raises $3 to $6
brokentoooth: calls $3
*** FLOP *** [3s 2h Kh]
brokentoooth: checks
aabeatenby23: bets $3
brokentoooth: calls $3
*** TURN *** [3s 2h Kh] [As]
brokentoooth: checks
aabeatenby23: bets $6
brokentoooth: folds
Uncalled bet ($6) returned to aabeatenby23
aabeatenby23 collected $17.64 from pot
aabeatenby23: doesn't show hand
*** SUMMARY ***
Total pot $18 | Rake $0.36
Board [3s 2h Kh As]
Seat 5: aabeatenby23 (button) (small blind) collected ($17.64)
Seat 7: brokentoooth (big blind) folded on the Turn


PokerStars Hand #174515100643:  Hold'em Limit ($3/$6 USD) - 2017/08/19 1:29:28 ET
Table 'Kreusa II' 10-max Seat #7 is the button
Seat 5: aabeatenby23 ($105 in chips)
Seat 7: brokentoooth ($74.50 in chips)
brokentoooth: posts small blind $1
aabeatenby23: posts big blind $3
*** HOLE CARDS ***
brokentoooth: calls $2
aabeatenby23: raises $3 to $6
brokentoooth: calls $3
*** FLOP *** [6c 9h 8h]
aabeatenby23: bets $3
brokentoooth: calls $3
*** TURN *** [6c 9h 8h] [Td]
aabeatenby23: bets $6
brokentoooth: folds
Uncalled bet ($6) returned to aabeatenby23
aabeatenby23 collected $17.64 from pot
aabeatenby23: doesn't show hand
*** SUMMARY ***
Total pot $18 | Rake $0.36
Board [6c 9h 8h Td]
Seat 5: aabeatenby23 (big blind) collected ($17.64)
Seat 7: brokentoooth (button) (small blind) folded on the Turn


PokerStars Hand #174515132827:  Hold'em Limit ($3/$6 USD) - 2017/08/19 1:31:32 ET
Table 'Kreusa II' 10-max Seat #5 is the button
Seat 5: aabeatenby23 ($177.44 in chips)
Seat 7: brokentoooth ($60 in chips)
aabeatenby23: posts small blind $1
brokentoooth: posts big blind $3
*** HOLE CARDS ***
aabeatenby23: folds
Uncalled bet ($2) returned to brokentoooth
brokentoooth collected $2 from pot
brokentoooth: doesn't show hand
*** SUMMARY ***
Total pot $2 | Rake $0
Seat 5: aabeatenby23 (button) (small blind) folded before Flop
Seat 7: brokentoooth (big blind) collected ($2)


PokerStars Hand #174515116517:  Hold'em Limit ($3/$6 USD) - 2017/08/19 1:30:28 ET
Table 'Kreusa II' 10-max Seat #5 is the button
Seat 5: aabeatenby23 ($136.78 in chips)
Seat 7: brokentoooth ($41.50 in chips)
aabeatenby23: posts small blind $1
brokentoooth: posts big blind $3
*** HOLE CARDS ***
aabeatenby23: raises $3 to $6
brokentoooth: raises $3 to $9
aabeatenby23: calls $3
*** FLOP *** [5d 7d Kd]
brokentoooth: bets $3
aabeatenby23: raises $3 to $6
brokentoooth: raises $3 to $9
aabeatenby23: raises $3 to $12
Betting is capped
brokentoooth: calls $3
*** TURN *** [5d 7d Kd] [3c]
brokentoooth: checks
aabeatenby23: bets $6
brokentoooth: calls $6
*** RIVER *** [5d 7d Kd 3c] [2h]
brokentoooth: checks
aabeatenby23: bets $6
brokentoooth: calls $6
*** SHOW DOWN ***
aabeatenby23: shows [5c 7c] (two pair, Sevens and Fives)
brokentoooth: mucks hand
aabeatenby23 collected $65.50 from pot
*** SUMMARY ***
Total pot $66 | Rake $0.50
Board [5d 7d Kd 3c 2h]
Seat 5: aabeatenby23 (button) (small blind) showed [5c 7c] and won ($65.50) with two pair, Sevens and Fives
Seat 7: brokentoooth (big blind) mucked


PokerStars Hand #174515124129:  Hold'em Limit ($3/$6 USD) - 2017/08/19 1:30:58 ET
Table 'Kreusa II' 10-max Seat #7 is the button
Seat 5: aabeatenby23 ($169.28 in chips)
Seat 7: brokentoooth ($8.50 in chips)
brokentoooth: posts small blind $1
aabeatenby23: posts big blind $3
*** HOLE CARDS ***
brokentoooth: raises $3 to $6
aabeatenby23: raises $3 to $9
brokentoooth: calls $2.50 and is all-in
Uncalled bet ($0.50) returned to aabeatenby23
*** FLOP *** [5d Ks 4c]
*** TURN *** [5d Ks 4c] [Ac]
*** RIVER *** [5d Ks 4c Ac] [6s]
*** SHOW DOWN ***
aabeatenby23: shows [Ad Jc] (a pair of Aces)
brokentoooth: shows [Jh 8c] (high card Ace)
aabeatenby23 collected $16.66 from pot
*** SUMMARY ***
Total pot $17 | Rake $0.34
Board [5d Ks 4c Ac 6s]
Seat 5: aabeatenby23 (big blind) showed [Ad Jc] and won ($16.66) with a pair of Aces
Seat 7: brokentoooth (button) (small blind) showed [Jh 8c] and lost with high card Ace


PokerStars Hand #174515147636:  Hold'em Limit ($3/$6 USD) - 2017/08/19 1:32:29 ET
Table 'Kreusa II' 10-max Seat #5 is the button
Seat 5: aabeatenby23 ($176.94 in chips)
Seat 7: brokentoooth ($59.50 in chips)
aabeatenby23: posts small blind $1
brokentoooth: posts big blind $3
*** HOLE CARDS ***
aabeatenby23: raises $3 to $6
brokentoooth: calls $3
*** FLOP *** [4s 2d Kd]
brokentoooth: checks
aabeatenby23: bets $3
brokentoooth: calls $3
*** TURN *** [4s 2d Kd] [4d]
brokentoooth: checks
aabeatenby23: bets $6
brokentoooth: folds
Uncalled bet ($6) returned to aabeatenby23
aabeatenby23 collected $17.64 from pot
aabeatenby23: doesn't show hand
*** SUMMARY ***
Total pot $18 | Rake $0.36
Board [4s 2d Kd 4d]
Seat 5: aabeatenby23 (button) (small blind) collected ($17.64)
Seat 7: brokentoooth (big blind) folded on the Turn


PokerStars Hand #174515146015:  Hold'em Limit ($3/$6 USD) - 2017/08/19 1:32:23 ET
Table 'Kreusa II' 10-max Seat #7 is the button
Seat 5: aabeatenby23 ($175.94 in chips)
Seat 7: brokentoooth ($60.50 in chips)
brokentoooth: posts small blind $1
aabeatenby23: posts big blind $3
*** HOLE CARDS ***
brokentoooth: folds
Uncalled bet ($2) returned to aabeatenby23
aabeatenby23 collected $2 from pot
aabeatenby23: doesn't show hand
*** SUMMARY ***
Total pot $2 | Rake $0
Seat 5: aabeatenby23 (big blind) collected ($2)
Seat 7: brokentoooth (button) (small blind) folded before Flop


PokerStars Hand #174515140161:  Hold'em Limit ($3/$6 USD) - 2017/08/19 1:32:00 ET
Table 'Kreusa II' 10-max Seat #5 is the button
Seat 5: aabeatenby23 ($199.94 in chips)
Seat 7: brokentoooth ($37 in chips)
aabeatenby23: posts small blind $1
brokentoooth: posts big blind $3
*** HOLE CARDS ***
aabeatenby23: raises $3 to $6
brokentoooth: raises $3 to $9
aabeatenby23: raises $3 to $12
Betting is capped
brokentoooth: calls $3
*** FLOP *** [Jc Qd 5s]
brokentoooth: checks
aabeatenby23: checks
*** TURN *** [Jc Qd 5s] [7c]
brokentoooth: bets $6
aabeatenby23: calls $6
*** RIVER *** [Jc Qd 5s 7c] [Kh]
brokentoooth: bets $6
aabeatenby23: calls $6
*** SHOW DOWN ***
brokentoooth: shows [Kd 5d] (two pair, Kings and Fives)
aabeatenby23: mucks hand
brokentoooth collected $47.50 from pot
*** SUMMARY ***
Total pot $48 | Rake $0.50
Board [Jc Qd 5s 7c Kh]
Seat 5: aabeatenby23 (button) (small blind) mucked
Seat 7: brokentoooth (big blind) showed [Kd 5d] and won ($47.50) with two pair, Kings and Fives


PokerStars Hand #174515134398:  Hold'em Limit ($3/$6 USD) - 2017/08/19 1:31:38 ET
Table 'Kreusa II' 10-max Seat #7 is the button
Seat 5: aabeatenby23 ($176.44 in chips)
Seat 7: brokentoooth ($61 in chips)
brokentoooth: posts small blind $1
aabeatenby23: posts big blind $3
*** HOLE CARDS ***
brokentoooth: calls $2
aabeatenby23: checks
*** FLOP *** [Tc 6s 3c]
aabeatenby23: checks
brokentoooth: bets $3
aabeatenby23: calls $3
*** TURN *** [Tc 6s 3c] [9h]
aabeatenby23: checks
brokentoooth: bets $6
aabeatenby23: raises $6 to $12
brokentoooth: calls $6
*** RIVER *** [Tc 6s 3c 9h] [As]
aabeatenby23: bets $6
brokentoooth: calls $6
*** SHOW DOWN ***
aabeatenby23: shows [Th 6d] (two pair, Tens and Sixes)
brokentoooth: mucks hand
aabeatenby23 collected $47.50 from pot
*** SUMMARY ***
Total pot $48 | Rake $0.50
Board [Tc 6s 3c 9h As]
Seat 5: aabeatenby23 (big blind) showed [Th 6d] and won ($47.50) with two pair, Tens and Sixes
Seat 7: brokentoooth (button) (small blind) mucked


PokerStars Hand #174515159549:  Hold'em Limit ($3/$6 USD) - 2017/08/19 1:33:15 ET
Table 'Kreusa II' 10-max Seat #7 is the button
Seat 5: aabeatenby23 ($211.84 in chips)
Seat 7: brokentoooth ($23.50 in chips)
brokentoooth: posts small blind $1
aabeatenby23: posts big blind $3
*** HOLE CARDS ***
brokentoooth: raises $3 to $6
aabeatenby23: calls $3
*** FLOP *** [9d 3h Ac]
aabeatenby23: checks
Scheubi88 joins the table at seat #8
brokentoooth: bets $3
aabeatenby23: folds
Uncalled bet ($3) returned to brokentoooth
brokentoooth collected $11.76 from pot
brokentoooth: doesn't show hand
*** SUMMARY ***
Total pot $12 | Rake $0.24
Board [9d 3h Ac]
Seat 5: aabeatenby23 (big blind) folded on the Flop
Seat 7: brokentoooth (button) (small blind) collected ($11.76)


PokerStars Hand #174515162904:  Hold'em Limit ($3/$6 USD) - 2017/08/19 1:33:28 ET
Table 'Kreusa II' 10-max Seat #5 is the button
Seat 5: aabeatenby23 ($205.84 in chips)
Seat 7: brokentoooth ($29.26 in chips)
aabeatenby23: posts small blind $1
brokentoooth: posts big blind $3
*** HOLE CARDS ***
aabeatenby23: folds
Uncalled bet ($2) returned to brokentoooth
brokentoooth collected $2 from pot
brokentoooth: doesn't show hand
*** SUMMARY ***
Total pot $2 | Rake $0
Seat 5: aabeatenby23 (button) (small blind) folded before Flop
Seat 7: brokentoooth (big blind) collected ($2)


PokerStars Hand #174515151701:  Hold'em Limit ($3/$6 USD) - 2017/08/19 1:32:45 ET
Table 'Kreusa II' 10-max Seat #7 is the button
Seat 5: aabeatenby23 ($185.58 in chips)
Seat 7: brokentoooth ($50.50 in chips)
brokentoooth: posts small blind $1
aabeatenby23: posts big blind $3
*** HOLE CARDS ***
brokentoooth: raises $3 to $6
aabeatenby23: calls $3
*** FLOP *** [6s 4s Kd]
aabeatenby23: checks
brokentoooth: bets $3
aabeatenby23: calls $3
*** TURN *** [6s 4s Kd] [8d]
aabeatenby23: checks
brokentoooth: bets $6
aabeatenby23: calls $6
*** RIVER *** [6s 4s Kd 8d] [As]
aabeatenby23: checks
brokentoooth: bets $6
aabeatenby23: calls $6
*** SHOW DOWN ***
brokentoooth: shows [Th Jc] (high card Ace)
aabeatenby23: shows [4h 2c] (a pair of Fours)
aabeatenby23 collected $41.50 from pot
*** SUMMARY ***
Total pot $42 | Rake $0.50
Board [6s 4s Kd 8d As]
Seat 5: aabeatenby23 (big blind) showed [4h 2c] and won ($41.50) with a pair of Fours
Seat 7: brokentoooth (button) (small blind) showed [Th Jc] and lost with high card Ace


PokerStars Hand #174515156678:  Hold'em Limit ($3/$6 USD) - 2017/08/19 1:33:04 ET
Table 'Kreusa II' 10-max Seat #5 is the button
Seat 5: aabeatenby23 ($206.08 in chips)
Seat 7: brokentoooth ($29.50 in chips)
aabeatenby23: posts small blind $1
brokentoooth: posts big blind $3
*** HOLE CARDS ***
aabeatenby23: raises $3 to $6
brokentoooth: calls $3
*** FLOP *** [6s 8d Ad]
brokentoooth: checks
aabeatenby23: bets $3
brokentoooth: folds
Uncalled bet ($3) returned to aabeatenby23
aabeatenby23 collected $11.76 from pot
aabeatenby23: doesn't show hand
*** SUMMARY ***
Total pot $12 | Rake $0.24
Board [6s 8d Ad]
Seat 5: aabeatenby23 (button) (small blind) collected ($11.76)
Seat 7: brokentoooth (big blind) folded on the Flop


PokerStars Hand #174515202939:  Hold'em Limit ($3/$6 USD) - 2017/08/19 1:35:27 ET
Table 'Kreusa II' 10-max Seat #7 is the button
Seat 5: aabeatenby23 ($198.40 in chips)
Seat 7: brokentoooth ($35.05 in chips)
brokentoooth: posts small blind $1
Scheubi88: is sitting out
aabeatenby23: posts big blind $3
*** HOLE CARDS ***
brokentoooth: calls $2
aabeatenby23: checks
*** FLOP *** [Td Ah Jc]
Scheubi88 leaves the table
aabeatenby23: checks
brokentoooth: bets $3
aabeatenby23: folds
Uncalled bet ($3) returned to brokentoooth
brokentoooth collected $5.88 from pot
brokentoooth: doesn't show hand
*** SUMMARY ***
Total pot $6 | Rake $0.12
Board [Td Ah Jc]
Seat 5: aabeatenby23 (big blind) folded on the Flop
Seat 7: brokentoooth (button) (small blind) collected ($5.88)


PokerStars Hand #174515217766:  Hold'em Limit ($3/$6 USD) - 2017/08/19 1:36:24 ET
Table 'Kreusa II' 10-max Seat #7 is the button
Seat 5: aabeatenby23 ($161.40 in chips)
Seat 7: brokentoooth ($70.95 in chips)
brokentoooth: posts small blind $1
aabeatenby23: posts big blind $3
*** HOLE CARDS ***
brokentoooth: calls $2
aabeatenby23: checks
*** FLOP *** [3d Kc Td]
aabeatenby23: checks
brokentoooth: bets $3
aabeatenby23: folds
Uncalled bet ($3) returned to brokentoooth
brokentoooth collected $5.88 from pot
brokentoooth: doesn't show hand
*** SUMMARY ***
Total pot $6 | Rake $0.12
Board [3d Kc Td]
Seat 5: aabeatenby23 (big blind) folded on the Flop
Seat 7: brokentoooth (button) (small blind) collected ($5.88)


PokerStars Hand #174515216296:  Hold'em Limit ($3/$6 USD) - 2017/08/19 1:36:18 ET
Table 'Kreusa II' 10-max Seat #5 is the button
Seat 5: aabeatenby23 ($162.40 in chips)
Seat 7: brokentoooth ($69.95 in chips)
aabeatenby23: posts small blind $1
brokentoooth: posts big blind $3
*** HOLE CARDS ***
aabeatenby23: folds
Uncalled bet ($2) returned to brokentoooth
brokentoooth collected $2 from pot
brokentoooth: doesn't show hand
*** SUMMARY ***
Total pot $2 | Rake $0
Seat 5: aabeatenby23 (button) (small blind) folded before Flop
Seat 7: brokentoooth (big blind) collected ($2)


PokerStars Hand #174515206304:  Hold'em Limit ($3/$6 USD) - 2017/08/19 1:35:40 ET
Table 'Kreusa II' 10-max Seat #5 is the button
Seat 5: aabeatenby23 ($195.40 in chips)
Seat 7: brokentoooth ($37.93 in chips)
aabeatenby23: posts small blind $1
brokentoooth: posts big blind $3
*** HOLE CARDS ***
aabeatenby23: raises $3 to $6
brokentoooth: calls $3
*** FLOP *** [9d 4d Kc]
brokentoooth: checks
aabeatenby23: bets $3
brokentoooth: calls $3
*** TURN *** [9d 4d Kc] [Ts]
brokentoooth: checks
aabeatenby23: bets $6
brokentoooth: raises $6 to $12
aabeatenby23: calls $6
*** RIVER *** [9d 4d Kc Ts] [4s]
brokentoooth: bets $6
aabeatenby23: folds
Uncalled bet ($6) returned to brokentoooth
brokentoooth collected $41.50 from pot
brokentoooth: doesn't show hand
*** SUMMARY ***
Total pot $42 | Rake $0.50
Board [9d 4d Kc Ts 4s]
Seat 5: aabeatenby23 (button) (small blind) folded on the River
Seat 7: brokentoooth (big blind) collected ($41.50)


PokerStars Hand #174515212165:  Hold'em Limit ($3/$6 USD) - 2017/08/19 1:36:02 ET
Table 'Kreusa II' 10-max Seat #7 is the button
Seat 5: aabeatenby23 ($174.40 in chips)
Seat 7: brokentoooth ($58.43 in chips)
brokentoooth: posts small blind $1
aabeatenby23: posts big blind $3
*** HOLE CARDS ***
brokentoooth: calls $2
aabeatenby23: raises $3 to $6
brokentoooth: calls $3
*** FLOP *** [As 5h 8s]
aabeatenby23: bets $3
brokentoooth: raises $3 to $6
aabeatenby23: calls $3
*** TURN *** [As 5h 8s] [6h]
aabeatenby23: checks
brokentoooth: bets $6
aabeatenby23: folds
Uncalled bet ($6) returned to brokentoooth
brokentoooth collected $23.52 from pot
brokentoooth: doesn't show hand
*** SUMMARY ***
Total pot $24 | Rake $0.48
Board [As 5h 8s 6h]
Seat 5: aabeatenby23 (big blind) folded on the Turn
Seat 7: brokentoooth (button) (small blind) collected ($23.52)


PokerStars Hand #174515220736:  Hold'em Limit ($3/$6 USD) - 2017/08/19 1:36:35 ET
Table 'Kreusa II' 10-max Seat #5 is the button
Seat 5: aabeatenby23 ($158.40 in chips)
Seat 7: brokentoooth ($73.83 in chips)
aabeatenby23: posts small blind $1
brokentoooth: posts big blind $3
*** HOLE CARDS ***
aabeatenby23: raises $3 to $6
brokentoooth: calls $3
*** FLOP *** [6c 2c 3h]
brokentoooth: checks
aabeatenby23: bets $3
brokentoooth: calls $3
*** TURN *** [6c 2c 3h] [7h]
brokentoooth: checks
aabeatenby23: checks
*** RIVER *** [6c 2c 3h 7h] [Kd]
brokentoooth: checks
aabeatenby23: checks
*** SHOW DOWN ***
brokentoooth: shows [9s 3c] (a pair of Threes)
aabeatenby23: mucks hand
brokentoooth collected $17.64 from pot
*** SUMMARY ***
Total pot $18 | Rake $0.36
Board [6c 2c 3h 7h Kd]
Seat 5: aabeatenby23 (button) (small blind) mucked
Seat 7: brokentoooth (big blind) showed [9s 3c] and won ($17.64) with a pair of Threes


PokerStars Hand #174515225446:  Hold'em Limit ($3/$6 USD) - 2017/08/19 1:36:53 ET
Table 'Kreusa II' 10-max Seat #7 is the button
Seat 5: aabeatenby23 ($149.40 in chips)
Seat 7: brokentoooth ($82.47 in chips)
brokentoooth: posts small blind $1
aabeatenby23: posts big blind $3
*** HOLE CARDS ***
brokentoooth: calls $2
aabeatenby23: checks
*** FLOP *** [8s 8c 6h]
aabeatenby23: checks
brokentoooth: checks
*** TURN *** [8s 8c 6h] [5d]
aabeatenby23: bets $6
brokentoooth: folds
Uncalled bet ($6) returned to aabeatenby23
aabeatenby23 collected $5.88 from pot
aabeatenby23: doesn't show hand
*** SUMMARY ***
Total pot $6 | Rake $0.12
Board [8s 8c 6h 5d]
Seat 5: aabeatenby23 (big blind) collected ($5.88)
Seat 7: brokentoooth (button) (small blind) folded on the Turn


PokerStars Hand #174515236844:  Hold'em Limit ($3/$6 USD) - 2017/08/19 1:37:37 ET
Table 'Kreusa II' 10-max Seat #7 is the button
Seat 5: aabeatenby23 ($166.78 in chips)
Seat 7: brokentoooth ($64.47 in chips)
brokentoooth: posts small blind $1
aabeatenby23: posts big blind $3
*** HOLE CARDS ***
brokentoooth: calls $2
aabeatenby23: checks
*** FLOP *** [5s 2d 3d]
aabeatenby23: checks
brokentoooth: bets $3
aabeatenby23: folds
Uncalled bet ($3) returned to brokentoooth
brokentoooth collected $5.88 from pot
brokentoooth: doesn't show hand
*** SUMMARY ***
Total pot $6 | Rake $0.12
Board [5s 2d 3d]
Seat 5: aabeatenby23 (big blind) folded on the Flop
Seat 7: brokentoooth (button) (small blind) collected ($5.88)


PokerStars Hand #174515230590:  Hold'em Limit ($3/$6 USD) - 2017/08/19 1:37:13 ET
Table 'Kreusa II' 10-max Seat #7 is the button
Seat 5: aabeatenby23 ($151.28 in chips)
Seat 7: brokentoooth ($80.47 in chips)
brokentoooth: posts small blind $1
aabeatenby23: posts big blind $3
*** HOLE CARDS ***
brokentoooth: folds
Uncalled bet ($2) returned to aabeatenby23
aabeatenby23 collected $2 from pot
aabeatenby23: doesn't show hand
*** SUMMARY ***
Total pot $2 | Rake $0
Seat 5: aabeatenby23 (big blind) collected ($2)
Seat 7: brokentoooth (button) (small blind) folded before Flop


PokerStars Hand #174515229038:  Hold'em Limit ($3/$6 USD) - 2017/08/19 1:37:07 ET
Table 'Kreusa II' 10-max Seat #5 is the button
Seat 5: aabeatenby23 ($152.28 in chips)
Seat 7: brokentoooth ($79.47 in chips)
aabeatenby23: posts small blind $1
brokentoooth: posts big blind $3
*** HOLE CARDS ***
aabeatenby23: folds
Uncalled bet ($2) returned to brokentoooth
brokentoooth collected $2 from pot
brokentoooth: doesn't show hand
*** SUMMARY ***
Total pot $2 | Rake $0
Seat 5: aabeatenby23 (button) (small blind) folded before Flop
Seat 7: brokentoooth (big blind) collected ($2)


PokerStars Hand #174515232189:  Hold'em Limit ($3/$6 USD) - 2017/08/19 1:37:19 ET
Table 'Kreusa II' 10-max Seat #5 is the button
Seat 5: aabeatenby23 ($152.28 in chips)
Seat 7: brokentoooth ($79.47 in chips)
aabeatenby23: posts small blind $1
brokentoooth: posts big blind $3
*** HOLE CARDS ***
aabeatenby23: raises $3 to $6
brokentoooth: calls $3
*** FLOP *** [5h Th Js]
brokentoooth: checks
aabeatenby23: bets $3
brokentoooth: calls $3
*** TURN *** [5h Th Js] [Qd]
brokentoooth: checks
aabeatenby23: bets $6
brokentoooth: calls $6
*** RIVER *** [5h Th Js Qd] [Jc]
brokentoooth: checks
aabeatenby23: checks
*** SHOW DOWN ***
brokentoooth: shows [4s Kd] (a pair of Jacks)
aabeatenby23: shows [5d 7s] (two pair, Jacks and Fives)
aabeatenby23 collected $29.50 from pot
*** SUMMARY ***
Total pot $30 | Rake $0.50
Board [5h Th Js Qd Jc]
Seat 5: aabeatenby23 (button) (small blind) showed [5d 7s] and won ($29.50) with two pair, Jacks and Fives
Seat 7: brokentoooth (big blind) showed [4s Kd] and lost with a pair of Jacks


PokerStars Hand #174515241787:  Hold'em Limit ($3/$6 USD) - 2017/08/19 1:37:56 ET
Table 'Kreusa II' 10-max Seat #7 is the button
Seat 5: aabeatenby23 ($162.78 in chips)
Seat 7: brokentoooth ($68.35 in chips)
brokentoooth: posts small blind $1
aabeatenby23: posts big blind $3
*** HOLE CARDS ***
brokentoooth: calls $2
aabeatenby23: raises $3 to $6
brokentoooth: calls $3
*** FLOP *** [4d 8s 7c]
aabeatenby23: bets $3
brokentoooth: raises $3 to $6
aabeatenby23: raises $3 to $9
MeWithMyself joins the table at seat #8
brokentoooth: calls $3
*** TURN *** [4d 8s 7c] [5h]
aabeatenby23: bets $6
brokentoooth: raises $6 to $12
aabeatenby23: calls $6
*** RIVER *** [4d 8s 7c 5h] [Jh]
aabeatenby23: checks
brokentoooth: bets $6
aabeatenby23: calls $6
*** SHOW DOWN ***
brokentoooth: shows [6s Ts] (a straight, Four to Eight)
aabeatenby23: mucks hand
brokentoooth collected $65.50 from pot
*** SUMMARY ***
Total pot $66 | Rake $0.50
Board [4d 8s 7c 5h Jh]
Seat 5: aabeatenby23 (big blind) mucked
Seat 7: brokentoooth (button) (small blind) showed [6s Ts] and won ($65.50) with a straight, Four to Eight


PokerStars Hand #174515239756:  Hold'em Limit ($3/$6 USD) - 2017/08/19 1:37:48 ET
Table 'Kreusa II' 10-max Seat #5 is the button
Seat 5: aabeatenby23 ($163.78 in chips)
Seat 7: brokentoooth ($67.35 in chips)
aabeatenby23: posts small blind $1
brokentoooth: posts big blind $3
*** HOLE CARDS ***
aabeatenby23: folds
Uncalled bet ($2) returned to brokentoooth
brokentoooth collected $2 from pot
brokentoooth: doesn't show hand
*** SUMMARY ***
Total pot $2 | Rake $0
Seat 5: aabeatenby23 (button) (small blind) folded before Flop
Seat 7: brokentoooth (big blind) collected ($2)


PokerStars Hand #174515248188:  Hold'em Limit ($3/$6 USD) - 2017/08/19 1:38:20 ET
Table 'Kreusa II' 10-max Seat #5 is the button
Seat 5: aabeatenby23 ($129.78 in chips)
Seat 7: brokentoooth ($100.85 in chips)
aabeatenby23: posts small blind $1
brokentoooth: posts big blind $3
*** HOLE CARDS ***
aabeatenby23: raises $3 to $6
brokentoooth: calls $3
*** FLOP *** [Td 4c Jd]
brokentoooth: checks
aabeatenby23: checks
*** TURN *** [Td 4c Jd] [Jc]
brokentoooth: checks
aabeatenby23: checks
*** RIVER *** [Td 4c Jd Jc] [3c]
brokentoooth: bets $6
aabeatenby23: folds
Uncalled bet ($6) returned to brokentoooth
brokentoooth collected $11.76 from pot
brokentoooth: doesn't show hand
*** SUMMARY ***
Total pot $12 | Rake $0.24
Board [Td 4c Jd Jc 3c]
Seat 5: aabeatenby23 (button) (small blind) folded on the River
Seat 7: brokentoooth (big blind) collected ($11.76)


PokerStars Hand #174515291357:  Hold'em Limit ($3/$6 USD) - 2017/08/19 1:41:07 ET
Table 'Kreusa II' 10-max Seat #8 is the button
Seat 7: brokentoooth ($94.14 in chips)
Seat 8: MeWithMyself ($132 in chips)
MeWithMyself: posts small blind $1
brokentoooth: posts big blind $3
*** HOLE CARDS ***
MeWithMyself: raises $3 to $6
brokentoooth: calls $3
*** FLOP *** [4s Qs 9d]
brokentoooth: checks
MeWithMyself: bets $3
brokentoooth: calls $3
*** TURN *** [4s Qs 9d] [9s]
brokentoooth: checks
MeWithMyself: bets $6
brokentoooth: calls $6
*** RIVER *** [4s Qs 9d 9s] [Ts]
brokentoooth: checks
alexandriaz1 joins the table at seat #5
MeWithMyself: bets $6
brokentoooth: calls $6
*** SHOW DOWN ***
MeWithMyself: shows [Tc Js] (a flush, Queen high)
brokentoooth: mucks hand
MeWithMyself collected $41.50 from pot
*** SUMMARY ***
Total pot $42 | Rake $0.50
Board [4s Qs 9d 9s Ts]
Seat 7: brokentoooth (big blind) mucked
Seat 8: MeWithMyself (button) (small blind) showed [Tc Js] and won ($41.50) with a flush, Queen high


PokerStars Hand #174515285996:  Hold'em Limit ($3/$6 USD) - 2017/08/19 1:40:47 ET
Table 'Kreusa II' 10-max Seat #7 is the button
Seat 7: brokentoooth ($91.26 in chips)
Seat 8: MeWithMyself ($135 in chips)
brokentoooth: posts small blind $1
MeWithMyself: posts big blind $3
*** HOLE CARDS ***
brokentoooth: calls $2
MeWithMyself: checks
*** FLOP *** [8h Td Ts]
MeWithMyself: checks
brokentoooth: bets $3
MeWithMyself: folds
Uncalled bet ($3) returned to brokentoooth
brokentoooth collected $5.88 from pot
brokentoooth: doesn't show hand
*** SUMMARY ***
Total pot $6 | Rake $0.12
Board [8h Td Ts]
Seat 7: brokentoooth (button) (small blind) collected ($5.88)
Seat 8: MeWithMyself (big blind) folded on the Flop


PokerStars Hand #174515297458:  Hold'em Limit ($3/$6 USD) - 2017/08/19 1:41:31 ET
Table 'Kreusa II' 10-max Seat #7 is the button
Seat 7: brokentoooth ($73.14 in chips)
Seat 8: MeWithMyself ($152.50 in chips)
brokentoooth: posts small blind $1
MeWithMyself: posts big blind $3
*** HOLE CARDS ***
brokentoooth: raises $3 to $6
MeWithMyself: raises $3 to $9
brokentoooth: calls $3
*** FLOP *** [8c 3s Jc]
MeWithMyself: bets $3
brokentoooth: calls $3
*** TURN *** [8c 3s Jc] [Js]
MeWithMyself: bets $6
brokentoooth: calls $6
*** RIVER *** [8c 3s Jc Js] [9d]
MeWithMyself: bets $6
brokentoooth: calls $6
*** SHOW DOWN ***
MeWithMyself: shows [4s 4c] (two pair, Jacks and Fours)
brokentoooth: mucks hand
MeWithMyself collected $47.50 from pot
*** SUMMARY ***
Total pot $48 | Rake $0.50
Board [8c 3s Jc Js 9d]
Seat 7: brokentoooth (button) (small blind) mucked
Seat 8: MeWithMyself (big blind) showed [4s 4c] and won ($47.50) with two pair, Jacks and Fours


PokerStars Hand #174515327067:  Hold'em Limit ($3/$6 USD) - 2017/08/19 1:43:26 ET
Table 'Kreusa II' 10-max Seat #8 is the button
Seat 7: brokentoooth ($43.88 in chips)
Seat 8: MeWithMyself ($153 in chips)
MeWithMyself: posts small blind $1
brokentoooth: posts big blind $3
*** HOLE CARDS ***
MeWithMyself: folds
Uncalled bet ($2) returned to brokentoooth
brokentoooth collected $2 from pot
brokentoooth: doesn't show hand
*** SUMMARY ***
Total pot $2 | Rake $0
Seat 7: brokentoooth (big blind) collected ($2)
Seat 8: MeWithMyself (button) (small blind) folded before Flop


