PokerStars Hand #160006365274:  Hold'em Limit ($3/$6 USD) - 2016/10/16 9:00:38 ET
Table 'Kreusa' 6-max Seat #4 is the button
Seat 3: cheeestar198 ($13.50 in chips)
Seat 4: Agrotait ($92.50 in chips)
Agrotait: posts small blind $1
cheeestar198: posts big blind $3
*** HOLE CARDS ***
Agrotait: raises $3 to $6
cheeestar198: calls $3
*** FLOP *** [Ac 5h 6s]
cheeestar198: bets $3
Agrotait: folds
Uncalled bet ($3) returned to cheeestar198
cheeestar198 collected $11.76 from pot
cheeestar198: doesn't show hand
*** SUMMARY ***
Total pot $12 | Rake $0.24
Board [Ac 5h 6s]
Seat 3: cheeestar198 (big blind) collected ($11.76)
Seat 4: Agrotait (button) (small blind) folded on the Flop


PokerStars Hand #160006320341:  Hold'em Limit ($3/$6 USD) - 2016/10/16 8:59:11 ET
Table 'Kreusa' 6-max Seat #3 is the button
Seat 3: cheeestar198 ($34.50 in chips)
Seat 4: Agrotait ($72 in chips)
cheeestar198: posts small blind $1
Agrotait: posts big blind $3
*** HOLE CARDS ***
cheeestar198: calls $2
Agrotait: raises $3 to $6
cheeestar198: calls $3
*** FLOP *** [5h 4h 7s]
Agrotait: bets $3
cheeestar198: calls $3
*** TURN *** [5h 4h 7s] [Jd]
Agrotait: checks
cheeestar198: bets $6
Agrotait: calls $6
*** RIVER *** [5h 4h 7s Jd] [3d]
Agrotait: checks
cheeestar198: bets $6
Agrotait: calls $6
*** SHOW DOWN ***
cheeestar198: shows [Tc 9d] (high card Jack)
Agrotait: shows [Qc Ah] (high card Ace)
Agrotait collected $41.50 from pot
*** SUMMARY ***
Total pot $42 | Rake $0.50
Board [5h 4h 7s Jd 3d]
Seat 3: cheeestar198 (button) (small blind) showed [Tc 9d] and lost with high card Jack
Seat 4: Agrotait (big blind) showed [Qc Ah] and won ($41.50) with high card Ace


PokerStars Hand #160006374214:  Hold'em Limit ($3/$6 USD) - 2016/10/16 9:00:54 ET
Table 'Kreusa' 6-max Seat #3 is the button
Seat 3: cheeestar198 ($19.26 in chips)
Seat 4: Agrotait ($86.50 in chips)
cheeestar198: posts small blind $1
Agrotait: posts big blind $3
*** HOLE CARDS ***
cheeestar198: raises $3 to $6
Agrotait: raises $3 to $9
cheeestar198: calls $3
*** FLOP *** [7s 9h Ad]
Agrotait: bets $3
cheeestar198: calls $3
*** TURN *** [7s 9h Ad] [Qc]
Agrotait: bets $6
cheeestar198: raises $1.26 to $7.26 and is all-in
Agrotait: calls $1.26
*** RIVER *** [7s 9h Ad Qc] [8h]
*** SHOW DOWN ***
Agrotait: shows [Ac 7h] (two pair, Aces and Sevens)
cheeestar198: shows [Ts Js] (a straight, Eight to Queen)
cheeestar198 collected $38.02 from pot
*** SUMMARY ***
Total pot $38.52 | Rake $0.50
Board [7s 9h Ad Qc 8h]
Seat 3: cheeestar198 (button) (small blind) showed [Ts Js] and won ($38.02) with a straight, Eight to Queen
Seat 4: Agrotait (big blind) showed [Ac 7h] and lost with two pair, Aces and Sevens


PokerStars Hand #160006401648:  Hold'em Limit ($3/$6 USD) - 2016/10/16 9:01:42 ET
Table 'Kreusa' 6-max Seat #4 is the button
Seat 3: cheeestar198 ($38.02 in chips)
Seat 4: Agrotait ($67.24 in chips)
Agrotait: posts small blind $1
cheeestar198: posts big blind $3
*** HOLE CARDS ***
Agrotait: raises $3 to $6
cheeestar198: calls $3
*** FLOP *** [Ad 7c 8c]
cheeestar198: checks
Agrotait: bets $3
cheeestar198: folds
Uncalled bet ($3) returned to Agrotait
Agrotait collected $11.76 from pot
Agrotait: doesn't show hand
*** SUMMARY ***
Total pot $12 | Rake $0.24
Board [Ad 7c 8c]
Seat 3: cheeestar198 (big blind) folded on the Flop
Seat 4: Agrotait (button) (small blind) collected ($11.76)


