PokerStars Hand #175930533150:  Hold'em Limit ($3/$6 USD) - 2017/09/21 10:21:02 ET
Table 'Kreusa' 6-max Seat #5 is the button
Seat 3: picsel37 ($90.49 in chips)
Seat 5: sadamilli ($184.89 in chips)
sadamilli: posts small blind $1
picsel37: posts big blind $3
*** HOLE CARDS ***
sadamilli: raises $3 to $6
picsel37: folds
Uncalled bet ($3) returned to sadamilli
sadamilli collected $6 from pot
sadamilli: doesn't show hand
*** SUMMARY ***
Total pot $6 | Rake $0
Seat 3: picsel37 (big blind) folded before Flop
Seat 5: sadamilli (button) (small blind) collected ($6)


PokerStars Hand #175930528960:  Hold'em Limit ($3/$6 USD) - 2017/09/21 10:20:54 ET
Table 'Kreusa' 6-max Seat #3 is the button
Seat 3: picsel37 ($87.49 in chips)
Seat 5: sadamilli ($187.89 in chips)
picsel37: posts small blind $1
sadamilli: posts big blind $3
*** HOLE CARDS ***
picsel37: raises $3 to $6
sadamilli: folds
Uncalled bet ($3) returned to picsel37
picsel37 collected $6 from pot
*** SUMMARY ***
Total pot $6 | Rake $0
Seat 3: picsel37 (button) (small blind) collected ($6)
Seat 5: sadamilli (big blind) folded before Flop


PokerStars Hand #175930520950:  Hold'em Limit ($3/$6 USD) - 2017/09/21 10:20:39 ET
Table 'Kreusa' 6-max Seat #5 is the button
Seat 3: picsel37 ($93.49 in chips)
Seat 5: sadamilli ($182.13 in chips)
sadamilli: posts small blind $1
picsel37: posts big blind $3
*** HOLE CARDS ***
sadamilli: raises $3 to $6
picsel37: calls $3
*** FLOP *** [4d Jd Tc]
picsel37: checks
sadamilli: bets $3
picsel37: folds
Uncalled bet ($3) returned to sadamilli
sadamilli collected $11.76 from pot
sadamilli: doesn't show hand
*** SUMMARY ***
Total pot $12 | Rake $0.24
Board [4d Jd Tc]
Seat 3: picsel37 (big blind) folded on the Flop
Seat 5: sadamilli (button) (small blind) collected ($11.76)


PokerStars Hand #175930516922:  Hold'em Limit ($3/$6 USD) - 2017/09/21 10:20:32 ET
Table 'Kreusa' 6-max Seat #3 is the button
Seat 3: picsel37 ($90.49 in chips)
Seat 5: sadamilli ($185.13 in chips)
picsel37: posts small blind $1
sadamilli: posts big blind $3
*** HOLE CARDS ***
picsel37: raises $3 to $6
sadamilli: folds
Uncalled bet ($3) returned to picsel37
picsel37 collected $6 from pot
*** SUMMARY ***
Total pot $6 | Rake $0
Seat 3: picsel37 (button) (small blind) collected ($6)
Seat 5: sadamilli (big blind) folded before Flop


PokerStars Hand #175930536372:  Hold'em Limit ($3/$6 USD) - 2017/09/21 10:21:08 ET
Table 'Kreusa' 6-max Seat #3 is the button
Seat 3: picsel37 ($87.49 in chips)
Seat 5: sadamilli ($187.89 in chips)
picsel37: posts small blind $1
sadamilli: posts big blind $3
*** HOLE CARDS ***
picsel37: raises $3 to $6
sadamilli: folds
Uncalled bet ($3) returned to picsel37
picsel37 collected $6 from pot
*** SUMMARY ***
Total pot $6 | Rake $0
Seat 3: picsel37 (button) (small blind) collected ($6)
Seat 5: sadamilli (big blind) folded before Flop


PokerStars Hand #175930499533:  Hold'em Limit ($3/$6 USD) - 2017/09/21 10:20:00 ET
Table 'Kreusa' 6-max Seat #5 is the button
Seat 3: picsel37 ($75.99 in chips)
Seat 5: sadamilli ($200.13 in chips)
sadamilli: posts small blind $1
picsel37: posts big blind $3
*** HOLE CARDS ***
sadamilli: raises $3 to $6
picsel37: calls $3
*** FLOP *** [7d 9c As]
picsel37: bets $3
sadamilli: calls $3
*** TURN *** [7d 9c As] [9h]
picsel37: bets $6
sadamilli: calls $6
*** RIVER *** [7d 9c As 9h] [Kc]
picsel37: bets $6
sadamilli: folds
Uncalled bet ($6) returned to picsel37
picsel37 collected $29.50 from pot
*** SUMMARY ***
Total pot $30 | Rake $0.50
Board [7d 9c As 9h Kc]
Seat 3: picsel37 (big blind) collected ($29.50)
Seat 5: sadamilli (button) (small blind) folded on the River


PokerStars Hand #175930540155:  Hold'em Limit ($3/$6 USD) - 2017/09/21 10:21:15 ET
Table 'Kreusa' 6-max Seat #5 is the button
Seat 3: picsel37 ($90.49 in chips)
Seat 5: sadamilli ($184.89 in chips)
sadamilli: posts small blind $1
picsel37: posts big blind $3
*** HOLE CARDS ***
sadamilli: raises $3 to $6
picsel37: calls $3
*** FLOP *** [Qs 8s 7c]
picsel37: checks
sadamilli: bets $3
picsel37: calls $3
*** TURN *** [Qs 8s 7c] [Kc]
picsel37: checks
sadamilli: checks
*** RIVER *** [Qs 8s 7c Kc] [Ad]
picsel37: checks
sadamilli: checks
*** SHOW DOWN ***
picsel37: shows [Kh Tc] (a pair of Kings)
sadamilli: mucks hand
picsel37 collected $17.64 from pot
*** SUMMARY ***
Total pot $18 | Rake $0.36
Board [Qs 8s 7c Kc Ad]
Seat 3: picsel37 (big blind) showed [Kh Tc] and won ($17.64) with a pair of Kings
Seat 5: sadamilli (button) (small blind) mucked


PokerStars Hand #175930566908:  Hold'em Limit ($3/$6 USD) - 2017/09/21 10:22:04 ET
Table 'Kreusa' 6-max Seat #5 is the button
Seat 3: picsel37 ($122.63 in chips)
Seat 5: sadamilli ($151.89 in chips)
sadamilli: posts small blind $1
picsel37: posts big blind $3
*** HOLE CARDS ***
sadamilli: raises $3 to $6
picsel37: calls $3
*** FLOP *** [7d 4h Th]
picsel37: checks
sadamilli: bets $3
picsel37: calls $3
*** TURN *** [7d 4h Th] [8s]
picsel37: checks
sadamilli: checks
*** RIVER *** [7d 4h Th 8s] [Jd]
picsel37: bets $6
sadamilli: raises $6 to $12
picsel37: folds
Uncalled bet ($6) returned to sadamilli
sadamilli collected $29.50 from pot
sadamilli: doesn't show hand
*** SUMMARY ***
Total pot $30 | Rake $0.50
Board [7d 4h Th 8s Jd]
Seat 3: picsel37 (big blind) folded on the River
Seat 5: sadamilli (button) (small blind) collected ($29.50)


PokerStars Hand #175930594982:  Hold'em Limit ($3/$6 USD) - 2017/09/21 10:22:56 ET
Table 'Kreusa' 6-max Seat #3 is the button
Seat 3: picsel37 ($107.63 in chips)
Seat 5: sadamilli ($166.39 in chips)
picsel37: posts small blind $1
sadamilli: posts big blind $3
*** HOLE CARDS ***
picsel37: raises $3 to $6
sadamilli: calls $3
*** FLOP *** [Jc Qd 9h]
sadamilli: checks
picsel37: bets $3
sadamilli: calls $3
*** TURN *** [Jc Qd 9h] [3h]
sadamilli: checks
picsel37: bets $6
sadamilli: calls $6
*** RIVER *** [Jc Qd 9h 3h] [3d]
sadamilli: checks
picsel37: bets $6
sadamilli: folds
Uncalled bet ($6) returned to picsel37
picsel37 collected $29.50 from pot
*** SUMMARY ***
Total pot $30 | Rake $0.50
Board [Jc Qd 9h 3h 3d]
Seat 3: picsel37 (button) (small blind) collected ($29.50)
Seat 5: sadamilli (big blind) folded on the River


PokerStars Hand #175930615157:  Hold'em Limit ($3/$6 USD) - 2017/09/21 10:23:33 ET
Table 'Kreusa' 6-max Seat #3 is the button
Seat 3: picsel37 ($136.63 in chips)
Seat 5: sadamilli ($136.39 in chips)
picsel37: posts small blind $1
sadamilli: posts big blind $3
*** HOLE CARDS ***
picsel37: folds
Uncalled bet ($2) returned to sadamilli
sadamilli collected $2 from pot
sadamilli: doesn't show hand
*** SUMMARY ***
Total pot $2 | Rake $0
Seat 3: picsel37 (button) (small blind) folded before Flop
Seat 5: sadamilli (big blind) collected ($2)


PokerStars Hand #175930606786:  Hold'em Limit ($3/$6 USD) - 2017/09/21 10:23:18 ET
Table 'Kreusa' 6-max Seat #5 is the button
Seat 3: picsel37 ($122.13 in chips)
Seat 5: sadamilli ($151.39 in chips)
sadamilli: posts small blind $1
picsel37: posts big blind $3
*** HOLE CARDS ***
sadamilli: raises $3 to $6
picsel37: calls $3
*** FLOP *** [Qc Ac 5h]
picsel37: checks
sadamilli: bets $3
picsel37: calls $3
*** TURN *** [Qc Ac 5h] [Ah]
picsel37: checks
sadamilli: bets $6
picsel37: calls $6
*** RIVER *** [Qc Ac 5h Ah] [2d]
picsel37: checks
sadamilli: checks
*** SHOW DOWN ***
picsel37: shows [7h Qd] (two pair, Aces and Queens)
sadamilli: mucks hand
picsel37 collected $29.50 from pot
*** SUMMARY ***
Total pot $30 | Rake $0.50
Board [Qc Ac 5h Ah 2d]
Seat 3: picsel37 (big blind) showed [7h Qd] and won ($29.50) with two pair, Aces and Queens
Seat 5: sadamilli (button) (small blind) mucked


PokerStars Hand #175930617773:  Hold'em Limit ($3/$6 USD) - 2017/09/21 10:23:38 ET
Table 'Kreusa' 6-max Seat #5 is the button
Seat 3: picsel37 ($135.63 in chips)
Seat 5: sadamilli ($137.39 in chips)
sadamilli: posts small blind $1
picsel37: posts big blind $3
*** HOLE CARDS ***
sadamilli: raises $3 to $6
picsel37: calls $3
*** FLOP *** [7s 9c 3s]
picsel37: checks
sadamilli: bets $3
picsel37: folds
Uncalled bet ($3) returned to sadamilli
sadamilli collected $11.76 from pot
sadamilli: doesn't show hand
*** SUMMARY ***
Total pot $12 | Rake $0.24
Board [7s 9c 3s]
Seat 3: picsel37 (big blind) folded on the Flop
Seat 5: sadamilli (button) (small blind) collected ($11.76)


PokerStars Hand #175930647765:  Hold'em Limit ($3/$6 USD) - 2017/09/21 10:24:33 ET
Table 'Kreusa' 6-max Seat #3 is the button
Seat 3: picsel37 ($120.63 in chips)
Seat 5: sadamilli ($151.91 in chips)
picsel37: posts small blind $1
sadamilli: posts big blind $3
*** HOLE CARDS ***
picsel37: folds
Uncalled bet ($2) returned to sadamilli
sadamilli collected $2 from pot
sadamilli: doesn't show hand
*** SUMMARY ***
Total pot $2 | Rake $0
Seat 3: picsel37 (button) (small blind) folded before Flop
Seat 5: sadamilli (big blind) collected ($2)


PokerStars Hand #175930659404:  Hold'em Limit ($3/$6 USD) - 2017/09/21 10:24:55 ET
Table 'Kreusa' 6-max Seat #5 is the button
Seat 3: picsel37 ($123.63 in chips)
Seat 5: sadamilli ($148.91 in chips)
sadamilli: posts small blind $1
picsel37: posts big blind $3
*** HOLE CARDS ***
sadamilli: folds
Uncalled bet ($2) returned to picsel37
picsel37 collected $2 from pot
*** SUMMARY ***
Total pot $2 | Rake $0
Seat 3: picsel37 (big blind) collected ($2)
Seat 5: sadamilli (button) (small blind) folded before Flop


PokerStars Hand #175930653921:  Hold'em Limit ($3/$6 USD) - 2017/09/21 10:24:45 ET
Table 'Kreusa' 6-max Seat #3 is the button
Seat 3: picsel37 ($120.63 in chips)
Seat 5: sadamilli ($151.91 in chips)
picsel37: posts small blind $1
sadamilli: posts big blind $3
*** HOLE CARDS ***
picsel37: raises $3 to $6
sadamilli: folds
Uncalled bet ($3) returned to picsel37
picsel37 collected $6 from pot
*** SUMMARY ***
Total pot $6 | Rake $0
Seat 3: picsel37 (button) (small blind) collected ($6)
Seat 5: sadamilli (big blind) folded before Flop


PokerStars Hand #175930662229:  Hold'em Limit ($3/$6 USD) - 2017/09/21 10:25:00 ET
Table 'Kreusa' 6-max Seat #3 is the button
Seat 3: picsel37 ($124.63 in chips)
Seat 5: sadamilli ($147.91 in chips)
picsel37: posts small blind $1
sadamilli: posts big blind $3
*** HOLE CARDS ***
picsel37: raises $3 to $6
sadamilli: raises $3 to $9
picsel37: calls $3
*** FLOP *** [Jc Qd Kc]
sadamilli: bets $3
picsel37: calls $3
*** TURN *** [Jc Qd Kc] [2d]
sadamilli: checks
picsel37: bets $6
sadamilli: calls $6
*** RIVER *** [Jc Qd Kc 2d] [Qh]
sadamilli: checks
picsel37: bets $6
sadamilli: folds
Uncalled bet ($6) returned to picsel37
picsel37 collected $35.50 from pot
*** SUMMARY ***
Total pot $36 | Rake $0.50
Board [Jc Qd Kc 2d Qh]
Seat 3: picsel37 (button) (small blind) collected ($35.50)
Seat 5: sadamilli (big blind) folded on the River


PokerStars Hand #175930650558:  Hold'em Limit ($3/$6 USD) - 2017/09/21 10:24:38 ET
Table 'Kreusa' 6-max Seat #5 is the button
Seat 3: picsel37 ($119.63 in chips)
Seat 5: sadamilli ($152.91 in chips)
sadamilli: posts small blind $1
picsel37: posts big blind $3
*** HOLE CARDS ***
sadamilli: folds
Uncalled bet ($2) returned to picsel37
picsel37 collected $2 from pot
*** SUMMARY ***
Total pot $2 | Rake $0
Seat 3: picsel37 (big blind) collected ($2)
Seat 5: sadamilli (button) (small blind) folded before Flop


PokerStars Hand #175930644100:  Hold'em Limit ($3/$6 USD) - 2017/09/21 10:24:26 ET
Table 'Kreusa' 6-max Seat #5 is the button
Seat 3: picsel37 ($123.63 in chips)
Seat 5: sadamilli ($148.91 in chips)
sadamilli: posts small blind $1
picsel37: posts big blind $3
*** HOLE CARDS ***
sadamilli: raises $3 to $6
picsel37: folds
Uncalled bet ($3) returned to sadamilli
sadamilli collected $6 from pot
sadamilli: doesn't show hand
*** SUMMARY ***
Total pot $6 | Rake $0
Seat 3: picsel37 (big blind) folded before Flop
Seat 5: sadamilli (button) (small blind) collected ($6)


PokerStars Hand #175930626573:  Hold'em Limit ($3/$6 USD) - 2017/09/21 10:23:54 ET
Table 'Kreusa' 6-max Seat #3 is the button
Seat 3: picsel37 ($129.63 in chips)
Seat 5: sadamilli ($143.15 in chips)
picsel37: posts small blind $1
sadamilli: posts big blind $3
*** HOLE CARDS ***
picsel37: calls $2
sadamilli: raises $3 to $6
picsel37: calls $3
*** FLOP *** [Ah Td 6h]
sadamilli: bets $3
picsel37: folds
Uncalled bet ($3) returned to sadamilli
sadamilli collected $11.76 from pot
sadamilli: doesn't show hand
*** SUMMARY ***
Total pot $12 | Rake $0.24
Board [Ah Td 6h]
Seat 3: picsel37 (button) (small blind) folded on the Flop
Seat 5: sadamilli (big blind) collected ($11.76)


PokerStars Hand #175930689748:  Hold'em Limit ($3/$6 USD) - 2017/09/21 10:25:50 ET
Table 'Kreusa' 6-max Seat #5 is the button
Seat 3: picsel37 ($159.63 in chips)
Seat 5: sadamilli ($111.67 in chips)
sadamilli: posts small blind $1
picsel37: posts big blind $3
*** HOLE CARDS ***
sadamilli: raises $3 to $6
picsel37: folds
Uncalled bet ($3) returned to sadamilli
sadamilli collected $6 from pot
sadamilli: doesn't show hand
*** SUMMARY ***
Total pot $6 | Rake $0
Seat 3: picsel37 (big blind) folded before Flop
Seat 5: sadamilli (button) (small blind) collected ($6)


PokerStars Hand #175930693904:  Hold'em Limit ($3/$6 USD) - 2017/09/21 10:25:57 ET
Table 'Kreusa' 6-max Seat #3 is the button
Seat 3: picsel37 ($156.63 in chips)
Seat 5: sadamilli ($114.67 in chips)
picsel37: posts small blind $1
sadamilli: posts big blind $3
*** HOLE CARDS ***
picsel37: raises $3 to $6
sadamilli: raises $3 to $9
picsel37: calls $3
*** FLOP *** [3s 2h 4s]
sadamilli: checks
picsel37: bets $3
sadamilli: calls $3
*** TURN *** [3s 2h 4s] [8d]
sadamilli: checks
picsel37: bets $6
sadamilli: calls $6
*** RIVER *** [3s 2h 4s 8d] [Ks]
sadamilli: checks
picsel37: checks
*** SHOW DOWN ***
sadamilli: shows [9d Qc] (high card King)
picsel37: shows [2c Ah] (a pair of Deuces)
picsel37 collected $35.50 from pot
*** SUMMARY ***
Total pot $36 | Rake $0.50
Board [3s 2h 4s 8d Ks]
Seat 3: picsel37 (button) (small blind) showed [2c Ah] and won ($35.50) with a pair of Deuces
Seat 5: sadamilli (big blind) showed [9d Qc] and lost with high card King


PokerStars Hand #175930679742:  Hold'em Limit ($3/$6 USD) - 2017/09/21 10:25:32 ET
Table 'Kreusa' 6-max Seat #3 is the button
Seat 3: picsel37 ($136.13 in chips)
Seat 5: sadamilli ($135.67 in chips)
picsel37: posts small blind $1
sadamilli: posts big blind $3
*** HOLE CARDS ***
picsel37: raises $3 to $6
sadamilli: raises $3 to $9
picsel37: calls $3
*** FLOP *** [3s Kc Ad]
sadamilli: bets $3
picsel37: calls $3
*** TURN *** [3s Kc Ad] [8d]
sadamilli: bets $6
picsel37: calls $6
*** RIVER *** [3s Kc Ad 8d] [Jc]
sadamilli: checks
picsel37: bets $6
sadamilli: calls $6
*** SHOW DOWN ***
picsel37: shows [5c Ac] (a pair of Aces)
sadamilli: mucks hand
picsel37 collected $47.50 from pot
*** SUMMARY ***
Total pot $48 | Rake $0.50
Board [3s Kc Ad 8d Jc]
Seat 3: picsel37 (button) (small blind) showed [5c Ac] and won ($47.50) with a pair of Aces
Seat 5: sadamilli (big blind) mucked


PokerStars Hand #175930672341:  Hold'em Limit ($3/$6 USD) - 2017/09/21 10:25:18 ET
Table 'Kreusa' 6-max Seat #5 is the button
Seat 3: picsel37 ($142.13 in chips)
Seat 5: sadamilli ($129.91 in chips)
sadamilli: posts small blind $1
picsel37: posts big blind $3
*** HOLE CARDS ***
sadamilli: raises $3 to $6
picsel37: calls $3
*** FLOP *** [6c 9c Ts]
picsel37: checks
sadamilli: checks
*** TURN *** [6c 9c Ts] [8s]
picsel37: checks
sadamilli: bets $6
picsel37: folds
Uncalled bet ($6) returned to sadamilli
sadamilli collected $11.76 from pot
sadamilli: doesn't show hand
*** SUMMARY ***
Total pot $12 | Rake $0.24
Board [6c 9c Ts 8s]
Seat 3: picsel37 (big blind) folded on the Turn
Seat 5: sadamilli (button) (small blind) collected ($11.76)


PokerStars Hand #175930734607:  Hold'em Limit ($3/$6 USD) - 2017/09/21 10:27:12 ET
Table 'Kreusa' 6-max Seat #5 is the button
Seat 3: picsel37 ($159.13 in chips)
Seat 5: sadamilli ($110.83 in chips)
sadamilli: posts small blind $1
picsel37: posts big blind $3
*** HOLE CARDS ***
sadamilli: folds
Uncalled bet ($2) returned to picsel37
picsel37 collected $2 from pot
*** SUMMARY ***
Total pot $2 | Rake $0
Seat 3: picsel37 (big blind) collected ($2)
Seat 5: sadamilli (button) (small blind) folded before Flop


PokerStars Hand #175930731018:  Hold'em Limit ($3/$6 USD) - 2017/09/21 10:27:06 ET
Table 'Kreusa' 6-max Seat #3 is the button
Seat 3: picsel37 ($156.13 in chips)
Seat 5: sadamilli ($113.83 in chips)
picsel37: posts small blind $1
sadamilli: posts big blind $3
*** HOLE CARDS ***
picsel37: raises $3 to $6
sadamilli: folds
Uncalled bet ($3) returned to picsel37
picsel37 collected $6 from pot
*** SUMMARY ***
Total pot $6 | Rake $0
Seat 3: picsel37 (button) (small blind) collected ($6)
Seat 5: sadamilli (big blind) folded before Flop


PokerStars Hand #175930722643:  Hold'em Limit ($3/$6 USD) - 2017/09/21 10:26:50 ET
Table 'Kreusa' 6-max Seat #5 is the button
Seat 3: picsel37 ($168.13 in chips)
Seat 5: sadamilli ($102.31 in chips)
sadamilli: posts small blind $1
picsel37: posts big blind $3
*** HOLE CARDS ***
sadamilli: raises $3 to $6
picsel37: calls $3
*** FLOP *** [Ks 7c 6c]
picsel37: checks
sadamilli: bets $3
picsel37: raises $3 to $6
sadamilli: raises $3 to $9
picsel37: folds
Uncalled bet ($3) returned to sadamilli
sadamilli collected $23.52 from pot
sadamilli: doesn't show hand
*** SUMMARY ***
Total pot $24 | Rake $0.48
Board [Ks 7c 6c]
Seat 3: picsel37 (big blind) folded on the Flop
Seat 5: sadamilli (button) (small blind) collected ($23.52)


PokerStars Hand #175930705503:  Hold'em Limit ($3/$6 USD) - 2017/09/21 10:26:19 ET
Table 'Kreusa' 6-max Seat #5 is the button
Seat 3: picsel37 ($174.13 in chips)
Seat 5: sadamilli ($96.67 in chips)
sadamilli: posts small blind $1
picsel37: posts big blind $3
*** HOLE CARDS ***
sadamilli: raises $3 to $6
picsel37: calls $3
*** FLOP *** [5h 7d 7h]
picsel37: checks
sadamilli: bets $3
picsel37: calls $3
*** TURN *** [5h 7d 7h] [9c]
picsel37: checks
sadamilli: bets $6
picsel37: folds
Uncalled bet ($6) returned to sadamilli
sadamilli collected $17.64 from pot
sadamilli: doesn't show hand
*** SUMMARY ***
Total pot $18 | Rake $0.36
Board [5h 7d 7h 9c]
Seat 3: picsel37 (big blind) folded on the Turn
Seat 5: sadamilli (button) (small blind) collected ($17.64)


PokerStars Hand #175930711442:  Hold'em Limit ($3/$6 USD) - 2017/09/21 10:26:30 ET
Table 'Kreusa' 6-max Seat #3 is the button
Seat 3: picsel37 ($165.13 in chips)
Seat 5: sadamilli ($105.31 in chips)
picsel37: posts small blind $1
sadamilli: posts big blind $3
*** HOLE CARDS ***
picsel37: raises $3 to $6
sadamilli: folds
Uncalled bet ($3) returned to picsel37
picsel37 collected $6 from pot
*** SUMMARY ***
Total pot $6 | Rake $0
Seat 3: picsel37 (button) (small blind) collected ($6)
Seat 5: sadamilli (big blind) folded before Flop


PokerStars Hand #175930737256:  Hold'em Limit ($3/$6 USD) - 2017/09/21 10:27:17 ET
Table 'Kreusa' 6-max Seat #3 is the button
Seat 3: picsel37 ($160.13 in chips)
Seat 5: sadamilli ($109.83 in chips)
picsel37: posts small blind $1
sadamilli: posts big blind $3
*** HOLE CARDS ***
picsel37: raises $3 to $6
sadamilli: raises $3 to $9
picsel37: calls $3
*** FLOP *** [7c 6d 8h]
sadamilli: checks
picsel37: checks
*** TURN *** [7c 6d 8h] [4h]
sadamilli: bets $6
picsel37: calls $6
*** RIVER *** [7c 6d 8h 4h] [9h]
sadamilli: bets $6
picsel37: folds
Uncalled bet ($6) returned to sadamilli
sadamilli collected $29.50 from pot
sadamilli: doesn't show hand
*** SUMMARY ***
Total pot $30 | Rake $0.50
Board [7c 6d 8h 4h 9h]
Seat 3: picsel37 (button) (small blind) folded on the River
Seat 5: sadamilli (big blind) collected ($29.50)


PokerStars Hand #175930763685:  Hold'em Limit ($3/$6 USD) - 2017/09/21 10:28:06 ET
Table 'Kreusa' 6-max Seat #3 is the button
Seat 3: picsel37 ($156.65 in chips)
Seat 5: sadamilli ($112.33 in chips)
picsel37: posts small blind $1
sadamilli: posts big blind $3
*** HOLE CARDS ***
picsel37: raises $3 to $6
sadamilli: raises $3 to $9
picsel37: calls $3
*** FLOP *** [6s Qd 5s]
sadamilli: bets $3
picsel37: calls $3
*** TURN *** [6s Qd 5s] [8s]
sadamilli: bets $6
picsel37: folds
Uncalled bet ($6) returned to sadamilli
sadamilli collected $23.52 from pot
sadamilli: doesn't show hand
*** SUMMARY ***
Total pot $24 | Rake $0.48
Board [6s Qd 5s 8s]
Seat 3: picsel37 (button) (small blind) folded on the Turn
Seat 5: sadamilli (big blind) collected ($23.52)


PokerStars Hand #175930754654:  Hold'em Limit ($3/$6 USD) - 2017/09/21 10:27:49 ET
Table 'Kreusa' 6-max Seat #5 is the button
Seat 3: picsel37 ($145.13 in chips)
Seat 5: sadamilli ($124.33 in chips)
sadamilli: posts small blind $1
picsel37: posts big blind $3
*** HOLE CARDS ***
sadamilli: raises $3 to $6
picsel37: calls $3
*** FLOP *** [Ts 3d 5c]
picsel37: checks
sadamilli: checks
*** TURN *** [Ts 3d 5c] [Td]
picsel37: bets $6
sadamilli: calls $6
*** RIVER *** [Ts 3d 5c Td] [3s]
picsel37: checks
sadamilli: checks
*** SHOW DOWN ***
picsel37: shows [Kh 5d] (two pair, Tens and Fives)
sadamilli: mucks hand
picsel37 collected $23.52 from pot
*** SUMMARY ***
Total pot $24 | Rake $0.48
Board [Ts 3d 5c Td 3s]
Seat 3: picsel37 (big blind) showed [Kh 5d] and won ($23.52) with two pair, Tens and Fives
Seat 5: sadamilli (button) (small blind) mucked


PokerStars Hand #175930785150:  Hold'em Limit ($3/$6 USD) - 2017/09/21 10:28:45 ET
Table 'Kreusa' 6-max Seat #5 is the button
Seat 3: picsel37 ($165.15 in chips)
Seat 5: sadamilli ($102.85 in chips)
sadamilli: posts small blind $1
picsel37: posts big blind $3
*** HOLE CARDS ***
sadamilli: raises $3 to $6
picsel37: folds
Uncalled bet ($3) returned to sadamilli
sadamilli collected $6 from pot
sadamilli: doesn't show hand
*** SUMMARY ***
Total pot $6 | Rake $0
Seat 3: picsel37 (big blind) folded before Flop
Seat 5: sadamilli (button) (small blind) collected ($6)


PokerStars Hand #175930777026:  Hold'em Limit ($3/$6 USD) - 2017/09/21 10:28:30 ET
Table 'Kreusa' 6-max Seat #3 is the button
Seat 3: picsel37 ($141.65 in chips)
Seat 5: sadamilli ($126.85 in chips)
picsel37: posts small blind $1
sadamilli: posts big blind $3
*** HOLE CARDS ***
picsel37: raises $3 to $6
sadamilli: raises $3 to $9
picsel37: calls $3
*** FLOP *** [7s Kd Js]
sadamilli: bets $3
picsel37: calls $3
*** TURN *** [7s Kd Js] [9h]
sadamilli: bets $6
picsel37: calls $6
*** RIVER *** [7s Kd Js 9h] [2h]
sadamilli: bets $6
picsel37: calls $6
*** SHOW DOWN ***
sadamilli: shows [4c 4h] (a pair of Fours)
picsel37: shows [Qh 9c] (a pair of Nines)
picsel37 collected $47.50 from pot
*** SUMMARY ***
Total pot $48 | Rake $0.50
Board [7s Kd Js 9h 2h]
Seat 3: picsel37 (button) (small blind) showed [Qh 9c] and won ($47.50) with a pair of Nines
Seat 5: sadamilli (big blind) showed [4c 4h] and lost with a pair of Fours


PokerStars Hand #175930770420:  Hold'em Limit ($3/$6 USD) - 2017/09/21 10:28:18 ET
Table 'Kreusa' 6-max Seat #5 is the button
Seat 3: picsel37 ($144.65 in chips)
Seat 5: sadamilli ($123.85 in chips)
sadamilli: posts small blind $1
picsel37: posts big blind $3
*** HOLE CARDS ***
sadamilli: raises $3 to $6
picsel37: folds
Uncalled bet ($3) returned to sadamilli
sadamilli collected $6 from pot
sadamilli: doesn't show hand
*** SUMMARY ***
Total pot $6 | Rake $0
Seat 3: picsel37 (big blind) folded before Flop
Seat 5: sadamilli (button) (small blind) collected ($6)


PokerStars Hand #175930796180:  Hold'em Limit ($3/$6 USD) - 2017/09/21 10:29:05 ET
Table 'Kreusa' 6-max Seat #5 is the button
Seat 3: picsel37 ($138.15 in chips)
Seat 5: sadamilli ($129.35 in chips)
sadamilli: posts small blind $1
picsel37: posts big blind $3
*** HOLE CARDS ***
sadamilli: raises $3 to $6
picsel37: calls $3
*** FLOP *** [Ad Ts Jh]
picsel37: checks
sadamilli: bets $3
picsel37: calls $3
*** TURN *** [Ad Ts Jh] [4h]
picsel37: checks
sadamilli: bets $6
picsel37: folds
Uncalled bet ($6) returned to sadamilli
sadamilli collected $17.64 from pot
sadamilli: doesn't show hand
*** SUMMARY ***
Total pot $18 | Rake $0.36
Board [Ad Ts Jh 4h]
Seat 3: picsel37 (big blind) folded on the Turn
Seat 5: sadamilli (button) (small blind) collected ($17.64)


PokerStars Hand #175930788088:  Hold'em Limit ($3/$6 USD) - 2017/09/21 10:28:50 ET
Table 'Kreusa' 6-max Seat #3 is the button
Seat 3: picsel37 ($162.15 in chips)
Seat 5: sadamilli ($105.85 in chips)
picsel37: posts small blind $1
sadamilli: posts big blind $3
*** HOLE CARDS ***
picsel37: raises $3 to $6
sadamilli: raises $3 to $9
picsel37: calls $3
*** FLOP *** [3c 9d Jh]
sadamilli: bets $3
picsel37: calls $3
*** TURN *** [3c 9d Jh] [6h]
sadamilli: bets $6
picsel37: calls $6
*** RIVER *** [3c 9d Jh 6h] [Tc]
sadamilli: bets $6
picsel37: calls $6
*** SHOW DOWN ***
sadamilli: shows [7s Js] (a pair of Jacks)
picsel37: mucks hand
sadamilli collected $47.50 from pot
*** SUMMARY ***
Total pot $48 | Rake $0.50
Board [3c 9d Jh 6h Tc]
Seat 3: picsel37 (button) (small blind) mucked
Seat 5: sadamilli (big blind) showed [7s Js] and won ($47.50) with a pair of Jacks


PokerStars Hand #175930823296:  Hold'em Limit ($3/$6 USD) - 2017/09/21 10:29:56 ET
Table 'Kreusa' 6-max Seat #5 is the button
Seat 3: picsel37 ($117.15 in chips)
Seat 5: sadamilli ($149.51 in chips)
sadamilli: posts small blind $1
picsel37: posts big blind $3
*** HOLE CARDS ***
sadamilli: raises $3 to $6
picsel37: raises $3 to $9
sadamilli: calls $3
*** FLOP *** [Qc 7c Kc]
picsel37: bets $3
sadamilli: calls $3
*** TURN *** [Qc 7c Kc] [4c]
picsel37: bets $6
sadamilli: calls $6
*** RIVER *** [Qc 7c Kc 4c] [6c]
picsel37: bets $6
sadamilli: calls $6
*** SHOW DOWN ***
picsel37: shows [Jd Ac] (a flush, Ace high)
sadamilli: mucks hand
picsel37 collected $47.50 from pot
*** SUMMARY ***
Total pot $48 | Rake $0.50
Board [Qc 7c Kc 4c 6c]
Seat 3: picsel37 (big blind) showed [Jd Ac] and won ($47.50) with a flush, Ace high
Seat 5: sadamilli (button) (small blind) mucked


PokerStars Hand #175930803973:  Hold'em Limit ($3/$6 USD) - 2017/09/21 10:29:20 ET
Table 'Kreusa' 6-max Seat #3 is the button
Seat 3: picsel37 ($129.15 in chips)
Seat 5: sadamilli ($137.99 in chips)
picsel37: posts small blind $1
sadamilli: posts big blind $3
*** HOLE CARDS ***
picsel37: raises $3 to $6
sadamilli: folds
Uncalled bet ($3) returned to picsel37
picsel37 collected $6 from pot
*** SUMMARY ***
Total pot $6 | Rake $0
Seat 3: picsel37 (button) (small blind) collected ($6)
Seat 5: sadamilli (big blind) folded before Flop


PokerStars Hand #175930813738:  Hold'em Limit ($3/$6 USD) - 2017/09/21 10:29:38 ET
Table 'Kreusa' 6-max Seat #3 is the button
Seat 3: picsel37 ($129.15 in chips)
Seat 5: sadamilli ($137.99 in chips)
picsel37: posts small blind $1
sadamilli: posts big blind $3
*** HOLE CARDS ***
picsel37: raises $3 to $6
sadamilli: raises $3 to $9
picsel37: calls $3
*** FLOP *** [2s 8s 4d]
sadamilli: bets $3
picsel37: calls $3
*** TURN *** [2s 8s 4d] [3h]
sadamilli: bets $6
picsel37: folds
Uncalled bet ($6) returned to sadamilli
sadamilli collected $23.52 from pot
sadamilli: doesn't show hand
*** SUMMARY ***
Total pot $24 | Rake $0.48
Board [2s 8s 4d 3h]
Seat 3: picsel37 (button) (small blind) folded on the Turn
Seat 5: sadamilli (big blind) collected ($23.52)


PokerStars Hand #175930809523:  Hold'em Limit ($3/$6 USD) - 2017/09/21 10:29:30 ET
Table 'Kreusa' 6-max Seat #5 is the button
Seat 3: picsel37 ($132.15 in chips)
Seat 5: sadamilli ($134.99 in chips)
sadamilli: posts small blind $1
picsel37: posts big blind $3
*** HOLE CARDS ***
sadamilli: raises $3 to $6
picsel37: folds
Uncalled bet ($3) returned to sadamilli
sadamilli collected $6 from pot
sadamilli: doesn't show hand
*** SUMMARY ***
Total pot $6 | Rake $0
Seat 3: picsel37 (big blind) folded before Flop
Seat 5: sadamilli (button) (small blind) collected ($6)


PokerStars Hand #175930839413:  Hold'em Limit ($3/$6 USD) - 2017/09/21 10:30:26 ET
Table 'Kreusa' 6-max Seat #5 is the button
Seat 3: picsel37 ($143.65 in chips)
Seat 5: sadamilli ($122.51 in chips)
sadamilli: posts small blind $1
picsel37: posts big blind $3
*** HOLE CARDS ***
sadamilli: raises $3 to $6
picsel37: raises $3 to $9
sadamilli: raises $3 to $12
Betting is capped
picsel37: calls $3
*** FLOP *** [3s As 6h]
picsel37: checks
sadamilli: bets $3
picsel37: calls $3
*** TURN *** [3s As 6h] [2s]
picsel37: checks
sadamilli: bets $6
picsel37: raises $6 to $12
sadamilli: calls $6
*** RIVER *** [3s As 6h 2s] [3d]
picsel37: bets $6
sadamilli: calls $6
*** SHOW DOWN ***
picsel37: shows [Ah 6d] (two pair, Aces and Sixes)
sadamilli: mucks hand
picsel37 collected $65.50 from pot
*** SUMMARY ***
Total pot $66 | Rake $0.50
Board [3s As 6h 2s 3d]
Seat 3: picsel37 (big blind) showed [Ah 6d] and won ($65.50) with two pair, Aces and Sixes
Seat 5: sadamilli (button) (small blind) mucked


PokerStars Hand #175930858660:  Hold'em Limit ($3/$6 USD) - 2017/09/21 10:31:01 ET
Table 'Kreusa' 6-max Seat #5 is the button
Seat 3: picsel37 ($175.15 in chips)
Seat 5: sadamilli ($90.51 in chips)
sadamilli: posts small blind $1
picsel37: posts big blind $3
*** HOLE CARDS ***
sadamilli: raises $3 to $6
picsel37: calls $3
*** FLOP *** [As 6c Kh]
picsel37: checks
sadamilli: bets $3
picsel37: calls $3
*** TURN *** [As 6c Kh] [Js]
picsel37: checks
sadamilli: bets $6
picsel37: calls $6
*** RIVER *** [As 6c Kh Js] [2s]
picsel37: checks
sadamilli: checks
*** SHOW DOWN ***
picsel37: shows [7h Ac] (a pair of Aces)
sadamilli: mucks hand
picsel37 collected $29.50 from pot
*** SUMMARY ***
Total pot $30 | Rake $0.50
Board [As 6c Kh Js 2s]
Seat 3: picsel37 (big blind) showed [7h Ac] and won ($29.50) with a pair of Aces
Seat 5: sadamilli (button) (small blind) mucked


PokerStars Hand #175930834878:  Hold'em Limit ($3/$6 USD) - 2017/09/21 10:30:17 ET
Table 'Kreusa' 6-max Seat #3 is the button
Seat 3: picsel37 ($140.65 in chips)
Seat 5: sadamilli ($125.51 in chips)
picsel37: posts small blind $1
sadamilli: posts big blind $3
*** HOLE CARDS ***
picsel37: raises $3 to $6
sadamilli: folds
Uncalled bet ($3) returned to picsel37
picsel37 collected $6 from pot
*** SUMMARY ***
Total pot $6 | Rake $0
Seat 3: picsel37 (button) (small blind) collected ($6)
Seat 5: sadamilli (big blind) folded before Flop


PokerStars Hand #175930867925:  Hold'em Limit ($3/$6 USD) - 2017/09/21 10:31:18 ET
Table 'Kreusa' 6-max Seat #3 is the button
Seat 3: picsel37 ($189.65 in chips)
Seat 5: sadamilli ($75.51 in chips)
picsel37: posts small blind $1
sadamilli: posts big blind $3
*** HOLE CARDS ***
picsel37: raises $3 to $6
sadamilli: raises $3 to $9
picsel37: calls $3
*** FLOP *** [5d Tc Td]
sadamilli: bets $3
picsel37: calls $3
*** TURN *** [5d Tc Td] [Qc]
sadamilli: bets $6
picsel37: calls $6
*** RIVER *** [5d Tc Td Qc] [4d]
sadamilli: bets $6
picsel37: raises $6 to $12
sadamilli: calls $6
*** SHOW DOWN ***
picsel37: shows [Kh Ts] (three of a kind, Tens)
sadamilli: mucks hand
picsel37 collected $59.50 from pot
*** SUMMARY ***
Total pot $60 | Rake $0.50
Board [5d Tc Td Qc 4d]
Seat 3: picsel37 (button) (small blind) showed [Kh Ts] and won ($59.50) with three of a kind, Tens
Seat 5: sadamilli (big blind) mucked


