PokerStars Hand #155164722048:  Hold'em Limit ($3/$6 USD) - 2016/06/24 23:06:39 ET
Table 'Kriemhild' 6-max Seat #4 is the button
Seat 4: AzureCaper ($72 in chips)
Seat 5: haagsemocro1 ($60 in chips)
AzureCaper: posts small blind $1
haagsemocro1: posts big blind $3
*** HOLE CARDS ***
AzureCaper: raises $3 to $6
haagsemocro1: calls $3
*** FLOP *** [8c Ts 9s]
haagsemocro1: checks
AzureCaper: checks
*** TURN *** [8c Ts 9s] [Ad]
haagsemocro1: bets $6
AzureCaper: folds
Uncalled bet ($6) returned to haagsemocro1
haagsemocro1 collected $11.76 from pot
haagsemocro1: doesn't show hand
*** SUMMARY ***
Total pot $12 | Rake $0.24
Board [8c Ts 9s Ad]
Seat 4: AzureCaper (button) (small blind) folded on the Turn
Seat 5: haagsemocro1 (big blind) collected ($11.76)


PokerStars Hand #155164737887:  Hold'em Limit ($3/$6 USD) - 2016/06/24 23:07:31 ET
Table 'Kriemhild' 6-max Seat #5 is the button
Seat 4: AzureCaper ($72 in chips)
Seat 5: haagsemocro1 ($83.26 in chips)
haagsemocro1: posts small blind $1
AzureCaper: posts big blind $3
*** HOLE CARDS ***
haagsemocro1: raises $3 to $6
AzureCaper: calls $3
*** FLOP *** [3h 7c 5h]
AzureCaper: checks
haagsemocro1: bets $3
AzureCaper: calls $3
*** TURN *** [3h 7c 5h] [Kc]
AzureCaper: checks
haagsemocro1: checks
*** RIVER *** [3h 7c 5h Kc] [Kh]
AzureCaper: checks
haagsemocro1: bets $6
AzureCaper: folds
Uncalled bet ($6) returned to haagsemocro1
haagsemocro1 collected $17.64 from pot
haagsemocro1: doesn't show hand
*** SUMMARY ***
Total pot $18 | Rake $0.36
Board [3h 7c 5h Kc Kh]
Seat 4: AzureCaper (big blind) folded on the River
Seat 5: haagsemocro1 (button) (small blind) collected ($17.64)


PokerStars Hand #155164730485:  Hold'em Limit ($3/$6 USD) - 2016/06/24 23:07:07 ET
Table 'Kriemhild' 6-max Seat #4 is the button
Seat 4: AzureCaper ($72 in chips)
Seat 5: haagsemocro1 ($68.76 in chips)
AzureCaper: posts small blind $1
haagsemocro1: posts big blind $3
*** HOLE CARDS ***
AzureCaper: raises $3 to $6
haagsemocro1: calls $3
*** FLOP *** [Kh Ac 4h]
haagsemocro1: checks
AzureCaper: bets $3
haagsemocro1: calls $3
*** TURN *** [Kh Ac 4h] [8s]
haagsemocro1: checks
AzureCaper: bets $6
haagsemocro1: calls $6
*** RIVER *** [Kh Ac 4h 8s] [5c]
haagsemocro1: bets $6
AzureCaper: folds
Uncalled bet ($6) returned to haagsemocro1
haagsemocro1 collected $29.50 from pot
haagsemocro1: doesn't show hand
*** SUMMARY ***
Total pot $30 | Rake $0.50
Board [Kh Ac 4h 8s 5c]
Seat 4: AzureCaper (button) (small blind) folded on the River
Seat 5: haagsemocro1 (big blind) collected ($29.50)


PokerStars Hand #155164728032:  Hold'em Limit ($3/$6 USD) - 2016/06/24 23:06:58 ET
Table 'Kriemhild' 6-max Seat #5 is the button
Seat 4: AzureCaper ($72 in chips)
Seat 5: haagsemocro1 ($65.76 in chips)
haagsemocro1: posts small blind $1
AzureCaper: posts big blind $3
*** HOLE CARDS ***
haagsemocro1: raises $3 to $6
AzureCaper: folds
Uncalled bet ($3) returned to haagsemocro1
haagsemocro1 collected $6 from pot
haagsemocro1: doesn't show hand
*** SUMMARY ***
Total pot $6 | Rake $0
Seat 4: AzureCaper (big blind) folded before Flop
Seat 5: haagsemocro1 (button) (small blind) collected ($6)


PokerStars Hand #155164751588:  Hold'em Limit ($3/$6 USD) - 2016/06/24 23:08:16 ET
Table 'Kriemhild' 6-max Seat #5 is the button
Seat 4: AzureCaper ($80.64 in chips)
Seat 5: haagsemocro1 ($82.90 in chips)
haagsemocro1: posts small blind $1
AzureCaper: posts big blind $3
*** HOLE CARDS ***
haagsemocro1: raises $3 to $6
AzureCaper: calls $3
*** FLOP *** [Qh 8c 4c]
AzureCaper: checks
haagsemocro1: bets $3
AzureCaper: raises $3 to $6
haagsemocro1: calls $3
*** TURN *** [Qh 8c 4c] [Ks]
AzureCaper: bets $6
haagsemocro1: raises $6 to $12
AzureCaper: folds
Uncalled bet ($6) returned to haagsemocro1
haagsemocro1 collected $35.50 from pot
haagsemocro1: doesn't show hand
*** SUMMARY ***
Total pot $36 | Rake $0.50
Board [Qh 8c 4c Ks]
Seat 4: AzureCaper (big blind) folded on the Turn
Seat 5: haagsemocro1 (button) (small blind) collected ($35.50)


PokerStars Hand #155164745882:  Hold'em Limit ($3/$6 USD) - 2016/06/24 23:07:57 ET
Table 'Kriemhild' 6-max Seat #4 is the button
Seat 4: AzureCaper ($72 in chips)
Seat 5: haagsemocro1 ($91.90 in chips)
AzureCaper: posts small blind $1
haagsemocro1: posts big blind $3
*** HOLE CARDS ***
AzureCaper: raises $3 to $6
haagsemocro1: calls $3
*** FLOP *** [7d 5c Th]
haagsemocro1: checks
AzureCaper: bets $3
haagsemocro1: calls $3
*** TURN *** [7d 5c Th] [7s]
haagsemocro1: checks
AzureCaper: bets $6
haagsemocro1: folds
Uncalled bet ($6) returned to AzureCaper
AzureCaper collected $17.64 from pot
AzureCaper: doesn't show hand
*** SUMMARY ***
Total pot $18 | Rake $0.36
Board [7d 5c Th 7s]
Seat 4: AzureCaper (button) (small blind) collected ($17.64)
Seat 5: haagsemocro1 (big blind) folded on the Turn


PokerStars Hand #155164774569:  Hold'em Limit ($3/$6 USD) - 2016/06/24 23:09:31 ET
Table 'Kriemhild' 6-max Seat #4 is the button
Seat 4: AzureCaper ($80.50 in chips)
Seat 5: haagsemocro1 ($91.16 in chips)
AzureCaper: posts small blind $1
haagsemocro1: posts big blind $3
*** HOLE CARDS ***
AzureCaper: raises $3 to $6
haagsemocro1: raises $3 to $9
AzureCaper: raises $3 to $12
Betting is capped
haagsemocro1: calls $3
*** FLOP *** [Jc Ah Kc]
haagsemocro1: checks
AzureCaper: bets $3
haagsemocro1: calls $3
*** TURN *** [Jc Ah Kc] [4s]
haagsemocro1: checks
AzureCaper: bets $6
haagsemocro1: calls $6
*** RIVER *** [Jc Ah Kc 4s] [5s]
haagsemocro1: checks
AzureCaper: bets $6
haagsemocro1: calls $6
*** SHOW DOWN ***
AzureCaper: shows [Js Jd] (three of a kind, Jacks)
haagsemocro1: mucks hand
AzureCaper collected $53.50 from pot
*** SUMMARY ***
Total pot $54 | Rake $0.50
Board [Jc Ah Kc 4s 5s]
Seat 4: AzureCaper (button) (small blind) showed [Js Jd] and won ($53.50) with three of a kind, Jacks
Seat 5: haagsemocro1 (big blind) mucked


PokerStars Hand #155164769143:  Hold'em Limit ($3/$6 USD) - 2016/06/24 23:09:13 ET
Table 'Kriemhild' 6-max Seat #5 is the button
Seat 4: AzureCaper ($86.50 in chips)
Seat 5: haagsemocro1 ($85.40 in chips)
haagsemocro1: posts small blind $1
AzureCaper: posts big blind $3
*** HOLE CARDS ***
haagsemocro1: raises $3 to $6
AzureCaper: calls $3
*** FLOP *** [3s 4s Ac]
AzureCaper: checks
haagsemocro1: checks
*** TURN *** [3s 4s Ac] [Ts]
AzureCaper: checks
haagsemocro1: bets $6
AzureCaper: folds
Uncalled bet ($6) returned to haagsemocro1
haagsemocro1 collected $11.76 from pot
haagsemocro1: doesn't show hand
*** SUMMARY ***
Total pot $12 | Rake $0.24
Board [3s 4s Ac Ts]
Seat 4: AzureCaper (big blind) folded on the Turn
Seat 5: haagsemocro1 (button) (small blind) collected ($11.76)


PokerStars Hand #155164758581:  Hold'em Limit ($3/$6 USD) - 2016/06/24 23:08:39 ET
Table 'Kriemhild' 6-max Seat #4 is the button
Seat 4: AzureCaper ($72 in chips)
Seat 5: haagsemocro1 ($100.40 in chips)
AzureCaper: posts small blind $1
haagsemocro1: posts big blind $3
*** HOLE CARDS ***
AzureCaper: raises $3 to $6
haagsemocro1: calls $3
*** FLOP *** [3d 8h 5d]
haagsemocro1: checks
AzureCaper: bets $3
haagsemocro1: calls $3
*** TURN *** [3d 8h 5d] [Js]
haagsemocro1: checks
AzureCaper: bets $6
haagsemocro1: calls $6
*** RIVER *** [3d 8h 5d Js] [Jh]
haagsemocro1: checks
AzureCaper: bets $6
haagsemocro1: folds
Uncalled bet ($6) returned to AzureCaper
AzureCaper collected $29.50 from pot
AzureCaper: doesn't show hand
*** SUMMARY ***
Total pot $30 | Rake $0.50
Board [3d 8h 5d Js Jh]
Seat 4: AzureCaper (button) (small blind) collected ($29.50)
Seat 5: haagsemocro1 (big blind) folded on the River


PokerStars Hand #155164787554:  Hold'em Limit ($3/$6 USD) - 2016/06/24 23:10:14 ET
Table 'Kriemhild' 6-max Seat #4 is the button
Seat 4: AzureCaper ($112.76 in chips)
Seat 5: haagsemocro1 ($58.16 in chips)
AzureCaper: posts small blind $1
haagsemocro1: posts big blind $3
*** HOLE CARDS ***
AzureCaper: raises $3 to $6
haagsemocro1: calls $3
*** FLOP *** [Jd 4c Th]
haagsemocro1: checks
AzureCaper: bets $3
haagsemocro1: calls $3
*** TURN *** [Jd 4c Th] [Qh]
haagsemocro1: bets $6
AzureCaper: calls $6
*** RIVER *** [Jd 4c Th Qh] [Js]
Profitables joins the table at seat #1
haagsemocro1: bets $6
AzureCaper: calls $6
*** SHOW DOWN ***
haagsemocro1: shows [8c Qd] (two pair, Queens and Jacks)
AzureCaper: mucks hand
haagsemocro1 collected $41.50 from pot
*** SUMMARY ***
Total pot $42 | Rake $0.50
Board [Jd 4c Th Qh Js]
Seat 4: AzureCaper (button) (small blind) mucked
Seat 5: haagsemocro1 (big blind) showed [8c Qd] and won ($41.50) with two pair, Queens and Jacks


PokerStars Hand #155164783169:  Hold'em Limit ($3/$6 USD) - 2016/06/24 23:10:00 ET
Table 'Kriemhild' 6-max Seat #5 is the button
Seat 4: AzureCaper ($107 in chips)
Seat 5: haagsemocro1 ($64.16 in chips)
haagsemocro1: posts small blind $1
AzureCaper: posts big blind $3
*** HOLE CARDS ***
haagsemocro1: raises $3 to $6
AzureCaper: calls $3
*** FLOP *** [5h Ks 2c]
AzureCaper: checks
haagsemocro1: checks
*** TURN *** [5h Ks 2c] [Kh]
AzureCaper: checks
haagsemocro1: checks
*** RIVER *** [5h Ks 2c Kh] [8s]
AzureCaper: bets $6
haagsemocro1: folds
Uncalled bet ($6) returned to AzureCaper
AzureCaper collected $11.76 from pot
AzureCaper: doesn't show hand
*** SUMMARY ***
Total pot $12 | Rake $0.24
Board [5h Ks 2c Kh 8s]
Seat 4: AzureCaper (big blind) collected ($11.76)
Seat 5: haagsemocro1 (button) (small blind) folded on the River


PokerStars Hand #155165219967:  Hold'em Limit ($3/$6 USD) - 2016/06/24 23:34:35 ET
Table 'Kriemhild' 6-max Seat #1 is the button
Seat 1: ben456 ($217.68 in chips)
Seat 6: DikaWeed ($113.04 in chips)
ben456: posts small blind $1
AzureCaper: is sitting out
BrownieSpy: is sitting out
BrownieSpy leaves the table
DikaWeed: posts big blind $3
*** HOLE CARDS ***
AzureCaper leaves the table
ben456: folds
Uncalled bet ($2) returned to DikaWeed
ben456 leaves the table
DikaWeed collected $2 from pot
DikaWeed: doesn't show hand
*** SUMMARY ***
Total pot $2 | Rake $0
Seat 1: ben456 (button) (small blind) folded before Flop
Seat 6: DikaWeed (big blind) collected ($2)


PokerStars Hand #155165542892:  Hold'em Limit ($3/$6 USD) - 2016/06/24 23:53:25 ET
Table 'Kriemhild' 6-max Seat #2 is the button
Seat 2: haagsemocro1 ($47.99 in chips)
Seat 4: AzureCaper ($72 in chips)
haagsemocro1: posts small blind $1
AzureCaper: posts big blind $3
*** HOLE CARDS ***
haagsemocro1: raises $3 to $6
AzureCaper: calls $3
*** FLOP *** [2s 5h Jc]
AzureCaper: checks
haagsemocro1: bets $3
AzureCaper: calls $3
*** TURN *** [2s 5h Jc] [7c]
AzureCaper: checks
haagsemocro1: bets $6
AzureCaper: calls $6
*** RIVER *** [2s 5h Jc 7c] [2h]
AzureCaper: checks
haagsemocro1: checks
*** SHOW DOWN ***
AzureCaper: shows [3c 3s] (two pair, Threes and Deuces)
haagsemocro1: shows [7s Th] (two pair, Sevens and Deuces)
haagsemocro1 collected $29.50 from pot
*** SUMMARY ***
Total pot $30 | Rake $0.50
Board [2s 5h Jc 7c 2h]
Seat 2: haagsemocro1 (button) (small blind) showed [7s Th] and won ($29.50) with two pair, Sevens and Deuces
Seat 4: AzureCaper (big blind) showed [3c 3s] and lost with two pair, Threes and Deuces


PokerStars Hand #155165541638:  Hold'em Limit ($3/$6 USD) - 2016/06/24 23:53:20 ET
Table 'Kriemhild' 6-max Seat #4 is the button
Seat 2: haagsemocro1 ($46.99 in chips)
Seat 4: AzureCaper ($72 in chips)
AzureCaper: posts small blind $1
haagsemocro1: posts big blind $3
*** HOLE CARDS ***
AzureCaper: folds
Uncalled bet ($2) returned to haagsemocro1
haagsemocro1 collected $2 from pot
haagsemocro1: doesn't show hand
*** SUMMARY ***
Total pot $2 | Rake $0
Seat 2: haagsemocro1 (big blind) collected ($2)
Seat 4: AzureCaper (button) (small blind) folded before Flop


PokerStars Hand #155165540126:  Hold'em Limit ($3/$6 USD) - 2016/06/24 23:53:14 ET
Table 'Kriemhild' 6-max Seat #2 is the button
Seat 2: haagsemocro1 ($43.99 in chips)
Seat 4: AzureCaper ($72 in chips)
haagsemocro1: posts small blind $1
AzureCaper: posts big blind $3
*** HOLE CARDS ***
haagsemocro1: raises $3 to $6
AzureCaper: folds
Uncalled bet ($3) returned to haagsemocro1
haagsemocro1 collected $6 from pot
haagsemocro1: doesn't show hand
*** SUMMARY ***
Total pot $6 | Rake $0
Seat 2: haagsemocro1 (button) (small blind) collected ($6)
Seat 4: AzureCaper (big blind) folded before Flop


PokerStars Hand #155165534490:  Hold'em Limit ($3/$6 USD) - 2016/06/24 23:52:54 ET
Table 'Kriemhild' 6-max Seat #4 is the button
Seat 2: haagsemocro1 ($35.35 in chips)
Seat 4: AzureCaper ($72 in chips)
AzureCaper: posts small blind $1
haagsemocro1: posts big blind $3
*** HOLE CARDS ***
AzureCaper: raises $3 to $6
haagsemocro1: calls $3
*** FLOP *** [8c 5s 4c]
haagsemocro1: checks
AzureCaper: bets $3
haagsemocro1: calls $3
*** TURN *** [8c 5s 4c] [7c]
haagsemocro1: checks
AzureCaper: checks
*** RIVER *** [8c 5s 4c 7c] [Qs]
haagsemocro1: bets $6
AzureCaper: folds
Uncalled bet ($6) returned to haagsemocro1
haagsemocro1 collected $17.64 from pot
haagsemocro1: doesn't show hand
*** SUMMARY ***
Total pot $18 | Rake $0.36
Board [8c 5s 4c 7c Qs]
Seat 2: haagsemocro1 (big blind) collected ($17.64)
Seat 4: AzureCaper (button) (small blind) folded on the River


PokerStars Hand #155165548981:  Hold'em Limit ($3/$6 USD) - 2016/06/24 23:53:47 ET
Table 'Kriemhild' 6-max Seat #4 is the button
Seat 2: haagsemocro1 ($62.49 in chips)
Seat 4: AzureCaper ($72 in chips)
AzureCaper: posts small blind $1
haagsemocro1: posts big blind $3
*** HOLE CARDS ***
AzureCaper: folds
Uncalled bet ($2) returned to haagsemocro1
haagsemocro1 collected $2 from pot
haagsemocro1: doesn't show hand
*** SUMMARY ***
Total pot $2 | Rake $0
Seat 2: haagsemocro1 (big blind) collected ($2)
Seat 4: AzureCaper (button) (small blind) folded before Flop


PokerStars Hand #155165557445:  Hold'em Limit ($3/$6 USD) - 2016/06/24 23:54:17 ET
Table 'Kriemhild' 6-max Seat #2 is the button
Seat 2: haagsemocro1 ($46.49 in chips)
Seat 4: AzureCaper ($88.50 in chips)
haagsemocro1: posts small blind $1
AzureCaper: posts big blind $3
*** HOLE CARDS ***
haagsemocro1: raises $3 to $6
AzureCaper: calls $3
*** FLOP *** [2h 8c 4d]
AzureCaper: checks
NuTTyPP joins the table at seat #6
haagsemocro1: bets $3
AzureCaper: calls $3
*** TURN *** [2h 8c 4d] [Qs]
AzureCaper: checks
haagsemocro1: checks
*** RIVER *** [2h 8c 4d Qs] [Js]
AzureCaper: checks
haagsemocro1: checks
*** SHOW DOWN ***
AzureCaper: shows [Kd 7h] (high card King)
haagsemocro1: shows [4s As] (a pair of Fours)
haagsemocro1 collected $17.64 from pot
*** SUMMARY ***
Total pot $18 | Rake $0.36
Board [2h 8c 4d Qs Js]
Seat 2: haagsemocro1 (button) (small blind) showed [4s As] and won ($17.64) with a pair of Fours
Seat 4: AzureCaper (big blind) showed [Kd 7h] and lost with high card King


PokerStars Hand #155165556336:  Hold'em Limit ($3/$6 USD) - 2016/06/24 23:54:13 ET
Table 'Kriemhild' 6-max Seat #4 is the button
Seat 2: haagsemocro1 ($45.49 in chips)
Seat 4: AzureCaper ($89.50 in chips)
AzureCaper: posts small blind $1
haagsemocro1: posts big blind $3
*** HOLE CARDS ***
AzureCaper: folds
Uncalled bet ($2) returned to haagsemocro1
haagsemocro1 collected $2 from pot
haagsemocro1: doesn't show hand
*** SUMMARY ***
Total pot $2 | Rake $0
Seat 2: haagsemocro1 (big blind) collected ($2)
Seat 4: AzureCaper (button) (small blind) folded before Flop


PokerStars Hand #155165550237:  Hold'em Limit ($3/$6 USD) - 2016/06/24 23:53:51 ET
Table 'Kriemhild' 6-max Seat #2 is the button
Seat 2: haagsemocro1 ($63.49 in chips)
Seat 4: AzureCaper ($72 in chips)
haagsemocro1: posts small blind $1
AzureCaper: posts big blind $3
*** HOLE CARDS ***
haagsemocro1: raises $3 to $6
AzureCaper: raises $3 to $9
haagsemocro1: calls $3
*** FLOP *** [6h Ks Js]
AzureCaper: bets $3
haagsemocro1: calls $3
*** TURN *** [6h Ks Js] [6c]
AzureCaper: bets $6
haagsemocro1: calls $6
*** RIVER *** [6h Ks Js 6c] [Td]
AzureCaper: checks
haagsemocro1: checks
*** SHOW DOWN ***
AzureCaper: shows [9s 9c] (two pair, Nines and Sixes)
haagsemocro1: mucks hand
AzureCaper collected $35.50 from pot
*** SUMMARY ***
Total pot $36 | Rake $0.50
Board [6h Ks Js 6c Td]
Seat 2: haagsemocro1 (button) (small blind) mucked
Seat 4: AzureCaper (big blind) showed [9s 9c] and won ($35.50) with two pair, Nines and Sixes


PokerStars Hand #155165643661:  Hold'em Limit ($3/$6 USD) - 2016/06/24 23:59:47 ET
Table 'Kriemhild' 6-max Seat #6 is the button
Seat 4: AzureCaper ($123.99 in chips)
Seat 6: NuTTyPP ($93.14 in chips)
NuTTyPP: posts small blind $1
AzureCaper: posts big blind $3
*** HOLE CARDS ***
NuTTyPP: raises $3 to $6
AzureCaper: folds
Uncalled bet ($3) returned to NuTTyPP
NuTTyPP collected $6 from pot
NuTTyPP: doesn't show hand
*** SUMMARY ***
Total pot $6 | Rake $0
Seat 4: AzureCaper (big blind) folded before Flop
Seat 6: NuTTyPP (button) (small blind) collected ($6)


PokerStars Hand #155165645972:  Hold'em Limit ($3/$6 USD) - 2016/06/24 23:59:57 ET
Table 'Kriemhild' 6-max Seat #4 is the button
Seat 4: AzureCaper ($120.99 in chips)
Seat 6: NuTTyPP ($96.14 in chips)
AzureCaper: posts small blind $1
NuTTyPP: posts big blind $3
*** HOLE CARDS ***
AzureCaper: raises $3 to $6
NuTTyPP: calls $3
*** FLOP *** [Kd Jh 7s]
NuTTyPP: checks
xcgxcg2005 joins the table at seat #2
AzureCaper: bets $3
NuTTyPP: calls $3
*** TURN *** [Kd Jh 7s] [Ah]
NuTTyPP: checks
AzureCaper: checks
*** RIVER *** [Kd Jh 7s Ah] [Tc]
NuTTyPP: bets $6
AzureCaper: calls $6
*** SHOW DOWN ***
NuTTyPP: shows [8h Ts] (a pair of Tens)
AzureCaper: shows [8s 9d] (a straight, Seven to Jack)
AzureCaper collected $29.50 from pot
*** SUMMARY ***
Total pot $30 | Rake $0.50
Board [Kd Jh 7s Ah Tc]
Seat 4: AzureCaper (button) (small blind) showed [8s 9d] and won ($29.50) with a straight, Seven to Jack
Seat 6: NuTTyPP (big blind) showed [8h Ts] and lost with a pair of Tens


