PokerStars Hand #170372968896:  Hold'em Limit ($3/$6 USD) - 2017/05/13 15:30:28 ET
Table 'Kuiper II' 6-max Seat #5 is the button
Seat 4: kayway6 ($125.76 in chips)
Seat 5: GoliafUa ($114 in chips)
GoliafUa: posts small blind $1
kayway6: posts big blind $3
*** HOLE CARDS ***
GoliafUa: raises $3 to $6
kayway6: folds
Uncalled bet ($3) returned to GoliafUa
GoliafUa collected $6 from pot
GoliafUa: doesn't show hand
*** SUMMARY ***
Total pot $6 | Rake $0
Seat 4: kayway6 (big blind) folded before Flop
Seat 5: GoliafUa (button) (small blind) collected ($6)


PokerStars Hand #170373019153:  Hold'em Limit ($3/$6 USD) - 2017/05/13 15:31:27 ET
Table 'Kuiper II' 6-max Seat #5 is the button
Seat 4: kayway6 ($131.26 in chips)
Seat 5: GoliafUa ($107.64 in chips)
GoliafUa: posts small blind $1
kayway6: posts big blind $3
*** HOLE CARDS ***
GoliafUa: raises $3 to $6
kayway6: calls $3
*** FLOP *** [Qd 5h Js]
kayway6: checks
GoliafUa: bets $3
kayway6: folds
Uncalled bet ($3) returned to GoliafUa
GoliafUa collected $11.76 from pot
GoliafUa: doesn't show hand
*** SUMMARY ***
Total pot $12 | Rake $0.24
Board [Qd 5h Js]
Seat 4: kayway6 (big blind) folded on the Flop
Seat 5: GoliafUa (button) (small blind) collected ($11.76)


PokerStars Hand #170373009801:  Hold'em Limit ($3/$6 USD) - 2017/05/13 15:31:16 ET
Table 'Kuiper II' 6-max Seat #4 is the button
Seat 4: kayway6 ($134.26 in chips)
Seat 5: GoliafUa ($104.76 in chips)
kayway6: posts small blind $1
GoliafUa: posts big blind $3
*** HOLE CARDS ***
kayway6: calls $2
GoliafUa: checks
*** FLOP *** [2d Jh 8d]
GoliafUa: checks
kayway6: checks
*** TURN *** [2d Jh 8d] [7s]
GoliafUa: bets $6
kayway6: folds
Uncalled bet ($6) returned to GoliafUa
GoliafUa collected $5.88 from pot
GoliafUa: doesn't show hand
*** SUMMARY ***
Total pot $6 | Rake $0.12
Board [2d Jh 8d 7s]
Seat 4: kayway6 (button) (small blind) folded on the Turn
Seat 5: GoliafUa (big blind) collected ($5.88)


PokerStars Hand #170373029332:  Hold'em Limit ($3/$6 USD) - 2017/05/13 15:31:39 ET
Table 'Kuiper II' 6-max Seat #4 is the button
Seat 4: kayway6 ($125.26 in chips)
Seat 5: GoliafUa ($113.40 in chips)
kayway6: posts small blind $1
GoliafUa: posts big blind $3
*** HOLE CARDS ***
kayway6: raises $3 to $6
GoliafUa: folds
Uncalled bet ($3) returned to kayway6
kayway6 collected $6 from pot
kayway6: doesn't show hand
*** SUMMARY ***
Total pot $6 | Rake $0
Seat 4: kayway6 (button) (small blind) collected ($6)
Seat 5: GoliafUa (big blind) folded before Flop


PokerStars Hand #170372974971:  Hold'em Limit ($3/$6 USD) - 2017/05/13 15:30:36 ET
Table 'Kuiper II' 6-max Seat #4 is the button
Seat 4: kayway6 ($122.76 in chips)
Seat 5: GoliafUa ($117 in chips)
kayway6: posts small blind $1
GoliafUa: posts big blind $3
*** HOLE CARDS ***
kayway6: raises $3 to $6
GoliafUa: calls $3
*** FLOP *** [6s Jd 5s]
GoliafUa: checks
kayway6: bets $3
GoliafUa: raises $3 to $6
kayway6: calls $3
*** TURN *** [6s Jd 5s] [Kd]
GoliafUa: bets $6
kayway6: raises $6 to $12
GoliafUa: folds
Uncalled bet ($6) returned to kayway6
kayway6 collected $35.50 from pot
kayway6: doesn't show hand
*** SUMMARY ***
Total pot $36 | Rake $0.50
Board [6s Jd 5s Kd]
Seat 4: kayway6 (button) (small blind) collected ($35.50)
Seat 5: GoliafUa (big blind) folded on the Turn


PokerStars Hand #170372995488:  Hold'em Limit ($3/$6 USD) - 2017/05/13 15:31:00 ET
Table 'Kuiper II' 6-max Seat #5 is the button
Seat 4: kayway6 ($140.26 in chips)
Seat 5: GoliafUa ($99 in chips)
GoliafUa: posts small blind $1
kayway6: posts big blind $3
*** HOLE CARDS ***
GoliafUa: raises $3 to $6
kayway6: calls $3
*** FLOP *** [2h Ac 6c]
kayway6: checks
GoliafUa: bets $3
kayway6: folds
Uncalled bet ($3) returned to GoliafUa
GoliafUa collected $11.76 from pot
GoliafUa: doesn't show hand
*** SUMMARY ***
Total pot $12 | Rake $0.24
Board [2h Ac 6c]
Seat 4: kayway6 (big blind) folded on the Flop
Seat 5: GoliafUa (button) (small blind) collected ($11.76)


PokerStars Hand #170373035328:  Hold'em Limit ($3/$6 USD) - 2017/05/13 15:31:46 ET
Table 'Kuiper II' 6-max Seat #5 is the button
Seat 4: kayway6 ($128.26 in chips)
Seat 5: GoliafUa ($110.40 in chips)
GoliafUa: posts small blind $1
kayway6: posts big blind $3
*** HOLE CARDS ***
GoliafUa: raises $3 to $6
kayway6: folds
Uncalled bet ($3) returned to GoliafUa
GoliafUa collected $6 from pot
GoliafUa: doesn't show hand
*** SUMMARY ***
Total pot $6 | Rake $0
Seat 4: kayway6 (big blind) folded before Flop
Seat 5: GoliafUa (button) (small blind) collected ($6)


PokerStars Hand #170373062791:  Hold'em Limit ($3/$6 USD) - 2017/05/13 15:32:18 ET
Table 'Kuiper II' 6-max Seat #5 is the button
Seat 4: kayway6 ($124.02 in chips)
Seat 5: GoliafUa ($114.16 in chips)
GoliafUa: posts small blind $1
kayway6: posts big blind $3
*** HOLE CARDS ***
GoliafUa: raises $3 to $6
kayway6: folds
Uncalled bet ($3) returned to GoliafUa
GoliafUa collected $6 from pot
GoliafUa: doesn't show hand
*** SUMMARY ***
Total pot $6 | Rake $0
Seat 4: kayway6 (big blind) folded before Flop
Seat 5: GoliafUa (button) (small blind) collected ($6)


PokerStars Hand #170373058409:  Hold'em Limit ($3/$6 USD) - 2017/05/13 15:32:13 ET
Table 'Kuiper II' 6-max Seat #4 is the button
Seat 4: kayway6 ($125.02 in chips)
Seat 5: GoliafUa ($113.16 in chips)
kayway6: posts small blind $1
GoliafUa: posts big blind $3
*** HOLE CARDS ***
kayway6: folds
Uncalled bet ($2) returned to GoliafUa
GoliafUa collected $2 from pot
*** SUMMARY ***
Total pot $2 | Rake $0
Seat 4: kayway6 (button) (small blind) folded before Flop
Seat 5: GoliafUa (big blind) collected ($2)


PokerStars Hand #170373049793:  Hold'em Limit ($3/$6 USD) - 2017/05/13 15:32:03 ET
Table 'Kuiper II' 6-max Seat #5 is the button
Seat 4: kayway6 ($131.02 in chips)
Seat 5: GoliafUa ($107.40 in chips)
GoliafUa: posts small blind $1
kayway6: posts big blind $3
*** HOLE CARDS ***
GoliafUa: raises $3 to $6
kayway6: calls $3
*** FLOP *** [8h Qd 9s]
kayway6: checks
GoliafUa: bets $3
kayway6: folds
Uncalled bet ($3) returned to GoliafUa
GoliafUa collected $11.76 from pot
GoliafUa: doesn't show hand
*** SUMMARY ***
Total pot $12 | Rake $0.24
Board [8h Qd 9s]
Seat 4: kayway6 (big blind) folded on the Flop
Seat 5: GoliafUa (button) (small blind) collected ($11.76)


PokerStars Hand #170373040586:  Hold'em Limit ($3/$6 USD) - 2017/05/13 15:31:52 ET
Table 'Kuiper II' 6-max Seat #4 is the button
Seat 4: kayway6 ($125.26 in chips)
Seat 5: GoliafUa ($113.40 in chips)
kayway6: posts small blind $1
GoliafUa: posts big blind $3
*** HOLE CARDS ***
kayway6: raises $3 to $6
GoliafUa: calls $3
*** FLOP *** [8d Ts 3d]
GoliafUa: checks
kayway6: bets $3
GoliafUa: folds
Uncalled bet ($3) returned to kayway6
kayway6 collected $11.76 from pot
kayway6: doesn't show hand
*** SUMMARY ***
Total pot $12 | Rake $0.24
Board [8d Ts 3d]
Seat 4: kayway6 (button) (small blind) collected ($11.76)
Seat 5: GoliafUa (big blind) folded on the Flop


PokerStars Hand #170373083552:  Hold'em Limit ($3/$6 USD) - 2017/05/13 15:32:42 ET
Table 'Kuiper II' 6-max Seat #5 is the button
Seat 4: kayway6 ($109.02 in chips)
Seat 5: GoliafUa ($128.68 in chips)
GoliafUa: posts small blind $1
kayway6: posts big blind $3
*** HOLE CARDS ***
GoliafUa: raises $3 to $6
kayway6: folds
Uncalled bet ($3) returned to GoliafUa
GoliafUa collected $6 from pot
GoliafUa: doesn't show hand
*** SUMMARY ***
Total pot $6 | Rake $0
Seat 4: kayway6 (big blind) folded before Flop
Seat 5: GoliafUa (button) (small blind) collected ($6)


PokerStars Hand #170373069137:  Hold'em Limit ($3/$6 USD) - 2017/05/13 15:32:25 ET
Table 'Kuiper II' 6-max Seat #4 is the button
Seat 4: kayway6 ($121.02 in chips)
Seat 5: GoliafUa ($117.16 in chips)
kayway6: posts small blind $1
GoliafUa: posts big blind $3
*** HOLE CARDS ***
kayway6: raises $3 to $6
GoliafUa: calls $3
*** FLOP *** [Ah Jd 2s]
GoliafUa: checks
kayway6: bets $3
GoliafUa: raises $3 to $6
kayway6: calls $3
*** TURN *** [Ah Jd 2s] [Jh]
GoliafUa: bets $6
kayway6: folds
Uncalled bet ($6) returned to GoliafUa
GoliafUa collected $23.52 from pot
GoliafUa: doesn't show hand
*** SUMMARY ***
Total pot $24 | Rake $0.48
Board [Ah Jd 2s Jh]
Seat 4: kayway6 (button) (small blind) folded on the Turn
Seat 5: GoliafUa (big blind) collected ($23.52)


