PokerStars Hand #160331993271:  Hold'em Limit ($3/$6 USD) - 2016/10/23 12:51:53 ET
Table 'Kuiper' 10-max Seat #5 is the button
Seat 5: _Lukaku_015 ($53.06 in chips)
Seat 7: VolkovDmitri ($120 in chips)
_Lukaku_015: posts small blind $1
VolkovDmitri: posts big blind $3
*** HOLE CARDS ***
_Lukaku_015: calls $2
VolkovDmitri: raises $3 to $6
_Lukaku_015: calls $3
*** FLOP *** [9c Ah Qc]
VolkovDmitri: bets $3
_Lukaku_015: folds
Uncalled bet ($3) returned to VolkovDmitri
VolkovDmitri collected $11.76 from pot
VolkovDmitri: doesn't show hand
*** SUMMARY ***
Total pot $12 | Rake $0.24
Board [9c Ah Qc]
Seat 5: _Lukaku_015 (button) (small blind) folded on the Flop
Seat 7: VolkovDmitri (big blind) collected ($11.76)


PokerStars Hand #160332028002:  Hold'em Limit ($3/$6 USD) - 2016/10/23 12:52:31 ET
Table 'Kuiper' 10-max Seat #5 is the button
Seat 5: _Lukaku_015 ($58.58 in chips)
Seat 7: VolkovDmitri ($120 in chips)
_Lukaku_015: posts small blind $1
VolkovDmitri: posts big blind $3
*** HOLE CARDS ***
_Lukaku_015: calls $2
VolkovDmitri: raises $3 to $6
_Lukaku_015: raises $3 to $9
VolkovDmitri: calls $3
*** FLOP *** [3s 8h 8s]
VolkovDmitri: checks
_Lukaku_015: checks
*** TURN *** [3s 8h 8s] [2d]
VolkovDmitri: bets $6
_Lukaku_015: calls $6
*** RIVER *** [3s 8h 8s 2d] [2s]
VolkovDmitri: bets $6
_Lukaku_015: calls $6
*** SHOW DOWN ***
VolkovDmitri: shows [5d 8c] (a full house, Eights full of Deuces)
_Lukaku_015: mucks hand
VolkovDmitri collected $41.50 from pot
*** SUMMARY ***
Total pot $42 | Rake $0.50
Board [3s 8h 8s 2d 2s]
Seat 5: _Lukaku_015 (button) (small blind) mucked
Seat 7: VolkovDmitri (big blind) showed [5d 8c] and won ($41.50) with a full house, Eights full of Deuces


PokerStars Hand #160332007457:  Hold'em Limit ($3/$6 USD) - 2016/10/23 12:52:08 ET
Table 'Kuiper' 10-max Seat #7 is the button
Seat 5: _Lukaku_015 ($47.06 in chips)
Seat 7: VolkovDmitri ($125.76 in chips)
VolkovDmitri: posts small blind $1
_Lukaku_015: posts big blind $3
*** HOLE CARDS ***
VolkovDmitri: raises $3 to $6
_Lukaku_015: calls $3
*** FLOP *** [Ks 2h 5s]
_Lukaku_015: checks
VolkovDmitri: bets $3
_Lukaku_015: raises $3 to $6
VolkovDmitri: calls $3
*** TURN *** [Ks 2h 5s] [3c]
_Lukaku_015: checks
VolkovDmitri: checks
*** RIVER *** [Ks 2h 5s 3c] [As]
_Lukaku_015: bets $6
VolkovDmitri: folds
Uncalled bet ($6) returned to _Lukaku_015
_Lukaku_015 collected $23.52 from pot
_Lukaku_015: doesn't show hand
*** SUMMARY ***
Total pot $24 | Rake $0.48
Board [Ks 2h 5s 3c As]
Seat 5: _Lukaku_015 (big blind) collected ($23.52)
Seat 7: VolkovDmitri (button) (small blind) folded on the River


PokerStars Hand #160332053393:  Hold'em Limit ($3/$6 USD) - 2016/10/23 12:52:59 ET
Table 'Kuiper' 10-max Seat #7 is the button
Seat 5: _Lukaku_015 ($37.58 in chips)
Seat 7: VolkovDmitri ($140.50 in chips)
VolkovDmitri: posts small blind $1
_Lukaku_015: posts big blind $3
*** HOLE CARDS ***
VolkovDmitri: raises $3 to $6
_Lukaku_015: calls $3
*** FLOP *** [6d 3h Td]
_Lukaku_015: bets $3
VolkovDmitri: raises $3 to $6
_Lukaku_015: calls $3
*** TURN *** [6d 3h Td] [Tc]
_Lukaku_015: checks
VolkovDmitri: bets $6
_Lukaku_015: folds
Uncalled bet ($6) returned to VolkovDmitri
VolkovDmitri collected $23.52 from pot
VolkovDmitri: doesn't show hand
*** SUMMARY ***
Total pot $24 | Rake $0.48
Board [6d 3h Td Tc]
Seat 5: _Lukaku_015 (big blind) folded on the Turn
Seat 7: VolkovDmitri (button) (small blind) collected ($23.52)


PokerStars Hand #160332079522:  Hold'em Limit ($3/$6 USD) - 2016/10/23 12:53:28 ET
Table 'Kuiper' 10-max Seat #5 is the button
Seat 5: _Lukaku_015 ($25.58 in chips)
Seat 7: VolkovDmitri ($152.02 in chips)
_Lukaku_015: posts small blind $1
VolkovDmitri: posts big blind $3
*** HOLE CARDS ***
_Lukaku_015: calls $2
VolkovDmitri: raises $3 to $6
_Lukaku_015: calls $3
*** FLOP *** [Jh Qc 8h]
VolkovDmitri: bets $3
_Lukaku_015: calls $3
*** TURN *** [Jh Qc 8h] [7s]
VolkovDmitri: checks
_Lukaku_015: checks
*** RIVER *** [Jh Qc 8h 7s] [9h]
VolkovDmitri: checks
_Lukaku_015: checks
*** SHOW DOWN ***
VolkovDmitri: shows [Kh Ad] (high card Ace)
_Lukaku_015: mucks hand
VolkovDmitri collected $17.64 from pot
*** SUMMARY ***
Total pot $18 | Rake $0.36
Board [Jh Qc 8h 7s 9h]
Seat 5: _Lukaku_015 (button) (small blind) mucked
Seat 7: VolkovDmitri (big blind) showed [Kh Ad] and won ($17.64) with high card Ace


PokerStars Hand #160332126019:  Hold'em Limit ($3/$6 USD) - 2016/10/23 12:54:19 ET
Table 'Kuiper' 10-max Seat #5 is the button
Seat 5: _Lukaku_015 ($31.08 in chips)
Seat 7: VolkovDmitri ($145.66 in chips)
_Lukaku_015: posts small blind $1
VolkovDmitri: posts big blind $3
*** HOLE CARDS ***
_Lukaku_015: folds
Uncalled bet ($2) returned to VolkovDmitri
VolkovDmitri collected $2 from pot
VolkovDmitri: doesn't show hand
*** SUMMARY ***
Total pot $2 | Rake $0
Seat 5: _Lukaku_015 (button) (small blind) folded before Flop
Seat 7: VolkovDmitri (big blind) collected ($2)


PokerStars Hand #160332100044:  Hold'em Limit ($3/$6 USD) - 2016/10/23 12:53:51 ET
Table 'Kuiper' 10-max Seat #7 is the button
Seat 5: _Lukaku_015 ($16.58 in chips)
Seat 7: VolkovDmitri ($160.66 in chips)
VolkovDmitri: posts small blind $1
_Lukaku_015: posts big blind $3
*** HOLE CARDS ***
VolkovDmitri: raises $3 to $6
_Lukaku_015: calls $3
*** FLOP *** [Tc 5h 9c]
_Lukaku_015: bets $3
VolkovDmitri: calls $3
*** TURN *** [Tc 5h 9c] [3s]
_Lukaku_015: bets $6
VolkovDmitri: calls $6
*** RIVER *** [Tc 5h 9c 3s] [3d]
_Lukaku_015: bets $1.58 and is all-in
VolkovDmitri: folds
Uncalled bet ($1.58) returned to _Lukaku_015
_Lukaku_015 collected $29.50 from pot
_Lukaku_015: doesn't show hand
*** SUMMARY ***
Total pot $30 | Rake $0.50
Board [Tc 5h 9c 3s 3d]
Seat 5: _Lukaku_015 (big blind) collected ($29.50)
Seat 7: VolkovDmitri (button) (small blind) folded on the River


PokerStars Hand #160332130435:  Hold'em Limit ($3/$6 USD) - 2016/10/23 12:54:24 ET
Table 'Kuiper' 10-max Seat #7 is the button
Seat 5: _Lukaku_015 ($30.08 in chips)
Seat 7: VolkovDmitri ($146.66 in chips)
VolkovDmitri: posts small blind $1
_Lukaku_015: posts big blind $3
*** HOLE CARDS ***
VolkovDmitri: raises $3 to $6
_Lukaku_015: calls $3
*** FLOP *** [5c Ks Ts]
_Lukaku_015: checks
VolkovDmitri: bets $3
_Lukaku_015: calls $3
*** TURN *** [5c Ks Ts] [Jh]
_Lukaku_015: bets $6
VolkovDmitri: calls $6
*** RIVER *** [5c Ks Ts Jh] [7c]
Apanage joins the table at seat #6
_Lukaku_015: checks
VolkovDmitri: checks
*** SHOW DOWN ***
_Lukaku_015: shows [4c Kh] (a pair of Kings)
VolkovDmitri: mucks hand
_Lukaku_015 collected $29.50 from pot
*** SUMMARY ***
Total pot $30 | Rake $0.50
Board [5c Ks Ts Jh 7c]
Seat 5: _Lukaku_015 (big blind) showed [4c Kh] and won ($29.50) with a pair of Kings
Seat 7: VolkovDmitri (button) (small blind) mucked


