PokerStars Hand #173343080145:  Hold'em Limit ($3/$6 USD) - 2017/07/21 22:17:37 ET
Table 'Kuiper' 6-max Seat #6 is the button
Seat 4: Chessnok ($185.94 in chips)
Seat 6: swesder ($390.04 in chips)
swesder: posts small blind $1
Larooo: is sitting out
Chessnok: posts big blind $3
*** HOLE CARDS ***
Larooo leaves the table
swesder: folds
Uncalled bet ($2) returned to Chessnok
swesder leaves the table
Chessnok collected $2 from pot
Chessnok: doesn't show hand
*** SUMMARY ***
Total pot $2 | Rake $0
Seat 4: Chessnok (big blind) collected ($2)
Seat 6: swesder (button) (small blind) folded before Flop


PokerStars Hand #173343694467:  Hold'em Limit ($3/$6 USD) - 2017/07/21 22:46:28 ET
Table 'Kuiper' 6-max Seat #4 is the button
Seat 3: Elements29 ($120 in chips)
Seat 4: Chessnok ($186.94 in chips)
Chessnok: posts small blind $1
Elements29: posts big blind $3
*** HOLE CARDS ***
Chessnok: raises $3 to $6
Elements29: calls $3
*** FLOP *** [Jc Qc 4h]
Elements29: checks
Chessnok: bets $3
Elements29: folds
Uncalled bet ($3) returned to Chessnok
Chessnok collected $11.76 from pot
Chessnok: doesn't show hand
*** SUMMARY ***
Total pot $12 | Rake $0.24
Board [Jc Qc 4h]
Seat 3: Elements29 (big blind) folded on the Flop
Seat 4: Chessnok (button) (small blind) collected ($11.76)


PokerStars Hand #173343699658:  Hold'em Limit ($3/$6 USD) - 2017/07/21 22:46:43 ET
Table 'Kuiper' 6-max Seat #3 is the button
Seat 3: Elements29 ($114 in chips)
Seat 4: Chessnok ($192.70 in chips)
Elements29: posts small blind $1
Chessnok: posts big blind $3
*** HOLE CARDS ***
sismos404 joins the table at seat #5
Elements29: raises $3 to $6
Chessnok: raises $3 to $9
Elements29: calls $3
*** FLOP *** [3d As 7c]
Chessnok: bets $3
Elements29: folds
Uncalled bet ($3) returned to Chessnok
Chessnok collected $17.64 from pot
Chessnok: doesn't show hand
*** SUMMARY ***
Total pot $18 | Rake $0.36
Board [3d As 7c]
Seat 3: Elements29 (button) (small blind) folded on the Flop
Seat 4: Chessnok (big blind) collected ($17.64)


PokerStars Hand #173343964596:  Hold'em Limit ($3/$6 USD) - 2017/07/21 23:00:00 ET
Table 'Kuiper' 6-max Seat #3 is the button
Seat 3: Elements29 ($85.30 in chips)
Seat 5: sismos404 ($533.88 in chips)
Elements29: posts small blind $1
Chessnok: is sitting out
sismos404: posts big blind $3
*** HOLE CARDS ***
Elements29: raises $3 to $6
sismos404: calls $3
*** FLOP *** [9s 8h 4s]
sismos404: checks
Elements29: checks
*** TURN *** [9s 8h 4s] [8d]
sismos404: checks
Elements29: checks
*** RIVER *** [9s 8h 4s 8d] [8c]
sismos404: bets $6
Elements29: folds
Uncalled bet ($6) returned to sismos404
sismos404 collected $11.76 from pot
*** SUMMARY ***
Total pot $12 | Rake $0.24
Board [9s 8h 4s 8d 8c]
Seat 3: Elements29 (button) (small blind) folded on the River
Seat 5: sismos404 (big blind) collected ($11.76)


PokerStars Hand #173343982623:  Hold'em Limit ($3/$6 USD) - 2017/07/21 23:00:58 ET
Table 'Kuiper' 6-max Seat #3 is the button
Seat 3: Elements29 ($66.30 in chips)
Seat 5: sismos404 ($552.16 in chips)
Elements29: posts small blind $1
sismos404: posts big blind $3
*** HOLE CARDS ***
Elements29: folds
Uncalled bet ($2) returned to sismos404
sismos404 collected $2 from pot
*** SUMMARY ***
Total pot $2 | Rake $0
Seat 3: Elements29 (button) (small blind) folded before Flop
Seat 5: sismos404 (big blind) collected ($2)


PokerStars Hand #173343978496:  Hold'em Limit ($3/$6 USD) - 2017/07/21 23:00:45 ET
Table 'Kuiper' 6-max Seat #5 is the button
Seat 3: Elements29 ($72.30 in chips)
Seat 5: sismos404 ($546.40 in chips)
sismos404: posts small blind $1
Elements29: posts big blind $3
*** HOLE CARDS ***
sismos404: raises $3 to $6
Elements29: calls $3
*** FLOP *** [Qh Th Ks]
Elements29: checks
sismos404: bets $3
Elements29: folds
Uncalled bet ($3) returned to sismos404
sismos404 collected $11.76 from pot
*** SUMMARY ***
Total pot $12 | Rake $0.24
Board [Qh Th Ks]
Seat 3: Elements29 (big blind) folded on the Flop
Seat 5: sismos404 (button) (small blind) collected ($11.76)


PokerStars Hand #173343976445:  Hold'em Limit ($3/$6 USD) - 2017/07/21 23:00:39 ET
Table 'Kuiper' 6-max Seat #3 is the button
Seat 3: Elements29 ($73.30 in chips)
Seat 5: sismos404 ($545.40 in chips)
Elements29: posts small blind $1
sismos404: posts big blind $3
*** HOLE CARDS ***
Elements29: folds
Uncalled bet ($2) returned to sismos404
sismos404 collected $2 from pot
*** SUMMARY ***
Total pot $2 | Rake $0
Seat 3: Elements29 (button) (small blind) folded before Flop
Seat 5: sismos404 (big blind) collected ($2)


PokerStars Hand #173343970057:  Hold'em Limit ($3/$6 USD) - 2017/07/21 23:00:18 ET
Table 'Kuiper' 6-max Seat #5 is the button
Seat 3: Elements29 ($79.30 in chips)
Seat 5: sismos404 ($539.64 in chips)
sismos404: posts small blind $1
Elements29: posts big blind $3
*** HOLE CARDS ***
sismos404: raises $3 to $6
Elements29: calls $3
*** FLOP *** [Kc 6d Jh]
Elements29: checks
sismos404: bets $3
Elements29: folds
Uncalled bet ($3) returned to sismos404
sismos404 collected $11.76 from pot
*** SUMMARY ***
Total pot $12 | Rake $0.24
Board [Kc 6d Jh]
Seat 3: Elements29 (big blind) folded on the Flop
Seat 5: sismos404 (button) (small blind) collected ($11.76)


PokerStars Hand #173343984377:  Hold'em Limit ($3/$6 USD) - 2017/07/21 23:01:04 ET
Table 'Kuiper' 6-max Seat #5 is the button
Seat 3: Elements29 ($65.30 in chips)
Seat 5: sismos404 ($553.16 in chips)
sismos404: posts small blind $1
Elements29: posts big blind $3
*** HOLE CARDS ***
sismos404: raises $3 to $6
Elements29: raises $3 to $9
sismos404: raises $3 to $12
Betting is capped
Elements29: calls $3
*** FLOP *** [5c Js 3c]
Elements29: checks
sismos404: bets $3
Elements29: raises $3 to $6
sismos404: calls $3
*** TURN *** [5c Js 3c] [2d]
Elements29: bets $6
sismos404: calls $6
*** RIVER *** [5c Js 3c 2d] [Ad]
Elements29: bets $6
sismos404: calls $6
*** SHOW DOWN ***
Elements29: shows [Tc 7s] (high card Ace)
sismos404: shows [Ks Ac] (a pair of Aces)
sismos404 collected $59.50 from pot
*** SUMMARY ***
Total pot $60 | Rake $0.50
Board [5c Js 3c 2d Ad]
Seat 3: Elements29 (big blind) showed [Tc 7s] and lost with high card Ace
Seat 5: sismos404 (button) (small blind) showed [Ks Ac] and won ($59.50) with a pair of Aces


PokerStars Hand #173344008267:  Hold'em Limit ($3/$6 USD) - 2017/07/21 23:02:18 ET
Table 'Kuiper' 6-max Seat #5 is the button
Seat 3: Elements29 ($120 in chips)
Seat 5: sismos404 ($617.46 in chips)
sismos404: posts small blind $1
Elements29: posts big blind $3
*** HOLE CARDS ***
sismos404: folds
Uncalled bet ($2) returned to Elements29
Bonkman05 joins the table at seat #6
Elements29 collected $2 from pot
Elements29: doesn't show hand
*** SUMMARY ***
Total pot $2 | Rake $0
Seat 3: Elements29 (big blind) collected ($2)
Seat 5: sismos404 (button) (small blind) folded before Flop


PokerStars Hand #173344006478:  Hold'em Limit ($3/$6 USD) - 2017/07/21 23:02:12 ET
Table 'Kuiper' 6-max Seat #3 is the button
Seat 3: Elements29 ($121 in chips)
Seat 5: sismos404 ($616.46 in chips)
Elements29: posts small blind $1
sismos404: posts big blind $3
*** HOLE CARDS ***
Elements29: folds
Uncalled bet ($2) returned to sismos404
sismos404 collected $2 from pot
*** SUMMARY ***
Total pot $2 | Rake $0
Seat 3: Elements29 (button) (small blind) folded before Flop
Seat 5: sismos404 (big blind) collected ($2)


PokerStars Hand #173344004067:  Hold'em Limit ($3/$6 USD) - 2017/07/21 23:02:04 ET
Table 'Kuiper' 6-max Seat #5 is the button
Seat 3: Elements29 ($120 in chips)
Seat 5: sismos404 ($617.46 in chips)
sismos404: posts small blind $1
Elements29: posts big blind $3
*** HOLE CARDS ***
sismos404: folds
Uncalled bet ($2) returned to Elements29
Elements29 collected $2 from pot
Elements29: doesn't show hand
*** SUMMARY ***
Total pot $2 | Rake $0
Seat 3: Elements29 (big blind) collected ($2)
Seat 5: sismos404 (button) (small blind) folded before Flop


PokerStars Hand #173343992203:  Hold'em Limit ($3/$6 USD) - 2017/07/21 23:01:28 ET
Table 'Kuiper' 6-max Seat #3 is the button
Seat 3: Elements29 ($35.30 in chips)
Seat 5: sismos404 ($582.66 in chips)
Elements29: posts small blind $1
sismos404: posts big blind $3
*** HOLE CARDS ***
Elements29: raises $3 to $6
sismos404: raises $3 to $9
Elements29: raises $3 to $12
Betting is capped
sismos404: calls $3
*** FLOP *** [7s Qs Qh]
sismos404: bets $3
Elements29: raises $3 to $6
sismos404: raises $3 to $9
Elements29: raises $3 to $12
Betting is capped
sismos404: calls $3
*** TURN *** [7s Qs Qh] [Kc]
sismos404: bets $6
Elements29: raises $5.30 to $11.30 and is all-in
sismos404: calls $5.30
*** RIVER *** [7s Qs Qh Kc] [6s]
*** SHOW DOWN ***
sismos404: shows [9s Kh] (two pair, Kings and Queens)
Elements29: shows [2d 2c] (two pair, Queens and Deuces)
sismos404 collected $70.10 from pot
*** SUMMARY ***
Total pot $70.60 | Rake $0.50
Board [7s Qs Qh Kc 6s]
Seat 3: Elements29 (button) (small blind) showed [2d 2c] and lost with two pair, Queens and Deuces
Seat 5: sismos404 (big blind) showed [9s Kh] and won ($70.10) with two pair, Kings and Queens


PokerStars Hand #173344010481:  Hold'em Limit ($3/$6 USD) - 2017/07/21 23:02:25 ET
Table 'Kuiper' 6-max Seat #3 is the button
Seat 3: Elements29 ($121 in chips)
Seat 5: sismos404 ($616.46 in chips)
Elements29: posts small blind $1
sismos404: posts big blind $3
*** HOLE CARDS ***
Elements29: raises $3 to $6
sismos404: calls $3
*** FLOP *** [Js Tc Th]
sismos404: checks
Elements29: bets $3
sismos404: folds
Uncalled bet ($3) returned to Elements29
Elements29 collected $11.76 from pot
Elements29: doesn't show hand
*** SUMMARY ***
Total pot $12 | Rake $0.24
Board [Js Tc Th]
Seat 3: Elements29 (button) (small blind) collected ($11.76)
Seat 5: sismos404 (big blind) folded on the Flop


PokerStars Hand #173344131850:  Hold'em Limit ($3/$6 USD) - 2017/07/21 23:08:36 ET
Table 'Kuiper' 6-max Seat #6 is the button
Seat 3: Elements29 ($131.57 in chips)
Seat 6: Bonkman05 ($45.61 in chips)
Bonkman05: posts small blind $1
Elements29: posts big blind $3
*** HOLE CARDS ***
Bonkman05: raises $3 to $6
Elements29: calls $3
*** FLOP *** [Qd 5c Jc]
Elements29: checks
Bonkman05: bets $3
Elements29: raises $3 to $6
Bonkman05: folds
Uncalled bet ($3) returned to Elements29
Elements29 collected $17.64 from pot
*** SUMMARY ***
Total pot $18 | Rake $0.36
Board [Qd 5c Jc]
Seat 3: Elements29 (big blind) collected ($17.64)
Seat 6: Bonkman05 (button) (small blind) folded on the Flop


PokerStars Hand #173344159321:  Hold'em Limit ($3/$6 USD) - 2017/07/21 23:10:03 ET
Table 'Kuiper' 6-max Seat #6 is the button
Seat 3: Elements29 ($139.21 in chips)
Seat 6: Bonkman05 ($37.61 in chips)
Bonkman05: posts small blind $1
Elements29: posts big blind $3
*** HOLE CARDS ***
Bonkman05: raises $3 to $6
Elements29: calls $3
*** FLOP *** [Jh 3c 5h]
Elements29: checks
Bonkman05: bets $3
Elements29: folds
Uncalled bet ($3) returned to Bonkman05
Bonkman05 collected $11.76 from pot
Bonkman05: doesn't show hand
*** SUMMARY ***
Total pot $12 | Rake $0.24
Board [Jh 3c 5h]
Seat 3: Elements29 (big blind) folded on the Flop
Seat 6: Bonkman05 (button) (small blind) collected ($11.76)


PokerStars Hand #173344156933:  Hold'em Limit ($3/$6 USD) - 2017/07/21 23:09:56 ET
Table 'Kuiper' 6-max Seat #3 is the button
Seat 3: Elements29 ($140.21 in chips)
Seat 6: Bonkman05 ($36.61 in chips)
Elements29: posts small blind $1
Bonkman05: posts big blind $3
*** HOLE CARDS ***
Elements29: folds
Uncalled bet ($2) returned to Bonkman05
Bonkman05 collected $2 from pot
Bonkman05: doesn't show hand
*** SUMMARY ***
Total pot $2 | Rake $0
Seat 3: Elements29 (button) (small blind) folded before Flop
Seat 6: Bonkman05 (big blind) collected ($2)


PokerStars Hand #173344151405:  Hold'em Limit ($3/$6 USD) - 2017/07/21 23:09:38 ET
Table 'Kuiper' 6-max Seat #6 is the button
Seat 3: Elements29 ($139.21 in chips)
Seat 6: Bonkman05 ($37.61 in chips)
Bonkman05: posts small blind $1
Elements29: posts big blind $3
*** HOLE CARDS ***
Bonkman05: folds
Uncalled bet ($2) returned to Elements29
Elements29 collected $2 from pot
*** SUMMARY ***
Total pot $2 | Rake $0
Seat 3: Elements29 (big blind) collected ($2)
Seat 6: Bonkman05 (button) (small blind) folded before Flop


PokerStars Hand #173344149466:  Hold'em Limit ($3/$6 USD) - 2017/07/21 23:09:32 ET
Table 'Kuiper' 6-max Seat #3 is the button
Seat 3: Elements29 ($140.21 in chips)
Seat 6: Bonkman05 ($36.61 in chips)
Elements29: posts small blind $1
Bonkman05: posts big blind $3
*** HOLE CARDS ***
Elements29: folds
Uncalled bet ($2) returned to Bonkman05
Bonkman05 collected $2 from pot
Bonkman05: doesn't show hand
*** SUMMARY ***
Total pot $2 | Rake $0
Seat 3: Elements29 (button) (small blind) folded before Flop
Seat 6: Bonkman05 (big blind) collected ($2)


PokerStars Hand #173344173892:  Hold'em Limit ($3/$6 USD) - 2017/07/21 23:10:49 ET
Table 'Kuiper' 6-max Seat #6 is the button
Seat 3: Elements29 ($138.97 in chips)
Seat 6: Bonkman05 ($37.37 in chips)
Bonkman05: posts small blind $1
Elements29: posts big blind $3
*** HOLE CARDS ***
Bonkman05: raises $3 to $6
Elements29: raises $3 to $9
Bonkman05: raises $3 to $12
Betting is capped
Elements29: calls $3
*** FLOP *** [4d 9h Kd]
Elements29: checks
Bonkman05: bets $3
Elements29: calls $3
*** TURN *** [4d 9h Kd] [4s]
Elements29: checks
Bonkman05: bets $6
Elements29: calls $6
*** RIVER *** [4d 9h Kd 4s] [Qh]
Elements29: checks
Bonkman05: bets $6
Elements29: calls $6
*** SHOW DOWN ***
Bonkman05: shows [Kc Jd] (two pair, Kings and Fours)
Elements29: mucks hand
Bonkman05 collected $53.50 from pot
*** SUMMARY ***
Total pot $54 | Rake $0.50
Board [4d 9h Kd 4s Qh]
Seat 3: Elements29 (big blind) mucked
Seat 6: Bonkman05 (button) (small blind) showed [Kc Jd] and won ($53.50) with two pair, Kings and Fours


PokerStars Hand #173344166887:  Hold'em Limit ($3/$6 USD) - 2017/07/21 23:10:27 ET
Table 'Kuiper' 6-max Seat #3 is the button
Seat 3: Elements29 ($133.21 in chips)
Seat 6: Bonkman05 ($43.37 in chips)
Elements29: posts small blind $1
Bonkman05: posts big blind $3
*** HOLE CARDS ***
Elements29: raises $3 to $6
Bonkman05: calls $3
*** FLOP *** [Td 3c 9d]
Bonkman05: checks
Elements29: bets $3
Bonkman05: folds
Uncalled bet ($3) returned to Elements29
Elements29 collected $11.76 from pot
*** SUMMARY ***
Total pot $12 | Rake $0.24
Board [Td 3c 9d]
Seat 3: Elements29 (button) (small blind) collected ($11.76)
Seat 6: Bonkman05 (big blind) folded on the Flop


PokerStars Hand #173344187053:  Hold'em Limit ($3/$6 USD) - 2017/07/21 23:11:31 ET
Table 'Kuiper' 6-max Seat #3 is the button
Seat 3: Elements29 ($111.97 in chips)
Seat 6: Bonkman05 ($63.87 in chips)
Elements29: posts small blind $1
Bonkman05: posts big blind $3
*** HOLE CARDS ***
Elements29: raises $3 to $6
Bonkman05: calls $3
*** FLOP *** [Qc 5c 9s]
Bonkman05: checks
Elements29: bets $3
Bonkman05: calls $3
*** TURN *** [Qc 5c 9s] [9d]
Bonkman05: checks
Elements29: bets $6
Bonkman05: raises $6 to $12
fire852181 joins the table at seat #1
Elements29: calls $6
*** RIVER *** [Qc 5c 9s 9d] [As]
Bonkman05: bets $6
Elements29: folds
Uncalled bet ($6) returned to Bonkman05
Bonkman05 collected $41.50 from pot
Bonkman05: doesn't show hand
*** SUMMARY ***
Total pot $42 | Rake $0.50
Board [Qc 5c 9s 9d As]
Seat 3: Elements29 (button) (small blind) folded on the River
Seat 6: Bonkman05 (big blind) collected ($41.50)


PokerStars Hand #173346517037:  Hold'em Limit ($3/$6 USD) - 2017/07/22 1:29:29 ET
Table 'Kuiper' 6-max Seat #1 is the button
Seat 1: krossguard ($88 in chips)
Seat 4: habari786 ($69.50 in chips)
krossguard: posts small blind $1
habari786: posts big blind $3
*** HOLE CARDS ***
krossguard: raises $3 to $6
habari786: raises $3 to $9
krossguard: calls $3
*** FLOP *** [5s 5d 3c]
habari786: bets $3
krossguard: calls $3
*** TURN *** [5s 5d 3c] [9d]
habari786: bets $6
krossguard: folds
Uncalled bet ($6) returned to habari786
habari786 collected $23.52 from pot
habari786: doesn't show hand
*** SUMMARY ***
Total pot $24 | Rake $0.48
Board [5s 5d 3c 9d]
Seat 1: krossguard (button) (small blind) folded on the Turn
Seat 4: habari786 (big blind) collected ($23.52)


PokerStars Hand #173346515115:  Hold'em Limit ($3/$6 USD) - 2017/07/22 1:29:22 ET
Table 'Kuiper' 6-max Seat #4 is the button
Seat 1: krossguard ($87 in chips)
Seat 4: habari786 ($70.50 in chips)
habari786: posts small blind $1
krossguard: posts big blind $3
*** HOLE CARDS ***
habari786: folds
Uncalled bet ($2) returned to krossguard
krossguard collected $2 from pot
krossguard: doesn't show hand
*** SUMMARY ***
Total pot $2 | Rake $0
Seat 1: krossguard (big blind) collected ($2)
Seat 4: habari786 (button) (small blind) folded before Flop


