PokerStars Hand #147127427268:  Hold'em Limit ($3/$6 USD) - 2016/01/16 7:02:14 ET
Table 'Kundry' 2-max Seat #1 is the button
Seat 1: Kostetikus ($76 in chips)
Seat 2: Alex119387 ($295 in chips)
Kostetikus: posts small blind $1
Alex119387: posts big blind $3
*** HOLE CARDS ***
Kostetikus: raises $3 to $6
Alex119387: raises $3 to $9
Kostetikus: calls $3
*** FLOP *** [2s Ad 7d]
Alex119387: bets $3
Kostetikus: calls $3
*** TURN *** [2s Ad 7d] [5s]
Alex119387: bets $6
Kostetikus: raises $6 to $12
Alex119387: calls $6
*** RIVER *** [2s Ad 7d 5s] [6d]
Alex119387: checks
Kostetikus: bets $6
Alex119387: calls $6
*** SHOW DOWN ***
Kostetikus: shows [Ac 5h] (two pair, Aces and Fives)
Alex119387: mucks hand
Kostetikus collected $59.50 from pot
*** SUMMARY ***
Total pot $60 | Rake $0.50
Board [2s Ad 7d 5s 6d]
Seat 1: Kostetikus (button) (small blind) showed [Ac 5h] and won ($59.50) with two pair, Aces and Fives
Seat 2: Alex119387 (big blind) mucked


PokerStars Hand #147127456517:  Hold'em Limit ($3/$6 USD) - 2016/01/16 7:03:03 ET
Table 'Kundry' 2-max Seat #1 is the button
Seat 1: Kostetikus ($129.76 in chips)
Seat 2: Alex119387 ($240 in chips)
Kostetikus: posts small blind $1
Alex119387: posts big blind $3
*** HOLE CARDS ***
Kostetikus: raises $3 to $6
Alex119387: calls $3
*** FLOP *** [As Kd 9d]
Alex119387: checks
Kostetikus: bets $3
Alex119387: calls $3
*** TURN *** [As Kd 9d] [Ad]
Alex119387: checks
Kostetikus: checks
*** RIVER *** [As Kd 9d Ad] [2s]
Alex119387: bets $6
Kostetikus: folds
Uncalled bet ($6) returned to Alex119387
Alex119387 collected $17.64 from pot
Alex119387: doesn't show hand
*** SUMMARY ***
Total pot $18 | Rake $0.36
Board [As Kd 9d Ad 2s]
Seat 1: Kostetikus (button) (small blind) folded on the River
Seat 2: Alex119387 (big blind) collected ($17.64)


PokerStars Hand #147127454003:  Hold'em Limit ($3/$6 USD) - 2016/01/16 7:02:59 ET
Table 'Kundry' 2-max Seat #2 is the button
Seat 1: Kostetikus ($128.76 in chips)
Seat 2: Alex119387 ($241 in chips)
Alex119387: posts small blind $1
Kostetikus: posts big blind $3
*** HOLE CARDS ***
Alex119387: folds
Uncalled bet ($2) returned to Kostetikus
Kostetikus collected $2 from pot
Kostetikus: doesn't show hand
*** SUMMARY ***
Total pot $2 | Rake $0
Seat 1: Kostetikus (big blind) collected ($2)
Seat 2: Alex119387 (button) (small blind) folded before Flop


PokerStars Hand #147127448889:  Hold'em Limit ($3/$6 USD) - 2016/01/16 7:02:50 ET
Table 'Kundry' 2-max Seat #1 is the button
Seat 1: Kostetikus ($123 in chips)
Seat 2: Alex119387 ($247 in chips)
Kostetikus: posts small blind $1
Alex119387: posts big blind $3
*** HOLE CARDS ***
Kostetikus: raises $3 to $6
Alex119387: calls $3
*** FLOP *** [Th Td 8h]
Alex119387: checks
Kostetikus: bets $3
Alex119387: folds
Uncalled bet ($3) returned to Kostetikus
Kostetikus collected $11.76 from pot
Kostetikus: doesn't show hand
*** SUMMARY ***
Total pot $12 | Rake $0.24
Board [Th Td 8h]
Seat 1: Kostetikus (button) (small blind) collected ($11.76)
Seat 2: Alex119387 (big blind) folded on the Flop


PokerStars Hand #147127439268:  Hold'em Limit ($3/$6 USD) - 2016/01/16 7:02:35 ET
Table 'Kundry' 2-max Seat #2 is the button
Seat 1: Kostetikus ($105.50 in chips)
Seat 2: Alex119387 ($265 in chips)
Alex119387: posts small blind $1
Kostetikus: posts big blind $3
*** HOLE CARDS ***
Alex119387: raises $3 to $6
Kostetikus: calls $3
*** FLOP *** [9c Kd 5d]
Kostetikus: checks
Alex119387: bets $3
Kostetikus: raises $3 to $6
Alex119387: calls $3
*** TURN *** [9c Kd 5d] [Qh]
Kostetikus: bets $6
Alex119387: calls $6
*** RIVER *** [9c Kd 5d Qh] [Tc]
Kostetikus: checks
Alex119387: checks
*** SHOW DOWN ***
Kostetikus: shows [2c Ks] (a pair of Kings)
Alex119387: mucks hand
Kostetikus collected $35.50 from pot
*** SUMMARY ***
Total pot $36 | Rake $0.50
Board [9c Kd 5d Qh Tc]
Seat 1: Kostetikus (big blind) showed [2c Ks] and won ($35.50) with a pair of Kings
Seat 2: Alex119387 (button) (small blind) mucked


PokerStars Hand #147127505365:  Hold'em Limit ($3/$6 USD) - 2016/01/16 7:04:22 ET
Table 'Kundry' 2-max Seat #1 is the button
Seat 1: Kostetikus ($115.40 in chips)
Seat 2: Alex119387 ($253.14 in chips)
Kostetikus: posts small blind $1
Alex119387: posts big blind $3
*** HOLE CARDS ***
Kostetikus: folds
Uncalled bet ($2) returned to Alex119387
Alex119387 collected $2 from pot
Alex119387: doesn't show hand
*** SUMMARY ***
Total pot $2 | Rake $0
Seat 1: Kostetikus (button) (small blind) folded before Flop
Seat 2: Alex119387 (big blind) collected ($2)


PokerStars Hand #147127502755:  Hold'em Limit ($3/$6 USD) - 2016/01/16 7:04:18 ET
Table 'Kundry' 2-max Seat #2 is the button
Seat 1: Kostetikus ($114.40 in chips)
Seat 2: Alex119387 ($254.14 in chips)
Alex119387: posts small blind $1
Kostetikus: posts big blind $3
*** HOLE CARDS ***
Alex119387: folds
Uncalled bet ($2) returned to Kostetikus
Kostetikus collected $2 from pot
Kostetikus: doesn't show hand
*** SUMMARY ***
Total pot $2 | Rake $0
Seat 1: Kostetikus (big blind) collected ($2)
Seat 2: Alex119387 (button) (small blind) folded before Flop


PokerStars Hand #147127493771:  Hold'em Limit ($3/$6 USD) - 2016/01/16 7:04:03 ET
Table 'Kundry' 2-max Seat #1 is the button
Seat 1: Kostetikus ($105.76 in chips)
Seat 2: Alex119387 ($263.14 in chips)
Kostetikus: posts small blind $1
Alex119387: posts big blind $3
*** HOLE CARDS ***
Kostetikus: raises $3 to $6
Alex119387: calls $3
*** FLOP *** [8h Js 2d]
Alex119387: checks
Kostetikus: bets $3
Alex119387: calls $3
*** TURN *** [8h Js 2d] [2c]
Alex119387: checks
Kostetikus: bets $6
Alex119387: folds
Uncalled bet ($6) returned to Kostetikus
Kostetikus collected $17.64 from pot
Kostetikus: doesn't show hand
*** SUMMARY ***
Total pot $18 | Rake $0.36
Board [8h Js 2d 2c]
Seat 1: Kostetikus (button) (small blind) collected ($17.64)
Seat 2: Alex119387 (big blind) folded on the Turn


PokerStars Hand #147127465484:  Hold'em Limit ($3/$6 USD) - 2016/01/16 7:03:17 ET
Table 'Kundry' 2-max Seat #2 is the button
Seat 1: Kostetikus ($120.76 in chips)
Seat 2: Alex119387 ($248.64 in chips)
Alex119387: posts small blind $1
Kostetikus: posts big blind $3
*** HOLE CARDS ***
Alex119387: calls $2
Kostetikus: checks
*** FLOP *** [9h 5d 4s]
Kostetikus: bets $3
Alex119387: raises $3 to $6
Kostetikus: calls $3
*** TURN *** [9h 5d 4s] [Td]
Kostetikus: checks
Alex119387: bets $6
Kostetikus: calls $6
*** RIVER *** [9h 5d 4s Td] [6s]
Kostetikus: checks
Alex119387: checks
*** SHOW DOWN ***
Kostetikus: shows [3c 4h] (a pair of Fours)
Alex119387: shows [7s 6c] (a pair of Sixes)
Alex119387 collected $29.50 from pot
*** SUMMARY ***
Total pot $30 | Rake $0.50
Board [9h 5d 4s Td 6s]
Seat 1: Kostetikus (big blind) showed [3c 4h] and lost with a pair of Fours
Seat 2: Alex119387 (button) (small blind) showed [7s 6c] and won ($29.50) with a pair of Sixes


PokerStars Hand #147127546210:  Hold'em Limit ($3/$6 USD) - 2016/01/16 7:05:28 ET
Table 'Kundry' 2-max Seat #1 is the button
Seat 1: Kostetikus ($107.80 in chips)
Seat 2: Alex119387 ($259.42 in chips)
Kostetikus: posts small blind $1
Alex119387: posts big blind $3
*** HOLE CARDS ***
Kostetikus: raises $3 to $6
Alex119387: folds
Uncalled bet ($3) returned to Kostetikus
Kostetikus collected $6 from pot
Kostetikus: doesn't show hand
*** SUMMARY ***
Total pot $6 | Rake $0
Seat 1: Kostetikus (button) (small blind) collected ($6)
Seat 2: Alex119387 (big blind) folded before Flop


PokerStars Hand #147127539326:  Hold'em Limit ($3/$6 USD) - 2016/01/16 7:05:17 ET
Table 'Kundry' 2-max Seat #2 is the button
Seat 1: Kostetikus ($113.80 in chips)
Seat 2: Alex119387 ($253.66 in chips)
Alex119387: posts small blind $1
Kostetikus: posts big blind $3
*** HOLE CARDS ***
Alex119387: raises $3 to $6
Kostetikus: calls $3
*** FLOP *** [Ks 4c Th]
Kostetikus: checks
Alex119387: bets $3
Kostetikus: folds
Uncalled bet ($3) returned to Alex119387
Alex119387 collected $11.76 from pot
Alex119387: doesn't show hand
*** SUMMARY ***
Total pot $12 | Rake $0.24
Board [Ks 4c Th]
Seat 1: Kostetikus (big blind) folded on the Flop
Seat 2: Alex119387 (button) (small blind) collected ($11.76)


PokerStars Hand #147127530300:  Hold'em Limit ($3/$6 USD) - 2016/01/16 7:05:03 ET
Table 'Kundry' 2-max Seat #1 is the button
Seat 1: Kostetikus ($125.80 in chips)
Seat 2: Alex119387 ($242.14 in chips)
Kostetikus: posts small blind $1
Alex119387: posts big blind $3
*** HOLE CARDS ***
Kostetikus: raises $3 to $6
Alex119387: raises $3 to $9
Kostetikus: calls $3
*** FLOP *** [2h Ad 9c]
Alex119387: checks
Kostetikus: bets $3
Alex119387: raises $3 to $6
Kostetikus: folds
Uncalled bet ($3) returned to Alex119387
Alex119387 collected $23.52 from pot
Alex119387: doesn't show hand
*** SUMMARY ***
Total pot $24 | Rake $0.48
Board [2h Ad 9c]
Seat 1: Kostetikus (button) (small blind) folded on the Flop
Seat 2: Alex119387 (big blind) collected ($23.52)


PokerStars Hand #147127523389:  Hold'em Limit ($3/$6 USD) - 2016/01/16 7:04:51 ET
Table 'Kundry' 2-max Seat #2 is the button
Seat 1: Kostetikus ($128.80 in chips)
Seat 2: Alex119387 ($239.14 in chips)
Alex119387: posts small blind $1
Kostetikus: posts big blind $3
*** HOLE CARDS ***
Alex119387: raises $3 to $6
Kostetikus: folds
Uncalled bet ($3) returned to Alex119387
Alex119387 collected $6 from pot
Alex119387: doesn't show hand
*** SUMMARY ***
Total pot $6 | Rake $0
Seat 1: Kostetikus (big blind) folded before Flop
Seat 2: Alex119387 (button) (small blind) collected ($6)


PokerStars Hand #147127517346:  Hold'em Limit ($3/$6 USD) - 2016/01/16 7:04:42 ET
Table 'Kundry' 2-max Seat #1 is the button
Seat 1: Kostetikus ($123.04 in chips)
Seat 2: Alex119387 ($245.14 in chips)
Kostetikus: posts small blind $1
Alex119387: posts big blind $3
*** HOLE CARDS ***
Kostetikus: raises $3 to $6
Alex119387: calls $3
*** FLOP *** [Th Ad 6s]
Alex119387: checks
Kostetikus: bets $3
Alex119387: folds
Uncalled bet ($3) returned to Kostetikus
Kostetikus collected $11.76 from pot
Kostetikus: doesn't show hand
*** SUMMARY ***
Total pot $12 | Rake $0.24
Board [Th Ad 6s]
Seat 1: Kostetikus (button) (small blind) collected ($11.76)
Seat 2: Alex119387 (big blind) folded on the Flop


PokerStars Hand #147127576587:  Hold'em Limit ($3/$6 USD) - 2016/01/16 7:06:16 ET
Table 'Kundry' 2-max Seat #2 is the button
Seat 1: Kostetikus ($125.30 in chips)
Seat 2: Alex119387 ($241.42 in chips)
Alex119387: posts small blind $1
Kostetikus: posts big blind $3
*** HOLE CARDS ***
Alex119387: folds
Uncalled bet ($2) returned to Kostetikus
Kostetikus collected $2 from pot
Kostetikus: doesn't show hand
*** SUMMARY ***
Total pot $2 | Rake $0
Seat 1: Kostetikus (big blind) collected ($2)
Seat 2: Alex119387 (button) (small blind) folded before Flop


PokerStars Hand #147127563600:  Hold'em Limit ($3/$6 USD) - 2016/01/16 7:05:56 ET
Table 'Kundry' 2-max Seat #1 is the button
Seat 1: Kostetikus ($107.80 in chips)
Seat 2: Alex119387 ($259.42 in chips)
Kostetikus: posts small blind $1
Alex119387: posts big blind $3
*** HOLE CARDS ***
Kostetikus: raises $3 to $6
Alex119387: raises $3 to $9
Kostetikus: calls $3
*** FLOP *** [Qh 4d 4c]
Alex119387: checks
Kostetikus: bets $3
Alex119387: calls $3
*** TURN *** [Qh 4d 4c] [7d]
Alex119387: checks
Kostetikus: bets $6
Alex119387: calls $6
*** RIVER *** [Qh 4d 4c 7d] [2c]
Alex119387: checks
Kostetikus: bets $6
Alex119387: folds
Uncalled bet ($6) returned to Kostetikus
Kostetikus collected $35.50 from pot
Kostetikus: doesn't show hand
*** SUMMARY ***
Total pot $36 | Rake $0.50
Board [Qh 4d 4c 7d 2c]
Seat 1: Kostetikus (button) (small blind) collected ($35.50)
Seat 2: Alex119387 (big blind) folded on the River


PokerStars Hand #147127556020:  Hold'em Limit ($3/$6 USD) - 2016/01/16 7:05:43 ET
Table 'Kundry' 2-max Seat #2 is the button
Seat 1: Kostetikus ($110.80 in chips)
Seat 2: Alex119387 ($256.42 in chips)
Alex119387: posts small blind $1
Kostetikus: posts big blind $3
*** HOLE CARDS ***
Alex119387: raises $3 to $6
Kostetikus: folds
Uncalled bet ($3) returned to Alex119387
Alex119387 collected $6 from pot
Alex119387: doesn't show hand
*** SUMMARY ***
Total pot $6 | Rake $0
Seat 1: Kostetikus (big blind) folded before Flop
Seat 2: Alex119387 (button) (small blind) collected ($6)


PokerStars Hand #147127549262:  Hold'em Limit ($3/$6 USD) - 2016/01/16 7:05:33 ET
Table 'Kundry' 2-max Seat #2 is the button
Seat 1: Kostetikus ($110.80 in chips)
Seat 2: Alex119387 ($256.42 in chips)
Alex119387: posts small blind $1
Kostetikus: posts big blind $3
*** HOLE CARDS ***
Alex119387: raises $3 to $6
Kostetikus: folds
Uncalled bet ($3) returned to Alex119387
Alex119387 collected $6 from pot
Alex119387: doesn't show hand
*** SUMMARY ***
Total pot $6 | Rake $0
Seat 1: Kostetikus (big blind) folded before Flop
Seat 2: Alex119387 (button) (small blind) collected ($6)


PokerStars Hand #147127579158:  Hold'em Limit ($3/$6 USD) - 2016/01/16 7:06:20 ET
Table 'Kundry' 2-max Seat #1 is the button
Seat 1: Kostetikus ($126.30 in chips)
Seat 2: Alex119387 ($240.42 in chips)
Kostetikus: posts small blind $1
Alex119387: posts big blind $3
*** HOLE CARDS ***
Kostetikus: raises $3 to $6
Alex119387: calls $3
*** FLOP *** [5s 4s 6d]
Alex119387: checks
Kostetikus: bets $3
Alex119387: raises $3 to $6
Kostetikus: calls $3
*** TURN *** [5s 4s 6d] [2s]
Alex119387: checks
Kostetikus: checks
*** RIVER *** [5s 4s 6d 2s] [Td]
Alex119387: bets $6
Kostetikus: calls $6
*** SHOW DOWN ***
Alex119387: shows [Tc 5c] (two pair, Tens and Fives)
Kostetikus: mucks hand
Alex119387 collected $35.50 from pot
*** SUMMARY ***
Total pot $36 | Rake $0.50
Board [5s 4s 6d 2s Td]
Seat 1: Kostetikus (button) (small blind) mucked
Seat 2: Alex119387 (big blind) showed [Tc 5c] and won ($35.50) with two pair, Tens and Fives


