PokerStars Hand #146279724944:  Hold'em Limit ($3/$6 USD) - 2016/01/01 12:52:01 ET
Table 'Kundry II' 6-max Seat #3 is the button
Seat 3: Vesslan58 ($72 in chips)
Seat 4: Azrarn ($72 in chips)
Vesslan58: posts small blind $1
Azrarn: posts big blind $3
*** HOLE CARDS ***
Vesslan58: calls $2
Azrarn: checks
*** FLOP *** [8d 3c 5s]
Azrarn: checks
Vesslan58: bets $3
Azrarn: calls $3
*** TURN *** [8d 3c 5s] [Th]
Azrarn: checks
Vesslan58: bets $6
Azrarn: folds
Uncalled bet ($6) returned to Vesslan58
Vesslan58 collected $11.76 from pot
Vesslan58: doesn't show hand
*** SUMMARY ***
Total pot $12 | Rake $0.24
Board [8d 3c 5s Th]
Seat 3: Vesslan58 (button) (small blind) collected ($11.76)
Seat 4: Azrarn (big blind) folded on the Turn


PokerStars Hand #146279755581:  Hold'em Limit ($3/$6 USD) - 2016/01/01 12:52:33 ET
Table 'Kundry II' 6-max Seat #4 is the button
Seat 3: Vesslan58 ($77.76 in chips)
Seat 4: Azrarn ($72 in chips)
Azrarn: posts small blind $1
Vesslan58: posts big blind $3
*** HOLE CARDS ***
Azrarn: raises $3 to $6
Vesslan58: calls $3
*** FLOP *** [3d 3h Ac]
Vesslan58: checks
Azrarn: bets $3
Vesslan58: calls $3
*** TURN *** [3d 3h Ac] [Th]
Vesslan58: checks
Azrarn: checks
*** RIVER *** [3d 3h Ac Th] [7d]
Vesslan58: checks
Azrarn: bets $6
Vesslan58: folds
Uncalled bet ($6) returned to Azrarn
Azrarn collected $17.64 from pot
Azrarn: doesn't show hand
*** SUMMARY ***
Total pot $18 | Rake $0.36
Board [3d 3h Ac Th 7d]
Seat 3: Vesslan58 (big blind) folded on the River
Seat 4: Azrarn (button) (small blind) collected ($17.64)


PokerStars Hand #146279800979:  Hold'em Limit ($3/$6 USD) - 2016/01/01 12:53:20 ET
Table 'Kundry II' 6-max Seat #3 is the button
Seat 3: Vesslan58 ($68.76 in chips)
Seat 4: Azrarn ($80.64 in chips)
Vesslan58: posts small blind $1
Azrarn: posts big blind $3
*** HOLE CARDS ***
Vesslan58: raises $3 to $6
Zubasa07 joins the table at seat #5
Azrarn: calls $3
*** FLOP *** [5s 2h 7h]
Azrarn: checks
Vesslan58: checks
*** TURN *** [5s 2h 7h] [7s]
Azrarn: checks
Vesslan58: bets $6
Azrarn: folds
Uncalled bet ($6) returned to Vesslan58
Vesslan58 collected $11.76 from pot
Vesslan58: doesn't show hand
*** SUMMARY ***
Total pot $12 | Rake $0.24
Board [5s 2h 7h 7s]
Seat 3: Vesslan58 (button) (small blind) collected ($11.76)
Seat 4: Azrarn (big blind) folded on the Turn


PokerStars Hand #146280350088:  Hold'em Limit ($3/$6 USD) - 2016/01/01 13:03:59 ET
Table 'Kundry II' 6-max Seat #3 is the button
Seat 3: italianhero4 ($85.38 in chips)
Seat 6: mr.Bunduki ($41.72 in chips)
italianhero4: posts small blind $1
Azrarn: is sitting out
Zubasa07: is sitting out
mr.Bunduki: posts big blind $3
*** HOLE CARDS ***
italianhero4: raises $3 to $6
Zubasa07 leaves the table
mr.Bunduki: folds
Uncalled bet ($3) returned to italianhero4
italianhero4 collected $6 from pot
Azrarn leaves the table
*** SUMMARY ***
Total pot $6 | Rake $0
Seat 3: italianhero4 (button) (small blind) collected ($6)
Seat 6: mr.Bunduki (big blind) folded before Flop


