PokerStars Hand #160940013126:  Hold'em Limit ($3/$6 USD) - 2016/11/05 11:48:39 ET
Table 'Kundry II' 6-max Seat #3 is the button
Seat 1: Auge72 ($77 in chips)
Seat 3: sim5sim5 ($73 in chips)
sim5sim5: posts small blind $1
Auge72: posts big blind $3
*** HOLE CARDS ***
sim5sim5: raises $3 to $6
Auge72: folds
Uncalled bet ($3) returned to sim5sim5
sim5sim5 collected $6 from pot
sim5sim5: doesn't show hand
*** SUMMARY ***
Total pot $6 | Rake $0
Seat 1: Auge72 (big blind) folded before Flop
Seat 3: sim5sim5 (button) (small blind) collected ($6)


PokerStars Hand #160940018249:  Hold'em Limit ($3/$6 USD) - 2016/11/05 11:48:46 ET
Table 'Kundry II' 6-max Seat #1 is the button
Seat 1: Auge72 ($74 in chips)
Seat 3: sim5sim5 ($76 in chips)
Auge72: posts small blind $1
sim5sim5: posts big blind $3
*** HOLE CARDS ***
Auge72: raises $3 to $6
sim5sim5: calls $3
*** FLOP *** [2d Jd 9h]
sim5sim5: checks
Auge72: checks
*** TURN *** [2d Jd 9h] [9d]
sim5sim5: checks
Auge72: bets $6
sim5sim5: folds
Uncalled bet ($6) returned to Auge72
Auge72 collected $11.76 from pot
Auge72: doesn't show hand
*** SUMMARY ***
Total pot $12 | Rake $0.24
Board [2d Jd 9h 9d]
Seat 1: Auge72 (button) (small blind) collected ($11.76)
Seat 3: sim5sim5 (big blind) folded on the Turn


PokerStars Hand #160940057447:  Hold'em Limit ($3/$6 USD) - 2016/11/05 11:49:37 ET
Table 'Kundry II' 6-max Seat #3 is the button
Seat 1: Auge72 ($93.26 in chips)
Seat 3: sim5sim5 ($73 in chips)
sim5sim5: posts small blind $1
Auge72: posts big blind $3
*** HOLE CARDS ***
sim5sim5: raises $3 to $6
Auge72: calls $3
*** FLOP *** [6c 9s Ac]
Auge72: bets $3
sim5sim5: calls $3
*** TURN *** [6c 9s Ac] [6h]
Auge72: bets $6
sim5sim5: folds
Uncalled bet ($6) returned to Auge72
Auge72 collected $17.64 from pot
Auge72: doesn't show hand
*** SUMMARY ***
Total pot $18 | Rake $0.36
Board [6c 9s Ac 6h]
Seat 1: Auge72 (big blind) collected ($17.64)
Seat 3: sim5sim5 (button) (small blind) folded on the Turn


PokerStars Hand #160940075586:  Hold'em Limit ($3/$6 USD) - 2016/11/05 11:50:00 ET
Table 'Kundry II' 6-max Seat #1 is the button
Seat 1: Auge72 ($101.90 in chips)
Seat 3: sim5sim5 ($72 in chips)
Auge72: posts small blind $1
sim5sim5: posts big blind $3
*** HOLE CARDS ***
Auge72: raises $3 to $6
sim5sim5: calls $3
*** FLOP *** [6c 6h Qc]
sim5sim5: checks
Auge72: checks
*** TURN *** [6c 6h Qc] [Tc]
sim5sim5: checks
Auge72: bets $6
sim5sim5: calls $6
*** RIVER *** [6c 6h Qc Tc] [5s]
sim5sim5: checks
Auge72: checks
*** SHOW DOWN ***
sim5sim5: shows [3d Ac] (a pair of Sixes)
Auge72: shows [9h Qd] (two pair, Queens and Sixes)
Auge72 collected $23.52 from pot
*** SUMMARY ***
Total pot $24 | Rake $0.48
Board [6c 6h Qc Tc 5s]
Seat 1: Auge72 (button) (small blind) showed [9h Qd] and won ($23.52) with two pair, Queens and Sixes
Seat 3: sim5sim5 (big blind) showed [3d Ac] and lost with a pair of Sixes


PokerStars Hand #160940038954:  Hold'em Limit ($3/$6 USD) - 2016/11/05 11:49:13 ET
Table 'Kundry II' 6-max Seat #3 is the button
Seat 1: Auge72 ($79.76 in chips)
Seat 3: sim5sim5 ($72 in chips)
sim5sim5: posts small blind $1
Auge72: posts big blind $3
*** HOLE CARDS ***
sim5sim5: raises $3 to $6
Auge72: calls $3
*** FLOP *** [Ks 5c Th]
Auge72: checks
sim5sim5: bets $3
Auge72: calls $3
*** TURN *** [Ks 5c Th] [As]
Auge72: checks
sim5sim5: checks
*** RIVER *** [Ks 5c Th As] [3d]
Auge72: bets $6
sim5sim5: calls $6
*** SHOW DOWN ***
Auge72: shows [Kd Qs] (a pair of Kings)
sim5sim5: mucks hand
Auge72 collected $29.50 from pot
*** SUMMARY ***
Total pot $30 | Rake $0.50
Board [Ks 5c Th As 3d]
Seat 1: Auge72 (big blind) showed [Kd Qs] and won ($29.50) with a pair of Kings
Seat 3: sim5sim5 (button) (small blind) mucked


PokerStars Hand #160940053733:  Hold'em Limit ($3/$6 USD) - 2016/11/05 11:49:32 ET
Table 'Kundry II' 6-max Seat #1 is the button
Seat 1: Auge72 ($94.26 in chips)
Seat 3: sim5sim5 ($72 in chips)
Auge72: posts small blind $1
sim5sim5: posts big blind $3
*** HOLE CARDS ***
Auge72: folds
Uncalled bet ($2) returned to sim5sim5
sim5sim5 collected $2 from pot
sim5sim5: doesn't show hand
*** SUMMARY ***
Total pot $2 | Rake $0
Seat 1: Auge72 (button) (small blind) folded before Flop
Seat 3: sim5sim5 (big blind) collected ($2)


