PokerStars Hand #148793146624:  Hold'em Limit ($3/$6 USD) - 2016/02/14 12:05:45 ET
Table 'Kunigunde' 6-max Seat #2 is the button
Seat 1: VolkovDmitri ($131.52 in chips)
Seat 2: KonioDaSilva ($137.50 in chips)
KonioDaSilva: posts small blind $1
VolkovDmitri: posts big blind $3
*** HOLE CARDS ***
KonioDaSilva: raises $3 to $6
VolkovDmitri: calls $3
*** FLOP *** [Qh 7d Jd]
VolkovDmitri: checks
KonioDaSilva: checks
*** TURN *** [Qh 7d Jd] [8h]
VolkovDmitri: checks
KonioDaSilva: checks
*** RIVER *** [Qh 7d Jd 8h] [Ts]
VolkovDmitri: checks
KonioDaSilva: checks
*** SHOW DOWN ***
VolkovDmitri: shows [4d 6h] (high card Queen)
KonioDaSilva: shows [As 4c] (high card Ace)
KonioDaSilva collected $11.76 from pot
*** SUMMARY ***
Total pot $12 | Rake $0.24
Board [Qh 7d Jd 8h Ts]
Seat 1: VolkovDmitri (big blind) showed [4d 6h] and lost with high card Queen
Seat 2: KonioDaSilva (button) (small blind) showed [As 4c] and won ($11.76) with high card Ace


PokerStars Hand #148793223952:  Hold'em Limit ($3/$6 USD) - 2016/02/14 12:07:00 ET
Table 'Kunigunde' 6-max Seat #2 is the button
Seat 1: VolkovDmitri ($120 in chips)
Seat 2: KonioDaSilva ($178.02 in chips)
KonioDaSilva: posts small blind $1
VolkovDmitri: posts big blind $3
*** HOLE CARDS ***
KonioDaSilva: folds
Uncalled bet ($2) returned to VolkovDmitri
VolkovDmitri collected $2 from pot
VolkovDmitri: doesn't show hand
*** SUMMARY ***
Total pot $2 | Rake $0
Seat 1: VolkovDmitri (big blind) collected ($2)
Seat 2: KonioDaSilva (button) (small blind) folded before Flop


PokerStars Hand #148793206353:  Hold'em Limit ($3/$6 USD) - 2016/02/14 12:06:43 ET
Table 'Kunigunde' 6-max Seat #1 is the button
Seat 1: VolkovDmitri ($120 in chips)
Seat 2: KonioDaSilva ($163.52 in chips)
VolkovDmitri: posts small blind $1
KonioDaSilva: posts big blind $3
*** HOLE CARDS ***
VolkovDmitri: raises $3 to $6
KonioDaSilva: calls $3
*** FLOP *** [2s 4s Jc]
KonioDaSilva: checks
VolkovDmitri: bets $3
KonioDaSilva: calls $3
*** TURN *** [2s 4s Jc] [3h]
KonioDaSilva: checks
VolkovDmitri: checks
*** RIVER *** [2s 4s Jc 3h] [7s]
KonioDaSilva: bets $6
VolkovDmitri: calls $6
*** SHOW DOWN ***
KonioDaSilva: shows [5c 6c] (a straight, Three to Seven)
VolkovDmitri: mucks hand
KonioDaSilva collected $29.50 from pot
*** SUMMARY ***
Total pot $30 | Rake $0.50
Board [2s 4s Jc 3h 7s]
Seat 1: VolkovDmitri (button) (small blind) mucked
Seat 2: KonioDaSilva (big blind) showed [5c 6c] and won ($29.50) with a straight, Three to Seven


PokerStars Hand #148793182133:  Hold'em Limit ($3/$6 USD) - 2016/02/14 12:06:20 ET
Table 'Kunigunde' 6-max Seat #2 is the button
Seat 1: VolkovDmitri ($120 in chips)
Seat 2: KonioDaSilva ($157.76 in chips)
KonioDaSilva: posts small blind $1
VolkovDmitri: posts big blind $3
*** HOLE CARDS ***
KonioDaSilva: raises $3 to $6
VolkovDmitri: calls $3
*** FLOP *** [Kd Qc Js]
VolkovDmitri: checks
KonioDaSilva: checks
*** TURN *** [Kd Qc Js] [4c]
VolkovDmitri: checks
KonioDaSilva: bets $6
VolkovDmitri: folds
Uncalled bet ($6) returned to KonioDaSilva
KonioDaSilva collected $11.76 from pot
KonioDaSilva: doesn't show hand
*** SUMMARY ***
Total pot $12 | Rake $0.24
Board [Kd Qc Js 4c]
Seat 1: VolkovDmitri (big blind) folded on the Turn
Seat 2: KonioDaSilva (button) (small blind) collected ($11.76)


PokerStars Hand #148793163878:  Hold'em Limit ($3/$6 USD) - 2016/02/14 12:06:02 ET
Table 'Kunigunde' 6-max Seat #1 is the button
Seat 1: VolkovDmitri ($125.52 in chips)
Seat 2: KonioDaSilva ($143.26 in chips)
VolkovDmitri: posts small blind $1
KonioDaSilva: posts big blind $3
*** HOLE CARDS ***
VolkovDmitri: raises $3 to $6
KonioDaSilva: calls $3
*** FLOP *** [Jh Qd 9s]
KonioDaSilva: checks
VolkovDmitri: bets $3
KonioDaSilva: calls $3
*** TURN *** [Jh Qd 9s] [3s]
KonioDaSilva: checks
VolkovDmitri: bets $6
KonioDaSilva: raises $6 to $12
VolkovDmitri: folds
Uncalled bet ($6) returned to KonioDaSilva
KonioDaSilva collected $29.50 from pot
KonioDaSilva: doesn't show hand
*** SUMMARY ***
Total pot $30 | Rake $0.50
Board [Jh Qd 9s 3s]
Seat 1: VolkovDmitri (button) (small blind) folded on the Turn
Seat 2: KonioDaSilva (big blind) collected ($29.50)


PokerStars Hand #148793317040:  Hold'em Limit ($3/$6 USD) - 2016/02/14 12:08:31 ET
Table 'Kunigunde' 6-max Seat #2 is the button
Seat 2: KonioDaSilva ($143.02 in chips)
Seat 3: ChOfW ($66 in chips)
KonioDaSilva: posts small blind $1
ChOfW: posts big blind $3
*** HOLE CARDS ***
KonioDaSilva: raises $3 to $6
ChOfW: folds
Uncalled bet ($3) returned to KonioDaSilva
KonioDaSilva collected $6 from pot
KonioDaSilva: doesn't show hand
*** SUMMARY ***
Total pot $6 | Rake $0
Seat 2: KonioDaSilva (button) (small blind) collected ($6)
Seat 3: ChOfW (big blind) folded before Flop


PokerStars Hand #148793245709:  Hold'em Limit ($3/$6 USD) - 2016/02/14 12:07:22 ET
Table 'Kunigunde' 6-max Seat #2 is the button
Seat 1: VolkovDmitri ($126.76 in chips)
Seat 2: KonioDaSilva ($171.02 in chips)
KonioDaSilva: posts small blind $1
VolkovDmitri: posts big blind $3
*** HOLE CARDS ***
KonioDaSilva: folds
Uncalled bet ($2) returned to VolkovDmitri
VolkovDmitri collected $2 from pot
VolkovDmitri: doesn't show hand
*** SUMMARY ***
Total pot $2 | Rake $0
Seat 1: VolkovDmitri (big blind) collected ($2)
Seat 2: KonioDaSilva (button) (small blind) folded before Flop


PokerStars Hand #148793228971:  Hold'em Limit ($3/$6 USD) - 2016/02/14 12:07:05 ET
Table 'Kunigunde' 6-max Seat #1 is the button
Seat 1: VolkovDmitri ($121 in chips)
Seat 2: KonioDaSilva ($177.02 in chips)
VolkovDmitri: posts small blind $1
KonioDaSilva: posts big blind $3
*** HOLE CARDS ***
VolkovDmitri: raises $3 to $6
KonioDaSilva: calls $3
*** FLOP *** [Ks Qd 2h]
KonioDaSilva: checks
VolkovDmitri: bets $3
KonioDaSilva: folds
Uncalled bet ($3) returned to VolkovDmitri
VolkovDmitri collected $11.76 from pot
VolkovDmitri: doesn't show hand
*** SUMMARY ***
Total pot $12 | Rake $0.24
Board [Ks Qd 2h]
Seat 1: VolkovDmitri (button) (small blind) collected ($11.76)
Seat 2: KonioDaSilva (big blind) folded on the Flop


PokerStars Hand #148793250505:  Hold'em Limit ($3/$6 USD) - 2016/02/14 12:07:27 ET
Table 'Kunigunde' 6-max Seat #1 is the button
Seat 1: VolkovDmitri ($127.76 in chips)
Seat 2: KonioDaSilva ($170.02 in chips)
VolkovDmitri: posts small blind $1
KonioDaSilva: posts big blind $3
*** HOLE CARDS ***
VolkovDmitri: raises $3 to $6
KonioDaSilva: folds
Uncalled bet ($3) returned to VolkovDmitri
VolkovDmitri collected $6 from pot
VolkovDmitri: doesn't show hand
*** SUMMARY ***
Total pot $6 | Rake $0
Seat 1: VolkovDmitri (button) (small blind) collected ($6)
Seat 2: KonioDaSilva (big blind) folded before Flop


PokerStars Hand #148793256232:  Hold'em Limit ($3/$6 USD) - 2016/02/14 12:07:32 ET
Table 'Kunigunde' 6-max Seat #2 is the button
Seat 1: VolkovDmitri ($130.76 in chips)
Seat 2: KonioDaSilva ($167.02 in chips)
KonioDaSilva: posts small blind $1
VolkovDmitri: posts big blind $3
*** HOLE CARDS ***
KonioDaSilva: raises $3 to $6
VolkovDmitri: raises $3 to $9
KonioDaSilva: calls $3
*** FLOP *** [Jd Kh 9s]
ChOfW joins the table at seat #3
VolkovDmitri: bets $3
KonioDaSilva: folds
Uncalled bet ($3) returned to VolkovDmitri
VolkovDmitri collected $17.64 from pot
VolkovDmitri: doesn't show hand
*** SUMMARY ***
Total pot $18 | Rake $0.36
Board [Jd Kh 9s]
Seat 1: VolkovDmitri (big blind) collected ($17.64)
Seat 2: KonioDaSilva (button) (small blind) folded on the Flop


PokerStars Hand #148793347262:  Hold'em Limit ($3/$6 USD) - 2016/02/14 12:09:00 ET
Table 'Kunigunde' 6-max Seat #2 is the button
Seat 2: KonioDaSilva ($154.66 in chips)
Seat 3: ChOfW ($66 in chips)
KonioDaSilva: posts small blind $1
ChOfW: posts big blind $3
*** HOLE CARDS ***
KonioDaSilva: folds
Uncalled bet ($2) returned to ChOfW
ChOfW collected $2 from pot
ChOfW: doesn't show hand
*** SUMMARY ***
Total pot $2 | Rake $0
Seat 2: KonioDaSilva (button) (small blind) folded before Flop
Seat 3: ChOfW (big blind) collected ($2)


PokerStars Hand #148793325961:  Hold'em Limit ($3/$6 USD) - 2016/02/14 12:08:40 ET
Table 'Kunigunde' 6-max Seat #3 is the button
Seat 2: KonioDaSilva ($146.02 in chips)
Seat 3: ChOfW ($66 in chips)
ChOfW: posts small blind $1
KonioDaSilva: posts big blind $3
*** HOLE CARDS ***
ChOfW: raises $3 to $6
KonioDaSilva: calls $3
*** FLOP *** [Tc 2c 5s]
KonioDaSilva: checks
ChOfW: bets $3
KonioDaSilva: raises $3 to $6
ChOfW: folds
Uncalled bet ($3) returned to KonioDaSilva
KonioDaSilva collected $17.64 from pot
KonioDaSilva: doesn't show hand
*** SUMMARY ***
Total pot $18 | Rake $0.36
Board [Tc 2c 5s]
Seat 2: KonioDaSilva (big blind) collected ($17.64)
Seat 3: ChOfW (button) (small blind) folded on the Flop


PokerStars Hand #148793417645:  Hold'em Limit ($3/$6 USD) - 2016/02/14 12:10:09 ET
Table 'Kunigunde' 6-max Seat #3 is the button
Seat 2: KonioDaSilva ($149.30 in chips)
Seat 3: ChOfW ($81.50 in chips)
ChOfW: posts small blind $1
KonioDaSilva: posts big blind $3
*** HOLE CARDS ***
ChOfW: raises $3 to $6
KonioDaSilva: folds
Uncalled bet ($3) returned to ChOfW
ChOfW collected $6 from pot
ChOfW: doesn't show hand
*** SUMMARY ***
Total pot $6 | Rake $0
Seat 2: KonioDaSilva (big blind) folded before Flop
Seat 3: ChOfW (button) (small blind) collected ($6)


PokerStars Hand #148793412013:  Hold'em Limit ($3/$6 USD) - 2016/02/14 12:10:03 ET
Table 'Kunigunde' 6-max Seat #2 is the button
Seat 2: KonioDaSilva ($150.30 in chips)
Seat 3: ChOfW ($80.50 in chips)
KonioDaSilva: posts small blind $1
ChOfW: posts big blind $3
*** HOLE CARDS ***
KonioDaSilva: folds
Uncalled bet ($2) returned to ChOfW
ChOfW collected $2 from pot
ChOfW: doesn't show hand
*** SUMMARY ***
Total pot $2 | Rake $0
Seat 2: KonioDaSilva (button) (small blind) folded before Flop
Seat 3: ChOfW (big blind) collected ($2)


PokerStars Hand #148793385767:  Hold'em Limit ($3/$6 USD) - 2016/02/14 12:09:38 ET
Table 'Kunigunde' 6-max Seat #3 is the button
Seat 2: KonioDaSilva ($165.30 in chips)
Seat 3: ChOfW ($66 in chips)
ChOfW: posts small blind $1
KonioDaSilva: posts big blind $3
*** HOLE CARDS ***
ChOfW: raises $3 to $6
KonioDaSilva: raises $3 to $9
ChOfW: raises $3 to $12
Betting is capped
KonioDaSilva: calls $3
*** FLOP *** [5h 7d 6s]
KonioDaSilva: checks
ChOfW: bets $3
KonioDaSilva: calls $3
*** TURN *** [5h 7d 6s] [4s]
KonioDaSilva: checks
ChOfW: checks
*** RIVER *** [5h 7d 6s 4s] [7c]
KonioDaSilva: checks
ChOfW: checks
*** SHOW DOWN ***
KonioDaSilva: shows [Th As] (a pair of Sevens)
ChOfW: shows [Ah Jh] (a pair of Sevens - Ace+Jack kicker)
ChOfW collected $29.50 from pot
*** SUMMARY ***
Total pot $30 | Rake $0.50
Board [5h 7d 6s 4s 7c]
Seat 2: KonioDaSilva (big blind) showed [Th As] and lost with a pair of Sevens
Seat 3: ChOfW (button) (small blind) showed [Ah Jh] and won ($29.50) with a pair of Sevens


PokerStars Hand #148793378226:  Hold'em Limit ($3/$6 USD) - 2016/02/14 12:09:31 ET
Table 'Kunigunde' 6-max Seat #2 is the button
Seat 2: KonioDaSilva ($162.30 in chips)
Seat 3: ChOfW ($66 in chips)
KonioDaSilva: posts small blind $1
ChOfW: posts big blind $3
*** HOLE CARDS ***
KonioDaSilva: raises $3 to $6
ChOfW: folds
Uncalled bet ($3) returned to KonioDaSilva
KonioDaSilva collected $6 from pot
KonioDaSilva: doesn't show hand
*** SUMMARY ***
Total pot $6 | Rake $0
Seat 2: KonioDaSilva (button) (small blind) collected ($6)
Seat 3: ChOfW (big blind) folded before Flop


PokerStars Hand #148793352487:  Hold'em Limit ($3/$6 USD) - 2016/02/14 12:09:05 ET
Table 'Kunigunde' 6-max Seat #3 is the button
Seat 2: KonioDaSilva ($153.66 in chips)
Seat 3: ChOfW ($67 in chips)
ChOfW: posts small blind $1
KonioDaSilva: posts big blind $3
*** HOLE CARDS ***
ChOfW: raises $3 to $6
KonioDaSilva: calls $3
*** FLOP *** [Kh Td Qd]
KonioDaSilva: checks
ChOfW: bets $3
KonioDaSilva: calls $3
*** TURN *** [Kh Td Qd] [6c]
KonioDaSilva: checks
ChOfW: checks
*** RIVER *** [Kh Td Qd 6c] [Tc]
KonioDaSilva: checks
ChOfW: checks
*** SHOW DOWN ***
KonioDaSilva: shows [Kd 3c] (two pair, Kings and Tens)
ChOfW: mucks hand
KonioDaSilva collected $17.64 from pot
*** SUMMARY ***
Total pot $18 | Rake $0.36
Board [Kh Td Qd 6c Tc]
Seat 2: KonioDaSilva (big blind) showed [Kd 3c] and won ($17.64) with two pair, Kings and Tens
Seat 3: ChOfW (button) (small blind) mucked


PokerStars Hand #148793454159:  Hold'em Limit ($3/$6 USD) - 2016/02/14 12:10:44 ET
Table 'Kunigunde' 6-max Seat #2 is the button
Seat 2: KonioDaSilva ($146.30 in chips)
Seat 3: ChOfW ($84.50 in chips)
KonioDaSilva: posts small blind $1
ChOfW: posts big blind $3
*** HOLE CARDS ***
KonioDaSilva: raises $3 to $6
ChOfW: raises $3 to $9
KonioDaSilva: raises $3 to $12
Betting is capped
ChOfW: calls $3
*** FLOP *** [2h 5h Ts]
ChOfW: checks
KonioDaSilva: bets $3
ChOfW: calls $3
*** TURN *** [2h 5h Ts] [8s]
ChOfW: checks
KonioDaSilva: bets $6
ChOfW: folds
Uncalled bet ($6) returned to KonioDaSilva
KonioDaSilva collected $29.50 from pot
KonioDaSilva: doesn't show hand
*** SUMMARY ***
Total pot $30 | Rake $0.50
Board [2h 5h Ts 8s]
Seat 2: KonioDaSilva (button) (small blind) collected ($29.50)
Seat 3: ChOfW (big blind) folded on the Turn


PokerStars Hand #148793443226:  Hold'em Limit ($3/$6 USD) - 2016/02/14 12:10:34 ET
Table 'Kunigunde' 6-max Seat #3 is the button
Seat 2: KonioDaSilva ($149.30 in chips)
Seat 3: ChOfW ($81.50 in chips)
ChOfW: posts small blind $1
KonioDaSilva: posts big blind $3
*** HOLE CARDS ***
ChOfW: raises $3 to $6
KonioDaSilva: folds
Uncalled bet ($3) returned to ChOfW
ChOfW collected $6 from pot
ChOfW: doesn't show hand
*** SUMMARY ***
Total pot $6 | Rake $0
Seat 2: KonioDaSilva (big blind) folded before Flop
Seat 3: ChOfW (button) (small blind) collected ($6)


PokerStars Hand #148793423977:  Hold'em Limit ($3/$6 USD) - 2016/02/14 12:10:15 ET
Table 'Kunigunde' 6-max Seat #2 is the button
Seat 2: KonioDaSilva ($146.30 in chips)
Seat 3: ChOfW ($84.50 in chips)
KonioDaSilva: posts small blind $1
ChOfW: posts big blind $3
*** HOLE CARDS ***
KonioDaSilva: raises $3 to $6
ChOfW: folds
Uncalled bet ($3) returned to KonioDaSilva
KonioDaSilva collected $6 from pot
KonioDaSilva: doesn't show hand
*** SUMMARY ***
Total pot $6 | Rake $0
Seat 2: KonioDaSilva (button) (small blind) collected ($6)
Seat 3: ChOfW (big blind) folded before Flop


PokerStars Hand #148793535636:  Hold'em Limit ($3/$6 USD) - 2016/02/14 12:12:03 ET
Table 'Kunigunde' 6-max Seat #3 is the button
Seat 2: KonioDaSilva ($150.80 in chips)
Seat 3: ChOfW ($79.14 in chips)
ChOfW: posts small blind $1
KonioDaSilva: posts big blind $3
*** HOLE CARDS ***
ChOfW: raises $3 to $6
KonioDaSilva: calls $3
*** FLOP *** [Jc 5c 5h]
KonioDaSilva: checks
ChOfW: bets $3
KonioDaSilva: calls $3
*** TURN *** [Jc 5c 5h] [Qh]
KonioDaSilva: checks
ChOfW: bets $6
KonioDaSilva: calls $6
*** RIVER *** [Jc 5c 5h Qh] [6h]
KonioDaSilva: checks
ChOfW: bets $6
KonioDaSilva: raises $6 to $12
ChOfW: calls $6
*** SHOW DOWN ***
KonioDaSilva: shows [Ah 7h] (a flush, Ace high)
ChOfW: mucks hand
KonioDaSilva collected $53.50 from pot
*** SUMMARY ***
Total pot $54 | Rake $0.50
Board [Jc 5c 5h Qh 6h]
Seat 2: KonioDaSilva (big blind) showed [Ah 7h] and won ($53.50) with a flush, Ace high
Seat 3: ChOfW (button) (small blind) mucked


PokerStars Hand #148793530214:  Hold'em Limit ($3/$6 USD) - 2016/02/14 12:11:58 ET
Table 'Kunigunde' 6-max Seat #2 is the button
Seat 2: KonioDaSilva ($151.80 in chips)
Seat 3: ChOfW ($78.14 in chips)
KonioDaSilva: posts small blind $1
ChOfW: posts big blind $3
*** HOLE CARDS ***
KonioDaSilva: folds
Uncalled bet ($2) returned to ChOfW
ChOfW collected $2 from pot
ChOfW: doesn't show hand
*** SUMMARY ***
Total pot $2 | Rake $0
Seat 2: KonioDaSilva (button) (small blind) folded before Flop
Seat 3: ChOfW (big blind) collected ($2)


PokerStars Hand #148793627636:  Hold'em Limit ($3/$6 USD) - 2016/02/14 12:13:33 ET
Table 'Kunigunde' 6-max Seat #2 is the button
Seat 2: KonioDaSilva ($161.30 in chips)
Seat 3: ChOfW ($81.52 in chips)
KonioDaSilva: posts small blind $1
ChOfW: posts big blind $3
*** HOLE CARDS ***
KonioDaSilva: raises $3 to $6
ChOfW: folds
Uncalled bet ($3) returned to KonioDaSilva
KonioDaSilva collected $6 from pot
KonioDaSilva: doesn't show hand
*** SUMMARY ***
Total pot $6 | Rake $0
Seat 2: KonioDaSilva (button) (small blind) collected ($6)
Seat 3: ChOfW (big blind) folded before Flop


PokerStars Hand #148793615796:  Hold'em Limit ($3/$6 USD) - 2016/02/14 12:13:21 ET
Table 'Kunigunde' 6-max Seat #3 is the button
Seat 2: KonioDaSilva ($167.30 in chips)
Seat 3: ChOfW ($75.76 in chips)
ChOfW: posts small blind $1
KonioDaSilva: posts big blind $3
*** HOLE CARDS ***
ChOfW: raises $3 to $6
KonioDaSilva: calls $3
*** FLOP *** [9c 4s 5h]
KonioDaSilva: checks
ChOfW: bets $3
KonioDaSilva: folds
Uncalled bet ($3) returned to ChOfW
ChOfW collected $11.76 from pot
ChOfW: doesn't show hand
*** SUMMARY ***
Total pot $12 | Rake $0.24
Board [9c 4s 5h]
Seat 2: KonioDaSilva (big blind) folded on the Flop
Seat 3: ChOfW (button) (small blind) collected ($11.76)


PokerStars Hand #148793610812:  Hold'em Limit ($3/$6 USD) - 2016/02/14 12:13:16 ET
Table 'Kunigunde' 6-max Seat #2 is the button
Seat 2: KonioDaSilva ($168.30 in chips)
Seat 3: ChOfW ($74.76 in chips)
KonioDaSilva: posts small blind $1
ChOfW: posts big blind $3
*** HOLE CARDS ***
KonioDaSilva: folds
Uncalled bet ($2) returned to ChOfW
ChOfW collected $2 from pot
ChOfW: doesn't show hand
*** SUMMARY ***
Total pot $2 | Rake $0
Seat 2: KonioDaSilva (button) (small blind) folded before Flop
Seat 3: ChOfW (big blind) collected ($2)


PokerStars Hand #148793596806:  Hold'em Limit ($3/$6 USD) - 2016/02/14 12:13:03 ET
Table 'Kunigunde' 6-max Seat #3 is the button
Seat 2: KonioDaSilva ($171.30 in chips)
Seat 3: ChOfW ($71.76 in chips)
ChOfW: posts small blind $1
KonioDaSilva: posts big blind $3
*** HOLE CARDS ***
ChOfW: raises $3 to $6
KonioDaSilva: folds
Uncalled bet ($3) returned to ChOfW
ChOfW collected $6 from pot
ChOfW: doesn't show hand
*** SUMMARY ***
Total pot $6 | Rake $0
Seat 2: KonioDaSilva (big blind) folded before Flop
Seat 3: ChOfW (button) (small blind) collected ($6)


PokerStars Hand #148793587556:  Hold'em Limit ($3/$6 USD) - 2016/02/14 12:12:54 ET
Table 'Kunigunde' 6-max Seat #2 is the button
Seat 2: KonioDaSilva ($168.30 in chips)
Seat 3: ChOfW ($74.76 in chips)
KonioDaSilva: posts small blind $1
ChOfW: posts big blind $3
*** HOLE CARDS ***
KonioDaSilva: raises $3 to $6
ChOfW: folds
Uncalled bet ($3) returned to KonioDaSilva
KonioDaSilva collected $6 from pot
KonioDaSilva: doesn't show hand
*** SUMMARY ***
Total pot $6 | Rake $0
Seat 2: KonioDaSilva (button) (small blind) collected ($6)
Seat 3: ChOfW (big blind) folded before Flop


PokerStars Hand #148793580836:  Hold'em Limit ($3/$6 USD) - 2016/02/14 12:12:47 ET
Table 'Kunigunde' 6-max Seat #3 is the button
Seat 2: KonioDaSilva ($171.30 in chips)
Seat 3: ChOfW ($71.76 in chips)
ChOfW: posts small blind $1
KonioDaSilva: posts big blind $3
*** HOLE CARDS ***
ChOfW: raises $3 to $6
KonioDaSilva: folds
Uncalled bet ($3) returned to ChOfW
ChOfW collected $6 from pot
ChOfW: doesn't show hand
*** SUMMARY ***
Total pot $6 | Rake $0
Seat 2: KonioDaSilva (big blind) folded before Flop
Seat 3: ChOfW (button) (small blind) collected ($6)


PokerStars Hand #148793556666:  Hold'em Limit ($3/$6 USD) - 2016/02/14 12:12:24 ET
Table 'Kunigunde' 6-max Seat #2 is the button
Seat 2: KonioDaSilva ($177.30 in chips)
Seat 3: ChOfW ($66 in chips)
KonioDaSilva: posts small blind $1
ChOfW: posts big blind $3
*** HOLE CARDS ***
KonioDaSilva: raises $3 to $6
ChOfW: calls $3
*** FLOP *** [Qs 9d 3c]
ChOfW: checks
KonioDaSilva: checks
*** TURN *** [Qs 9d 3c] [4s]
ChOfW: bets $6
KonioDaSilva: folds
Uncalled bet ($6) returned to ChOfW
ChOfW collected $11.76 from pot
*** SUMMARY ***
Total pot $12 | Rake $0.24
Board [Qs 9d 3c 4s]
Seat 2: KonioDaSilva (button) (small blind) folded on the Turn
Seat 3: ChOfW (big blind) collected ($11.76)


PokerStars Hand #148793679703:  Hold'em Limit ($3/$6 USD) - 2016/02/14 12:14:23 ET
Table 'Kunigunde' 6-max Seat #2 is the button
Seat 2: KonioDaSilva ($166.80 in chips)
Seat 3: ChOfW ($89.50 in chips)
KonioDaSilva: posts small blind $1
ChOfW: posts big blind $3
*** HOLE CARDS ***
KonioDaSilva: calls $2
ChOfW: checks
*** FLOP *** [Ad 3h 9h]
ChOfW: checks
KonioDaSilva: bets $3
ChOfW: folds
Uncalled bet ($3) returned to KonioDaSilva
KonioDaSilva collected $5.88 from pot
*** SUMMARY ***
Total pot $6 | Rake $0.12
Board [Ad 3h 9h]
Seat 2: KonioDaSilva (button) (small blind) collected ($5.88)
Seat 3: ChOfW (big blind) folded on the Flop


PokerStars Hand #148793662623:  Hold'em Limit ($3/$6 USD) - 2016/02/14 12:14:07 ET
Table 'Kunigunde' 6-max Seat #3 is the button
Seat 2: KonioDaSilva ($190.80 in chips)
Seat 3: ChOfW ($66 in chips)
ChOfW: posts small blind $1
KonioDaSilva: posts big blind $3
*** HOLE CARDS ***
ChOfW: raises $3 to $6
KonioDaSilva: raises $3 to $9
ChOfW: calls $3
*** FLOP *** [5d 7c 7s]
KonioDaSilva: bets $3
ChOfW: calls $3
*** TURN *** [5d 7c 7s] [2s]
KonioDaSilva: bets $6
ChOfW: calls $6
*** RIVER *** [5d 7c 7s 2s] [8h]
KonioDaSilva: checks
ChOfW: bets $6
KonioDaSilva: calls $6
*** SHOW DOWN ***
ChOfW: shows [5c Jd] (two pair, Sevens and Fives)
KonioDaSilva: mucks hand
ChOfW collected $47.50 from pot
*** SUMMARY ***
Total pot $48 | Rake $0.50
Board [5d 7c 7s 2s 8h]
Seat 2: KonioDaSilva (big blind) mucked
Seat 3: ChOfW (button) (small blind) showed [5c Jd] and won ($47.50) with two pair, Sevens and Fives


PokerStars Hand #148793641996:  Hold'em Limit ($3/$6 USD) - 2016/02/14 12:13:47 ET
Table 'Kunigunde' 6-max Seat #2 is the button
Seat 2: KonioDaSilva ($161.30 in chips)
Seat 3: ChOfW ($81.52 in chips)
KonioDaSilva: posts small blind $1
ChOfW: posts big blind $3
*** HOLE CARDS ***
KonioDaSilva: raises $3 to $6
ChOfW: raises $3 to $9
KonioDaSilva: calls $3
*** FLOP *** [7h Jh 4h]
ChOfW: bets $3
KonioDaSilva: calls $3
*** TURN *** [7h Jh 4h] [6s]
ChOfW: bets $6
KonioDaSilva: raises $6 to $12
ChOfW: calls $6
*** RIVER *** [7h Jh 4h 6s] [Kd]
ChOfW: checks
KonioDaSilva: bets $6
ChOfW: calls $6
*** SHOW DOWN ***
KonioDaSilva: shows [5d 3d] (a straight, Three to Seven)
ChOfW: mucks hand
KonioDaSilva collected $59.50 from pot
*** SUMMARY ***
Total pot $60 | Rake $0.50
Board [7h Jh 4h 6s Kd]
Seat 2: KonioDaSilva (button) (small blind) showed [5d 3d] and won ($59.50) with a straight, Three to Seven
Seat 3: ChOfW (big blind) mucked


PokerStars Hand #148793633900:  Hold'em Limit ($3/$6 USD) - 2016/02/14 12:13:39 ET
Table 'Kunigunde' 6-max Seat #3 is the button
Seat 2: KonioDaSilva ($164.30 in chips)
Seat 3: ChOfW ($78.52 in chips)
ChOfW: posts small blind $1
KonioDaSilva: posts big blind $3
*** HOLE CARDS ***
ChOfW: raises $3 to $6
KonioDaSilva: folds
Uncalled bet ($3) returned to ChOfW
ChOfW collected $6 from pot
*** SUMMARY ***
Total pot $6 | Rake $0
Seat 2: KonioDaSilva (big blind) folded before Flop
Seat 3: ChOfW (button) (small blind) collected ($6)


PokerStars Hand #148793751681:  Hold'em Limit ($3/$6 USD) - 2016/02/14 12:15:33 ET
Table 'Kunigunde' 6-max Seat #3 is the button
Seat 2: KonioDaSilva ($137.68 in chips)
Seat 3: ChOfW ($117.76 in chips)
ChOfW: posts small blind $1
KonioDaSilva: posts big blind $3
*** HOLE CARDS ***
ChOfW: raises $3 to $6
KonioDaSilva: raises $3 to $9
ChOfW: calls $3
*** FLOP *** [6d Qh 5s]
KonioDaSilva: bets $3
ChOfW: folds
Uncalled bet ($3) returned to KonioDaSilva
KonioDaSilva collected $17.64 from pot
KonioDaSilva: doesn't show hand
*** SUMMARY ***
Total pot $18 | Rake $0.36
Board [6d Qh 5s]
Seat 2: KonioDaSilva (big blind) collected ($17.64)
Seat 3: ChOfW (button) (small blind) folded on the Flop


PokerStars Hand #148793746378:  Hold'em Limit ($3/$6 USD) - 2016/02/14 12:15:28 ET
Table 'Kunigunde' 6-max Seat #2 is the button
Seat 2: KonioDaSilva ($138.68 in chips)
Seat 3: ChOfW ($116.76 in chips)
KonioDaSilva: posts small blind $1
ChOfW: posts big blind $3
*** HOLE CARDS ***
KonioDaSilva: folds
Uncalled bet ($2) returned to ChOfW
ChOfW collected $2 from pot
ChOfW: doesn't show hand
*** SUMMARY ***
Total pot $2 | Rake $0
Seat 2: KonioDaSilva (button) (small blind) folded before Flop
Seat 3: ChOfW (big blind) collected ($2)


PokerStars Hand #148793727550:  Hold'em Limit ($3/$6 USD) - 2016/02/14 12:15:10 ET
Table 'Kunigunde' 6-max Seat #3 is the button
Seat 2: KonioDaSilva ($144.68 in chips)
Seat 3: ChOfW ($111 in chips)
ChOfW: posts small blind $1
KonioDaSilva: posts big blind $3
*** HOLE CARDS ***
ChOfW: raises $3 to $6
KonioDaSilva: calls $3
*** FLOP *** [Ks 5s Th]
KonioDaSilva: checks
ChOfW: bets $3
KonioDaSilva: folds
Uncalled bet ($3) returned to ChOfW
ChOfW collected $11.76 from pot
ChOfW: doesn't show hand
*** SUMMARY ***
Total pot $12 | Rake $0.24
Board [Ks 5s Th]
Seat 2: KonioDaSilva (big blind) folded on the Flop
Seat 3: ChOfW (button) (small blind) collected ($11.76)


PokerStars Hand #148793721171:  Hold'em Limit ($3/$6 USD) - 2016/02/14 12:15:04 ET
Table 'Kunigunde' 6-max Seat #2 is the button
Seat 2: KonioDaSilva ($145.68 in chips)
Seat 3: ChOfW ($110 in chips)
KonioDaSilva: posts small blind $1
ChOfW: posts big blind $3
*** HOLE CARDS ***
KonioDaSilva: folds
Uncalled bet ($2) returned to ChOfW
ChOfW collected $2 from pot
ChOfW: doesn't show hand
*** SUMMARY ***
Total pot $2 | Rake $0
Seat 2: KonioDaSilva (button) (small blind) folded before Flop
Seat 3: ChOfW (big blind) collected ($2)


PokerStars Hand #148793690782:  Hold'em Limit ($3/$6 USD) - 2016/02/14 12:14:34 ET
Table 'Kunigunde' 6-max Seat #3 is the button
Seat 2: KonioDaSilva ($169.68 in chips)
Seat 3: ChOfW ($86.50 in chips)
ChOfW: posts small blind $1
KonioDaSilva: posts big blind $3
*** HOLE CARDS ***
ChOfW: raises $3 to $6
KonioDaSilva: calls $3
*** FLOP *** [8s Tc 8d]
KonioDaSilva: checks
ChOfW: bets $3
KonioDaSilva: raises $3 to $6
ChOfW: calls $3
*** TURN *** [8s Tc 8d] [3h]
KonioDaSilva: bets $6
ChOfW: calls $6
*** RIVER *** [8s Tc 8d 3h] [Kd]
KonioDaSilva: bets $6
ChOfW: calls $6
*** SHOW DOWN ***
KonioDaSilva: shows [Jh 9d] (a pair of Eights)
ChOfW: shows [Ah Qs] (a pair of Eights - Ace kicker)
ChOfW collected $47.50 from pot
*** SUMMARY ***
Total pot $48 | Rake $0.50
Board [8s Tc 8d 3h Kd]
Seat 2: KonioDaSilva (big blind) showed [Jh 9d] and lost with a pair of Eights
Seat 3: ChOfW (button) (small blind) showed [Ah Qs] and won ($47.50) with a pair of Eights


PokerStars Hand #148793883431:  Hold'em Limit ($3/$6 USD) - 2016/02/14 12:17:41 ET
Table 'Kunigunde' 6-max Seat #3 is the button
Seat 2: KonioDaSilva ($171.10 in chips)
Seat 3: ChOfW ($82.40 in chips)
ChOfW: posts small blind $1
KonioDaSilva: posts big blind $3
*** HOLE CARDS ***
ChOfW: raises $3 to $6
KonioDaSilva: folds
Uncalled bet ($3) returned to ChOfW
ChOfW collected $6 from pot
ChOfW: doesn't show hand
*** SUMMARY ***
Total pot $6 | Rake $0
Seat 2: KonioDaSilva (big blind) folded before Flop
Seat 3: ChOfW (button) (small blind) collected ($6)


PokerStars Hand #148793877973:  Hold'em Limit ($3/$6 USD) - 2016/02/14 12:17:36 ET
Table 'Kunigunde' 6-max Seat #2 is the button
Seat 2: KonioDaSilva ($168.10 in chips)
Seat 3: ChOfW ($85.40 in chips)
KonioDaSilva: posts small blind $1
ChOfW: posts big blind $3
*** HOLE CARDS ***
KonioDaSilva: raises $3 to $6
ChOfW: folds
Uncalled bet ($3) returned to KonioDaSilva
KonioDaSilva collected $6 from pot
KonioDaSilva: doesn't show hand
*** SUMMARY ***
Total pot $6 | Rake $0
Seat 2: KonioDaSilva (button) (small blind) collected ($6)
Seat 3: ChOfW (big blind) folded before Flop


PokerStars Hand #148793873499:  Hold'em Limit ($3/$6 USD) - 2016/02/14 12:17:32 ET
Table 'Kunigunde' 6-max Seat #3 is the button
Seat 2: KonioDaSilva ($167.10 in chips)
Seat 3: ChOfW ($86.40 in chips)
ChOfW: posts small blind $1
KonioDaSilva: posts big blind $3
*** HOLE CARDS ***
ChOfW: folds
Uncalled bet ($2) returned to KonioDaSilva
KonioDaSilva collected $2 from pot
KonioDaSilva: doesn't show hand
*** SUMMARY ***
Total pot $2 | Rake $0
Seat 2: KonioDaSilva (big blind) collected ($2)
Seat 3: ChOfW (button) (small blind) folded before Flop


PokerStars Hand #148793868934:  Hold'em Limit ($3/$6 USD) - 2016/02/14 12:17:27 ET
Table 'Kunigunde' 6-max Seat #2 is the button
Seat 2: KonioDaSilva ($168.10 in chips)
Seat 3: ChOfW ($85.40 in chips)
KonioDaSilva: posts small blind $1
ChOfW: posts big blind $3
*** HOLE CARDS ***
KonioDaSilva: folds
Uncalled bet ($2) returned to ChOfW
ChOfW collected $2 from pot
ChOfW: doesn't show hand
*** SUMMARY ***
Total pot $2 | Rake $0
Seat 2: KonioDaSilva (button) (small blind) folded before Flop
Seat 3: ChOfW (big blind) collected ($2)


PokerStars Hand #148793863189:  Hold'em Limit ($3/$6 USD) - 2016/02/14 12:17:22 ET
Table 'Kunigunde' 6-max Seat #3 is the button
Seat 2: KonioDaSilva ($171.10 in chips)
Seat 3: ChOfW ($82.40 in chips)
ChOfW: posts small blind $1
KonioDaSilva: posts big blind $3
*** HOLE CARDS ***
ChOfW: raises $3 to $6
KonioDaSilva: folds
Uncalled bet ($3) returned to ChOfW
ChOfW collected $6 from pot
ChOfW: doesn't show hand
*** SUMMARY ***
Total pot $6 | Rake $0
Seat 2: KonioDaSilva (big blind) folded before Flop
Seat 3: ChOfW (button) (small blind) collected ($6)


PokerStars Hand #148793857561:  Hold'em Limit ($3/$6 USD) - 2016/02/14 12:17:16 ET
Table 'Kunigunde' 6-max Seat #2 is the button
Seat 2: KonioDaSilva ($172.10 in chips)
Seat 3: ChOfW ($81.40 in chips)
KonioDaSilva: posts small blind $1
ChOfW: posts big blind $3
*** HOLE CARDS ***
KonioDaSilva: folds
Uncalled bet ($2) returned to ChOfW
ChOfW collected $2 from pot
ChOfW: doesn't show hand
*** SUMMARY ***
Total pot $2 | Rake $0
Seat 2: KonioDaSilva (button) (small blind) folded before Flop
Seat 3: ChOfW (big blind) collected ($2)


PokerStars Hand #148793852892:  Hold'em Limit ($3/$6 USD) - 2016/02/14 12:17:12 ET
Table 'Kunigunde' 6-max Seat #3 is the button
Seat 2: KonioDaSilva ($171.10 in chips)
Seat 3: ChOfW ($82.40 in chips)
ChOfW: posts small blind $1
KonioDaSilva: posts big blind $3
*** HOLE CARDS ***
ChOfW: folds
Uncalled bet ($2) returned to KonioDaSilva
KonioDaSilva collected $2 from pot
KonioDaSilva: doesn't show hand
*** SUMMARY ***
Total pot $2 | Rake $0
Seat 2: KonioDaSilva (big blind) collected ($2)
Seat 3: ChOfW (button) (small blind) folded before Flop


PokerStars Hand #148793847343:  Hold'em Limit ($3/$6 USD) - 2016/02/14 12:17:06 ET
Table 'Kunigunde' 6-max Seat #2 is the button
Seat 2: KonioDaSilva ($168.10 in chips)
Seat 3: ChOfW ($85.40 in chips)
KonioDaSilva: posts small blind $1
ChOfW: posts big blind $3
*** HOLE CARDS ***
KonioDaSilva: raises $3 to $6
ChOfW: folds
Uncalled bet ($3) returned to KonioDaSilva
KonioDaSilva collected $6 from pot
KonioDaSilva: doesn't show hand
*** SUMMARY ***
Total pot $6 | Rake $0
Seat 2: KonioDaSilva (button) (small blind) collected ($6)
Seat 3: ChOfW (big blind) folded before Flop


PokerStars Hand #148793830998:  Hold'em Limit ($3/$6 USD) - 2016/02/14 12:16:50 ET
Table 'Kunigunde' 6-max Seat #3 is the button
Seat 2: KonioDaSilva ($159.46 in chips)
Seat 3: ChOfW ($94.40 in chips)
ChOfW: posts small blind $1
KonioDaSilva: posts big blind $3
*** HOLE CARDS ***
ChOfW: raises $3 to $6
KonioDaSilva: calls $3
*** FLOP *** [Td Jh 4c]
KonioDaSilva: checks
ChOfW: bets $3
KonioDaSilva: calls $3
*** TURN *** [Td Jh 4c] [5h]
KonioDaSilva: checks
ChOfW: checks
*** RIVER *** [Td Jh 4c 5h] [Jc]
KonioDaSilva: bets $6
ChOfW: folds
Uncalled bet ($6) returned to KonioDaSilva
KonioDaSilva collected $17.64 from pot
KonioDaSilva: doesn't show hand
*** SUMMARY ***
Total pot $18 | Rake $0.36
Board [Td Jh 4c 5h Jc]
Seat 2: KonioDaSilva (big blind) collected ($17.64)
Seat 3: ChOfW (button) (small blind) folded on the River


PokerStars Hand #148793815395:  Hold'em Limit ($3/$6 USD) - 2016/02/14 12:16:35 ET
Table 'Kunigunde' 6-max Seat #2 is the button
Seat 2: KonioDaSilva ($141.96 in chips)
Seat 3: ChOfW ($112.40 in chips)
KonioDaSilva: posts small blind $1
ChOfW: posts big blind $3
*** HOLE CARDS ***
KonioDaSilva: raises $3 to $6
ChOfW: raises $3 to $9
KonioDaSilva: calls $3
*** FLOP *** [5d Qs 9c]
ChOfW: bets $3
KonioDaSilva: calls $3
*** TURN *** [5d Qs 9c] [4h]
ChOfW: bets $6
KonioDaSilva: calls $6
*** RIVER *** [5d Qs 9c 4h] [6h]
ChOfW: checks
KonioDaSilva: checks
*** SHOW DOWN ***
ChOfW: shows [Ad 3d] (high card Ace)
KonioDaSilva: shows [9h 2h] (a pair of Nines)
KonioDaSilva collected $35.50 from pot
*** SUMMARY ***
Total pot $36 | Rake $0.50
Board [5d Qs 9c 4h 6h]
Seat 2: KonioDaSilva (button) (small blind) showed [9h 2h] and won ($35.50) with a pair of Nines
Seat 3: ChOfW (big blind) showed [Ad 3d] and lost with high card Ace


PokerStars Hand #148793800184:  Hold'em Limit ($3/$6 USD) - 2016/02/14 12:16:20 ET
Table 'Kunigunde' 6-max Seat #3 is the button
Seat 2: KonioDaSilva ($133.32 in chips)
Seat 3: ChOfW ($121.40 in chips)
ChOfW: posts small blind $1
KonioDaSilva: posts big blind $3
*** HOLE CARDS ***
ChOfW: raises $3 to $6
KonioDaSilva: calls $3
*** FLOP *** [Td 3h 7d]
KonioDaSilva: checks
ChOfW: bets $3
KonioDaSilva: raises $3 to $6
ChOfW: folds
Uncalled bet ($3) returned to KonioDaSilva
KonioDaSilva collected $17.64 from pot
KonioDaSilva: doesn't show hand
*** SUMMARY ***
Total pot $18 | Rake $0.36
Board [Td 3h 7d]
Seat 2: KonioDaSilva (big blind) collected ($17.64)
Seat 3: ChOfW (button) (small blind) folded on the Flop


PokerStars Hand #148793795562:  Hold'em Limit ($3/$6 USD) - 2016/02/14 12:16:16 ET
Table 'Kunigunde' 6-max Seat #2 is the button
Seat 2: KonioDaSilva ($134.32 in chips)
Seat 3: ChOfW ($120.40 in chips)
KonioDaSilva: posts small blind $1
ChOfW: posts big blind $3
*** HOLE CARDS ***
KonioDaSilva: folds
Uncalled bet ($2) returned to ChOfW
ChOfW collected $2 from pot
ChOfW: doesn't show hand
*** SUMMARY ***
Total pot $2 | Rake $0
Seat 2: KonioDaSilva (button) (small blind) folded before Flop
Seat 3: ChOfW (big blind) collected ($2)


PokerStars Hand #148793789429:  Hold'em Limit ($3/$6 USD) - 2016/02/14 12:16:10 ET
Table 'Kunigunde' 6-max Seat #3 is the button
Seat 2: KonioDaSilva ($137.32 in chips)
Seat 3: ChOfW ($117.40 in chips)
ChOfW: posts small blind $1
KonioDaSilva: posts big blind $3
*** HOLE CARDS ***
ChOfW: raises $3 to $6
KonioDaSilva: folds
Uncalled bet ($3) returned to ChOfW
ChOfW collected $6 from pot
ChOfW: doesn't show hand
*** SUMMARY ***
Total pot $6 | Rake $0
Seat 2: KonioDaSilva (big blind) folded before Flop
Seat 3: ChOfW (button) (small blind) collected ($6)


PokerStars Hand #148793762841:  Hold'em Limit ($3/$6 USD) - 2016/02/14 12:15:44 ET
Table 'Kunigunde' 6-max Seat #2 is the button
Seat 2: KonioDaSilva ($146.32 in chips)
Seat 3: ChOfW ($108.76 in chips)
KonioDaSilva: posts small blind $1
ChOfW: posts big blind $3
*** HOLE CARDS ***
KonioDaSilva: raises $3 to $6
ChOfW: raises $3 to $9
KonioDaSilva: calls $3
*** FLOP *** [6s 3h Ah]
ChOfW: bets $3
KonioDaSilva: folds
Uncalled bet ($3) returned to ChOfW
ChOfW collected $17.64 from pot
ChOfW: doesn't show hand
*** SUMMARY ***
Total pot $18 | Rake $0.36
Board [6s 3h Ah]
Seat 2: KonioDaSilva (button) (small blind) folded on the Flop
Seat 3: ChOfW (big blind) collected ($17.64)


PokerStars Hand #148793898244:  Hold'em Limit ($3/$6 USD) - 2016/02/14 12:17:56 ET
Table 'Kunigunde' 6-max Seat #3 is the button
Seat 2: KonioDaSilva ($167.10 in chips)
Seat 3: ChOfW ($86.40 in chips)
ChOfW: posts small blind $1
KonioDaSilva: posts big blind $3
*** HOLE CARDS ***
ChOfW: folds
Uncalled bet ($2) returned to KonioDaSilva
KonioDaSilva collected $2 from pot
KonioDaSilva: doesn't show hand
*** SUMMARY ***
Total pot $2 | Rake $0
Seat 2: KonioDaSilva (big blind) collected ($2)
Seat 3: ChOfW (button) (small blind) folded before Flop


PokerStars Hand #148793893129:  Hold'em Limit ($3/$6 USD) - 2016/02/14 12:17:51 ET
Table 'Kunigunde' 6-max Seat #2 is the button
Seat 2: KonioDaSilva ($168.10 in chips)
Seat 3: ChOfW ($85.40 in chips)
KonioDaSilva: posts small blind $1
ChOfW: posts big blind $3
*** HOLE CARDS ***
KonioDaSilva: folds
Uncalled bet ($2) returned to ChOfW
ChOfW collected $2 from pot
ChOfW: doesn't show hand
*** SUMMARY ***
Total pot $2 | Rake $0
Seat 2: KonioDaSilva (button) (small blind) folded before Flop
Seat 3: ChOfW (big blind) collected ($2)


PokerStars Hand #148793946887:  Hold'em Limit ($3/$6 USD) - 2016/02/14 12:18:43 ET
Table 'Kunigunde' 6-max Seat #3 is the button
Seat 2: KonioDaSilva ($145.10 in chips)
Seat 3: ChOfW ($107.66 in chips)
ChOfW: posts small blind $1
KonioDaSilva: posts big blind $3
*** HOLE CARDS ***
ChOfW: raises $3 to $6
KonioDaSilva: raises $3 to $9
ChOfW: calls $3
*** FLOP *** [Jh Ad Ks]
KonioDaSilva: bets $3
ChOfW: folds
Uncalled bet ($3) returned to KonioDaSilva
KonioDaSilva collected $17.64 from pot
KonioDaSilva: doesn't show hand
*** SUMMARY ***
Total pot $18 | Rake $0.36
Board [Jh Ad Ks]
Seat 2: KonioDaSilva (big blind) collected ($17.64)
Seat 3: ChOfW (button) (small blind) folded on the Flop


PokerStars Hand #148793923094:  Hold'em Limit ($3/$6 USD) - 2016/02/14 12:18:20 ET
Table 'Kunigunde' 6-max Seat #2 is the button
Seat 2: KonioDaSilva ($163.10 in chips)
Seat 3: ChOfW ($90.16 in chips)
KonioDaSilva: posts small blind $1
ChOfW: posts big blind $3
*** HOLE CARDS ***
KonioDaSilva: raises $3 to $6
ChOfW: calls $3
*** FLOP *** [5c 4s Tc]
ChOfW: checks
KonioDaSilva: checks
*** TURN *** [5c 4s Tc] [4d]
ChOfW: bets $6
KonioDaSilva: calls $6
*** RIVER *** [5c 4s Tc 4d] [Jd]
ChOfW: bets $6
KonioDaSilva: calls $6
*** SHOW DOWN ***
ChOfW: shows [Jc 5d] (two pair, Jacks and Fives)
KonioDaSilva: mucks hand
ChOfW collected $35.50 from pot
*** SUMMARY ***
Total pot $36 | Rake $0.50
Board [5c 4s Tc 4d Jd]
Seat 2: KonioDaSilva (button) (small blind) mucked
Seat 3: ChOfW (big blind) showed [Jc 5d] and won ($35.50) with two pair, Jacks and Fives


PokerStars Hand #148793917785:  Hold'em Limit ($3/$6 USD) - 2016/02/14 12:18:14 ET
Table 'Kunigunde' 6-max Seat #3 is the button
Seat 2: KonioDaSilva ($162.10 in chips)
Seat 3: ChOfW ($91.16 in chips)
ChOfW: posts small blind $1
KonioDaSilva: posts big blind $3
*** HOLE CARDS ***
ChOfW: folds
Uncalled bet ($2) returned to KonioDaSilva
KonioDaSilva collected $2 from pot
KonioDaSilva: doesn't show hand
*** SUMMARY ***
Total pot $2 | Rake $0
Seat 2: KonioDaSilva (big blind) collected ($2)
Seat 3: ChOfW (button) (small blind) folded before Flop


PokerStars Hand #148793902678:  Hold'em Limit ($3/$6 USD) - 2016/02/14 12:18:00 ET
Table 'Kunigunde' 6-max Seat #2 is the button
Seat 2: KonioDaSilva ($168.10 in chips)
Seat 3: ChOfW ($85.40 in chips)
KonioDaSilva: posts small blind $1
ChOfW: posts big blind $3
*** HOLE CARDS ***
KonioDaSilva: raises $3 to $6
ChOfW: calls $3
*** FLOP *** [6d 5d 7h]
ChOfW: checks
KonioDaSilva: checks
*** TURN *** [6d 5d 7h] [3h]
ChOfW: bets $6
KonioDaSilva: folds
Uncalled bet ($6) returned to ChOfW
ChOfW collected $11.76 from pot
ChOfW: doesn't show hand
*** SUMMARY ***
Total pot $12 | Rake $0.24
Board [6d 5d 7h 3h]
Seat 2: KonioDaSilva (button) (small blind) folded on the Turn
Seat 3: ChOfW (big blind) collected ($11.76)


PokerStars Hand #148793970160:  Hold'em Limit ($3/$6 USD) - 2016/02/14 12:19:05 ET
Table 'Kunigunde' 6-max Seat #3 is the button
Seat 2: KonioDaSilva ($153.49 in chips)
Seat 3: ChOfW ($98.41 in chips)
ChOfW: posts small blind $1
KonioDaSilva: posts big blind $3
*** HOLE CARDS ***
ChOfW: raises $3 to $6
KonioDaSilva: calls $3
*** FLOP *** [2s 2c 2d]
KonioDaSilva: bets $3
ChOfW: calls $3
*** TURN *** [2s 2c 2d] [6d]
KonioDaSilva: bets $6
ChOfW: folds
Uncalled bet ($6) returned to KonioDaSilva
KonioDaSilva collected $17.64 from pot
KonioDaSilva: doesn't show hand
*** SUMMARY ***
Total pot $18 | Rake $0.36
Board [2s 2c 2d 6d]
Seat 2: KonioDaSilva (big blind) collected ($17.64)
Seat 3: ChOfW (button) (small blind) folded on the Turn


PokerStars Hand #148793984082:  Hold'em Limit ($3/$6 USD) - 2016/02/14 12:19:19 ET
Table 'Kunigunde' 6-max Seat #2 is the button
Seat 2: KonioDaSilva ($162.13 in chips)
Seat 3: ChOfW ($89.41 in chips)
KonioDaSilva: posts small blind $1
ChOfW: posts big blind $3
*** HOLE CARDS ***
KonioDaSilva: raises $3 to $6
ChOfW: calls $3
*** FLOP *** [5c 5d Th]
ChOfW: checks
KonioDaSilva: bets $3
ChOfW: calls $3
*** TURN *** [5c 5d Th] [5s]
ChOfW: checks
KonioDaSilva: bets $6
ChOfW: folds
Uncalled bet ($6) returned to KonioDaSilva
KonioDaSilva collected $17.64 from pot
KonioDaSilva: doesn't show hand
*** SUMMARY ***
Total pot $18 | Rake $0.36
Board [5c 5d Th 5s]
Seat 2: KonioDaSilva (button) (small blind) collected ($17.64)
Seat 3: ChOfW (big blind) folded on the Turn


PokerStars Hand #148793956158:  Hold'em Limit ($3/$6 USD) - 2016/02/14 12:18:52 ET
Table 'Kunigunde' 6-max Seat #2 is the button
Seat 2: KonioDaSilva ($153.74 in chips)
Seat 3: ChOfW ($98.66 in chips)
KonioDaSilva: posts small blind $1
ChOfW: posts big blind $3
*** HOLE CARDS ***
KonioDaSilva: raises $3 to $6
ChOfW: raises $3 to $9
KonioDaSilva: raises $3 to $12
Betting is capped
ChOfW: calls $3
*** FLOP *** [7c 7s 6s]
ChOfW: checks
KonioDaSilva: bets $3
ChOfW: calls $3
*** TURN *** [7c 7s 6s] [Qd]
ChOfW: checks
KonioDaSilva: checks
*** RIVER *** [7c 7s 6s Qd] [5c]
ChOfW: checks
KonioDaSilva: checks
*** SHOW DOWN ***
ChOfW: shows [Ks Ah] (a pair of Sevens)
KonioDaSilva: shows [Kc Ac] (a pair of Sevens)
ChOfW collected $14.75 from pot
KonioDaSilva collected $14.75 from pot
*** SUMMARY ***
Total pot $30 | Rake $0.50
Board [7c 7s 6s Qd 5c]
Seat 2: KonioDaSilva (button) (small blind) showed [Kc Ac] and won ($14.75) with a pair of Sevens
Seat 3: ChOfW (big blind) showed [Ks Ah] and won ($14.75) with a pair of Sevens


PokerStars Hand #148794033567:  Hold'em Limit ($3/$6 USD) - 2016/02/14 12:20:07 ET
Table 'Kunigunde' 6-max Seat #2 is the button
Seat 2: KonioDaSilva ($179.41 in chips)
Seat 3: ChOfW ($71.41 in chips)
KonioDaSilva: posts small blind $1
ChOfW: posts big blind $3
*** HOLE CARDS ***
KonioDaSilva: raises $3 to $6
ChOfW: calls $3
*** FLOP *** [3d 7s 7h]
ChOfW: checks
KonioDaSilva: checks
*** TURN *** [3d 7s 7h] [4c]
ChOfW: checks
KonioDaSilva: checks
*** RIVER *** [3d 7s 7h 4c] [Qh]
ChOfW: bets $6
KonioDaSilva: folds
Uncalled bet ($6) returned to ChOfW
ChOfW collected $11.76 from pot
ChOfW: doesn't show hand
*** SUMMARY ***
Total pot $12 | Rake $0.24
Board [3d 7s 7h 4c Qh]
Seat 2: KonioDaSilva (button) (small blind) folded on the River
Seat 3: ChOfW (big blind) collected ($11.76)


PokerStars Hand #148794049012:  Hold'em Limit ($3/$6 USD) - 2016/02/14 12:20:22 ET
Table 'Kunigunde' 6-max Seat #3 is the button
Seat 2: KonioDaSilva ($173.41 in chips)
Seat 3: ChOfW ($77.17 in chips)
ChOfW: posts small blind $1
KonioDaSilva: posts big blind $3
*** HOLE CARDS ***
ChOfW: raises $3 to $6
KonioDaSilva: calls $3
*** FLOP *** [8s 5s 4d]
KonioDaSilva: checks
ChOfW: bets $3
KonioDaSilva: calls $3
*** TURN *** [8s 5s 4d] [Th]
KonioDaSilva: checks
ChOfW: bets $6
KonioDaSilva: calls $6
*** RIVER *** [8s 5s 4d Th] [Js]
KonioDaSilva: checks
ChOfW: bets $6
KonioDaSilva: raises $6 to $12
ChOfW: calls $6
*** SHOW DOWN ***
KonioDaSilva: shows [Qh 9s] (a straight, Eight to Queen)
ChOfW: mucks hand
KonioDaSilva collected $53.50 from pot
*** SUMMARY ***
Total pot $54 | Rake $0.50
Board [8s 5s 4d Th Js]
Seat 2: KonioDaSilva (big blind) showed [Qh 9s] and won ($53.50) with a straight, Eight to Queen
Seat 3: ChOfW (button) (small blind) mucked


PokerStars Hand #148794018148:  Hold'em Limit ($3/$6 USD) - 2016/02/14 12:19:52 ET
Table 'Kunigunde' 6-max Seat #3 is the button
Seat 2: KonioDaSilva ($170.77 in chips)
Seat 3: ChOfW ($80.41 in chips)
ChOfW: posts small blind $1
KonioDaSilva: posts big blind $3
*** HOLE CARDS ***
ChOfW: raises $3 to $6
KonioDaSilva: calls $3
*** FLOP *** [Jd Qs Ah]
KonioDaSilva: checks
ChOfW: bets $3
KonioDaSilva: calls $3
*** TURN *** [Jd Qs Ah] [8h]
KonioDaSilva: checks
ChOfW: checks
*** RIVER *** [Jd Qs Ah 8h] [Jh]
KonioDaSilva: bets $6
ChOfW: folds
Uncalled bet ($6) returned to KonioDaSilva
KonioDaSilva collected $17.64 from pot
*** SUMMARY ***
Total pot $18 | Rake $0.36
Board [Jd Qs Ah 8h Jh]
Seat 2: KonioDaSilva (big blind) collected ($17.64)
Seat 3: ChOfW (button) (small blind) folded on the River


PokerStars Hand #148794121146:  Hold'em Limit ($3/$6 USD) - 2016/02/14 12:21:32 ET
Table 'Kunigunde' 6-max Seat #2 is the button
Seat 2: KonioDaSilva ($196.31 in chips)
Seat 3: ChOfW ($83.28 in chips)
KonioDaSilva: posts small blind $1
ChOfW: posts big blind $3
*** HOLE CARDS ***
KonioDaSilva: folds
Uncalled bet ($2) returned to ChOfW
ChOfW collected $2 from pot
ChOfW: doesn't show hand
*** SUMMARY ***
Total pot $2 | Rake $0
Seat 2: KonioDaSilva (button) (small blind) folded before Flop
Seat 3: ChOfW (big blind) collected ($2)


PokerStars Hand #148794111757:  Hold'em Limit ($3/$6 USD) - 2016/02/14 12:21:23 ET
Table 'Kunigunde' 6-max Seat #3 is the button
Seat 2: KonioDaSilva ($202.31 in chips)
Seat 3: ChOfW ($77.52 in chips)
ChOfW: posts small blind $1
KonioDaSilva: posts big blind $3
*** HOLE CARDS ***
ChOfW: raises $3 to $6
KonioDaSilva: calls $3
*** FLOP *** [As 3h Jc]
KonioDaSilva: checks
ChOfW: bets $3
KonioDaSilva: folds
Uncalled bet ($3) returned to ChOfW
ChOfW collected $11.76 from pot
ChOfW: doesn't show hand
*** SUMMARY ***
Total pot $12 | Rake $0.24
Board [As 3h Jc]
Seat 2: KonioDaSilva (big blind) folded on the Flop
Seat 3: ChOfW (button) (small blind) collected ($11.76)


PokerStars Hand #148794106293:  Hold'em Limit ($3/$6 USD) - 2016/02/14 12:21:18 ET
Table 'Kunigunde' 6-max Seat #2 is the button
Seat 2: KonioDaSilva ($203.31 in chips)
Seat 3: ChOfW ($76.52 in chips)
KonioDaSilva: posts small blind $1
ChOfW: posts big blind $3
*** HOLE CARDS ***
KonioDaSilva: folds
Uncalled bet ($2) returned to ChOfW
ChOfW collected $2 from pot
ChOfW: doesn't show hand
*** SUMMARY ***
Total pot $2 | Rake $0
Seat 2: KonioDaSilva (button) (small blind) folded before Flop
Seat 3: ChOfW (big blind) collected ($2)


PokerStars Hand #148794100958:  Hold'em Limit ($3/$6 USD) - 2016/02/14 12:21:13 ET
Table 'Kunigunde' 6-max Seat #3 is the button
Seat 2: KonioDaSilva ($202.31 in chips)
Seat 3: ChOfW ($77.52 in chips)
ChOfW: posts small blind $1
KonioDaSilva: posts big blind $3
*** HOLE CARDS ***
ChOfW: folds
Uncalled bet ($2) returned to KonioDaSilva
KonioDaSilva collected $2 from pot
KonioDaSilva: doesn't show hand
*** SUMMARY ***
Total pot $2 | Rake $0
Seat 2: KonioDaSilva (big blind) collected ($2)
Seat 3: ChOfW (button) (small blind) folded before Flop


PokerStars Hand #148794088949:  Hold'em Limit ($3/$6 USD) - 2016/02/14 12:21:01 ET
Table 'Kunigunde' 6-max Seat #2 is the button
Seat 2: KonioDaSilva ($214.31 in chips)
Seat 3: ChOfW ($66 in chips)
KonioDaSilva: posts small blind $1
ChOfW: posts big blind $3
*** HOLE CARDS ***
KonioDaSilva: raises $3 to $6
ChOfW: calls $3
*** FLOP *** [2s 9h 9s]
ChOfW: checks
KonioDaSilva: checks
*** TURN *** [2s 9h 9s] [8s]
ChOfW: bets $6
KonioDaSilva: calls $6
*** RIVER *** [2s 9h 9s 8s] [4h]
ChOfW: checks
KonioDaSilva: checks
*** SHOW DOWN ***
ChOfW: shows [3d 4d] (two pair, Nines and Fours)
KonioDaSilva: mucks hand
ChOfW collected $23.52 from pot
*** SUMMARY ***
Total pot $24 | Rake $0.48
Board [2s 9h 9s 8s 4h]
Seat 2: KonioDaSilva (button) (small blind) mucked
Seat 3: ChOfW (big blind) showed [3d 4d] and won ($23.52) with two pair, Nines and Fours


PokerStars Hand #148794075166:  Hold'em Limit ($3/$6 USD) - 2016/02/14 12:20:47 ET
Table 'Kunigunde' 6-max Seat #3 is the button
Seat 2: KonioDaSilva ($205.67 in chips)
Seat 3: ChOfW ($66 in chips)
ChOfW: posts small blind $1
KonioDaSilva: posts big blind $3
*** HOLE CARDS ***
ChOfW: raises $3 to $6
KonioDaSilva: calls $3
*** FLOP *** [8c 2d 5s]
KonioDaSilva: checks
ChOfW: bets $3
KonioDaSilva: calls $3
*** TURN *** [8c 2d 5s] [4c]
KonioDaSilva: checks
ChOfW: checks
*** RIVER *** [8c 2d 5s 4c] [5c]
KonioDaSilva: checks
ChOfW: checks
*** SHOW DOWN ***
KonioDaSilva: shows [Qs 2s] (two pair, Fives and Deuces)
ChOfW: mucks hand
KonioDaSilva collected $17.64 from pot
*** SUMMARY ***
Total pot $18 | Rake $0.36
Board [8c 2d 5s 4c 5c]
Seat 2: KonioDaSilva (big blind) showed [Qs 2s] and won ($17.64) with two pair, Fives and Deuces
Seat 3: ChOfW (button) (small blind) mucked


PokerStars Hand #148794066671:  Hold'em Limit ($3/$6 USD) - 2016/02/14 12:20:39 ET
Table 'Kunigunde' 6-max Seat #2 is the button
Seat 2: KonioDaSilva ($199.91 in chips)
Seat 3: ChOfW ($66 in chips)
KonioDaSilva: posts small blind $1
ChOfW: posts big blind $3
*** HOLE CARDS ***
KonioDaSilva: raises $3 to $6
ChOfW: calls $3
*** FLOP *** [7s 2c 7c]
ChOfW: checks
KonioDaSilva: bets $3
ChOfW: folds
Uncalled bet ($3) returned to KonioDaSilva
KonioDaSilva collected $11.76 from pot
KonioDaSilva: doesn't show hand
*** SUMMARY ***
Total pot $12 | Rake $0.24
Board [7s 2c 7c]
Seat 2: KonioDaSilva (button) (small blind) collected ($11.76)
Seat 3: ChOfW (big blind) folded on the Flop


PokerStars Hand #148794176277:  Hold'em Limit ($3/$6 USD) - 2016/02/14 12:22:26 ET
Table 'Kunigunde' 6-max Seat #3 is the button
Seat 2: KonioDaSilva ($187.07 in chips)
Seat 3: ChOfW ($92.04 in chips)
ChOfW: posts small blind $1
KonioDaSilva: posts big blind $3
*** HOLE CARDS ***
ChOfW: raises $3 to $6
KonioDaSilva: calls $3
*** FLOP *** [Ac 5h 9c]
KonioDaSilva: checks
ChOfW: bets $3
KonioDaSilva: raises $3 to $6
ChOfW: folds
Uncalled bet ($3) returned to KonioDaSilva
KonioDaSilva collected $17.64 from pot
KonioDaSilva: doesn't show hand
*** SUMMARY ***
Total pot $18 | Rake $0.36
Board [Ac 5h 9c]
Seat 2: KonioDaSilva (big blind) collected ($17.64)
Seat 3: ChOfW (button) (small blind) folded on the Flop


PokerStars Hand #148794171280:  Hold'em Limit ($3/$6 USD) - 2016/02/14 12:22:21 ET
Table 'Kunigunde' 6-max Seat #2 is the button
Seat 2: KonioDaSilva ($188.07 in chips)
Seat 3: ChOfW ($91.04 in chips)
KonioDaSilva: posts small blind $1
ChOfW: posts big blind $3
*** HOLE CARDS ***
KonioDaSilva: folds
Uncalled bet ($2) returned to ChOfW
ChOfW collected $2 from pot
ChOfW: doesn't show hand
*** SUMMARY ***
Total pot $2 | Rake $0
Seat 2: KonioDaSilva (button) (small blind) folded before Flop
Seat 3: ChOfW (big blind) collected ($2)


PokerStars Hand #148794160824:  Hold'em Limit ($3/$6 USD) - 2016/02/14 12:22:11 ET
Table 'Kunigunde' 6-max Seat #3 is the button
Seat 2: KonioDaSilva ($194.07 in chips)
Seat 3: ChOfW ($85.28 in chips)
ChOfW: posts small blind $1
KonioDaSilva: posts big blind $3
*** HOLE CARDS ***
ChOfW: raises $3 to $6
KonioDaSilva: calls $3
*** FLOP *** [3d Th 8d]
KonioDaSilva: checks
ChOfW: bets $3
KonioDaSilva: folds
Uncalled bet ($3) returned to ChOfW
ChOfW collected $11.76 from pot
ChOfW: doesn't show hand
*** SUMMARY ***
Total pot $12 | Rake $0.24
Board [3d Th 8d]
Seat 2: KonioDaSilva (big blind) folded on the Flop
Seat 3: ChOfW (button) (small blind) collected ($11.76)


PokerStars Hand #148794155287:  Hold'em Limit ($3/$6 USD) - 2016/02/14 12:22:06 ET
Table 'Kunigunde' 6-max Seat #2 is the button
Seat 2: KonioDaSilva ($191.07 in chips)
Seat 3: ChOfW ($88.28 in chips)
KonioDaSilva: posts small blind $1
ChOfW: posts big blind $3
*** HOLE CARDS ***
KonioDaSilva: raises $3 to $6
ChOfW: folds
Uncalled bet ($3) returned to KonioDaSilva
KonioDaSilva collected $6 from pot
*** SUMMARY ***
Total pot $6 | Rake $0
Seat 2: KonioDaSilva (button) (small blind) collected ($6)
Seat 3: ChOfW (big blind) folded before Flop


PokerStars Hand #148794150262:  Hold'em Limit ($3/$6 USD) - 2016/02/14 12:22:01 ET
Table 'Kunigunde' 6-max Seat #3 is the button
Seat 2: KonioDaSilva ($194.07 in chips)
Seat 3: ChOfW ($85.28 in chips)
ChOfW: posts small blind $1
KonioDaSilva: posts big blind $3
*** HOLE CARDS ***
ChOfW: raises $3 to $6
KonioDaSilva: folds
Uncalled bet ($3) returned to ChOfW
ChOfW collected $6 from pot
ChOfW: doesn't show hand
*** SUMMARY ***
Total pot $6 | Rake $0
Seat 2: KonioDaSilva (big blind) folded before Flop
Seat 3: ChOfW (button) (small blind) collected ($6)


PokerStars Hand #148794140852:  Hold'em Limit ($3/$6 USD) - 2016/02/14 12:21:52 ET
Table 'Kunigunde' 6-max Seat #2 is the button
Seat 2: KonioDaSilva ($188.31 in chips)
Seat 3: ChOfW ($91.28 in chips)
KonioDaSilva: posts small blind $1
ChOfW: posts big blind $3
*** HOLE CARDS ***
KonioDaSilva: raises $3 to $6
ChOfW: calls $3
*** FLOP *** [3d 4s 5h]
ChOfW: checks
KonioDaSilva: bets $3
ChOfW: folds
Uncalled bet ($3) returned to KonioDaSilva
KonioDaSilva collected $11.76 from pot
KonioDaSilva: doesn't show hand
*** SUMMARY ***
Total pot $12 | Rake $0.24
Board [3d 4s 5h]
Seat 2: KonioDaSilva (button) (small blind) collected ($11.76)
Seat 3: ChOfW (big blind) folded on the Flop


PokerStars Hand #148794135559:  Hold'em Limit ($3/$6 USD) - 2016/02/14 12:21:47 ET
Table 'Kunigunde' 6-max Seat #3 is the button
Seat 2: KonioDaSilva ($191.31 in chips)
Seat 3: ChOfW ($88.28 in chips)
ChOfW: posts small blind $1
KonioDaSilva: posts big blind $3
*** HOLE CARDS ***
ChOfW: raises $3 to $6
KonioDaSilva: folds
Uncalled bet ($3) returned to ChOfW
ChOfW collected $6 from pot
ChOfW: doesn't show hand
*** SUMMARY ***
Total pot $6 | Rake $0
Seat 2: KonioDaSilva (big blind) folded before Flop
Seat 3: ChOfW (button) (small blind) collected ($6)


PokerStars Hand #148794131028:  Hold'em Limit ($3/$6 USD) - 2016/02/14 12:21:42 ET
Table 'Kunigunde' 6-max Seat #2 is the button
Seat 2: KonioDaSilva ($192.31 in chips)
Seat 3: ChOfW ($87.28 in chips)
KonioDaSilva: posts small blind $1
ChOfW: posts big blind $3
*** HOLE CARDS ***
KonioDaSilva: folds
Uncalled bet ($2) returned to ChOfW
ChOfW collected $2 from pot
ChOfW: doesn't show hand
*** SUMMARY ***
Total pot $2 | Rake $0
Seat 2: KonioDaSilva (button) (small blind) folded before Flop
Seat 3: ChOfW (big blind) collected ($2)


PokerStars Hand #148794125953:  Hold'em Limit ($3/$6 USD) - 2016/02/14 12:21:37 ET
Table 'Kunigunde' 6-max Seat #3 is the button
Seat 2: KonioDaSilva ($195.31 in chips)
Seat 3: ChOfW ($84.28 in chips)
ChOfW: posts small blind $1
KonioDaSilva: posts big blind $3
*** HOLE CARDS ***
ChOfW: raises $3 to $6
KonioDaSilva: folds
Uncalled bet ($3) returned to ChOfW
ChOfW collected $6 from pot
ChOfW: doesn't show hand
*** SUMMARY ***
Total pot $6 | Rake $0
Seat 2: KonioDaSilva (big blind) folded before Flop
Seat 3: ChOfW (button) (small blind) collected ($6)


PokerStars Hand #148794250526:  Hold'em Limit ($3/$6 USD) - 2016/02/14 12:23:39 ET
Table 'Kunigunde' 6-max Seat #2 is the button
Seat 2: KonioDaSilva ($176.35 in chips)
Seat 3: ChOfW ($101.30 in chips)
KonioDaSilva: posts small blind $1
ChOfW: posts big blind $3
*** HOLE CARDS ***
KonioDaSilva: folds
Uncalled bet ($2) returned to ChOfW
ChOfW collected $2 from pot
ChOfW: doesn't show hand
*** SUMMARY ***
Total pot $2 | Rake $0
Seat 2: KonioDaSilva (button) (small blind) folded before Flop
Seat 3: ChOfW (big blind) collected ($2)


PokerStars Hand #148794241490:  Hold'em Limit ($3/$6 USD) - 2016/02/14 12:23:30 ET
Table 'Kunigunde' 6-max Seat #3 is the button
Seat 2: KonioDaSilva ($182.35 in chips)
Seat 3: ChOfW ($95.54 in chips)
ChOfW: posts small blind $1
KonioDaSilva: posts big blind $3
*** HOLE CARDS ***
ChOfW: raises $3 to $6
KonioDaSilva: calls $3
*** FLOP *** [9h Ad 7s]
KonioDaSilva: checks
ChOfW: bets $3
KonioDaSilva: folds
Uncalled bet ($3) returned to ChOfW
ChOfW collected $11.76 from pot
ChOfW: doesn't show hand
*** SUMMARY ***
Total pot $12 | Rake $0.24
Board [9h Ad 7s]
Seat 2: KonioDaSilva (big blind) folded on the Flop
Seat 3: ChOfW (button) (small blind) collected ($11.76)


PokerStars Hand #148794236983:  Hold'em Limit ($3/$6 USD) - 2016/02/14 12:23:26 ET
Table 'Kunigunde' 6-max Seat #2 is the button
Seat 2: KonioDaSilva ($183.35 in chips)
Seat 3: ChOfW ($94.54 in chips)
KonioDaSilva: posts small blind $1
ChOfW: posts big blind $3
*** HOLE CARDS ***
KonioDaSilva: folds
Uncalled bet ($2) returned to ChOfW
ChOfW collected $2 from pot
ChOfW: doesn't show hand
*** SUMMARY ***
Total pot $2 | Rake $0
Seat 2: KonioDaSilva (button) (small blind) folded before Flop
Seat 3: ChOfW (big blind) collected ($2)


PokerStars Hand #148794215545:  Hold'em Limit ($3/$6 USD) - 2016/02/14 12:23:05 ET
Table 'Kunigunde' 6-max Seat #3 is the button
Seat 2: KonioDaSilva ($198.35 in chips)
Seat 3: ChOfW ($80.04 in chips)
ChOfW: posts small blind $1
KonioDaSilva: posts big blind $3
*** HOLE CARDS ***
ChOfW: raises $3 to $6
KonioDaSilva: calls $3
*** FLOP *** [7c 2d 6h]
KonioDaSilva: checks
ChOfW: bets $3
KonioDaSilva: calls $3
*** TURN *** [7c 2d 6h] [9h]
KonioDaSilva: checks
ChOfW: bets $6
KonioDaSilva: calls $6
*** RIVER *** [7c 2d 6h 9h] [5s]
KonioDaSilva: checks
ChOfW: checks
*** SHOW DOWN ***
KonioDaSilva: shows [Td Qd] (high card Queen)
ChOfW: shows [7h 7s] (three of a kind, Sevens)
ChOfW collected $29.50 from pot
*** SUMMARY ***
Total pot $30 | Rake $0.50
Board [7c 2d 6h 9h 5s]
Seat 2: KonioDaSilva (big blind) showed [Td Qd] and lost with high card Queen
Seat 3: ChOfW (button) (small blind) showed [7h 7s] and won ($29.50) with three of a kind, Sevens


PokerStars Hand #148794255797:  Hold'em Limit ($3/$6 USD) - 2016/02/14 12:23:44 ET
Table 'Kunigunde' 6-max Seat #3 is the button
Seat 2: KonioDaSilva ($175.35 in chips)
Seat 3: ChOfW ($102.30 in chips)
ChOfW: posts small blind $1
KonioDaSilva: posts big blind $3
*** HOLE CARDS ***
ChOfW: raises $3 to $6
KonioDaSilva: calls $3
*** FLOP *** [Ts 8s Kc]
KonioDaSilva: checks
ChOfW: bets $3
KonioDaSilva: raises $3 to $6
ChOfW: folds
Uncalled bet ($3) returned to KonioDaSilva
KonioDaSilva collected $17.64 from pot
KonioDaSilva: doesn't show hand
*** SUMMARY ***
Total pot $18 | Rake $0.36
Board [Ts 8s Kc]
Seat 2: KonioDaSilva (big blind) collected ($17.64)
Seat 3: ChOfW (button) (small blind) folded on the Flop


PokerStars Hand #148794210773:  Hold'em Limit ($3/$6 USD) - 2016/02/14 12:23:00 ET
Table 'Kunigunde' 6-max Seat #2 is the button
Seat 2: KonioDaSilva ($199.35 in chips)
Seat 3: ChOfW ($79.04 in chips)
KonioDaSilva: posts small blind $1
ChOfW: posts big blind $3
*** HOLE CARDS ***
KonioDaSilva: folds
Uncalled bet ($2) returned to ChOfW
ChOfW collected $2 from pot
ChOfW: doesn't show hand
*** SUMMARY ***
Total pot $2 | Rake $0
Seat 2: KonioDaSilva (button) (small blind) folded before Flop
Seat 3: ChOfW (big blind) collected ($2)


PokerStars Hand #148794202285:  Hold'em Limit ($3/$6 USD) - 2016/02/14 12:22:52 ET
Table 'Kunigunde' 6-max Seat #3 is the button
Seat 2: KonioDaSilva ($190.71 in chips)
Seat 3: ChOfW ($88.04 in chips)
ChOfW: posts small blind $1
KonioDaSilva: posts big blind $3
*** HOLE CARDS ***
ChOfW: raises $3 to $6
KonioDaSilva: raises $3 to $9
ChOfW: calls $3
*** FLOP *** [3s 6h Qd]
KonioDaSilva: bets $3
ChOfW: folds
Uncalled bet ($3) returned to KonioDaSilva
KonioDaSilva collected $17.64 from pot
KonioDaSilva: doesn't show hand
*** SUMMARY ***
Total pot $18 | Rake $0.36
Board [3s 6h Qd]
Seat 2: KonioDaSilva (big blind) collected ($17.64)
Seat 3: ChOfW (button) (small blind) folded on the Flop


PokerStars Hand #148794191469:  Hold'em Limit ($3/$6 USD) - 2016/02/14 12:22:41 ET
Table 'Kunigunde' 6-max Seat #3 is the button
Seat 2: KonioDaSilva ($194.71 in chips)
Seat 3: ChOfW ($84.04 in chips)
ChOfW: posts small blind $1
KonioDaSilva: posts big blind $3
*** HOLE CARDS ***
ChOfW: raises $3 to $6
KonioDaSilva: folds
Uncalled bet ($3) returned to ChOfW
ChOfW collected $6 from pot
ChOfW: doesn't show hand
*** SUMMARY ***
Total pot $6 | Rake $0
Seat 2: KonioDaSilva (big blind) folded before Flop
Seat 3: ChOfW (button) (small blind) collected ($6)


PokerStars Hand #148794187094:  Hold'em Limit ($3/$6 USD) - 2016/02/14 12:22:37 ET
Table 'Kunigunde' 6-max Seat #2 is the button
Seat 2: KonioDaSilva ($195.71 in chips)
Seat 3: ChOfW ($83.04 in chips)
KonioDaSilva: posts small blind $1
ChOfW: posts big blind $3
*** HOLE CARDS ***
KonioDaSilva: folds
Uncalled bet ($2) returned to ChOfW
ChOfW collected $2 from pot
ChOfW: doesn't show hand
*** SUMMARY ***
Total pot $2 | Rake $0
Seat 2: KonioDaSilva (button) (small blind) folded before Flop
Seat 3: ChOfW (big blind) collected ($2)


PokerStars Hand #148794294744:  Hold'em Limit ($3/$6 USD) - 2016/02/14 12:24:22 ET
Table 'Kunigunde' 6-max Seat #2 is the button
Seat 2: KonioDaSilva ($189.49 in chips)
Seat 3: ChOfW ($86.82 in chips)
KonioDaSilva: posts small blind $1
ChOfW: posts big blind $3
*** HOLE CARDS ***
KonioDaSilva: raises $3 to $6
ChOfW: folds
Uncalled bet ($3) returned to KonioDaSilva
KonioDaSilva collected $6 from pot
KonioDaSilva: doesn't show hand
*** SUMMARY ***
Total pot $6 | Rake $0
Seat 2: KonioDaSilva (button) (small blind) collected ($6)
Seat 3: ChOfW (big blind) folded before Flop


PokerStars Hand #148794278652:  Hold'em Limit ($3/$6 USD) - 2016/02/14 12:24:06 ET
Table 'Kunigunde' 6-max Seat #3 is the button
Seat 2: KonioDaSilva ($171.99 in chips)
Seat 3: ChOfW ($104.82 in chips)
ChOfW: posts small blind $1
KonioDaSilva: posts big blind $3
*** HOLE CARDS ***
ChOfW: raises $3 to $6
KonioDaSilva: calls $3
*** FLOP *** [9d 8d 4s]
KonioDaSilva: checks
ChOfW: bets $3
KonioDaSilva: raises $3 to $6
ChOfW: calls $3
*** TURN *** [9d 8d 4s] [3c]
KonioDaSilva: bets $6
ChOfW: calls $6
*** RIVER *** [9d 8d 4s 3c] [Qc]
KonioDaSilva: bets $6
ChOfW: folds
Uncalled bet ($6) returned to KonioDaSilva
KonioDaSilva collected $35.50 from pot
KonioDaSilva: doesn't show hand
*** SUMMARY ***
Total pot $36 | Rake $0.50
Board [9d 8d 4s 3c Qc]
Seat 2: KonioDaSilva (big blind) collected ($35.50)
Seat 3: ChOfW (button) (small blind) folded on the River


PokerStars Hand #148794264982:  Hold'em Limit ($3/$6 USD) - 2016/02/14 12:23:53 ET
Table 'Kunigunde' 6-max Seat #2 is the button
Seat 2: KonioDaSilva ($183.99 in chips)
Seat 3: ChOfW ($93.30 in chips)
KonioDaSilva: posts small blind $1
ChOfW: posts big blind $3
*** HOLE CARDS ***
KonioDaSilva: raises $3 to $6
ChOfW: raises $3 to $9
KonioDaSilva: calls $3
*** FLOP *** [4h Ah 2s]
ChOfW: bets $3
KonioDaSilva: calls $3
*** TURN *** [4h Ah 2s] [8s]
ChOfW: bets $6
KonioDaSilva: folds
Uncalled bet ($6) returned to ChOfW
ChOfW collected $23.52 from pot
ChOfW: doesn't show hand
*** SUMMARY ***
Total pot $24 | Rake $0.48
Board [4h Ah 2s 8s]
Seat 2: KonioDaSilva (button) (small blind) folded on the Turn
Seat 3: ChOfW (big blind) collected ($23.52)


