PokerStars Hand #163125699172:  Hold'em Limit ($3/$6 USD) - 2016/12/18 5:13:57 ET
Table 'Kunigunde II' 6-max Seat #4 is the button
Seat 1: oddinec ($56.74 in chips)
Seat 4: MTails ($121 in chips)
MTails: posts small blind $1
oddinec: posts big blind $3
*** HOLE CARDS ***
MTails: raises $3 to $6
oddinec: calls $3
*** FLOP *** [3h Kc Td]
oddinec: checks
MTails: bets $3
oddinec: calls $3
*** TURN *** [3h Kc Td] [Js]
oddinec: checks
MTails: checks
*** RIVER *** [3h Kc Td Js] [Qc]
oddinec: checks
MTails: checks
*** SHOW DOWN ***
oddinec: shows [Th 8c] (a pair of Tens)
MTails: mucks hand
oddinec collected $17.64 from pot
*** SUMMARY ***
Total pot $18 | Rake $0.36
Board [3h Kc Td Js Qc]
Seat 1: oddinec (big blind) showed [Th 8c] and won ($17.64) with a pair of Tens
Seat 4: MTails (button) (small blind) mucked


PokerStars Hand #163125690217:  Hold'em Limit ($3/$6 USD) - 2016/12/18 5:13:38 ET
Table 'Kunigunde II' 6-max Seat #1 is the button
Seat 1: oddinec ($57.74 in chips)
Seat 4: MTails ($120 in chips)
oddinec: posts small blind $1
Agrotait joins the table at seat #2
MTails: posts big blind $3
*** HOLE CARDS ***
oddinec: folds
Uncalled bet ($2) returned to MTails
MTails collected $2 from pot
*** SUMMARY ***
Total pot $2 | Rake $0
Seat 1: oddinec (button) (small blind) folded before Flop
Seat 4: MTails (big blind) collected ($2)


PokerStars Hand #163126041494:  Hold'em Limit ($3/$6 USD) - 2016/12/18 5:26:11 ET
Table 'Kunigunde II' 6-max Seat #6 is the button
Seat 1: Drik89 ($238.36 in chips)
Seat 6: Scoobz101 ($47.98 in chips)
Scoobz101: posts small blind $1
Drik89: posts big blind $3
*** HOLE CARDS ***
Scoobz101: raises $3 to $6
Drik89: folds
Uncalled bet ($3) returned to Scoobz101
Scoobz101 collected $6 from pot
*** SUMMARY ***
Total pot $6 | Rake $0
Seat 1: Drik89 (big blind) folded before Flop
Seat 6: Scoobz101 (button) (small blind) collected ($6)


PokerStars Hand #163126038295:  Hold'em Limit ($3/$6 USD) - 2016/12/18 5:26:04 ET
Table 'Kunigunde II' 6-max Seat #1 is the button
Seat 1: Drik89 ($239.36 in chips)
Seat 6: Scoobz101 ($46.98 in chips)
Drik89: posts small blind $1
Agrotait: is sitting out
Apanage: is sitting out
Scoobz101: posts big blind $3
*** HOLE CARDS ***
Apanage leaves the table
Drik89: folds
Uncalled bet ($2) returned to Scoobz101
Scoobz101 collected $2 from pot
*** SUMMARY ***
Total pot $2 | Rake $0
Seat 1: Drik89 (button) (small blind) folded before Flop
Seat 6: Scoobz101 (big blind) collected ($2)


PokerStars Hand #163126054202:  Hold'em Limit ($3/$6 USD) - 2016/12/18 5:26:38 ET
Table 'Kunigunde II' 6-max Seat #6 is the button
Seat 1: Drik89 ($241.12 in chips)
Seat 6: Scoobz101 ($44.98 in chips)
Scoobz101: posts small blind $1
Drik89: posts big blind $3
*** HOLE CARDS ***
Scoobz101: folds
Uncalled bet ($2) returned to Drik89
Drik89 collected $2 from pot
Drik89: doesn't show hand
*** SUMMARY ***
Total pot $2 | Rake $0
Seat 1: Drik89 (big blind) collected ($2)
Seat 6: Scoobz101 (button) (small blind) folded before Flop


PokerStars Hand #163126047401:  Hold'em Limit ($3/$6 USD) - 2016/12/18 5:26:23 ET
Table 'Kunigunde II' 6-max Seat #1 is the button
Seat 1: Drik89 ($235.36 in chips)
Seat 6: Scoobz101 ($50.98 in chips)
Drik89: posts small blind $1
Scoobz101: posts big blind $3
*** HOLE CARDS ***
Drik89: raises $3 to $6
Scoobz101: calls $3
*** FLOP *** [Kd 3h 7d]
Scoobz101: checks
Drik89: bets $3
Scoobz101: folds
Uncalled bet ($3) returned to Drik89
Drik89 collected $11.76 from pot
Drik89: doesn't show hand
*** SUMMARY ***
Total pot $12 | Rake $0.24
Board [Kd 3h 7d]
Seat 1: Drik89 (button) (small blind) collected ($11.76)
Seat 6: Scoobz101 (big blind) folded on the Flop


PokerStars Hand #163128840080:  Hold'em Limit ($3/$6 USD) - 2016/12/18 6:59:43 ET
Table 'Kunigunde II' 6-max Seat #4 is the button
Seat 3: ZinZar ($195.83 in chips)
Seat 4: zizonmusang ($89.78 in chips)
zizonmusang: posts small blind $1
MellivoraSto: is sitting out
Agrotait: is sitting out
ZinZar: posts big blind $3
*** HOLE CARDS ***
Agrotait leaves the table
MellivoraSto leaves the table
zizonmusang: raises $3 to $6
ZinZar: calls $3
*** FLOP *** [5c 3c Kh]
ZinZar: checks
zizonmusang: bets $3
ZinZar: raises $3 to $6
zizonmusang: folds
Uncalled bet ($3) returned to ZinZar
ZinZar collected $17.64 from pot
ZinZar: doesn't show hand
*** SUMMARY ***
Total pot $18 | Rake $0.36
Board [5c 3c Kh]
Seat 3: ZinZar (big blind) collected ($17.64)
Seat 4: zizonmusang (button) (small blind) folded on the Flop


