PokerStars Hand #154268211267:  Hold'em Limit ($3/$6 USD) - 2016/06/04 6:09:06 ET
Table 'Kurhah' 6-max Seat #1 is the button
Seat 1: hairy1961 ($60 in chips)
Seat 2: TbIP-TbIP 88 ($72 in chips)
hairy1961: posts small blind $1
TbIP-TbIP 88: posts big blind $3
*** HOLE CARDS ***
hairy1961: folds
Uncalled bet ($2) returned to TbIP-TbIP 88
TbIP-TbIP 88 collected $2 from pot
TbIP-TbIP 88: doesn't show hand
*** SUMMARY ***
Total pot $2 | Rake $0
Seat 1: hairy1961 (button) (small blind) folded before Flop
Seat 2: TbIP-TbIP 88 (big blind) collected ($2)


PokerStars Hand #154268233657:  Hold'em Limit ($3/$6 USD) - 2016/06/04 6:09:57 ET
Table 'Kurhah' 6-max Seat #1 is the button
Seat 1: hairy1961 ($56 in chips)
Seat 2: TbIP-TbIP 88 ($76 in chips)
hairy1961: posts small blind $1
TbIP-TbIP 88: posts big blind $3
*** HOLE CARDS ***
hairy1961: raises $3 to $6
TbIP-TbIP 88: folds
Uncalled bet ($3) returned to hairy1961
hairy1961 collected $6 from pot
*** SUMMARY ***
Total pot $6 | Rake $0
Seat 1: hairy1961 (button) (small blind) collected ($6)
Seat 2: TbIP-TbIP 88 (big blind) folded before Flop


PokerStars Hand #154268217134:  Hold'em Limit ($3/$6 USD) - 2016/06/04 6:09:19 ET
Table 'Kurhah' 6-max Seat #2 is the button
Seat 1: hairy1961 ($59 in chips)
Seat 2: TbIP-TbIP 88 ($73 in chips)
TbIP-TbIP 88: posts small blind $1
hairy1961: posts big blind $3
*** HOLE CARDS ***
TbIP-TbIP 88: raises $3 to $6
hairy1961: folds
Uncalled bet ($3) returned to TbIP-TbIP 88
TbIP-TbIP 88 collected $6 from pot
TbIP-TbIP 88: doesn't show hand
*** SUMMARY ***
Total pot $6 | Rake $0
Seat 1: hairy1961 (big blind) folded before Flop
Seat 2: TbIP-TbIP 88 (button) (small blind) collected ($6)


PokerStars Hand #154268239199:  Hold'em Limit ($3/$6 USD) - 2016/06/04 6:10:10 ET
Table 'Kurhah' 6-max Seat #2 is the button
Seat 1: hairy1961 ($59 in chips)
Seat 2: TbIP-TbIP 88 ($73 in chips)
TbIP-TbIP 88: posts small blind $1
hairy1961: posts big blind $3
*** HOLE CARDS ***
TbIP-TbIP 88: raises $3 to $6
hairy1961: folds
Uncalled bet ($3) returned to TbIP-TbIP 88
TbIP-TbIP 88 collected $6 from pot
TbIP-TbIP 88: doesn't show hand
*** SUMMARY ***
Total pot $6 | Rake $0
Seat 1: hairy1961 (big blind) folded before Flop
Seat 2: TbIP-TbIP 88 (button) (small blind) collected ($6)


PokerStars Hand #154268242591:  Hold'em Limit ($3/$6 USD) - 2016/06/04 6:10:18 ET
Table 'Kurhah' 6-max Seat #1 is the button
Seat 1: hairy1961 ($56 in chips)
Seat 2: TbIP-TbIP 88 ($76 in chips)
hairy1961: posts small blind $1
TbIP-TbIP 88: posts big blind $3
*** HOLE CARDS ***
hairy1961: raises $3 to $6
TbIP-TbIP 88: calls $3
*** FLOP *** [5h 2d 8h]
TbIP-TbIP 88: checks
hairy1961: bets $3
TbIP-TbIP 88: calls $3
*** TURN *** [5h 2d 8h] [Td]
TbIP-TbIP 88: checks
hairy1961: checks
*** RIVER *** [5h 2d 8h Td] [Ah]
lelala joins the table at seat #3
TbIP-TbIP 88: checks
hairy1961 is disconnected
hairy1961 is connected
hairy1961: bets $6
TbIP-TbIP 88: folds
Uncalled bet ($6) returned to hairy1961
hairy1961 collected $17.64 from pot
*** SUMMARY ***
Total pot $18 | Rake $0.36
Board [5h 2d 8h Td Ah]
Seat 1: hairy1961 (button) (small blind) collected ($17.64)
Seat 2: TbIP-TbIP 88 (big blind) folded on the River


PokerStars Hand #154269877525:  Hold'em Limit ($3/$6 USD) - 2016/06/04 7:11:12 ET
Table 'Kurhah' 6-max Seat #1 is the button
Seat 1: Tryptamean ($141.71 in chips)
Seat 4: Rohirrim ($205.01 in chips)
Tryptamean: posts small blind $1
masterblstr8: is sitting out
Rohirrim: posts big blind $3
*** HOLE CARDS ***
Tryptamean: raises $3 to $6
Rohirrim: folds
Uncalled bet ($3) returned to Tryptamean
Tryptamean collected $6 from pot
Tryptamean: doesn't show hand
*** SUMMARY ***
Total pot $6 | Rake $0
Seat 1: Tryptamean (button) (small blind) collected ($6)
Seat 4: Rohirrim (big blind) folded before Flop


PokerStars Hand #154269891693:  Hold'em Limit ($3/$6 USD) - 2016/06/04 7:11:42 ET
Table 'Kurhah' 6-max Seat #4 is the button
Seat 1: Tryptamean ($156.35 in chips)
Seat 4: Rohirrim ($190.01 in chips)
Rohirrim: posts small blind $1
Tryptamean: posts big blind $3
*** HOLE CARDS ***
Rohirrim: raises $3 to $6
Tryptamean: raises $3 to $9
Rohirrim: raises $3 to $12
Betting is capped
Tryptamean: calls $3
*** FLOP *** [2d 7d 4d]
Tryptamean: checks
Rohirrim: bets $3
Tryptamean: calls $3
*** TURN *** [2d 7d 4d] [Ah]
Tryptamean: checks
Rohirrim: bets $6
Tryptamean: calls $6
*** RIVER *** [2d 7d 4d Ah] [Jh]
Tryptamean: checks
Rohirrim: bets $6
Tryptamean: folds
Uncalled bet ($6) returned to Rohirrim
Rohirrim collected $41.50 from pot
*** SUMMARY ***
Total pot $42 | Rake $0.50
Board [2d 7d 4d Ah Jh]
Seat 1: Tryptamean (big blind) folded on the River
Seat 4: Rohirrim (button) (small blind) collected ($41.50)


PokerStars Hand #154269881407:  Hold'em Limit ($3/$6 USD) - 2016/06/04 7:11:20 ET
Table 'Kurhah' 6-max Seat #4 is the button
Seat 1: Tryptamean ($144.71 in chips)
Seat 4: Rohirrim ($202.01 in chips)
Rohirrim: posts small blind $1
Tryptamean: posts big blind $3
*** HOLE CARDS ***
Rohirrim: raises $3 to $6
masterblstr8 leaves the table
Tryptamean: raises $3 to $9
Rohirrim: calls $3
*** FLOP *** [5h Jc 4d]
Tryptamean: bets $3
Rohirrim: folds
Uncalled bet ($3) returned to Tryptamean
Tryptamean collected $17.64 from pot
Tryptamean: doesn't show hand
*** SUMMARY ***
Total pot $18 | Rake $0.36
Board [5h Jc 4d]
Seat 1: Tryptamean (big blind) collected ($17.64)
Seat 4: Rohirrim (button) (small blind) folded on the Flop


PokerStars Hand #154269888284:  Hold'em Limit ($3/$6 USD) - 2016/06/04 7:11:35 ET
Table 'Kurhah' 6-max Seat #1 is the button
Seat 1: Tryptamean ($153.35 in chips)
Seat 4: Rohirrim ($193.01 in chips)
Tryptamean: posts small blind $1
Rohirrim: posts big blind $3
*** HOLE CARDS ***
Tryptamean: raises $3 to $6
Rohirrim: folds
Uncalled bet ($3) returned to Tryptamean
Grieserix leaves the table
Tryptamean collected $6 from pot
Tryptamean: doesn't show hand
*** SUMMARY ***
Total pot $6 | Rake $0
Seat 1: Tryptamean (button) (small blind) collected ($6)
Seat 4: Rohirrim (big blind) folded before Flop


