PokerStars Hand #146890369982:  Hold'em Limit ($3/$6 USD) - 2016/01/11 20:27:05 ET
Table 'Kurhah' 6-max Seat #1 is the button
Seat 1: TinaTurner72 ($230.38 in chips)
Seat 6: Brama Br ($125.15 in chips)
TinaTurner72: posts small blind $1
DocFolder: is sitting out
Brama Br: posts big blind $3
*** HOLE CARDS ***
TinaTurner72: raises $3 to $6
Brama Br: calls $3
*** FLOP *** [Kd Js 6c]
Brama Br: checks
TinaTurner72: bets $3
DocFolder leaves the table
Brama Br: raises $3 to $6
TinaTurner72: calls $3
*** TURN *** [Kd Js 6c] [Jh]
Brama Br: bets $6
TinaTurner72: calls $6
*** RIVER *** [Kd Js 6c Jh] [7s]
Brama Br: checks
TinaTurner72: checks
*** SHOW DOWN ***
Brama Br: shows [6s 8d] (two pair, Jacks and Sixes)
TinaTurner72: mucks hand
Brama Br collected $35.50 from pot
*** SUMMARY ***
Total pot $36 | Rake $0.50
Board [Kd Js 6c Jh 7s]
Seat 1: TinaTurner72 (button) (small blind) mucked
Seat 6: Brama Br (big blind) showed [6s 8d] and won ($35.50) with two pair, Jacks and Sixes


PokerStars Hand #146890412795:  Hold'em Limit ($3/$6 USD) - 2016/01/11 20:28:19 ET
Table 'Kurhah' 6-max Seat #6 is the button
Seat 1: TinaTurner72 ($211.14 in chips)
Seat 6: Brama Br ($143.29 in chips)
Brama Br: posts small blind $1
TinaTurner72: posts big blind $3
*** HOLE CARDS ***
Brama Br: folds
Uncalled bet ($2) returned to TinaTurner72
TinaTurner72 collected $2 from pot
TinaTurner72: doesn't show hand
*** SUMMARY ***
Total pot $2 | Rake $0
Seat 1: TinaTurner72 (big blind) collected ($2)
Seat 6: Brama Br (button) (small blind) folded before Flop


PokerStars Hand #146890403980:  Hold'em Limit ($3/$6 USD) - 2016/01/11 20:28:03 ET
Table 'Kurhah' 6-max Seat #1 is the button
Seat 1: TinaTurner72 ($220.14 in chips)
Seat 6: Brama Br ($134.65 in chips)
TinaTurner72: posts small blind $1
Brama Br: posts big blind $3
*** HOLE CARDS ***
TinaTurner72: raises $3 to $6
Brama Br: calls $3
*** FLOP *** [Qd Tc 7h]
Brama Br: checks
TinaTurner72: bets $3
Brama Br: raises $3 to $6
TinaTurner72: folds
Uncalled bet ($3) returned to Brama Br
Brama Br collected $17.64 from pot
Brama Br: doesn't show hand
*** SUMMARY ***
Total pot $18 | Rake $0.36
Board [Qd Tc 7h]
Seat 1: TinaTurner72 (button) (small blind) folded on the Flop
Seat 6: Brama Br (big blind) collected ($17.64)


PokerStars Hand #146890387471:  Hold'em Limit ($3/$6 USD) - 2016/01/11 20:27:35 ET
Table 'Kurhah' 6-max Seat #6 is the button
Seat 1: TinaTurner72 ($212.38 in chips)
Seat 6: Brama Br ($142.65 in chips)
Brama Br: posts small blind $1
TinaTurner72: posts big blind $3
*** HOLE CARDS ***
Brama Br: folds
Uncalled bet ($2) returned to TinaTurner72
TinaTurner72 collected $2 from pot
TinaTurner72: doesn't show hand
*** SUMMARY ***
Total pot $2 | Rake $0
Seat 1: TinaTurner72 (big blind) collected ($2)
Seat 6: Brama Br (button) (small blind) folded before Flop


PokerStars Hand #146890400017:  Hold'em Limit ($3/$6 USD) - 2016/01/11 20:27:57 ET
Table 'Kurhah' 6-max Seat #6 is the button
Seat 1: TinaTurner72 ($219.14 in chips)
Seat 6: Brama Br ($135.65 in chips)
Brama Br: posts small blind $1
TinaTurner72: posts big blind $3
*** HOLE CARDS ***
Brama Br: folds
Uncalled bet ($2) returned to TinaTurner72
TinaTurner72 collected $2 from pot
TinaTurner72: doesn't show hand
*** SUMMARY ***
Total pot $2 | Rake $0
Seat 1: TinaTurner72 (big blind) collected ($2)
Seat 6: Brama Br (button) (small blind) folded before Flop


PokerStars Hand #146890415940:  Hold'em Limit ($3/$6 USD) - 2016/01/11 20:28:24 ET
Table 'Kurhah' 6-max Seat #1 is the button
Seat 1: TinaTurner72 ($212.14 in chips)
Seat 6: Brama Br ($142.29 in chips)
TinaTurner72: posts small blind $1
Brama Br: posts big blind $3
*** HOLE CARDS ***
TinaTurner72: raises $3 to $6
Brama Br: raises $3 to $9
TinaTurner72: calls $3
*** FLOP *** [Qs 8c Jd]
Brama Br: bets $3
TinaTurner72: calls $3
*** TURN *** [Qs 8c Jd] [Qc]
Brama Br: bets $6
TinaTurner72: calls $6
*** RIVER *** [Qs 8c Jd Qc] [Ad]
Brama Br: checks
TinaTurner72: checks
*** SHOW DOWN ***
Brama Br: shows [Tc Ac] (two pair, Aces and Queens)
TinaTurner72: mucks hand
Brama Br collected $35.50 from pot
*** SUMMARY ***
Total pot $36 | Rake $0.50
Board [Qs 8c Jd Qc Ad]
Seat 1: TinaTurner72 (button) (small blind) mucked
Seat 6: Brama Br (big blind) showed [Tc Ac] and won ($35.50) with two pair, Aces and Queens


PokerStars Hand #146890447441:  Hold'em Limit ($3/$6 USD) - 2016/01/11 20:29:19 ET
Table 'Kurhah' 6-max Seat #6 is the button
Seat 1: TinaTurner72 ($214.64 in chips)
Seat 6: Brama Br ($138.79 in chips)
Brama Br: posts small blind $1
TinaTurner72: posts big blind $3
*** HOLE CARDS ***
Brama Br: raises $3 to $6
TinaTurner72: calls $3
*** FLOP *** [As 5h 9h]
TinaTurner72: checks
Brama Br: bets $3
TinaTurner72: folds
Uncalled bet ($3) returned to Brama Br
Brama Br collected $11.76 from pot
Brama Br: doesn't show hand
*** SUMMARY ***
Total pot $12 | Rake $0.24
Board [As 5h 9h]
Seat 1: TinaTurner72 (big blind) folded on the Flop
Seat 6: Brama Br (button) (small blind) collected ($11.76)


PokerStars Hand #146890427804:  Hold'em Limit ($3/$6 USD) - 2016/01/11 20:28:45 ET
Table 'Kurhah' 6-max Seat #6 is the button
Seat 1: TinaTurner72 ($194.14 in chips)
Seat 6: Brama Br ($159.79 in chips)
Brama Br: posts small blind $1
TinaTurner72: posts big blind $3
*** HOLE CARDS ***
Brama Br: raises $3 to $6
TinaTurner72: calls $3
*** FLOP *** [3d 6h 5d]
TinaTurner72: checks
Brama Br: bets $3
TinaTurner72: raises $3 to $6
Brama Br: calls $3
*** TURN *** [3d 6h 5d] [9c]
TinaTurner72: bets $6
Brama Br: calls $6
*** RIVER *** [3d 6h 5d 9c] [2c]
TinaTurner72: bets $6
Brama Br: folds
Uncalled bet ($6) returned to TinaTurner72
TinaTurner72 collected $35.50 from pot
TinaTurner72: doesn't show hand
*** SUMMARY ***
Total pot $36 | Rake $0.50
Board [3d 6h 5d 9c 2c]
Seat 1: TinaTurner72 (big blind) collected ($35.50)
Seat 6: Brama Br (button) (small blind) folded on the River


PokerStars Hand #146890443564:  Hold'em Limit ($3/$6 USD) - 2016/01/11 20:29:13 ET
Table 'Kurhah' 6-max Seat #1 is the button
Seat 1: TinaTurner72 ($211.64 in chips)
Seat 6: Brama Br ($141.79 in chips)
TinaTurner72: posts small blind $1
Brama Br: posts big blind $3
*** HOLE CARDS ***
TinaTurner72: raises $3 to $6
Brama Br: folds
Uncalled bet ($3) returned to TinaTurner72
TinaTurner72 collected $6 from pot
TinaTurner72: doesn't show hand
*** SUMMARY ***
Total pot $6 | Rake $0
Seat 1: TinaTurner72 (button) (small blind) collected ($6)
Seat 6: Brama Br (big blind) folded before Flop


PokerStars Hand #146890472391:  Hold'em Limit ($3/$6 USD) - 2016/01/11 20:30:04 ET
Table 'Kurhah' 6-max Seat #1 is the button
Seat 1: TinaTurner72 ($208.40 in chips)
Seat 6: Brama Br ($144.31 in chips)
TinaTurner72: posts small blind $1
Brama Br: posts big blind $3
*** HOLE CARDS ***
TinaTurner72: raises $3 to $6
Brama Br: calls $3
*** FLOP *** [Qd 5h 5d]
Brama Br: checks
TinaTurner72: bets $3
Brama Br: raises $3 to $6
TinaTurner72: calls $3
*** TURN *** [Qd 5h 5d] [Kd]
Brama Br: bets $6
TinaTurner72: calls $6
*** RIVER *** [Qd 5h 5d Kd] [9c]
Brama Br: bets $6
TinaTurner72: calls $6
*** SHOW DOWN ***
Brama Br: shows [Ks 4c] (two pair, Kings and Fives)
TinaTurner72: mucks hand
Brama Br collected $47.50 from pot
*** SUMMARY ***
Total pot $48 | Rake $0.50
Board [Qd 5h 5d Kd 9c]
Seat 1: TinaTurner72 (button) (small blind) mucked
Seat 6: Brama Br (big blind) showed [Ks 4c] and won ($47.50) with two pair, Kings and Fives


PokerStars Hand #146890483866:  Hold'em Limit ($3/$6 USD) - 2016/01/11 20:30:24 ET
Table 'Kurhah' 6-max Seat #6 is the button
Seat 1: TinaTurner72 ($184.40 in chips)
Seat 6: Brama Br ($167.81 in chips)
Brama Br: posts small blind $1
TinaTurner72: posts big blind $3
*** HOLE CARDS ***
Brama Br: folds
Uncalled bet ($2) returned to TinaTurner72
TinaTurner72 collected $2 from pot
TinaTurner72: doesn't show hand
*** SUMMARY ***
Total pot $2 | Rake $0
Seat 1: TinaTurner72 (big blind) collected ($2)
Seat 6: Brama Br (button) (small blind) folded before Flop


PokerStars Hand #146890466153:  Hold'em Limit ($3/$6 USD) - 2016/01/11 20:29:52 ET
Table 'Kurhah' 6-max Seat #6 is the button
Seat 1: TinaTurner72 ($214.40 in chips)
Seat 6: Brama Br ($138.55 in chips)
Brama Br: posts small blind $1
TinaTurner72: posts big blind $3
*** HOLE CARDS ***
Brama Br: raises $3 to $6
TinaTurner72: calls $3
*** FLOP *** [Ah Ac 2d]
TinaTurner72: checks
Brama Br: bets $3
TinaTurner72: folds
Uncalled bet ($3) returned to Brama Br
Brama Br collected $11.76 from pot
Brama Br: doesn't show hand
*** SUMMARY ***
Total pot $12 | Rake $0.24
Board [Ah Ac 2d]
Seat 1: TinaTurner72 (big blind) folded on the Flop
Seat 6: Brama Br (button) (small blind) collected ($11.76)


PokerStars Hand #146890501199:  Hold'em Limit ($3/$6 USD) - 2016/01/11 20:30:54 ET
Table 'Kurhah' 6-max Seat #6 is the button
Seat 1: TinaTurner72 ($176.40 in chips)
Seat 6: Brama Br ($175.45 in chips)
Brama Br: posts small blind $1
TinaTurner72: posts big blind $3
*** HOLE CARDS ***
Brama Br: raises $3 to $6
TinaTurner72: calls $3
*** FLOP *** [2c 3c Qs]
TinaTurner72: checks
Brama Br: checks
*** TURN *** [2c 3c Qs] [Kd]
TinaTurner72: checks
Brama Br: checks
*** RIVER *** [2c 3c Qs Kd] [2s]
TinaTurner72: checks
Brama Br: bets $6
TinaTurner72: folds
Uncalled bet ($6) returned to Brama Br
Brama Br collected $11.76 from pot
Brama Br: doesn't show hand
*** SUMMARY ***
Total pot $12 | Rake $0.24
Board [2c 3c Qs Kd 2s]
Seat 1: TinaTurner72 (big blind) folded on the River
Seat 6: Brama Br (button) (small blind) collected ($11.76)


PokerStars Hand #146890489447:  Hold'em Limit ($3/$6 USD) - 2016/01/11 20:30:33 ET
Table 'Kurhah' 6-max Seat #1 is the button
Seat 1: TinaTurner72 ($185.40 in chips)
Seat 6: Brama Br ($166.81 in chips)
TinaTurner72: posts small blind $1
Brama Br: posts big blind $3
*** HOLE CARDS ***
TinaTurner72: raises $3 to $6
Brama Br: calls $3
*** FLOP *** [Ks Th 6h]
Brama Br: checks
TinaTurner72: bets $3
Brama Br: calls $3
*** TURN *** [Ks Th 6h] [5c]
Brama Br: checks
TinaTurner72: checks
*** RIVER *** [Ks Th 6h 5c] [As]
Brama Br: checks
TinaTurner72: checks
*** SHOW DOWN ***
Brama Br: shows [6s 4h] (a pair of Sixes)
TinaTurner72: mucks hand
Brama Br collected $17.64 from pot
*** SUMMARY ***
Total pot $18 | Rake $0.36
Board [Ks Th 6h 5c As]
Seat 1: TinaTurner72 (button) (small blind) mucked
Seat 6: Brama Br (big blind) showed [6s 4h] and won ($17.64) with a pair of Sixes


PokerStars Hand #146890548992:  Hold'em Limit ($3/$6 USD) - 2016/01/11 20:32:18 ET
Table 'Kurhah' 6-max Seat #6 is the button
Seat 1: TinaTurner72 ($159.40 in chips)
Seat 6: Brama Br ($191.71 in chips)
Brama Br: posts small blind $1
TinaTurner72: posts big blind $3
*** HOLE CARDS ***
Brama Br: raises $3 to $6
TinaTurner72: calls $3
*** FLOP *** [2d Ad 4c]
TinaTurner72: checks
Brama Br: bets $3
TinaTurner72: folds
Uncalled bet ($3) returned to Brama Br
Brama Br collected $11.76 from pot
Brama Br: doesn't show hand
*** SUMMARY ***
Total pot $12 | Rake $0.24
Board [2d Ad 4c]
Seat 1: TinaTurner72 (big blind) folded on the Flop
Seat 6: Brama Br (button) (small blind) collected ($11.76)


PokerStars Hand #146890533264:  Hold'em Limit ($3/$6 USD) - 2016/01/11 20:31:50 ET
Table 'Kurhah' 6-max Seat #1 is the button
Seat 1: TinaTurner72 ($174.40 in chips)
Seat 6: Brama Br ($177.21 in chips)
TinaTurner72: posts small blind $1
Brama Br: posts big blind $3
*** HOLE CARDS ***
TinaTurner72: raises $3 to $6
Brama Br: calls $3
*** FLOP *** [Jc 2c 6c]
Brama Br: checks
TinaTurner72: bets $3
Brama Br: calls $3
*** TURN *** [Jc 2c 6c] [Qc]
Brama Br: checks
TinaTurner72: bets $6
Brama Br: calls $6
*** RIVER *** [Jc 2c 6c Qc] [Th]
Brama Br: checks
TinaTurner72: checks
*** SHOW DOWN ***
Brama Br: shows [7c Tc] (a flush, Queen high)
TinaTurner72: mucks hand
Brama Br collected $29.50 from pot
*** SUMMARY ***
Total pot $30 | Rake $0.50
Board [Jc 2c 6c Qc Th]
Seat 1: TinaTurner72 (button) (small blind) mucked
Seat 6: Brama Br (big blind) showed [7c Tc] and won ($29.50) with a flush, Queen high


PokerStars Hand #146890530300:  Hold'em Limit ($3/$6 USD) - 2016/01/11 20:31:45 ET
Table 'Kurhah' 6-max Seat #6 is the button
Seat 1: TinaTurner72 ($173.40 in chips)
Seat 6: Brama Br ($178.21 in chips)
Brama Br: posts small blind $1
TinaTurner72: posts big blind $3
*** HOLE CARDS ***
Brama Br: folds
Uncalled bet ($2) returned to TinaTurner72
TinaTurner72 collected $2 from pot
TinaTurner72: doesn't show hand
*** SUMMARY ***
Total pot $2 | Rake $0
Seat 1: TinaTurner72 (big blind) collected ($2)
Seat 6: Brama Br (button) (small blind) folded before Flop


PokerStars Hand #146890583805:  Hold'em Limit ($3/$6 USD) - 2016/01/11 20:33:19 ET
Table 'Kurhah' 6-max Seat #1 is the button
Seat 1: TinaTurner72 ($167.90 in chips)
Seat 6: Brama Br ($182.11 in chips)
TinaTurner72: posts small blind $1
Brama Br: posts big blind $3
*** HOLE CARDS ***
TinaTurner72: raises $3 to $6
Brama Br: calls $3
*** FLOP *** [Kd Ah 3d]
Brama Br: checks
TinaTurner72: bets $3
Brama Br: calls $3
*** TURN *** [Kd Ah 3d] [5h]
Brama Br: checks
TinaTurner72: checks
*** RIVER *** [Kd Ah 3d 5h] [7c]
Brama Br: bets $6
TinaTurner72: folds
Uncalled bet ($6) returned to Brama Br
Brama Br collected $17.64 from pot
Brama Br: doesn't show hand
*** SUMMARY ***
Total pot $18 | Rake $0.36
Board [Kd Ah 3d 5h 7c]
Seat 1: TinaTurner72 (button) (small blind) folded on the River
Seat 6: Brama Br (big blind) collected ($17.64)


PokerStars Hand #146890572480:  Hold'em Limit ($3/$6 USD) - 2016/01/11 20:32:59 ET
Table 'Kurhah' 6-max Seat #6 is the button
Seat 1: TinaTurner72 ($176.90 in chips)
Seat 6: Brama Br ($173.47 in chips)
Brama Br: posts small blind $1
TinaTurner72: posts big blind $3
*** HOLE CARDS ***
Brama Br: raises $3 to $6
TinaTurner72: calls $3
*** FLOP *** [5c 9d Js]
TinaTurner72: checks
Brama Br: bets $3
TinaTurner72: calls $3
*** TURN *** [5c 9d Js] [Ah]
TinaTurner72: checks
Brama Br: bets $6
TinaTurner72: folds
Uncalled bet ($6) returned to Brama Br
Brama Br collected $17.64 from pot
Brama Br: doesn't show hand
*** SUMMARY ***
Total pot $18 | Rake $0.36
Board [5c 9d Js Ah]
Seat 1: TinaTurner72 (big blind) folded on the Turn
Seat 6: Brama Br (button) (small blind) collected ($17.64)


PokerStars Hand #146890558397:  Hold'em Limit ($3/$6 USD) - 2016/01/11 20:32:34 ET
Table 'Kurhah' 6-max Seat #1 is the button
Seat 1: TinaTurner72 ($153.40 in chips)
Seat 6: Brama Br ($197.47 in chips)
TinaTurner72: posts small blind $1
Brama Br: posts big blind $3
*** HOLE CARDS ***
TinaTurner72: raises $3 to $6
Brama Br: calls $3
*** FLOP *** [9s 7d 5s]
Brama Br: checks
TinaTurner72: checks
*** TURN *** [9s 7d 5s] [3d]
Brama Br: bets $6
TinaTurner72: calls $6
*** RIVER *** [9s 7d 5s 3d] [3s]
Brama Br: bets $6
TinaTurner72: raises $6 to $12
Brama Br: calls $6
*** SHOW DOWN ***
TinaTurner72: shows [3h Kh] (three of a kind, Threes)
Brama Br: mucks hand
TinaTurner72 collected $47.50 from pot
*** SUMMARY ***
Total pot $48 | Rake $0.50
Board [9s 7d 5s 3d 3s]
Seat 1: TinaTurner72 (button) (small blind) showed [3h Kh] and won ($47.50) with three of a kind, Threes
Seat 6: Brama Br (big blind) mucked


PokerStars Hand #146890595002:  Hold'em Limit ($3/$6 USD) - 2016/01/11 20:33:39 ET
Table 'Kurhah' 6-max Seat #6 is the button
Seat 1: TinaTurner72 ($158.90 in chips)
Seat 6: Brama Br ($190.75 in chips)
Brama Br: posts small blind $1
TinaTurner72: posts big blind $3
*** HOLE CARDS ***
Brama Br: raises $3 to $6
TinaTurner72: calls $3
*** FLOP *** [Ks Tc 2s]
TinaTurner72: checks
Brama Br: bets $3
TinaTurner72: raises $3 to $6
Brama Br: calls $3
*** TURN *** [Ks Tc 2s] [Qc]
TinaTurner72: checks
Brama Br: bets $6
TinaTurner72: calls $6
*** RIVER *** [Ks Tc 2s Qc] [Kc]
TinaTurner72: checks
jr10mp9 joins the table at seat #3
Brama Br: bets $6
TinaTurner72: raises $6 to $12
Brama Br: calls $6
*** SHOW DOWN ***
TinaTurner72: shows [2c 7c] (a flush, King high)
Brama Br: mucks hand
TinaTurner72 collected $59.50 from pot
*** SUMMARY ***
Total pot $60 | Rake $0.50
Board [Ks Tc 2s Qc Kc]
Seat 1: TinaTurner72 (big blind) showed [2c 7c] and won ($59.50) with a flush, King high
Seat 6: Brama Br (button) (small blind) mucked


PokerStars Hand #146892065395:  Hold'em Limit ($3/$6 USD) - 2016/01/11 21:21:38 ET
Table 'Kurhah' 6-max Seat #2 is the button
Seat 2: Lackys07 ($86.22 in chips)
Seat 3: viviangle ($109.05 in chips)
Lackys07: posts small blind $1
viviangle: posts big blind $3
*** HOLE CARDS ***
Lackys07: raises $3 to $6
viviangle: calls $3
*** FLOP *** [6c 4d 7s]
viviangle: checks
Lackys07: checks
*** TURN *** [6c 4d 7s] [9s]
viviangle: bets $6
Lackys07: calls $6
*** RIVER *** [6c 4d 7s 9s] [Ks]
viviangle: checks
Lackys07: bets $6
viviangle: folds
Uncalled bet ($6) returned to Lackys07
Lackys07 collected $23.52 from pot
Lackys07: doesn't show hand
*** SUMMARY ***
Total pot $24 | Rake $0.48
Board [6c 4d 7s 9s Ks]
Seat 2: Lackys07 (button) (small blind) collected ($23.52)
Seat 3: viviangle (big blind) folded on the River


PokerStars Hand #146893058246:  Hold'em Limit ($3/$6 USD) - 2016/01/11 21:58:04 ET
Table 'Kurhah' 6-max Seat #6 is the button
Seat 1: Masqb ($126 in chips)
Seat 6: fire852181 ($65 in chips)
fire852181: posts small blind $1
Masqb: posts big blind $3
*** HOLE CARDS ***
fire852181: folds
Uncalled bet ($2) returned to Masqb
Masqb collected $2 from pot
Masqb: doesn't show hand
*** SUMMARY ***
Total pot $2 | Rake $0
Seat 1: Masqb (big blind) collected ($2)
Seat 6: fire852181 (button) (small blind) folded before Flop


PokerStars Hand #146893083606:  Hold'em Limit ($3/$6 USD) - 2016/01/11 21:59:13 ET
Table 'Kurhah' 6-max Seat #1 is the button
Seat 1: Masqb ($107 in chips)
Seat 6: fire852181 ($83.50 in chips)
Masqb: posts small blind $1
fire852181: posts big blind $3
*** HOLE CARDS ***
Masqb: raises $3 to $6
fire852181: folds
Uncalled bet ($3) returned to Masqb
Masqb collected $6 from pot
Masqb: doesn't show hand
*** SUMMARY ***
Total pot $6 | Rake $0
Seat 1: Masqb (button) (small blind) collected ($6)
Seat 6: fire852181 (big blind) folded before Flop


PokerStars Hand #146893080470:  Hold'em Limit ($3/$6 USD) - 2016/01/11 21:59:05 ET
Table 'Kurhah' 6-max Seat #6 is the button
Seat 1: Masqb ($106 in chips)
Seat 6: fire852181 ($84.50 in chips)
fire852181: posts small blind $1
Masqb: posts big blind $3
*** HOLE CARDS ***
fire852181: folds
Uncalled bet ($2) returned to Masqb
Masqb collected $2 from pot
Masqb: doesn't show hand
*** SUMMARY ***
Total pot $2 | Rake $0
Seat 1: Masqb (big blind) collected ($2)
Seat 6: fire852181 (button) (small blind) folded before Flop


PokerStars Hand #146893065066:  Hold'em Limit ($3/$6 USD) - 2016/01/11 21:58:23 ET
Table 'Kurhah' 6-max Seat #1 is the button
Seat 1: Masqb ($127 in chips)
Seat 6: fire852181 ($64 in chips)
Masqb: posts small blind $1
fire852181: posts big blind $3
*** HOLE CARDS ***
Masqb: raises $3 to $6
fire852181: calls $3
*** FLOP *** [3d As 4d]
fire852181: checks
Masqb: bets $3
fire852181: calls $3
*** TURN *** [3d As 4d] [6d]
fire852181: bets $6
Masqb: calls $6
*** RIVER *** [3d As 4d 6d] [Qc]
fire852181: bets $6
Masqb: calls $6
*** SHOW DOWN ***
fire852181: shows [5c 7d] (a straight, Three to Seven)
Masqb: mucks hand
fire852181 collected $41.50 from pot
*** SUMMARY ***
Total pot $42 | Rake $0.50
Board [3d As 4d 6d Qc]
Seat 1: Masqb (button) (small blind) mucked
Seat 6: fire852181 (big blind) showed [5c 7d] and won ($41.50) with a straight, Three to Seven


PokerStars Hand #146893087382:  Hold'em Limit ($3/$6 USD) - 2016/01/11 21:59:24 ET
Table 'Kurhah' 6-max Seat #6 is the button
Seat 1: Masqb ($110 in chips)
Seat 6: fire852181 ($80.50 in chips)
fire852181: posts small blind $1
Masqb: posts big blind $3
*** HOLE CARDS ***
fire852181: raises $3 to $6
Masqb: calls $3
*** FLOP *** [Ac Kd 4h]
Masqb: checks
fire852181: bets $3
Masqb: calls $3
*** TURN *** [Ac Kd 4h] [9h]
Masqb: checks
fire852181: bets $6
Masqb: calls $6
*** RIVER *** [Ac Kd 4h 9h] [6c]
Masqb: checks
fire852181: bets $6
Masqb: calls $6
*** SHOW DOWN ***
fire852181: shows [Ad 4s] (two pair, Aces and Fours)
Masqb: mucks hand
fire852181 collected $41.50 from pot
*** SUMMARY ***
Total pot $42 | Rake $0.50
Board [Ac Kd 4h 9h 6c]
Seat 1: Masqb (big blind) mucked
Seat 6: fire852181 (button) (small blind) showed [Ad 4s] and won ($41.50) with two pair, Aces and Fours


PokerStars Hand #146893103996:  Hold'em Limit ($3/$6 USD) - 2016/01/11 22:00:09 ET
Table 'Kurhah' 6-max Seat #1 is the button
Seat 1: Masqb ($89 in chips)
Seat 6: fire852181 ($101 in chips)
Masqb: posts small blind $1
fire852181: posts big blind $3
*** HOLE CARDS ***
Masqb: raises $3 to $6
fire852181: calls $3
*** FLOP *** [3d 9s 5h]
fire852181: checks
Masqb: checks
*** TURN *** [3d 9s 5h] [6s]
fire852181: bets $6
Masqb: folds
Uncalled bet ($6) returned to fire852181
fire852181 collected $11.76 from pot
*** SUMMARY ***
Total pot $12 | Rake $0.24
Board [3d 9s 5h 6s]
Seat 1: Masqb (button) (small blind) folded on the Turn
Seat 6: fire852181 (big blind) collected ($11.76)


PokerStars Hand #146893113397:  Hold'em Limit ($3/$6 USD) - 2016/01/11 22:00:34 ET
Table 'Kurhah' 6-max Seat #6 is the button
Seat 1: Masqb ($83 in chips)
Seat 6: fire852181 ($106.76 in chips)
fire852181: posts small blind $1
Masqb: posts big blind $3
*** HOLE CARDS ***
fire852181: raises $3 to $6
Masqb: calls $3
*** FLOP *** [Ks 6c 2c]
Masqb: checks
fire852181: bets $3
Masqb: folds
Uncalled bet ($3) returned to fire852181
fire852181 collected $11.76 from pot
fire852181: doesn't show hand
*** SUMMARY ***
Total pot $12 | Rake $0.24
Board [Ks 6c 2c]
Seat 1: Masqb (big blind) folded on the Flop
Seat 6: fire852181 (button) (small blind) collected ($11.76)


PokerStars Hand #146893121557:  Hold'em Limit ($3/$6 USD) - 2016/01/11 22:00:56 ET
Table 'Kurhah' 6-max Seat #1 is the button
Seat 1: Masqb ($77 in chips)
Seat 6: fire852181 ($112.52 in chips)
Masqb: posts small blind $1
fire852181: posts big blind $3
*** HOLE CARDS ***
Masqb: raises $3 to $6
fire852181: folds
Uncalled bet ($3) returned to Masqb
Masqb collected $6 from pot
Masqb: doesn't show hand
*** SUMMARY ***
Total pot $6 | Rake $0
Seat 1: Masqb (button) (small blind) collected ($6)
Seat 6: fire852181 (big blind) folded before Flop


PokerStars Hand #146893124753:  Hold'em Limit ($3/$6 USD) - 2016/01/11 22:01:04 ET
Table 'Kurhah' 6-max Seat #6 is the button
Seat 1: Masqb ($80 in chips)
Seat 6: fire852181 ($109.52 in chips)
fire852181: posts small blind $1
Masqb: posts big blind $3
*** HOLE CARDS ***
fire852181: folds
Uncalled bet ($2) returned to Masqb
Masqb collected $2 from pot
Masqb: doesn't show hand
*** SUMMARY ***
Total pot $2 | Rake $0
Seat 1: Masqb (big blind) collected ($2)
Seat 6: fire852181 (button) (small blind) folded before Flop


PokerStars Hand #146893128259:  Hold'em Limit ($3/$6 USD) - 2016/01/11 22:01:13 ET
Table 'Kurhah' 6-max Seat #1 is the button
Seat 1: Masqb ($81 in chips)
Seat 6: fire852181 ($108.52 in chips)
Masqb: posts small blind $1
fire852181: posts big blind $3
*** HOLE CARDS ***
Masqb: raises $3 to $6
fire852181: folds
Uncalled bet ($3) returned to Masqb
Masqb collected $6 from pot
Masqb: doesn't show hand
*** SUMMARY ***
Total pot $6 | Rake $0
Seat 1: Masqb (button) (small blind) collected ($6)
Seat 6: fire852181 (big blind) folded before Flop


PokerStars Hand #146893146606:  Hold'em Limit ($3/$6 USD) - 2016/01/11 22:01:57 ET
Table 'Kurhah' 6-max Seat #6 is the button
Seat 1: Masqb ($77 in chips)
Seat 6: fire852181 ($112.28 in chips)
fire852181: posts small blind $1
Masqb: posts big blind $3
*** HOLE CARDS ***
fire852181: folds
Uncalled bet ($2) returned to Masqb
Masqb collected $2 from pot
Masqb: doesn't show hand
*** SUMMARY ***
Total pot $2 | Rake $0
Seat 1: Masqb (big blind) collected ($2)
Seat 6: fire852181 (button) (small blind) folded before Flop


PokerStars Hand #146893142607:  Hold'em Limit ($3/$6 USD) - 2016/01/11 22:01:47 ET
Table 'Kurhah' 6-max Seat #1 is the button
Seat 1: Masqb ($78 in chips)
Seat 6: fire852181 ($111.28 in chips)
Masqb: posts small blind $1
fire852181: posts big blind $3
*** HOLE CARDS ***
Masqb: folds
Uncalled bet ($2) returned to fire852181
fire852181 collected $2 from pot
fire852181: doesn't show hand
*** SUMMARY ***
Total pot $2 | Rake $0
Seat 1: Masqb (button) (small blind) folded before Flop
Seat 6: fire852181 (big blind) collected ($2)


PokerStars Hand #146893131755:  Hold'em Limit ($3/$6 USD) - 2016/01/11 22:01:21 ET
Table 'Kurhah' 6-max Seat #6 is the button
Seat 1: Masqb ($84 in chips)
Seat 6: fire852181 ($105.52 in chips)
fire852181: posts small blind $1
Masqb: posts big blind $3
*** HOLE CARDS ***
fire852181: raises $3 to $6
Masqb: calls $3
*** FLOP *** [2s 6s 9d]
Masqb: checks
fire852181: checks
*** TURN *** [2s 6s 9d] [Qd]
Masqb: checks
fire852181: bets $6
Masqb: folds
Uncalled bet ($6) returned to fire852181
fire852181 collected $11.76 from pot
*** SUMMARY ***
Total pot $12 | Rake $0.24
Board [2s 6s 9d Qd]
Seat 1: Masqb (big blind) folded on the Turn
Seat 6: fire852181 (button) (small blind) collected ($11.76)


PokerStars Hand #146893169007:  Hold'em Limit ($3/$6 USD) - 2016/01/11 22:02:50 ET
Table 'Kurhah' 6-max Seat #6 is the button
Seat 1: Masqb ($126 in chips)
Seat 6: fire852181 ($134.78 in chips)
fire852181: posts small blind $1
Masqb: posts big blind $3
*** HOLE CARDS ***
fire852181: folds
Uncalled bet ($2) returned to Masqb
Masqb collected $2 from pot
Masqb: doesn't show hand
*** SUMMARY ***
Total pot $2 | Rake $0
Seat 1: Masqb (big blind) collected ($2)
Seat 6: fire852181 (button) (small blind) folded before Flop


PokerStars Hand #146893149376:  Hold'em Limit ($3/$6 USD) - 2016/01/11 22:02:04 ET
Table 'Kurhah' 6-max Seat #1 is the button
Seat 1: Masqb ($78 in chips)
Seat 6: fire852181 ($111.28 in chips)
Masqb: posts small blind $1
fire852181: posts big blind $3
*** HOLE CARDS ***
Masqb: raises $3 to $6
fire852181: calls $3
*** FLOP *** [8s 7d Kh]
fire852181: checks
Masqb: bets $3
fire852181: raises $3 to $6
Masqb: calls $3
*** TURN *** [8s 7d Kh] [Qd]
fire852181: bets $6
Masqb: calls $6
*** RIVER *** [8s 7d Kh Qd] [6s]
fire852181: bets $6
Masqb: calls $6
*** SHOW DOWN ***
fire852181: shows [Kd Ts] (a pair of Kings)
Masqb: mucks hand
fire852181 collected $47.50 from pot
*** SUMMARY ***
Total pot $48 | Rake $0.50
Board [8s 7d Kh Qd 6s]
Seat 1: Masqb (button) (small blind) mucked
Seat 6: fire852181 (big blind) showed [Kd Ts] and won ($47.50) with a pair of Kings


PokerStars Hand #146893190461:  Hold'em Limit ($3/$6 USD) - 2016/01/11 22:03:41 ET
Table 'Kurhah' 6-max Seat #1 is the button
Seat 1: Masqb ($106 in chips)
Seat 6: fire852181 ($154.28 in chips)
Masqb: posts small blind $1
fire852181: posts big blind $3
*** HOLE CARDS ***
Masqb: raises $3 to $6
fire852181: folds
Uncalled bet ($3) returned to Masqb
Masqb collected $6 from pot
Masqb: doesn't show hand
*** SUMMARY ***
Total pot $6 | Rake $0
Seat 1: Masqb (button) (small blind) collected ($6)
Seat 6: fire852181 (big blind) folded before Flop


PokerStars Hand #146893186936:  Hold'em Limit ($3/$6 USD) - 2016/01/11 22:03:33 ET
Table 'Kurhah' 6-max Seat #6 is the button
Seat 1: Masqb ($109 in chips)
Seat 6: fire852181 ($151.28 in chips)
fire852181: posts small blind $1
Masqb: posts big blind $3
*** HOLE CARDS ***
fire852181: raises $3 to $6
Masqb: folds
Uncalled bet ($3) returned to fire852181
fire852181 collected $6 from pot
*** SUMMARY ***
Total pot $6 | Rake $0
Seat 1: Masqb (big blind) folded before Flop
Seat 6: fire852181 (button) (small blind) collected ($6)


PokerStars Hand #146893171574:  Hold'em Limit ($3/$6 USD) - 2016/01/11 22:02:56 ET
Table 'Kurhah' 6-max Seat #1 is the button
Seat 1: Masqb ($127 in chips)
Seat 6: fire852181 ($133.78 in chips)
Masqb: posts small blind $1
fire852181: posts big blind $3
*** HOLE CARDS ***
Masqb: raises $3 to $6
fire852181: raises $3 to $9
Masqb: calls $3
*** FLOP *** [4d 4h 9h]
fire852181: bets $3
Masqb: calls $3
*** TURN *** [4d 4h 9h] [Qc]
fire852181: bets $6
Masqb: calls $6
*** RIVER *** [4d 4h 9h Qc] [Ts]
fire852181: bets $6
Masqb: folds
Uncalled bet ($6) returned to fire852181
fire852181 collected $35.50 from pot
fire852181: doesn't show hand
*** SUMMARY ***
Total pot $36 | Rake $0.50
Board [4d 4h 9h Qc Ts]
Seat 1: Masqb (button) (small blind) folded on the River
Seat 6: fire852181 (big blind) collected ($35.50)


PokerStars Hand #146893193920:  Hold'em Limit ($3/$6 USD) - 2016/01/11 22:03:50 ET
Table 'Kurhah' 6-max Seat #6 is the button
Seat 1: Masqb ($109 in chips)
Seat 6: fire852181 ($151.28 in chips)
fire852181: posts small blind $1
Masqb: posts big blind $3
*** HOLE CARDS ***
fire852181: calls $2
masterblstr8 joins the table at seat #2
Masqb: checks
*** FLOP *** [Td 3d Ks]
Masqb: checks
fire852181: bets $3
Masqb: folds
Uncalled bet ($3) returned to fire852181
fire852181 collected $5.88 from pot
fire852181: doesn't show hand
*** SUMMARY ***
Total pot $6 | Rake $0.12
Board [Td 3d Ks]
Seat 1: Masqb (big blind) folded on the Flop
Seat 6: fire852181 (button) (small blind) collected ($5.88)


PokerStars Hand #146893208868:  Hold'em Limit ($3/$6 USD) - 2016/01/11 22:04:25 ET
Table 'Kurhah' 6-max Seat #2 is the button
Seat 1: Masqb ($105 in chips)
Seat 2: masterblstr8 ($121 in chips)
masterblstr8: posts small blind $1
fire852181: is sitting out
Masqb: posts big blind $3
*** HOLE CARDS ***
masterblstr8: raises $3 to $6
Masqb: calls $3
*** FLOP *** [Td 7c 5c]
Masqb: checks
masterblstr8: bets $3
Masqb: calls $3
*** TURN *** [Td 7c 5c] [9c]
DirtyDouble2 joins the table at seat #4
Masqb: checks
masterblstr8: bets $6
Masqb: calls $6
*** RIVER *** [Td 7c 5c 9c] [3s]
Masqb: checks
masterblstr8: bets $6
Masqb: folds
Uncalled bet ($6) returned to masterblstr8
masterblstr8 collected $29.50 from pot
masterblstr8: doesn't show hand
*** SUMMARY ***
Total pot $30 | Rake $0.50
Board [Td 7c 5c 9c 3s]
Seat 1: Masqb (big blind) folded on the River
Seat 2: masterblstr8 (button) (small blind) collected ($29.50)


PokerStars Hand #146893240869:  Hold'em Limit ($3/$6 USD) - 2016/01/11 22:05:41 ET
Table 'Kurhah' 6-max Seat #1 is the button
Seat 1: Masqb ($90 in chips)
Seat 2: masterblstr8 ($135.50 in chips)
Masqb: posts small blind $1
masterblstr8: posts big blind $3
*** HOLE CARDS ***
Masqb: folds
Uncalled bet ($2) returned to masterblstr8
masterblstr8 collected $2 from pot
masterblstr8: doesn't show hand
*** SUMMARY ***
Total pot $2 | Rake $0
Seat 1: Masqb (button) (small blind) folded before Flop
Seat 2: masterblstr8 (big blind) collected ($2)


