PokerStars Hand #149244505928:  Hold'em Limit ($3/$6 USD) - 2016/02/22 13:10:44 ET
Table 'Kurhah II' 6-max Seat #6 is the button
Seat 3: Andredias950 ($391.55 in chips)
Seat 6: Chessnok ($86.75 in chips)
krytalex will be allowed to play after the button
doenerchen will be allowed to play after the button
Chessnok: posts small blind $1
Mordnilap: is sitting out
Andredias950: posts big blind $3
*** HOLE CARDS ***
chipmover360 joins the table at seat #2
Chessnok: raises $3 to $6
Andredias950: folds
Uncalled bet ($3) returned to Chessnok
Chessnok collected $6 from pot
Chessnok: doesn't show hand
*** SUMMARY ***
Total pot $6 | Rake $0
Seat 3: Andredias950 (big blind) folded before Flop
Seat 6: Chessnok (button) (small blind) collected ($6)


PokerStars Hand #149257781703:  Hold'em Limit ($3/$6 USD) - 2016/02/22 16:49:00 ET
Table 'Kurhah II' 6-max Seat #6 is the button
Seat 4: Mordnilap ($95.50 in chips)
Seat 6: Chessnok ($262.94 in chips)
Chessnok: posts small blind $1
filipeadcont: is sitting out
Mordnilap: posts big blind $3
*** HOLE CARDS ***
Chessnok: raises $3 to $6
Mordnilap: calls $3
*** FLOP *** [2d 3h Jc]
Mordnilap: checks
filipeadcont leaves the table
Chessnok: bets $3
Mordnilap: raises $3 to $6
Chessnok: calls $3
*** TURN *** [2d 3h Jc] [As]
Mordnilap: checks
Chessnok: bets $6
Mordnilap: calls $6
*** RIVER *** [2d 3h Jc As] [Ts]
Mordnilap: checks
Chessnok: checks
*** SHOW DOWN ***
Mordnilap: shows [4d 4c] (a pair of Fours)
Chessnok: mucks hand
Mordnilap collected $35.50 from pot
*** SUMMARY ***
Total pot $36 | Rake $0.50
Board [2d 3h Jc As Ts]
Seat 4: Mordnilap (big blind) showed [4d 4c] and won ($35.50) with a pair of Fours
Seat 6: Chessnok (button) (small blind) mucked


