PokerStars Hand #156595252416:  Hold'em Limit ($3/$6 USD) - 2016/07/29 12:07:38 ET
Table 'Kurhah' 10-max Seat #5 is the button
Seat 5: FabronxRJ ($335.38 in chips)
Seat 6: Ag3r0n ($72 in chips)
FabronxRJ: posts small blind $1
belik555 joins the table at seat #7
Ag3r0n: posts big blind $3
*** HOLE CARDS ***
FabronxRJ: raises $3 to $6
Ag3r0n: calls $3
*** FLOP *** [4c 6c Kc]
Ag3r0n: checks
FabronxRJ: bets $3
Ag3r0n: folds
Uncalled bet ($3) returned to FabronxRJ
FabronxRJ collected $11.76 from pot
FabronxRJ: doesn't show hand
*** SUMMARY ***
Total pot $12 | Rake $0.24
Board [4c 6c Kc]
Seat 5: FabronxRJ (button) (small blind) collected ($11.76)
Seat 6: Ag3r0n (big blind) folded on the Flop


PokerStars Hand #156595319499:  Hold'em Limit ($3/$6 USD) - 2016/07/29 12:09:18 ET
Table 'Kurhah' 10-max Seat #7 is the button
Seat 6: Ag3r0n ($72 in chips)
Seat 7: belik555 ($80.46 in chips)
belik555: posts small blind $1
Ag3r0n: posts big blind $3
*** HOLE CARDS ***
belik555: raises $3 to $6
Ag3r0n: calls $3
*** FLOP *** [Kh 3s 9s]
Ag3r0n: checks
belik555: bets $3
Ag3r0n: raises $3 to $6
belik555: folds
Uncalled bet ($3) returned to Ag3r0n
Ag3r0n collected $17.64 from pot
*** SUMMARY ***
Total pot $18 | Rake $0.36
Board [Kh 3s 9s]
Seat 6: Ag3r0n (big blind) collected ($17.64)
Seat 7: belik555 (button) (small blind) folded on the Flop


