PokerStars Hand #173781568803:  Hold'em Limit ($3/$6 USD) - 2017/08/01 6:54:32 ET
Table 'Kypria II' 6-max Seat #1 is the button
Seat 1: Opal10 ($117.93 in chips)
Seat 4: VolkovDmitri ($120 in chips)
Opal10: posts small blind $1
VolkovDmitri: posts big blind $3
*** HOLE CARDS ***
Opal10: calls $2
VolkovDmitri: checks
*** FLOP *** [3h Ts 9d]
VolkovDmitri: checks
Opal10: bets $3
VolkovDmitri: folds
Uncalled bet ($3) returned to Opal10
Opal10 collected $5.88 from pot
Opal10: doesn't show hand
*** SUMMARY ***
Total pot $6 | Rake $0.12
Board [3h Ts 9d]
Seat 1: Opal10 (button) (small blind) collected ($5.88)
Seat 4: VolkovDmitri (big blind) folded on the Flop


PokerStars Hand #173781586198:  Hold'em Limit ($3/$6 USD) - 2017/08/01 6:55:16 ET
Table 'Kypria II' 6-max Seat #1 is the button
Seat 1: Opal10 ($114.81 in chips)
Seat 4: VolkovDmitri ($125.76 in chips)
Opal10: posts small blind $1
VolkovDmitri: posts big blind $3
*** HOLE CARDS ***
Opal10: raises $3 to $6
VolkovDmitri: calls $3
*** FLOP *** [2d 9s 8d]
VolkovDmitri: checks
Opal10: bets $3
VolkovDmitri: folds
Uncalled bet ($3) returned to Opal10
Opal10 collected $11.76 from pot
Opal10: doesn't show hand
*** SUMMARY ***
Total pot $12 | Rake $0.24
Board [2d 9s 8d]
Seat 1: Opal10 (button) (small blind) collected ($11.76)
Seat 4: VolkovDmitri (big blind) folded on the Flop


PokerStars Hand #173781578455:  Hold'em Limit ($3/$6 USD) - 2017/08/01 6:54:56 ET
Table 'Kypria II' 6-max Seat #4 is the button
Seat 1: Opal10 ($120.81 in chips)
Seat 4: VolkovDmitri ($120 in chips)
VolkovDmitri: posts small blind $1
Opal10: posts big blind $3
*** HOLE CARDS ***
VolkovDmitri: raises $3 to $6
Opal10: calls $3
*** FLOP *** [Jh 4d Jc]
Opal10: checks
VolkovDmitri: bets $3
Opal10: folds
Uncalled bet ($3) returned to VolkovDmitri
VolkovDmitri collected $11.76 from pot
VolkovDmitri: doesn't show hand
*** SUMMARY ***
Total pot $12 | Rake $0.24
Board [Jh 4d Jc]
Seat 1: Opal10 (big blind) folded on the Flop
Seat 4: VolkovDmitri (button) (small blind) collected ($11.76)


PokerStars Hand #173781594052:  Hold'em Limit ($3/$6 USD) - 2017/08/01 6:55:39 ET
Table 'Kypria II' 6-max Seat #4 is the button
Seat 1: Opal10 ($120.57 in chips)
Seat 4: VolkovDmitri ($120 in chips)
VolkovDmitri: posts small blind $1
Opal10: posts big blind $3
*** HOLE CARDS ***
VolkovDmitri: raises $3 to $6
Opal10: calls $3
*** FLOP *** [3s 6d Tc]
Opal10: bets $3
oliwan joins the table at seat #2
VolkovDmitri: raises $3 to $6
Opal10: calls $3
*** TURN *** [3s 6d Tc] [7d]
Opal10: bets $6
VolkovDmitri: calls $6
*** RIVER *** [3s 6d Tc 7d] [As]
Opal10: bets $6
VolkovDmitri: calls $6
zimin10 joins the table at seat #3
*** SHOW DOWN ***
Opal10: shows [7c 8c] (a pair of Sevens)
VolkovDmitri: mucks hand
Opal10 collected $47.50 from pot
*** SUMMARY ***
Total pot $48 | Rake $0.50
Board [3s 6d Tc 7d As]
Seat 1: Opal10 (big blind) showed [7c 8c] and won ($47.50) with a pair of Sevens
Seat 4: VolkovDmitri (button) (small blind) mucked


PokerStars Hand #173782576726:  Hold'em Limit ($3/$6 USD) - 2017/08/01 7:36:19 ET
Table 'Kypria II' 6-max Seat #1 is the button
Seat 1: protriin ($63.43 in chips)
Seat 6: TinaTurner72 ($79.25 in chips)
protriin: posts small blind $1
oliwan: is sitting out
VolkovDmitri: is sitting out
TinaTurner72: posts big blind $3
*** HOLE CARDS ***
oliwan leaves the table
protriin: raises $3 to $6
VolkovDmitri leaves the table
TinaTurner72: folds
Uncalled bet ($3) returned to protriin
protriin collected $6 from pot
protriin: doesn't show hand
*** SUMMARY ***
Total pot $6 | Rake $0
Seat 1: protriin (button) (small blind) collected ($6)
Seat 6: TinaTurner72 (big blind) folded before Flop


