PokerStars Hand #169201099376:  Hold'em Limit ($3/$6 USD) - 2017/04/18 1:34:23 ET
Table 'Kypria' 6-max Seat #3 is the button
Seat 2: Qvidde ($100 in chips)
Seat 3: yibaiwan513 ($140.50 in chips)
yibaiwan513: posts small blind $1
Qvidde: posts big blind $3
*** HOLE CARDS ***
yibaiwan513: raises $3 to $6
Qvidde: calls $3
*** FLOP *** [Ah 9d 4s]
Qvidde: checks
yibaiwan513: bets $3
Qvidde: calls $3
*** TURN *** [Ah 9d 4s] [9h]
Qvidde: checks
yibaiwan513: bets $6
Qvidde: folds
Uncalled bet ($6) returned to yibaiwan513
yibaiwan513 collected $17.64 from pot
yibaiwan513: doesn't show hand
*** SUMMARY ***
Total pot $18 | Rake $0.36
Board [Ah 9d 4s 9h]
Seat 2: Qvidde (big blind) folded on the Turn
Seat 3: yibaiwan513 (button) (small blind) collected ($17.64)


PokerStars Hand #169201087248:  Hold'em Limit ($3/$6 USD) - 2017/04/18 1:33:36 ET
Table 'Kypria' 6-max Seat #2 is the button
Seat 2: Qvidde ($121 in chips)
Seat 3: yibaiwan513 ($120 in chips)
Qvidde: posts small blind $1
yibaiwan513: posts big blind $3
*** HOLE CARDS ***
Qvidde: raises $3 to $6
yibaiwan513: calls $3
*** FLOP *** [7h 6h 9c]
yibaiwan513: bets $3
Qvidde: calls $3
*** TURN *** [7h 6h 9c] [Jd]
yibaiwan513: bets $6
Qvidde: calls $6
*** RIVER *** [7h 6h 9c Jd] [9h]
yibaiwan513: bets $6
Qvidde: calls $6
*** SHOW DOWN ***
yibaiwan513: shows [As 9d] (three of a kind, Nines)
Qvidde: mucks hand
yibaiwan513 collected $41.50 from pot
*** SUMMARY ***
Total pot $42 | Rake $0.50
Board [7h 6h 9c Jd 9h]
Seat 2: Qvidde (button) (small blind) mucked
Seat 3: yibaiwan513 (big blind) showed [As 9d] and won ($41.50) with three of a kind, Nines


PokerStars Hand #169201107053:  Hold'em Limit ($3/$6 USD) - 2017/04/18 1:34:52 ET
Table 'Kypria' 6-max Seat #2 is the button
Seat 2: Qvidde ($91 in chips)
Seat 3: yibaiwan513 ($149.14 in chips)
Qvidde: posts small blind $1
yibaiwan513: posts big blind $3
*** HOLE CARDS ***
Qvidde: raises $3 to $6
yibaiwan513: folds
Uncalled bet ($3) returned to Qvidde
Qvidde collected $6 from pot
Qvidde: doesn't show hand
*** SUMMARY ***
Total pot $6 | Rake $0
Seat 2: Qvidde (button) (small blind) collected ($6)
Seat 3: yibaiwan513 (big blind) folded before Flop


PokerStars Hand #169201108953:  Hold'em Limit ($3/$6 USD) - 2017/04/18 1:34:59 ET
Table 'Kypria' 6-max Seat #3 is the button
Seat 2: Qvidde ($94 in chips)
Seat 3: yibaiwan513 ($146.14 in chips)
yibaiwan513: posts small blind $1
Qvidde: posts big blind $3
*** HOLE CARDS ***
yibaiwan513: folds
Uncalled bet ($2) returned to Qvidde
Qvidde collected $2 from pot
Qvidde: doesn't show hand
*** SUMMARY ***
Total pot $2 | Rake $0
Seat 2: Qvidde (big blind) collected ($2)
Seat 3: yibaiwan513 (button) (small blind) folded before Flop


PokerStars Hand #169201110153:  Hold'em Limit ($3/$6 USD) - 2017/04/18 1:35:04 ET
Table 'Kypria' 6-max Seat #2 is the button
Seat 2: Qvidde ($95 in chips)
Seat 3: yibaiwan513 ($145.14 in chips)
Qvidde: posts small blind $1
yibaiwan513: posts big blind $3
*** HOLE CARDS ***
Qvidde: raises $3 to $6
yibaiwan513: calls $3
*** FLOP *** [7s 5s 5c]
yibaiwan513: bets $3
Qvidde: calls $3
*** TURN *** [7s 5s 5c] [4h]
yibaiwan513: bets $6
Qvidde: calls $6
*** RIVER *** [7s 5s 5c 4h] [Td]
yibaiwan513: bets $6
Qvidde: calls $6
*** SHOW DOWN ***
yibaiwan513: shows [3d Ac] (a pair of Fives)
Qvidde: shows [Ad Qc] (a pair of Fives - Ace+Queen kicker)
Qvidde collected $41.50 from pot
*** SUMMARY ***
Total pot $42 | Rake $0.50
Board [7s 5s 5c 4h Td]
Seat 2: Qvidde (button) (small blind) showed [Ad Qc] and won ($41.50) with a pair of Fives
Seat 3: yibaiwan513 (big blind) showed [3d Ac] and lost with a pair of Fives


PokerStars Hand #169201122358:  Hold'em Limit ($3/$6 USD) - 2017/04/18 1:35:51 ET
Table 'Kypria' 6-max Seat #3 is the button
Seat 2: Qvidde ($115.50 in chips)
Seat 3: yibaiwan513 ($124.14 in chips)
yibaiwan513: posts small blind $1
Qvidde: posts big blind $3
*** HOLE CARDS ***
yibaiwan513: raises $3 to $6
Qvidde: calls $3
*** FLOP *** [3s As 2d]
Qvidde: checks
yibaiwan513: bets $3
Qvidde: calls $3
*** TURN *** [3s As 2d] [9s]
Qvidde: checks
yibaiwan513: bets $6
Qvidde: calls $6
*** RIVER *** [3s As 2d 9s] [3d]
Qvidde: checks
yibaiwan513: bets $6
Qvidde: raises $6 to $12
yibaiwan513: calls $6
*** SHOW DOWN ***
Qvidde: shows [3c 7c] (three of a kind, Threes)
yibaiwan513: mucks hand
Qvidde collected $53.50 from pot
*** SUMMARY ***
Total pot $54 | Rake $0.50
Board [3s As 2d 9s 3d]
Seat 2: Qvidde (big blind) showed [3c 7c] and won ($53.50) with three of a kind, Threes
Seat 3: yibaiwan513 (button) (small blind) mucked


PokerStars Hand #169201139029:  Hold'em Limit ($3/$6 USD) - 2017/04/18 1:36:55 ET
Table 'Kypria' 6-max Seat #2 is the button
Seat 2: Qvidde ($142 in chips)
Seat 3: yibaiwan513 ($97.14 in chips)
Qvidde: posts small blind $1
yibaiwan513: posts big blind $3
*** HOLE CARDS ***
Qvidde: raises $3 to $6
yibaiwan513: raises $3 to $9
Qvidde: calls $3
*** FLOP *** [2s 4h 9h]
yibaiwan513: bets $3
Qvidde: calls $3
*** TURN *** [2s 4h 9h] [7c]
yibaiwan513: bets $6
Qvidde: calls $6
*** RIVER *** [2s 4h 9h 7c] [4s]
yibaiwan513: bets $6
Qvidde: calls $6
*** SHOW DOWN ***
yibaiwan513: shows [Ad Ks] (a pair of Fours)
Qvidde: mucks hand
yibaiwan513 collected $47.50 from pot
*** SUMMARY ***
Total pot $48 | Rake $0.50
Board [2s 4h 9h 7c 4s]
Seat 2: Qvidde (button) (small blind) mucked
Seat 3: yibaiwan513 (big blind) showed [Ad Ks] and won ($47.50) with a pair of Fours


PokerStars Hand #169201146542:  Hold'em Limit ($3/$6 USD) - 2017/04/18 1:37:24 ET
Table 'Kypria' 6-max Seat #3 is the button
Seat 2: Qvidde ($118 in chips)
Seat 3: yibaiwan513 ($120.64 in chips)
yibaiwan513: posts small blind $1
Qvidde: posts big blind $3
*** HOLE CARDS ***
yibaiwan513: raises $3 to $6
Qvidde: calls $3
*** FLOP *** [4h Qh Ah]
Qvidde: checks
yibaiwan513: bets $3
Qvidde: folds
Uncalled bet ($3) returned to yibaiwan513
yibaiwan513 collected $11.76 from pot
yibaiwan513: doesn't show hand
*** SUMMARY ***
Total pot $12 | Rake $0.24
Board [4h Qh Ah]
Seat 2: Qvidde (big blind) folded on the Flop
Seat 3: yibaiwan513 (button) (small blind) collected ($11.76)


PokerStars Hand #169201165579:  Hold'em Limit ($3/$6 USD) - 2017/04/18 1:38:36 ET
Table 'Kypria' 6-max Seat #3 is the button
Seat 2: Qvidde ($82 in chips)
Seat 3: yibaiwan513 ($155.90 in chips)
yibaiwan513: posts small blind $1
Qvidde: posts big blind $3
*** HOLE CARDS ***
yibaiwan513: folds
Uncalled bet ($2) returned to Qvidde
Qvidde collected $2 from pot
Qvidde: doesn't show hand
*** SUMMARY ***
Total pot $2 | Rake $0
Seat 2: Qvidde (big blind) collected ($2)
Seat 3: yibaiwan513 (button) (small blind) folded before Flop


PokerStars Hand #169201152274:  Hold'em Limit ($3/$6 USD) - 2017/04/18 1:37:45 ET
Table 'Kypria' 6-max Seat #2 is the button
Seat 2: Qvidde ($112 in chips)
Seat 3: yibaiwan513 ($126.40 in chips)
Qvidde: posts small blind $1
yibaiwan513: posts big blind $3
*** HOLE CARDS ***
Qvidde: raises $3 to $6
yibaiwan513: raises $3 to $9
Qvidde: calls $3
*** FLOP *** [2d 2h 7s]
yibaiwan513: bets $3
Qvidde: calls $3
*** TURN *** [2d 2h 7s] [8s]
yibaiwan513: bets $6
Qvidde: calls $6
*** RIVER *** [2d 2h 7s 8s] [9d]
yibaiwan513: bets $6
Qvidde: raises $6 to $12
yibaiwan513: calls $6
*** SHOW DOWN ***
Qvidde: shows [3s 9s] (two pair, Nines and Deuces)
yibaiwan513: shows [Jc Js] (two pair, Jacks and Deuces)
yibaiwan513 collected $59.50 from pot
*** SUMMARY ***
Total pot $60 | Rake $0.50
Board [2d 2h 7s 8s 9d]
Seat 2: Qvidde (button) (small blind) showed [3s 9s] and lost with two pair, Nines and Deuces
Seat 3: yibaiwan513 (big blind) showed [Jc Js] and won ($59.50) with two pair, Jacks and Deuces


PokerStars Hand #169201177576:  Hold'em Limit ($3/$6 USD) - 2017/04/18 1:39:23 ET
Table 'Kypria' 6-max Seat #3 is the button
Seat 2: Qvidde ($106.50 in chips)
Seat 3: yibaiwan513 ($130.90 in chips)
yibaiwan513: posts small blind $1
Qvidde: posts big blind $3
*** HOLE CARDS ***
yibaiwan513: raises $3 to $6
Qvidde: folds
Uncalled bet ($3) returned to yibaiwan513
yibaiwan513 collected $6 from pot
yibaiwan513: doesn't show hand
*** SUMMARY ***
Total pot $6 | Rake $0
Seat 2: Qvidde (big blind) folded before Flop
Seat 3: yibaiwan513 (button) (small blind) collected ($6)


PokerStars Hand #169201166881:  Hold'em Limit ($3/$6 USD) - 2017/04/18 1:38:42 ET
Table 'Kypria' 6-max Seat #2 is the button
Seat 2: Qvidde ($83 in chips)
Seat 3: yibaiwan513 ($154.90 in chips)
Qvidde: posts small blind $1
yibaiwan513: posts big blind $3
*** HOLE CARDS ***
Qvidde: raises $3 to $6
yibaiwan513: calls $3
*** FLOP *** [Qc 9c Qs]
yibaiwan513: bets $3
Qvidde: raises $3 to $6
yibaiwan513: calls $3
*** TURN *** [Qc 9c Qs] [7d]
yibaiwan513: checks
Qvidde: bets $6
yibaiwan513: calls $6
*** RIVER *** [Qc 9c Qs 7d] [3c]
yibaiwan513: bets $6
Qvidde: calls $6
*** SHOW DOWN ***
yibaiwan513: shows [2s 2c] (two pair, Queens and Deuces)
Qvidde: shows [Ah Qh] (three of a kind, Queens)
Qvidde collected $47.50 from pot
*** SUMMARY ***
Total pot $48 | Rake $0.50
Board [Qc 9c Qs 7d 3c]
Seat 2: Qvidde (button) (small blind) showed [Ah Qh] and won ($47.50) with three of a kind, Queens
Seat 3: yibaiwan513 (big blind) showed [2s 2c] and lost with two pair, Queens and Deuces


PokerStars Hand #169201180731:  Hold'em Limit ($3/$6 USD) - 2017/04/18 1:39:35 ET
Table 'Kypria' 6-max Seat #2 is the button
Seat 2: Qvidde ($103.50 in chips)
Seat 3: yibaiwan513 ($133.90 in chips)
Qvidde: posts small blind $1
yibaiwan513: posts big blind $3
*** HOLE CARDS ***
Qvidde: raises $3 to $6
yibaiwan513: calls $3
*** FLOP *** [Ts Kc Jh]
yibaiwan513: bets $3
Qvidde: calls $3
*** TURN *** [Ts Kc Jh] [3s]
yibaiwan513: bets $6
Qvidde: calls $6
*** RIVER *** [Ts Kc Jh 3s] [6h]
yibaiwan513: bets $6
Qvidde: calls $6
*** SHOW DOWN ***
yibaiwan513: shows [9c 8c] (high card King)
Qvidde: shows [Ac 9d] (high card Ace)
Qvidde collected $41.50 from pot
*** SUMMARY ***
Total pot $42 | Rake $0.50
Board [Ts Kc Jh 3s 6h]
Seat 2: Qvidde (button) (small blind) showed [Ac 9d] and won ($41.50) with high card Ace
Seat 3: yibaiwan513 (big blind) showed [9c 8c] and lost with high card King


PokerStars Hand #169201191126:  Hold'em Limit ($3/$6 USD) - 2017/04/18 1:40:15 ET
Table 'Kypria' 6-max Seat #2 is the button
Seat 2: Qvidde ($125 in chips)
Seat 3: yibaiwan513 ($111.90 in chips)
Qvidde: posts small blind $1
yibaiwan513: posts big blind $3
*** HOLE CARDS ***
a.v.kopli joins the table at seat #4
Qvidde: folds
Uncalled bet ($2) returned to yibaiwan513
yibaiwan513 collected $2 from pot
yibaiwan513: doesn't show hand
*** SUMMARY ***
Total pot $2 | Rake $0
Seat 2: Qvidde (button) (small blind) folded before Flop
Seat 3: yibaiwan513 (big blind) collected ($2)


PokerStars Hand #169201189708:  Hold'em Limit ($3/$6 USD) - 2017/04/18 1:40:09 ET
Table 'Kypria' 6-max Seat #3 is the button
Seat 2: Qvidde ($124 in chips)
Seat 3: yibaiwan513 ($112.90 in chips)
yibaiwan513: posts small blind $1
Qvidde: posts big blind $3
*** HOLE CARDS ***
yibaiwan513: folds
Uncalled bet ($2) returned to Qvidde
Qvidde collected $2 from pot
Qvidde: doesn't show hand
*** SUMMARY ***
Total pot $2 | Rake $0
Seat 2: Qvidde (big blind) collected ($2)
Seat 3: yibaiwan513 (button) (small blind) folded before Flop


PokerStars Hand #169202960173:  Hold'em Limit ($3/$6 USD) - 2017/04/18 3:30:05 ET
Table 'Kypria' 6-max Seat #2 is the button
Seat 2: Qvidde ($207.43 in chips)
Seat 5: kudongo ($101.13 in chips)
Qvidde: posts small blind $1
karambakilla: is sitting out
kudongo: posts big blind $3
*** HOLE CARDS ***
Qvidde: raises $3 to $6
kudongo: folds
Uncalled bet ($3) returned to Qvidde
Qvidde collected $6 from pot
Qvidde: doesn't show hand
*** SUMMARY ***
Total pot $6 | Rake $0
Seat 2: Qvidde (button) (small blind) collected ($6)
Seat 5: kudongo (big blind) folded before Flop


PokerStars Hand #169202964306:  Hold'em Limit ($3/$6 USD) - 2017/04/18 3:30:20 ET
Table 'Kypria' 6-max Seat #5 is the button
Seat 2: Qvidde ($210.43 in chips)
Seat 5: kudongo ($98.13 in chips)
kudongo: posts small blind $1
Qvidde: posts big blind $3
*** HOLE CARDS ***
kudongo: raises $3 to $6
Qvidde: calls $3
*** FLOP *** [Ah Ks 4h]
Qvidde: checks
kudongo: bets $3
Qvidde: calls $3
*** TURN *** [Ah Ks 4h] [3s]
Qvidde: checks
kudongo: bets $6
Qvidde: folds
Uncalled bet ($6) returned to kudongo
kudongo collected $17.64 from pot
kudongo: doesn't show hand
*** SUMMARY ***
Total pot $18 | Rake $0.36
Board [Ah Ks 4h 3s]
Seat 2: Qvidde (big blind) folded on the Turn
Seat 5: kudongo (button) (small blind) collected ($17.64)


