PokerStars Hand #156676283708:  Hold'em Limit ($3/$6 USD) - 2016/07/31 9:58:17 ET
Table 'Kythera II' 6-max Seat #4 is the button
Seat 4: Agrotait ($61 in chips)
Seat 5: degal76 ($149.02 in chips)
Agrotait: posts small blind $1
degal76: posts big blind $3
*** HOLE CARDS ***
Agrotait: raises $3 to $6
degal76: calls $3
*** FLOP *** [3c Jd Th]
degal76: checks
Agrotait: bets $3
degal76: folds
Uncalled bet ($3) returned to Agrotait
Agrotait collected $11.76 from pot
Agrotait: doesn't show hand
*** SUMMARY ***
Total pot $12 | Rake $0.24
Board [3c Jd Th]
Seat 4: Agrotait (button) (small blind) collected ($11.76)
Seat 5: degal76 (big blind) folded on the Flop


PokerStars Hand #156676280547:  Hold'em Limit ($3/$6 USD) - 2016/07/31 9:58:11 ET
Table 'Kythera II' 6-max Seat #5 is the button
Seat 4: Agrotait ($60 in chips)
Seat 5: degal76 ($150.02 in chips)
degal76: posts small blind $1
Agrotait: posts big blind $3
*** HOLE CARDS ***
degal76: folds
Uncalled bet ($2) returned to Agrotait
Agrotait collected $2 from pot
Agrotait: doesn't show hand
*** SUMMARY ***
Total pot $2 | Rake $0
Seat 4: Agrotait (big blind) collected ($2)
Seat 5: degal76 (button) (small blind) folded before Flop


PokerStars Hand #156676271015:  Hold'em Limit ($3/$6 USD) - 2016/07/31 9:57:52 ET
Table 'Kythera II' 6-max Seat #4 is the button
Seat 4: Agrotait ($72 in chips)
Seat 5: degal76 ($138.50 in chips)
Agrotait: posts small blind $1
degal76: posts big blind $3
*** HOLE CARDS ***
Agrotait: raises $3 to $6
degal76: calls $3
*** FLOP *** [5h 7s Td]
degal76: checks
Agrotait: checks
*** TURN *** [5h 7s Td] [7c]
degal76: checks
Agrotait: bets $6
degal76: raises $6 to $12
Agrotait: folds
Uncalled bet ($6) returned to degal76
degal76 collected $23.52 from pot
degal76: doesn't show hand
*** SUMMARY ***
Total pot $24 | Rake $0.48
Board [5h 7s Td 7c]
Seat 4: Agrotait (button) (small blind) folded on the Turn
Seat 5: degal76 (big blind) collected ($23.52)


PokerStars Hand #156676246054:  Hold'em Limit ($3/$6 USD) - 2016/07/31 9:57:17 ET
Table 'Kythera II' 6-max Seat #5 is the button
Seat 4: Agrotait ($71 in chips)
Seat 5: degal76 ($121 in chips)
degal76: posts small blind $1
Agrotait: posts big blind $3
*** HOLE CARDS ***
degal76: raises $3 to $6
Agrotait: calls $3
*** FLOP *** [Qh Td 5s]
Agrotait: checks
degal76: bets $3
Agrotait: raises $3 to $6
degal76: calls $3
*** TURN *** [Qh Td 5s] [Qd]
Agrotait: bets $6
degal76: raises $6 to $12
Agrotait: folds
Uncalled bet ($6) returned to degal76
degal76 collected $35.50 from pot
degal76: doesn't show hand
*** SUMMARY ***
Total pot $36 | Rake $0.50
Board [Qh Td 5s Qd]
Seat 4: Agrotait (big blind) folded on the Turn
Seat 5: degal76 (button) (small blind) collected ($35.50)


PokerStars Hand #156676302651:  Hold'em Limit ($3/$6 USD) - 2016/07/31 9:58:55 ET
Table 'Kythera II' 6-max Seat #4 is the button
Seat 4: Agrotait ($99.26 in chips)
Seat 5: degal76 ($110.02 in chips)
Agrotait: posts small blind $1
degal76: posts big blind $3
*** HOLE CARDS ***
Agrotait: raises $3 to $6
degal76: calls $3
*** FLOP *** [4s 5c 4c]
degal76: checks
Agrotait: bets $3
degal76: calls $3
*** TURN *** [4s 5c 4c] [Td]
degal76: checks
Agrotait: bets $6
degal76: folds
Uncalled bet ($6) returned to Agrotait
Agrotait collected $17.64 from pot
Agrotait: doesn't show hand
*** SUMMARY ***
Total pot $18 | Rake $0.36
Board [4s 5c 4c Td]
Seat 4: Agrotait (button) (small blind) collected ($17.64)
Seat 5: degal76 (big blind) folded on the Turn


PokerStars Hand #156676289158:  Hold'em Limit ($3/$6 USD) - 2016/07/31 9:58:28 ET
Table 'Kythera II' 6-max Seat #5 is the button
Seat 4: Agrotait ($66.76 in chips)
Seat 5: degal76 ($143.02 in chips)
degal76: posts small blind $1
Agrotait: posts big blind $3
*** HOLE CARDS ***
degal76: raises $3 to $6
Agrotait: raises $3 to $9
degal76: raises $3 to $12
Betting is capped
Agrotait: calls $3
*** FLOP *** [Js Jh 8h]
Agrotait: checks
degal76: bets $3
Agrotait: calls $3
*** TURN *** [Js Jh 8h] [7c]
Agrotait: checks
degal76: bets $6
Agrotait: calls $6
*** RIVER *** [Js Jh 8h 7c] [Ad]
Agrotait: bets $6
degal76: raises $6 to $12
Agrotait: calls $6
*** SHOW DOWN ***
degal76: shows [Qs Qd] (two pair, Queens and Jacks)
Agrotait: shows [Kc Ah] (two pair, Aces and Jacks)
Agrotait collected $65.50 from pot
*** SUMMARY ***
Total pot $66 | Rake $0.50
Board [Js Jh 8h 7c Ad]
Seat 4: Agrotait (big blind) showed [Kc Ah] and won ($65.50) with two pair, Aces and Jacks
Seat 5: degal76 (button) (small blind) showed [Qs Qd] and lost with two pair, Queens and Jacks


PokerStars Hand #156676342533:  Hold'em Limit ($3/$6 USD) - 2016/07/31 10:00:11 ET
Table 'Kythera II' 6-max Seat #5 is the button
Seat 4: Agrotait ($64.90 in chips)
Seat 5: degal76 ($143.52 in chips)
degal76: posts small blind $1
Agrotait: posts big blind $3
*** HOLE CARDS ***
degal76: raises $3 to $6
Agrotait: calls $3
*** FLOP *** [8s 3s 4s]
Agrotait: checks
degal76: bets $3
Agrotait: raises $3 to $6
degal76: folds
Uncalled bet ($3) returned to Agrotait
Agrotait collected $17.64 from pot
Agrotait: doesn't show hand
*** SUMMARY ***
Total pot $18 | Rake $0.36
Board [8s 3s 4s]
Seat 4: Agrotait (big blind) collected ($17.64)
Seat 5: degal76 (button) (small blind) folded on the Flop


PokerStars Hand #156676339055:  Hold'em Limit ($3/$6 USD) - 2016/07/31 10:00:06 ET
Table 'Kythera II' 6-max Seat #4 is the button
Seat 4: Agrotait ($65.90 in chips)
Seat 5: degal76 ($142.52 in chips)
Agrotait: posts small blind $1
degal76: posts big blind $3
*** HOLE CARDS ***
Agrotait: folds
Uncalled bet ($2) returned to degal76
degal76 collected $2 from pot
degal76: doesn't show hand
*** SUMMARY ***
Total pot $2 | Rake $0
Seat 4: Agrotait (button) (small blind) folded before Flop
Seat 5: degal76 (big blind) collected ($2)


PokerStars Hand #156676313715:  Hold'em Limit ($3/$6 USD) - 2016/07/31 9:59:17 ET
Table 'Kythera II' 6-max Seat #5 is the button
Seat 4: Agrotait ($107.90 in chips)
Seat 5: degal76 ($101.02 in chips)
degal76: posts small blind $1
Agrotait: posts big blind $3
*** HOLE CARDS ***
degal76: raises $3 to $6
Agrotait: calls $3
*** FLOP *** [Kd 2s Ts]
Agrotait: checks
degal76: bets $3
Agrotait: raises $3 to $6
degal76: calls $3
*** TURN *** [Kd 2s Ts] [2h]
Agrotait: bets $6
degal76: raises $6 to $12
Agrotait: raises $6 to $18
degal76: raises $6 to $24
Betting is capped
Agrotait: calls $6
*** RIVER *** [Kd 2s Ts 2h] [8d]
Agrotait: checks
degal76: bets $6
Agrotait: calls $6
*** SHOW DOWN ***
degal76: shows [Kc Js] (two pair, Kings and Deuces)
Agrotait: mucks hand
degal76 collected $83.50 from pot
*** SUMMARY ***
Total pot $84 | Rake $0.50
Board [Kd 2s Ts 2h 8d]
Seat 4: Agrotait (big blind) mucked
Seat 5: degal76 (button) (small blind) showed [Kc Js] and won ($83.50) with two pair, Kings and Deuces


PokerStars Hand #156676370728:  Hold'em Limit ($3/$6 USD) - 2016/07/31 10:01:02 ET
Table 'Kythera II' 6-max Seat #5 is the button
Seat 4: Agrotait ($76 in chips)
Seat 5: degal76 ($154.02 in chips)
degal76: posts small blind $1
Agrotait: posts big blind $3
*** HOLE CARDS ***
degal76: folds
Uncalled bet ($2) returned to Agrotait
degal76 leaves the table
Agrotait collected $2 from pot
*** SUMMARY ***
Total pot $2 | Rake $0
Seat 4: Agrotait (big blind) collected ($2)
Seat 5: degal76 (button) (small blind) folded before Flop


PokerStars Hand #156676366857:  Hold'em Limit ($3/$6 USD) - 2016/07/31 10:00:56 ET
Table 'Kythera II' 6-max Seat #4 is the button
Seat 4: Agrotait ($73 in chips)
Seat 5: degal76 ($157.02 in chips)
Agrotait: posts small blind $1
degal76: posts big blind $3
*** HOLE CARDS ***
Agrotait: raises $3 to $6
degal76: folds
Uncalled bet ($3) returned to Agrotait
Agrotait collected $6 from pot
Agrotait: doesn't show hand
*** SUMMARY ***
Total pot $6 | Rake $0
Seat 4: Agrotait (button) (small blind) collected ($6)
Seat 5: degal76 (big blind) folded before Flop


PokerStars Hand #156676363690:  Hold'em Limit ($3/$6 USD) - 2016/07/31 10:00:50 ET
Table 'Kythera II' 6-max Seat #5 is the button
Seat 4: Agrotait ($72 in chips)
Seat 5: degal76 ($158.02 in chips)
degal76: posts small blind $1
Agrotait: posts big blind $3
*** HOLE CARDS ***
degal76: folds
Uncalled bet ($2) returned to Agrotait
Agrotait collected $2 from pot
Agrotait: doesn't show hand
*** SUMMARY ***
Total pot $2 | Rake $0
Seat 4: Agrotait (big blind) collected ($2)
Seat 5: degal76 (button) (small blind) folded before Flop


PokerStars Hand #156676350528:  Hold'em Limit ($3/$6 USD) - 2016/07/31 10:00:26 ET
Table 'Kythera II' 6-max Seat #4 is the button
Seat 4: Agrotait ($73.54 in chips)
Seat 5: degal76 ($134.52 in chips)
Agrotait: posts small blind $1
degal76: posts big blind $3
*** HOLE CARDS ***
Agrotait: raises $3 to $6
degal76: calls $3
*** FLOP *** [Qd 7s 8h]
degal76: checks
Agrotait: bets $3
degal76: raises $3 to $6
Agrotait: calls $3
*** TURN *** [Qd 7s 8h] [7d]
degal76: bets $6
Agrotait: calls $6
*** RIVER *** [Qd 7s 8h 7d] [4h]
degal76: bets $6
Agrotait: calls $6
*** SHOW DOWN ***
degal76: shows [Qs Jc] (two pair, Queens and Sevens)
Agrotait: mucks hand
degal76 collected $47.50 from pot
*** SUMMARY ***
Total pot $48 | Rake $0.50
Board [Qd 7s 8h 7d 4h]
Seat 4: Agrotait (button) (small blind) mucked
Seat 5: degal76 (big blind) showed [Qs Jc] and won ($47.50) with two pair, Queens and Sevens


PokerStars Hand #156678055699:  Hold'em Limit ($3/$6 USD) - 2016/07/31 10:42:40 ET
Table 'Kythera II' 6-max Seat #6 is the button
Seat 4: VolkovDmitri ($127.50 in chips)
Seat 6: 19woody58 ($120.40 in chips)
19woody58: posts small blind $1
VolkovDmitri: posts big blind $3
*** HOLE CARDS ***
19woody58: raises $3 to $6
VolkovDmitri: calls $3
*** FLOP *** [9h 7s Ad]
VolkovDmitri: checks
19woody58: bets $3
VolkovDmitri: calls $3
*** TURN *** [9h 7s Ad] [Qc]
VolkovDmitri: checks
19woody58: checks
*** RIVER *** [9h 7s Ad Qc] [5s]
VolkovDmitri: bets $6
19woody58: folds
Uncalled bet ($6) returned to VolkovDmitri
VolkovDmitri collected $17.64 from pot
VolkovDmitri: doesn't show hand
*** SUMMARY ***
Total pot $18 | Rake $0.36
Board [9h 7s Ad Qc 5s]
Seat 4: VolkovDmitri (big blind) collected ($17.64)
Seat 6: 19woody58 (button) (small blind) folded on the River


PokerStars Hand #156701977772:  Hold'em Limit ($3/$6 USD) - 2016/07/31 18:27:24 ET
Table 'Kythera II' 6-max Seat #1 is the button
Seat 1: Hannibal2211 ($206.19 in chips)
Seat 6: krytalex ($72 in chips)
Hannibal2211: posts small blind $1
krytalex: posts big blind $3
*** HOLE CARDS ***
Hannibal2211: raises $3 to $6
krytalex: calls $3
*** FLOP *** [6s 4h 9c]
krytalex: checks
Hannibal2211: bets $3
krytalex: calls $3
*** TURN *** [6s 4h 9c] [Jh]
krytalex: checks
Hannibal2211: bets $6
krytalex: folds
Uncalled bet ($6) returned to Hannibal2211
Hannibal2211 collected $17.64 from pot
*** SUMMARY ***
Total pot $18 | Rake $0.36
Board [6s 4h 9c Jh]
Seat 1: Hannibal2211 (button) (small blind) collected ($17.64)
Seat 6: krytalex (big blind) folded on the Turn


PokerStars Hand #156701954477:  Hold'em Limit ($3/$6 USD) - 2016/07/31 18:26:51 ET
Table 'Kythera II' 6-max Seat #6 is the button
Seat 1: Hannibal2211 ($194.67 in chips)
Seat 6: krytalex ($73 in chips)
krytalex: posts small blind $1
Hannibal2211: posts big blind $3
*** HOLE CARDS ***
krytalex: raises $3 to $6
Hannibal2211: raises $3 to $9
krytalex: calls $3
*** FLOP *** [8h Qs 9c]
Hannibal2211: bets $3
krytalex: calls $3
*** TURN *** [8h Qs 9c] [Th]
Hannibal2211: checks
krytalex: checks
*** RIVER *** [8h Qs 9c Th] [Ad]
Hannibal2211: checks
krytalex: checks
*** SHOW DOWN ***
Hannibal2211: shows [Qc Kd] (a pair of Queens)
krytalex: mucks hand
Hannibal2211 collected $23.52 from pot
*** SUMMARY ***
Total pot $24 | Rake $0.48
Board [8h Qs 9c Th Ad]
Seat 1: Hannibal2211 (big blind) showed [Qc Kd] and won ($23.52) with a pair of Queens
Seat 6: krytalex (button) (small blind) mucked


PokerStars Hand #156701950763:  Hold'em Limit ($3/$6 USD) - 2016/07/31 18:26:46 ET
Table 'Kythera II' 6-max Seat #1 is the button
Seat 1: Hannibal2211 ($195.67 in chips)
Seat 6: krytalex ($72 in chips)
Hannibal2211: posts small blind $1
Masqb was removed from the table for failing to post
krytalex: posts big blind $3
*** HOLE CARDS ***
Hannibal2211: folds
Uncalled bet ($2) returned to krytalex
krytalex collected $2 from pot
*** SUMMARY ***
Total pot $2 | Rake $0
Seat 1: Hannibal2211 (button) (small blind) folded before Flop
Seat 6: krytalex (big blind) collected ($2)


PokerStars Hand #156702008556:  Hold'em Limit ($3/$6 USD) - 2016/07/31 18:28:06 ET
Table 'Kythera II' 6-max Seat #1 is the button
Seat 1: Hannibal2211 ($201.83 in chips)
Seat 6: krytalex ($84.52 in chips)
Hannibal2211: posts small blind $1
krytalex: posts big blind $3
*** HOLE CARDS ***
Hannibal2211: raises $3 to $6
krytalex: calls $3
*** FLOP *** [6d 4h 3s]
krytalex: checks
Hannibal2211: bets $3
krytalex: raises $3 to $6
Hannibal2211: calls $3
*** TURN *** [6d 4h 3s] [9c]
krytalex: bets $6
Hannibal2211: calls $6
*** RIVER *** [6d 4h 3s 9c] [Th]
krytalex: bets $6
Hannibal2211: calls $6
*** SHOW DOWN ***
krytalex: shows [2c 5c] (a straight, Deuce to Six)
Hannibal2211: mucks hand
krytalex collected $47.50 from pot
*** SUMMARY ***
Total pot $48 | Rake $0.50
Board [6d 4h 3s 9c Th]
Seat 1: Hannibal2211 (button) (small blind) mucked
Seat 6: krytalex (big blind) showed [2c 5c] and won ($47.50) with a straight, Deuce to Six


PokerStars Hand #156702001290:  Hold'em Limit ($3/$6 USD) - 2016/07/31 18:27:56 ET
Table 'Kythera II' 6-max Seat #6 is the button
Seat 1: Hannibal2211 ($207.83 in chips)
Seat 6: krytalex ($78.76 in chips)
krytalex: posts small blind $1
Hannibal2211: posts big blind $3
*** HOLE CARDS ***
krytalex: raises $3 to $6
Hannibal2211: calls $3
*** FLOP *** [Td Ac 9d]
Hannibal2211: checks
krytalex: bets $3
Hannibal2211: folds
Uncalled bet ($3) returned to krytalex
krytalex collected $11.76 from pot
*** SUMMARY ***
Total pot $12 | Rake $0.24
Board [Td Ac 9d]
Seat 1: Hannibal2211 (big blind) folded on the Flop
Seat 6: krytalex (button) (small blind) collected ($11.76)


PokerStars Hand #156701997750:  Hold'em Limit ($3/$6 USD) - 2016/07/31 18:27:52 ET
Table 'Kythera II' 6-max Seat #1 is the button
Seat 1: Hannibal2211 ($208.83 in chips)
Seat 6: krytalex ($77.76 in chips)
Hannibal2211: posts small blind $1
krytalex: posts big blind $3
*** HOLE CARDS ***
Hannibal2211: folds
Uncalled bet ($2) returned to krytalex
krytalex collected $2 from pot
*** SUMMARY ***
Total pot $2 | Rake $0
Seat 1: Hannibal2211 (button) (small blind) folded before Flop
Seat 6: krytalex (big blind) collected ($2)


PokerStars Hand #156701989179:  Hold'em Limit ($3/$6 USD) - 2016/07/31 18:27:40 ET
Table 'Kythera II' 6-max Seat #6 is the button
Seat 1: Hannibal2211 ($214.83 in chips)
Seat 6: krytalex ($72 in chips)
krytalex: posts small blind $1
Hannibal2211: posts big blind $3
*** HOLE CARDS ***
krytalex: raises $3 to $6
Hannibal2211: calls $3
*** FLOP *** [Jc 6d 8d]
Hannibal2211: checks
krytalex: bets $3
Hannibal2211: folds
Uncalled bet ($3) returned to krytalex
krytalex collected $11.76 from pot
*** SUMMARY ***
Total pot $12 | Rake $0.24
Board [Jc 6d 8d]
Seat 1: Hannibal2211 (big blind) folded on the Flop
Seat 6: krytalex (button) (small blind) collected ($11.76)


PokerStars Hand #156702024553:  Hold'em Limit ($3/$6 USD) - 2016/07/31 18:28:29 ET
Table 'Kythera II' 6-max Seat #6 is the button
Seat 1: Hannibal2211 ($177.83 in chips)
Seat 6: krytalex ($108.02 in chips)
krytalex: posts small blind $1
Hannibal2211: posts big blind $3
*** HOLE CARDS ***
krytalex: raises $3 to $6
Hannibal2211: calls $3
*** FLOP *** [7h Kc 8h]
Hannibal2211: checks
krytalex: bets $3
Hannibal2211: folds
Uncalled bet ($3) returned to krytalex
krytalex collected $11.76 from pot
*** SUMMARY ***
Total pot $12 | Rake $0.24
Board [7h Kc 8h]
Seat 1: Hannibal2211 (big blind) folded on the Flop
Seat 6: krytalex (button) (small blind) collected ($11.76)


PokerStars Hand #156702072415:  Hold'em Limit ($3/$6 USD) - 2016/07/31 18:29:35 ET
Table 'Kythera II' 6-max Seat #6 is the button
Seat 1: Hannibal2211 ($195.97 in chips)
Seat 6: krytalex ($88.78 in chips)
krytalex: posts small blind $1
Hannibal2211: posts big blind $3
*** HOLE CARDS ***
krytalex: folds
Uncalled bet ($2) returned to Hannibal2211
Hannibal2211 collected $2 from pot
*** SUMMARY ***
Total pot $2 | Rake $0
Seat 1: Hannibal2211 (big blind) collected ($2)
Seat 6: krytalex (button) (small blind) folded before Flop


PokerStars Hand #156702050671:  Hold'em Limit ($3/$6 USD) - 2016/07/31 18:29:05 ET
Table 'Kythera II' 6-max Seat #1 is the button
Seat 1: Hannibal2211 ($187.33 in chips)
Seat 6: krytalex ($97.78 in chips)
Hannibal2211: posts small blind $1
krytalex: posts big blind $3
*** HOLE CARDS ***
Hannibal2211: raises $3 to $6
krytalex: calls $3
*** FLOP *** [9h 5d Tc]
krytalex: checks
Hannibal2211: bets $3
krytalex: calls $3
*** TURN *** [9h 5d Tc] [7h]
krytalex: checks
Hannibal2211: checks
*** RIVER *** [9h 5d Tc 7h] [Qd]
krytalex: checks
Hannibal2211: bets $6
krytalex: folds
Uncalled bet ($6) returned to Hannibal2211
Hannibal2211 collected $17.64 from pot
*** SUMMARY ***
Total pot $18 | Rake $0.36
Board [9h 5d Tc 7h Qd]
Seat 1: Hannibal2211 (button) (small blind) collected ($17.64)
Seat 6: krytalex (big blind) folded on the River


PokerStars Hand #156702047074:  Hold'em Limit ($3/$6 USD) - 2016/07/31 18:29:00 ET
Table 'Kythera II' 6-max Seat #6 is the button
Seat 1: Hannibal2211 ($186.33 in chips)
Seat 6: krytalex ($98.78 in chips)
krytalex: posts small blind $1
Hannibal2211: posts big blind $3
*** HOLE CARDS ***
krytalex: folds
Uncalled bet ($2) returned to Hannibal2211
Hannibal2211 collected $2 from pot
*** SUMMARY ***
Total pot $2 | Rake $0
Seat 1: Hannibal2211 (big blind) collected ($2)
Seat 6: krytalex (button) (small blind) folded before Flop


PokerStars Hand #156702033169:  Hold'em Limit ($3/$6 USD) - 2016/07/31 18:28:41 ET
Table 'Kythera II' 6-max Seat #1 is the button
Seat 1: Hannibal2211 ($171.83 in chips)
Seat 6: krytalex ($113.78 in chips)
Hannibal2211: posts small blind $1
krytalex: posts big blind $3
*** HOLE CARDS ***
Hannibal2211: raises $3 to $6
krytalex: calls $3
*** FLOP *** [8s Ks Qs]
krytalex: checks
Hannibal2211: bets $3
krytalex: calls $3
*** TURN *** [8s Ks Qs] [Ts]
krytalex: checks
Hannibal2211: checks
*** RIVER *** [8s Ks Qs Ts] [Qh]
krytalex: bets $6
Hannibal2211: calls $6
*** SHOW DOWN ***
krytalex: shows [6h 4s] (a flush, King high)
Hannibal2211: shows [7s 6s] (a flush, King high - Seven higher)
Hannibal2211 collected $29.50 from pot
*** SUMMARY ***
Total pot $30 | Rake $0.50
Board [8s Ks Qs Ts Qh]
Seat 1: Hannibal2211 (button) (small blind) showed [7s 6s] and won ($29.50) with a flush, King high
Seat 6: krytalex (big blind) showed [6h 4s] and lost with a flush, King high


PokerStars Hand #156702103188:  Hold'em Limit ($3/$6 USD) - 2016/07/31 18:30:19 ET
Table 'Kythera II' 6-max Seat #1 is the button
Seat 1: Hannibal2211 ($226.23 in chips)
Seat 6: krytalex ($72 in chips)
Hannibal2211: posts small blind $1
krytalex: posts big blind $3
*** HOLE CARDS ***
Hannibal2211: raises $3 to $6
krytalex: calls $3
*** FLOP *** [Kd 4c Td]
krytalex: checks
Hannibal2211: bets $3
krytalex: folds
Uncalled bet ($3) returned to Hannibal2211
Hannibal2211 collected $11.76 from pot
*** SUMMARY ***
Total pot $12 | Rake $0.24
Board [Kd 4c Td]
Seat 1: Hannibal2211 (button) (small blind) collected ($11.76)
Seat 6: krytalex (big blind) folded on the Flop


PokerStars Hand #156702087952:  Hold'em Limit ($3/$6 USD) - 2016/07/31 18:29:57 ET
Table 'Kythera II' 6-max Seat #6 is the button
Seat 1: Hannibal2211 ($202.73 in chips)
Seat 6: krytalex ($81.78 in chips)
krytalex: posts small blind $1
Hannibal2211: posts big blind $3
*** HOLE CARDS ***
krytalex: raises $3 to $6
Hannibal2211: raises $3 to $9
krytalex: calls $3
*** FLOP *** [9c 5d Kh]
Hannibal2211: bets $3
krytalex: calls $3
*** TURN *** [9c 5d Kh] [6h]
Hannibal2211: bets $6
krytalex: calls $6
*** RIVER *** [9c 5d Kh 6h] [Qc]
Hannibal2211: bets $6
krytalex: calls $6
*** SHOW DOWN ***
Hannibal2211: shows [8d 8s] (a pair of Eights)
krytalex: mucks hand
Hannibal2211 collected $47.50 from pot
*** SUMMARY ***
Total pot $48 | Rake $0.50
Board [9c 5d Kh 6h Qc]
Seat 1: Hannibal2211 (big blind) showed [8d 8s] and won ($47.50) with a pair of Eights
Seat 6: krytalex (button) (small blind) mucked


PokerStars Hand #156702075641:  Hold'em Limit ($3/$6 USD) - 2016/07/31 18:29:40 ET
Table 'Kythera II' 6-max Seat #1 is the button
Seat 1: Hannibal2211 ($196.97 in chips)
Seat 6: krytalex ($87.78 in chips)
Hannibal2211: posts small blind $1
krytalex: posts big blind $3
*** HOLE CARDS ***
Hannibal2211: raises $3 to $6
krytalex: calls $3
*** FLOP *** [Kh 8s Jc]
krytalex: checks
Hannibal2211: bets $3
krytalex: folds
Uncalled bet ($3) returned to Hannibal2211
Hannibal2211 collected $11.76 from pot
*** SUMMARY ***
Total pot $12 | Rake $0.24
Board [Kh 8s Jc]
Seat 1: Hannibal2211 (button) (small blind) collected ($11.76)
Seat 6: krytalex (big blind) folded on the Flop


PokerStars Hand #156702151184:  Hold'em Limit ($3/$6 USD) - 2016/07/31 18:31:26 ET
Table 'Kythera II' 6-max Seat #1 is the button
Seat 1: Hannibal2211 ($207.57 in chips)
Seat 6: krytalex ($95.32 in chips)
Hannibal2211: posts small blind $1
krytalex: posts big blind $3
*** HOLE CARDS ***
Hannibal2211: folds
Uncalled bet ($2) returned to krytalex
krytalex collected $2 from pot
*** SUMMARY ***
Total pot $2 | Rake $0
Seat 1: Hannibal2211 (button) (small blind) folded before Flop
Seat 6: krytalex (big blind) collected ($2)


PokerStars Hand #156702138580:  Hold'em Limit ($3/$6 USD) - 2016/07/31 18:31:08 ET
Table 'Kythera II' 6-max Seat #6 is the button
Seat 1: Hannibal2211 ($207.75 in chips)
Seat 6: krytalex ($95.50 in chips)
krytalex: posts small blind $1
Hannibal2211: posts big blind $3
*** HOLE CARDS ***
krytalex: raises $3 to $6
Hannibal2211: calls $3
*** FLOP *** [2h 4d 9d]
Hannibal2211: checks
krytalex: bets $3
Hannibal2211: calls $3
*** TURN *** [2h 4d 9d] [Kc]
Hannibal2211: checks
krytalex: checks
*** RIVER *** [2h 4d 9d Kc] [4c]
Hannibal2211: checks
krytalex: checks
*** SHOW DOWN ***
Hannibal2211: shows [7d As] (a pair of Fours)
krytalex: shows [6c Ad] (a pair of Fours)
Hannibal2211 collected $8.82 from pot
krytalex collected $8.82 from pot
*** SUMMARY ***
Total pot $18 | Rake $0.36
Board [2h 4d 9d Kc 4c]
Seat 1: Hannibal2211 (big blind) showed [7d As] and won ($8.82) with a pair of Fours
Seat 6: krytalex (button) (small blind) showed [6c Ad] and won ($8.82) with a pair of Fours


PokerStars Hand #156702130543:  Hold'em Limit ($3/$6 USD) - 2016/07/31 18:30:57 ET
Table 'Kythera II' 6-max Seat #1 is the button
Seat 1: Hannibal2211 ($201.99 in chips)
Seat 6: krytalex ($101.50 in chips)
Hannibal2211: posts small blind $1
krytalex: posts big blind $3
*** HOLE CARDS ***
Hannibal2211: raises $3 to $6
krytalex: calls $3
*** FLOP *** [4s Jh 9d]
krytalex: checks
Hannibal2211: bets $3
krytalex: folds
Uncalled bet ($3) returned to Hannibal2211
Hannibal2211 collected $11.76 from pot
*** SUMMARY ***
Total pot $12 | Rake $0.24
Board [4s Jh 9d]
Seat 1: Hannibal2211 (button) (small blind) collected ($11.76)
Seat 6: krytalex (big blind) folded on the Flop


PokerStars Hand #156702115171:  Hold'em Limit ($3/$6 USD) - 2016/07/31 18:30:35 ET
Table 'Kythera II' 6-max Seat #6 is the button
Seat 1: Hannibal2211 ($231.99 in chips)
Seat 6: krytalex ($72 in chips)
krytalex: posts small blind $1
Hannibal2211: posts big blind $3
*** HOLE CARDS ***
krytalex: raises $3 to $6
Hannibal2211: calls $3
*** FLOP *** [As 8s 4h]
Hannibal2211: checks
krytalex: bets $3
Hannibal2211: raises $3 to $6
krytalex: calls $3
*** TURN *** [As 8s 4h] [Jh]
Hannibal2211: bets $6
krytalex: raises $6 to $12
Hannibal2211: calls $6
*** RIVER *** [As 8s 4h Jh] [Qc]
Hannibal2211: checks
krytalex: bets $6
Hannibal2211: calls $6
*** SHOW DOWN ***
krytalex: shows [4s Jc] (two pair, Jacks and Fours)
Hannibal2211: mucks hand
krytalex collected $59.50 from pot
*** SUMMARY ***
Total pot $60 | Rake $0.50
Board [As 8s 4h Jh Qc]
Seat 1: Hannibal2211 (big blind) mucked
Seat 6: krytalex (button) (small blind) showed [4s Jc] and won ($59.50) with two pair, Jacks and Fours


PokerStars Hand #156702188882:  Hold'em Limit ($3/$6 USD) - 2016/07/31 18:32:19 ET
Table 'Kythera II' 6-max Seat #1 is the button
Seat 1: Hannibal2211 ($177.57 in chips)
Seat 6: krytalex ($124.46 in chips)
Hannibal2211: posts small blind $1
krytalex: posts big blind $3
*** HOLE CARDS ***
Hannibal2211: raises $3 to $6
krytalex: raises $3 to $9
Hannibal2211: calls $3
*** FLOP *** [6d 9h 8h]
krytalex: bets $3
Hannibal2211: folds
Uncalled bet ($3) returned to krytalex
krytalex collected $17.64 from pot
*** SUMMARY ***
Total pot $18 | Rake $0.36
Board [6d 9h 8h]
Seat 1: Hannibal2211 (button) (small blind) folded on the Flop
Seat 6: krytalex (big blind) collected ($17.64)


PokerStars Hand #156702185386:  Hold'em Limit ($3/$6 USD) - 2016/07/31 18:32:14 ET
Table 'Kythera II' 6-max Seat #6 is the button
Seat 1: Hannibal2211 ($176.57 in chips)
Seat 6: krytalex ($125.46 in chips)
krytalex: posts small blind $1
Hannibal2211: posts big blind $3
*** HOLE CARDS ***
krytalex: folds
Uncalled bet ($2) returned to Hannibal2211
Hannibal2211 collected $2 from pot
*** SUMMARY ***
Total pot $2 | Rake $0
Seat 1: Hannibal2211 (big blind) collected ($2)
Seat 6: krytalex (button) (small blind) folded before Flop


PokerStars Hand #156702166733:  Hold'em Limit ($3/$6 USD) - 2016/07/31 18:31:48 ET
Table 'Kythera II' 6-max Seat #1 is the button
Seat 1: Hannibal2211 ($197.57 in chips)
Seat 6: krytalex ($104.96 in chips)
Hannibal2211: posts small blind $1
krytalex: posts big blind $3
*** HOLE CARDS ***
Hannibal2211: raises $3 to $6
krytalex: calls $3
*** FLOP *** [6c 9d 7s]
krytalex: checks
Hannibal2211: bets $3
krytalex: calls $3
*** TURN *** [6c 9d 7s] [3d]
krytalex: checks
Hannibal2211: bets $6
krytalex: calls $6
*** RIVER *** [6c 9d 7s 3d] [4h]
krytalex: bets $6
Hannibal2211: calls $6
*** SHOW DOWN ***
krytalex: shows [Ah 5h] (a straight, Three to Seven)
Hannibal2211: mucks hand
krytalex collected $41.50 from pot
*** SUMMARY ***
Total pot $42 | Rake $0.50
Board [6c 9d 7s 3d 4h]
Seat 1: Hannibal2211 (button) (small blind) mucked
Seat 6: krytalex (big blind) showed [Ah 5h] and won ($41.50) with a straight, Three to Seven


PokerStars Hand #156702154646:  Hold'em Limit ($3/$6 USD) - 2016/07/31 18:31:31 ET
Table 'Kythera II' 6-max Seat #6 is the button
Seat 1: Hannibal2211 ($206.57 in chips)
Seat 6: krytalex ($96.32 in chips)
krytalex: posts small blind $1
Hannibal2211: posts big blind $3
*** HOLE CARDS ***
krytalex: raises $3 to $6
Hannibal2211: calls $3
*** FLOP *** [Ks Th 9d]
Hannibal2211: checks
krytalex: bets $3
Hannibal2211: calls $3
*** TURN *** [Ks Th 9d] [Ah]
Hannibal2211: checks
krytalex: checks
*** RIVER *** [Ks Th 9d Ah] [Qd]
Hannibal2211: checks
krytalex: checks
*** SHOW DOWN ***
Hannibal2211: shows [9h 3h] (a pair of Nines)
krytalex: shows [8d Td] (a pair of Tens)
krytalex collected $17.64 from pot
*** SUMMARY ***
Total pot $18 | Rake $0.36
Board [Ks Th 9d Ah Qd]
Seat 1: Hannibal2211 (big blind) showed [9h 3h] and lost with a pair of Nines
Seat 6: krytalex (button) (small blind) showed [8d Td] and won ($17.64) with a pair of Tens


PokerStars Hand #156702221401:  Hold'em Limit ($3/$6 USD) - 2016/07/31 18:33:05 ET
Table 'Kythera II' 6-max Seat #1 is the button
Seat 1: Hannibal2211 ($204.07 in chips)
Seat 6: krytalex ($97.10 in chips)
Hannibal2211: posts small blind $1
krytalex: posts big blind $3
*** HOLE CARDS ***
Hannibal2211: raises $3 to $6
krytalex: calls $3
*** FLOP *** [5h 5c 7s]
krytalex: checks
Hannibal2211: bets $3
krytalex: calls $3
*** TURN *** [5h 5c 7s] [9h]
krytalex: checks
Hannibal2211: bets $6
krytalex: folds
Uncalled bet ($6) returned to Hannibal2211
Hannibal2211 collected $17.64 from pot
*** SUMMARY ***
Total pot $18 | Rake $0.36
Board [5h 5c 7s 9h]
Seat 1: Hannibal2211 (button) (small blind) collected ($17.64)
Seat 6: krytalex (big blind) folded on the Turn


PokerStars Hand #156702197809:  Hold'em Limit ($3/$6 USD) - 2016/07/31 18:32:32 ET
Table 'Kythera II' 6-max Seat #6 is the button
Seat 1: Hannibal2211 ($168.57 in chips)
Seat 6: krytalex ($133.10 in chips)
krytalex: posts small blind $1
Hannibal2211: posts big blind $3
*** HOLE CARDS ***
krytalex: raises $3 to $6
Hannibal2211: calls $3
*** FLOP *** [Th 7c 3d]
Hannibal2211: checks
krytalex: bets $3
Hannibal2211: raises $3 to $6
krytalex: calls $3
*** TURN *** [Th 7c 3d] [6c]
Hannibal2211: bets $6
krytalex: raises $6 to $12
Hannibal2211: raises $6 to $18
krytalex: calls $6
*** RIVER *** [Th 7c 3d 6c] [2h]
Hannibal2211: bets $6
krytalex: calls $6
*** SHOW DOWN ***
Hannibal2211: shows [9c 8s] (a straight, Six to Ten)
krytalex: mucks hand
Hannibal2211 collected $71.50 from pot
*** SUMMARY ***
Total pot $72 | Rake $0.50
Board [Th 7c 3d 6c 2h]
Seat 1: Hannibal2211 (big blind) showed [9c 8s] and won ($71.50) with a straight, Six to Ten
Seat 6: krytalex (button) (small blind) mucked


PokerStars Hand #156702265635:  Hold'em Limit ($3/$6 USD) - 2016/07/31 18:34:05 ET
Table 'Kythera II' 6-max Seat #1 is the button
Seat 1: Hannibal2211 ($210.71 in chips)
Seat 6: krytalex ($89.86 in chips)
Hannibal2211: posts small blind $1
krytalex: posts big blind $3
*** HOLE CARDS ***
Hannibal2211: raises $3 to $6
krytalex: raises $3 to $9
Hannibal2211: calls $3
*** FLOP *** [9c Tc 2c]
krytalex: bets $3
Hannibal2211: folds
Uncalled bet ($3) returned to krytalex
krytalex collected $17.64 from pot
*** SUMMARY ***
Total pot $18 | Rake $0.36
Board [9c Tc 2c]
Seat 1: Hannibal2211 (button) (small blind) folded on the Flop
Seat 6: krytalex (big blind) collected ($17.64)


PokerStars Hand #156702261602:  Hold'em Limit ($3/$6 USD) - 2016/07/31 18:34:00 ET
Table 'Kythera II' 6-max Seat #6 is the button
Seat 1: Hannibal2211 ($209.71 in chips)
Seat 6: krytalex ($90.86 in chips)
krytalex: posts small blind $1
Hannibal2211: posts big blind $3
*** HOLE CARDS ***
krytalex: folds
Uncalled bet ($2) returned to Hannibal2211
Hannibal2211 collected $2 from pot
*** SUMMARY ***
Total pot $2 | Rake $0
Seat 1: Hannibal2211 (big blind) collected ($2)
Seat 6: krytalex (button) (small blind) folded before Flop


PokerStars Hand #156702255791:  Hold'em Limit ($3/$6 USD) - 2016/07/31 18:33:52 ET
Table 'Kythera II' 6-max Seat #1 is the button
Seat 1: Hannibal2211 ($206.71 in chips)
Seat 6: krytalex ($93.86 in chips)
Hannibal2211: posts small blind $1
krytalex: posts big blind $3
*** HOLE CARDS ***
Hannibal2211: raises $3 to $6
krytalex: folds
Uncalled bet ($3) returned to Hannibal2211
Hannibal2211 collected $6 from pot
*** SUMMARY ***
Total pot $6 | Rake $0
Seat 1: Hannibal2211 (button) (small blind) collected ($6)
Seat 6: krytalex (big blind) folded before Flop


PokerStars Hand #156702246521:  Hold'em Limit ($3/$6 USD) - 2016/07/31 18:33:39 ET
Table 'Kythera II' 6-max Seat #6 is the button
Seat 1: Hannibal2211 ($212.71 in chips)
Seat 6: krytalex ($88.10 in chips)
krytalex: posts small blind $1
Hannibal2211: posts big blind $3
*** HOLE CARDS ***
krytalex: raises $3 to $6
Hannibal2211: calls $3
*** FLOP *** [6c Td Kd]
Hannibal2211: checks
krytalex: bets $3
Hannibal2211: folds
Uncalled bet ($3) returned to krytalex
krytalex collected $11.76 from pot
*** SUMMARY ***
Total pot $12 | Rake $0.24
Board [6c Td Kd]
Seat 1: Hannibal2211 (big blind) folded on the Flop
Seat 6: krytalex (button) (small blind) collected ($11.76)


PokerStars Hand #156702276310:  Hold'em Limit ($3/$6 USD) - 2016/07/31 18:34:20 ET
Table 'Kythera II' 6-max Seat #6 is the button
Seat 1: Hannibal2211 ($201.71 in chips)
Seat 6: krytalex ($98.50 in chips)
krytalex: posts small blind $1
Hannibal2211: posts big blind $3
*** HOLE CARDS ***
krytalex: raises $3 to $6
Hannibal2211: calls $3
*** FLOP *** [Qc 7d 2c]
Hannibal2211: checks
krytalex: bets $3
Hannibal2211: raises $3 to $6
krytalex: calls $3
*** TURN *** [Qc 7d 2c] [Td]
Hannibal2211: bets $6
AnaUngar joins the table at seat #2
krytalex: calls $6
*** RIVER *** [Qc 7d 2c Td] [2h]
Hannibal2211: checks
krytalex: checks
*** SHOW DOWN ***
Hannibal2211: shows [3c 9c] (a pair of Deuces)
krytalex: shows [9h Kc] (a pair of Deuces - King kicker)
krytalex collected $35.50 from pot
*** SUMMARY ***
Total pot $36 | Rake $0.50
Board [Qc 7d 2c Td 2h]
Seat 1: Hannibal2211 (big blind) showed [3c 9c] and lost with a pair of Deuces
Seat 6: krytalex (button) (small blind) showed [9h Kc] and won ($35.50) with a pair of Deuces


PokerStars Hand #156702391286:  Hold'em Limit ($3/$6 USD) - 2016/07/31 18:36:52 ET
Table 'Kythera II' 6-max Seat #1 is the button
Seat 1: Hannibal2211 ($170.15 in chips)
Seat 6: krytalex ($133.74 in chips)
Hannibal2211: posts small blind $1
Bonkman05: is sitting out
krytalex: posts big blind $3
*** HOLE CARDS ***
Hannibal2211: raises $3 to $6
Bonkman05 leaves the table
krytalex: calls $3
*** FLOP *** [Qd Th Qs]
krytalex: checks
Hannibal2211: bets $3
krytalex: folds
Uncalled bet ($3) returned to Hannibal2211
Hannibal2211 collected $11.76 from pot
*** SUMMARY ***
Total pot $12 | Rake $0.24
Board [Qd Th Qs]
Seat 1: Hannibal2211 (button) (small blind) collected ($11.76)
Seat 6: krytalex (big blind) folded on the Flop


PokerStars Hand #156702406878:  Hold'em Limit ($3/$6 USD) - 2016/07/31 18:37:13 ET
Table 'Kythera II' 6-max Seat #6 is the button
Seat 1: Hannibal2211 ($175.91 in chips)
Seat 6: krytalex ($127.74 in chips)
krytalex: posts small blind $1
Hannibal2211: posts big blind $3
*** HOLE CARDS ***
krytalex: raises $3 to $6
Hannibal2211: folds
Uncalled bet ($3) returned to krytalex
krytalex collected $6 from pot
*** SUMMARY ***
Total pot $6 | Rake $0
Seat 1: Hannibal2211 (big blind) folded before Flop
Seat 6: krytalex (button) (small blind) collected ($6)


PokerStars Hand #156702411439:  Hold'em Limit ($3/$6 USD) - 2016/07/31 18:37:19 ET
Table 'Kythera II' 6-max Seat #1 is the button
Seat 1: Hannibal2211 ($172.91 in chips)
Seat 6: krytalex ($130.74 in chips)
Hannibal2211: posts small blind $1
krytalex: posts big blind $3
*** HOLE CARDS ***
Hannibal2211: raises $3 to $6
krytalex: raises $3 to $9
Hannibal2211: calls $3
*** FLOP *** [7h Th Jc]
krytalex: bets $3
Hannibal2211: folds
Uncalled bet ($3) returned to krytalex
krytalex collected $17.64 from pot
*** SUMMARY ***
Total pot $18 | Rake $0.36
Board [7h Th Jc]
Seat 1: Hannibal2211 (button) (small blind) folded on the Flop
Seat 6: krytalex (big blind) collected ($17.64)


PokerStars Hand #156702445133:  Hold'em Limit ($3/$6 USD) - 2016/07/31 18:38:06 ET
Table 'Kythera II' 6-max Seat #1 is the button
Seat 1: Hannibal2211 ($154.91 in chips)
Seat 6: krytalex ($148.02 in chips)
Hannibal2211: posts small blind $1
krytalex: posts big blind $3
*** HOLE CARDS ***
Hannibal2211: raises $3 to $6
krytalex: calls $3
*** FLOP *** [Qs 7d Kh]
krytalex: checks
Hannibal2211: bets $3
krytalex: raises $3 to $6
Hannibal2211: calls $3
*** TURN *** [Qs 7d Kh] [2d]
krytalex: bets $6
Hannibal2211: raises $6 to $12
krytalex: calls $6
*** RIVER *** [Qs 7d Kh 2d] [3h]
krytalex: checks
Hannibal2211: bets $6
krytalex: calls $6
*** SHOW DOWN ***
Hannibal2211: shows [Qd Qc] (three of a kind, Queens)
krytalex: mucks hand
Hannibal2211 collected $59.50 from pot
*** SUMMARY ***
Total pot $60 | Rake $0.50
Board [Qs 7d Kh 2d 3h]
Seat 1: Hannibal2211 (button) (small blind) showed [Qd Qc] and won ($59.50) with three of a kind, Queens
Seat 6: krytalex (big blind) mucked


PokerStars Hand #156702421772:  Hold'em Limit ($3/$6 USD) - 2016/07/31 18:37:34 ET
Table 'Kythera II' 6-max Seat #6 is the button
Seat 1: Hannibal2211 ($163.91 in chips)
Seat 6: krytalex ($139.38 in chips)
krytalex: posts small blind $1
Hannibal2211: posts big blind $3
*** HOLE CARDS ***
krytalex: raises $3 to $6
Hannibal2211: calls $3
*** FLOP *** [3s 3d 9s]
Hannibal2211: checks
krytalex: bets $3
Hannibal2211: calls $3
*** TURN *** [3s 3d 9s] [2d]
Hannibal2211: checks
krytalex: checks
*** RIVER *** [3s 3d 9s 2d] [Qs]
Hannibal2211: checks
krytalex: bets $6
Hannibal2211: folds
Uncalled bet ($6) returned to krytalex
krytalex collected $17.64 from pot
*** SUMMARY ***
Total pot $18 | Rake $0.36
Board [3s 3d 9s 2d Qs]
Seat 1: Hannibal2211 (big blind) folded on the River
Seat 6: krytalex (button) (small blind) collected ($17.64)


PokerStars Hand #156702469529:  Hold'em Limit ($3/$6 USD) - 2016/07/31 18:38:40 ET
Table 'Kythera II' 6-max Seat #6 is the button
Seat 1: Hannibal2211 ($184.41 in chips)
Seat 6: krytalex ($118.02 in chips)
krytalex: posts small blind $1
Hannibal2211: posts big blind $3
*** HOLE CARDS ***
krytalex: folds
Uncalled bet ($2) returned to Hannibal2211
Hannibal2211 collected $2 from pot
*** SUMMARY ***
Total pot $2 | Rake $0
Seat 1: Hannibal2211 (big blind) collected ($2)
Seat 6: krytalex (button) (small blind) folded before Flop


PokerStars Hand #156702489837:  Hold'em Limit ($3/$6 USD) - 2016/07/31 18:39:08 ET
Table 'Kythera II' 6-max Seat #6 is the button
Seat 1: Hannibal2211 ($191.17 in chips)
Seat 6: krytalex ($111.02 in chips)
krytalex: posts small blind $1
Hannibal2211: posts big blind $3
*** HOLE CARDS ***
krytalex: raises $3 to $6
Hannibal2211: folds
Uncalled bet ($3) returned to krytalex
krytalex collected $6 from pot
*** SUMMARY ***
Total pot $6 | Rake $0
Seat 1: Hannibal2211 (big blind) folded before Flop
Seat 6: krytalex (button) (small blind) collected ($6)


PokerStars Hand #156702480486:  Hold'em Limit ($3/$6 USD) - 2016/07/31 18:38:55 ET
Table 'Kythera II' 6-max Seat #1 is the button
Seat 1: Hannibal2211 ($185.41 in chips)
Seat 6: krytalex ($117.02 in chips)
Hannibal2211: posts small blind $1
krytalex: posts big blind $3
*** HOLE CARDS ***
Hannibal2211: raises $3 to $6
krytalex: calls $3
*** FLOP *** [9h 8s Ah]
krytalex: checks
Hannibal2211: bets $3
krytalex: folds
Uncalled bet ($3) returned to Hannibal2211
Hannibal2211 collected $11.76 from pot
*** SUMMARY ***
Total pot $12 | Rake $0.24
Board [9h 8s Ah]
Seat 1: Hannibal2211 (button) (small blind) collected ($11.76)
Seat 6: krytalex (big blind) folded on the Flop


PokerStars Hand #156702494374:  Hold'em Limit ($3/$6 USD) - 2016/07/31 18:39:15 ET
Table 'Kythera II' 6-max Seat #1 is the button
Seat 1: Hannibal2211 ($188.17 in chips)
Seat 6: krytalex ($114.02 in chips)
Hannibal2211: posts small blind $1
krytalex: posts big blind $3
*** HOLE CARDS ***
Hannibal2211: raises $3 to $6
krytalex: folds
Uncalled bet ($3) returned to Hannibal2211
Hannibal2211 collected $6 from pot
*** SUMMARY ***
Total pot $6 | Rake $0
Seat 1: Hannibal2211 (button) (small blind) collected ($6)
Seat 6: krytalex (big blind) folded before Flop


PokerStars Hand #156702499057:  Hold'em Limit ($3/$6 USD) - 2016/07/31 18:39:21 ET
Table 'Kythera II' 6-max Seat #6 is the button
Seat 1: Hannibal2211 ($191.17 in chips)
Seat 6: krytalex ($111.02 in chips)
krytalex: posts small blind $1
Hannibal2211: posts big blind $3
*** HOLE CARDS ***
krytalex: raises $3 to $6
Hannibal2211: calls $3
*** FLOP *** [3d 8c 5c]
Hannibal2211: checks
krytalex: bets $3
Hannibal2211: calls $3
*** TURN *** [3d 8c 5c] [9c]
Hannibal2211: checks
krytalex: bets $6
Hannibal2211: calls $6
*** RIVER *** [3d 8c 5c 9c] [Jh]
Hannibal2211: checks
krytalex: bets $6
Hannibal2211: folds
Uncalled bet ($6) returned to krytalex
krytalex collected $29.50 from pot
*** SUMMARY ***
Total pot $30 | Rake $0.50
Board [3d 8c 5c 9c Jh]
Seat 1: Hannibal2211 (big blind) folded on the River
Seat 6: krytalex (button) (small blind) collected ($29.50)


PokerStars Hand #156703256272:  Hold'em Limit ($3/$6 USD) - 2016/07/31 18:58:45 ET
Table 'Kythera II' 6-max Seat #6 is the button
Seat 1: madcap77 ($120 in chips)
Seat 6: krytalex ($105.52 in chips)
krytalex: posts small blind $1
madcap77: posts big blind $3
*** HOLE CARDS ***
krytalex: raises $3 to $6
madcap77: calls $3
*** FLOP *** [9h Jh 4c]
madcap77: checks
krytalex: checks
*** TURN *** [9h Jh 4c] [As]
madcap77: checks
BuzovaPro joins the table at seat #3
krytalex: checks
*** RIVER *** [9h Jh 4c As] [3d]
madcap77: folds
madcap77 leaves the table
krytalex collected $11.76 from pot
*** SUMMARY ***
Total pot $12 | Rake $0.24
Board [9h Jh 4c As 3d]
Seat 1: madcap77 (big blind) folded on the River
Seat 6: krytalex (button) (small blind) collected ($11.76)


PokerStars Hand #156704249520:  Hold'em Limit ($3/$6 USD) - 2016/07/31 19:25:28 ET
Table 'Kythera II' 6-max Seat #3 is the button
Seat 3: DR_SNADBAG ($120 in chips)
Seat 6: krytalex ($111.28 in chips)
DR_SNADBAG: posts small blind $1
krytalex: posts big blind $3
*** HOLE CARDS ***
DR_SNADBAG: raises $3 to $6
krytalex: calls $3
*** FLOP *** [8c 2s 7d]
krytalex: checks
DR_SNADBAG: bets $3
krytalex: raises $3 to $6
DR_SNADBAG: calls $3
*** TURN *** [8c 2s 7d] [Jd]
krytalex: bets $6
MissEKAmouse joins the table at seat #4
DR_SNADBAG: calls $6
*** RIVER *** [8c 2s 7d Jd] [8d]
krytalex: bets $6
DR_SNADBAG: calls $6
*** SHOW DOWN ***
krytalex: shows [7s 5c] (two pair, Eights and Sevens)
DR_SNADBAG: mucks hand
krytalex collected $47.50 from pot
*** SUMMARY ***
Total pot $48 | Rake $0.50
Board [8c 2s 7d Jd 8d]
Seat 3: DR_SNADBAG (button) (small blind) mucked
Seat 6: krytalex (big blind) showed [7s 5c] and won ($47.50) with two pair, Eights and Sevens


PokerStars Hand #156704282021:  Hold'em Limit ($3/$6 USD) - 2016/07/31 19:26:24 ET
Table 'Kythera II' 6-max Seat #6 is the button
Seat 3: DR_SNADBAG ($96 in chips)
Seat 6: krytalex ($134.78 in chips)
krytalex: posts small blind $1
DR_SNADBAG: posts big blind $3
*** HOLE CARDS ***
krytalex: raises $3 to $6
DR_SNADBAG: calls $3
*** FLOP *** [8d 5d Qs]
DR_SNADBAG: bets $3
krytalex: calls $3
*** TURN *** [8d 5d Qs] [3h]
DR_SNADBAG: bets $6
krytalex: calls $6
*** RIVER *** [8d 5d Qs 3h] [6s]
DR_SNADBAG: bets $6
krytalex: calls $6
*** SHOW DOWN ***
DR_SNADBAG: shows [7d 4h] (a straight, Four to Eight)
krytalex: mucks hand
DR_SNADBAG collected $41.50 from pot
*** SUMMARY ***
Total pot $42 | Rake $0.50
Board [8d 5d Qs 3h 6s]
Seat 3: DR_SNADBAG (big blind) showed [7d 4h] and won ($41.50) with a straight, Four to Eight
Seat 6: krytalex (button) (small blind) mucked


PokerStars Hand #156704923668:  Hold'em Limit ($3/$6 USD) - 2016/07/31 19:45:14 ET
Table 'Kythera II' 6-max Seat #1 is the button
Seat 1: Bonkman05 ($88.92 in chips)
Seat 6: krytalex ($102.59 in chips)
Bonkman05: posts small blind $1
krytalex: posts big blind $3
*** HOLE CARDS ***
Bonkman05: raises $3 to $6
krytalex: folds
Uncalled bet ($3) returned to Bonkman05
Bonkman05 collected $6 from pot
Bonkman05: doesn't show hand
*** SUMMARY ***
Total pot $6 | Rake $0
Seat 1: Bonkman05 (button) (small blind) collected ($6)
Seat 6: krytalex (big blind) folded before Flop


