PokerStars Hand #159003354316:  Hold'em Limit ($3/$6 USD) - 2016/09/23 17:59:04 ET
Table 'Kythera' 6-max Seat #3 is the button
Seat 3: simper11 ($120 in chips)
Seat 4: daprom ($54.73 in chips)
simper11: posts small blind $1
daprom: posts big blind $3
*** HOLE CARDS ***
simper11: raises $3 to $6
daprom: calls $3
*** FLOP *** [9h 6h 5h]
daprom: bets $3
simper11: calls $3
*** TURN *** [9h 6h 5h] [4h]
daprom: bets $6
simper11: folds
Uncalled bet ($6) returned to daprom
daprom collected $17.64 from pot
daprom: doesn't show hand
*** SUMMARY ***
Total pot $18 | Rake $0.36
Board [9h 6h 5h 4h]
Seat 3: simper11 (button) (small blind) folded on the Turn
Seat 4: daprom (big blind) collected ($17.64)


PokerStars Hand #159003367693:  Hold'em Limit ($3/$6 USD) - 2016/09/23 17:59:26 ET
Table 'Kythera' 6-max Seat #3 is the button
Seat 3: simper11 ($120 in chips)
Seat 4: daprom ($66.37 in chips)
simper11: posts small blind $1
daprom: posts big blind $3
*** HOLE CARDS ***
simper11: raises $3 to $6
daprom: calls $3
*** FLOP *** [2c Ts 9c]
daprom: checks
simper11: bets $3
daprom: calls $3
*** TURN *** [2c Ts 9c] [4d]
daprom: checks
simper11: checks
*** RIVER *** [2c Ts 9c 4d] [7h]
Chessnok joins the table at seat #6
daprom: bets $6
simper11: calls $6
*** SHOW DOWN ***
daprom: shows [6s 8c] (a straight, Six to Ten)
simper11: mucks hand
daprom collected $29.50 from pot
*** SUMMARY ***
Total pot $30 | Rake $0.50
Board [2c Ts 9c 4d 7h]
Seat 3: simper11 (button) (small blind) mucked
Seat 4: daprom (big blind) showed [6s 8c] and won ($29.50) with a straight, Six to Ten


PokerStars Hand #159003362777:  Hold'em Limit ($3/$6 USD) - 2016/09/23 17:59:18 ET
Table 'Kythera' 6-max Seat #4 is the button
Seat 3: simper11 ($120 in chips)
Seat 4: daprom ($63.37 in chips)
daprom: posts small blind $1
simper11: posts big blind $3
*** HOLE CARDS ***
daprom: raises $3 to $6
simper11: folds
Uncalled bet ($3) returned to daprom
daprom collected $6 from pot
daprom: doesn't show hand
*** SUMMARY ***
Total pot $6 | Rake $0
Seat 3: simper11 (big blind) folded before Flop
Seat 4: daprom (button) (small blind) collected ($6)


