PokerStars Hand #173980968137:  Hold'em Limit ($3/$6 USD) - 2017/08/06 4:32:02 ET
Table 'La Silla' 6-max Seat #6 is the button
Seat 4: VolkovDmitri ($120 in chips)
Seat 6: kaypoker619 ($30 in chips)
kaypoker619: posts small blind $1
VolkovDmitri: posts big blind $3
*** HOLE CARDS ***
kaypoker619: folds
Uncalled bet ($2) returned to VolkovDmitri
VolkovDmitri collected $2 from pot
VolkovDmitri: doesn't show hand
*** SUMMARY ***
Total pot $2 | Rake $0
Seat 4: VolkovDmitri (big blind) collected ($2)
Seat 6: kaypoker619 (button) (small blind) folded before Flop


PokerStars Hand #173980978205:  Hold'em Limit ($3/$6 USD) - 2017/08/06 4:32:32 ET
Table 'La Silla' 6-max Seat #6 is the button
Seat 4: VolkovDmitri ($120 in chips)
Seat 6: kaypoker619 ($34.76 in chips)
kaypoker619: posts small blind $1
VolkovDmitri: posts big blind $3
*** HOLE CARDS ***
kaypoker619: calls $2
VolkovDmitri: raises $3 to $6
kaypoker619: calls $3
*** FLOP *** [6h 7s 3h]
VolkovDmitri: bets $3
kaypoker619: raises $3 to $6
VolkovDmitri: calls $3
*** TURN *** [6h 7s 3h] [Kh]
VolkovDmitri: checks
kaypoker619: bets $6
VolkovDmitri: calls $6
*** RIVER *** [6h 7s 3h Kh] [3c]
VolkovDmitri: checks
kaypoker619: bets $6
VolkovDmitri: calls $6
*** SHOW DOWN ***
kaypoker619: shows [7h Js] (two pair, Sevens and Threes)
VolkovDmitri: mucks hand
kaypoker619 collected $47.50 from pot
*** SUMMARY ***
Total pot $48 | Rake $0.50
Board [6h 7s 3h Kh 3c]
Seat 4: VolkovDmitri (big blind) mucked
Seat 6: kaypoker619 (button) (small blind) showed [7h Js] and won ($47.50) with two pair, Sevens and Threes


PokerStars Hand #173980972645:  Hold'em Limit ($3/$6 USD) - 2017/08/06 4:32:16 ET
Table 'La Silla' 6-max Seat #4 is the button
Seat 4: VolkovDmitri ($121 in chips)
Seat 6: kaypoker619 ($29 in chips)
VolkovDmitri: posts small blind $1
kaypoker619: posts big blind $3
*** HOLE CARDS ***
VolkovDmitri: raises $3 to $6
kaypoker619: calls $3
*** FLOP *** [Tc 8h Ts]
kaypoker619: bets $3
VolkovDmitri: folds
Uncalled bet ($3) returned to kaypoker619
kaypoker619 collected $11.76 from pot
*** SUMMARY ***
Total pot $12 | Rake $0.24
Board [Tc 8h Ts]
Seat 4: VolkovDmitri (button) (small blind) folded on the Flop
Seat 6: kaypoker619 (big blind) collected ($11.76)


PokerStars Hand #173981005858:  Hold'em Limit ($3/$6 USD) - 2017/08/06 4:33:56 ET
Table 'La Silla' 6-max Seat #6 is the button
Seat 4: VolkovDmitri ($120 in chips)
Seat 6: kaypoker619 ($75.76 in chips)
kaypoker619: posts small blind $1
VolkovDmitri: posts big blind $3
*** HOLE CARDS ***
kaypoker619: calls $2
VolkovDmitri: raises $3 to $6
kaypoker619: calls $3
*** FLOP *** [Js 2h Jc]
VolkovDmitri: bets $3
kaypoker619: folds
Uncalled bet ($3) returned to VolkovDmitri
VolkovDmitri collected $11.76 from pot
VolkovDmitri: doesn't show hand
*** SUMMARY ***
Total pot $12 | Rake $0.24
Board [Js 2h Jc]
Seat 4: VolkovDmitri (big blind) collected ($11.76)
Seat 6: kaypoker619 (button) (small blind) folded on the Flop


PokerStars Hand #173981010302:  Hold'em Limit ($3/$6 USD) - 2017/08/06 4:34:09 ET
Table 'La Silla' 6-max Seat #4 is the button
Seat 4: VolkovDmitri ($125.76 in chips)
Seat 6: kaypoker619 ($69.76 in chips)
VolkovDmitri: posts small blind $1
kaypoker619: posts big blind $3
*** HOLE CARDS ***
VolkovDmitri: raises $3 to $6
kaypoker619: calls $3
*** FLOP *** [Ad 8h Jh]
kaypoker619: checks
VolkovDmitri: bets $3
kaypoker619: raises $3 to $6
VolkovDmitri: calls $3
*** TURN *** [Ad 8h Jh] [Qs]
kaypoker619: bets $6
VolkovDmitri: calls $6
*** RIVER *** [Ad 8h Jh Qs] [9c]
kaypoker619: bets $6
VolkovDmitri: calls $6
*** SHOW DOWN ***
kaypoker619: shows [Ah Tc] (a straight, Eight to Queen)
VolkovDmitri: mucks hand
kaypoker619 collected $47.50 from pot
*** SUMMARY ***
Total pot $48 | Rake $0.50
Board [Ad 8h Jh Qs 9c]
Seat 4: VolkovDmitri (button) (small blind) mucked
Seat 6: kaypoker619 (big blind) showed [Ah Tc] and won ($47.50) with a straight, Eight to Queen


PokerStars Hand #173981036472:  Hold'em Limit ($3/$6 USD) - 2017/08/06 4:35:30 ET
Table 'La Silla' 6-max Seat #4 is the button
Seat 4: VolkovDmitri ($120 in chips)
Seat 6: kaypoker619 ($107.76 in chips)
VolkovDmitri: posts small blind $1
kaypoker619: posts big blind $3
*** HOLE CARDS ***
VolkovDmitri: raises $3 to $6
kaypoker619: raises $3 to $9
VolkovDmitri: calls $3
*** FLOP *** [8d 3s 6c]
kaypoker619: bets $3
VolkovDmitri: calls $3
*** TURN *** [8d 3s 6c] [9h]
kaypoker619: bets $6
VolkovDmitri: calls $6
*** RIVER *** [8d 3s 6c 9h] [5s]
kaypoker619: bets $6
VolkovDmitri: folds
Uncalled bet ($6) returned to kaypoker619
kaypoker619 collected $35.50 from pot
*** SUMMARY ***
Total pot $36 | Rake $0.50
Board [8d 3s 6c 9h 5s]
Seat 4: VolkovDmitri (button) (small blind) folded on the River
Seat 6: kaypoker619 (big blind) collected ($35.50)


PokerStars Hand #173981046147:  Hold'em Limit ($3/$6 USD) - 2017/08/06 4:35:59 ET
Table 'La Silla' 6-max Seat #6 is the button
Seat 4: VolkovDmitri ($120 in chips)
Seat 6: kaypoker619 ($125.26 in chips)
kaypoker619: posts small blind $1
VolkovDmitri: posts big blind $3
*** HOLE CARDS ***
kaypoker619: folds
Uncalled bet ($2) returned to VolkovDmitri
VolkovDmitri collected $2 from pot
VolkovDmitri: doesn't show hand
*** SUMMARY ***
Total pot $2 | Rake $0
Seat 4: VolkovDmitri (big blind) collected ($2)
Seat 6: kaypoker619 (button) (small blind) folded before Flop


PokerStars Hand #173981048524:  Hold'em Limit ($3/$6 USD) - 2017/08/06 4:36:06 ET
Table 'La Silla' 6-max Seat #4 is the button
Seat 4: VolkovDmitri ($121 in chips)
Seat 6: kaypoker619 ($124.26 in chips)
VolkovDmitri: posts small blind $1
kaypoker619: posts big blind $3
*** HOLE CARDS ***
VolkovDmitri: raises $3 to $6
kaypoker619: calls $3
*** FLOP *** [Ac 9c Ks]
kaypoker619: checks
VolkovDmitri: bets $3
kaypoker619: raises $3 to $6
VolkovDmitri: folds
Uncalled bet ($3) returned to kaypoker619
kaypoker619 collected $17.64 from pot
*** SUMMARY ***
Total pot $18 | Rake $0.36
Board [Ac 9c Ks]
Seat 4: VolkovDmitri (button) (small blind) folded on the Flop
Seat 6: kaypoker619 (big blind) collected ($17.64)


PokerStars Hand #173981065423:  Hold'em Limit ($3/$6 USD) - 2017/08/06 4:36:58 ET
Table 'La Silla' 6-max Seat #4 is the button
Seat 4: VolkovDmitri ($140.50 in chips)
Seat 6: kaypoker619 ($111.90 in chips)
VolkovDmitri: posts small blind $1
kaypoker619: posts big blind $3
*** HOLE CARDS ***
VolkovDmitri: folds
Uncalled bet ($2) returned to kaypoker619
kaypoker619 collected $2 from pot
*** SUMMARY ***
Total pot $2 | Rake $0
Seat 4: VolkovDmitri (button) (small blind) folded before Flop
Seat 6: kaypoker619 (big blind) collected ($2)


PokerStars Hand #173981057805:  Hold'em Limit ($3/$6 USD) - 2017/08/06 4:36:34 ET
Table 'La Silla' 6-max Seat #6 is the button
Seat 4: VolkovDmitri ($120 in chips)
Seat 6: kaypoker619 ($132.90 in chips)
kaypoker619: posts small blind $1
VolkovDmitri: posts big blind $3
*** HOLE CARDS ***
kaypoker619: calls $2
VolkovDmitri: raises $3 to $6
kaypoker619: calls $3
*** FLOP *** [3h 2s 4h]
VolkovDmitri: bets $3
kaypoker619: calls $3
*** TURN *** [3h 2s 4h] [Td]
VolkovDmitri: bets $6
kaypoker619: calls $6
*** RIVER *** [3h 2s 4h Td] [7c]
VolkovDmitri: checks
kaypoker619: bets $6
VolkovDmitri: calls $6
*** SHOW DOWN ***
kaypoker619: shows [6s Jd] (high card Jack)
VolkovDmitri: shows [Qd Ac] (high card Ace)
VolkovDmitri collected $41.50 from pot
*** SUMMARY ***
Total pot $42 | Rake $0.50
Board [3h 2s 4h Td 7c]
Seat 4: VolkovDmitri (big blind) showed [Qd Ac] and won ($41.50) with high card Ace
Seat 6: kaypoker619 (button) (small blind) showed [6s Jd] and lost with high card Jack


PokerStars Hand #173981067154:  Hold'em Limit ($3/$6 USD) - 2017/08/06 4:37:03 ET
Table 'La Silla' 6-max Seat #6 is the button
Seat 4: VolkovDmitri ($139.50 in chips)
Seat 6: kaypoker619 ($112.90 in chips)
kaypoker619: posts small blind $1
VolkovDmitri: posts big blind $3
*** HOLE CARDS ***
kaypoker619: calls $2
VolkovDmitri: raises $3 to $6
kaypoker619: calls $3
*** FLOP *** [Th Js 6s]
VolkovDmitri: bets $3
kaypoker619: raises $3 to $6
VolkovDmitri: folds
Uncalled bet ($3) returned to kaypoker619
kaypoker619 collected $17.64 from pot
*** SUMMARY ***
Total pot $18 | Rake $0.36
Board [Th Js 6s]
Seat 4: VolkovDmitri (big blind) folded on the Flop
Seat 6: kaypoker619 (button) (small blind) collected ($17.64)


PokerStars Hand #173981076859:  Hold'em Limit ($3/$6 USD) - 2017/08/06 4:37:33 ET
Table 'La Silla' 6-max Seat #4 is the button
Seat 4: VolkovDmitri ($130.50 in chips)
Seat 6: kaypoker619 ($121.54 in chips)
VolkovDmitri: posts small blind $1
kaypoker619: posts big blind $3
*** HOLE CARDS ***
VolkovDmitri: raises $3 to $6
kaypoker619: calls $3
*** FLOP *** [3c Jc 6d]
kaypoker619: checks
VolkovDmitri: bets $3
kaypoker619: raises $3 to $6
VolkovDmitri: calls $3
*** TURN *** [3c Jc 6d] [8h]
kaypoker619: bets $6
VolkovDmitri: raises $6 to $12
kaypoker619: calls $6
*** RIVER *** [3c Jc 6d 8h] [Ad]
kaypoker619: bets $6
VolkovDmitri: calls $6
*** SHOW DOWN ***
kaypoker619: shows [Jh As] (two pair, Aces and Jacks)
VolkovDmitri: mucks hand
kaypoker619 collected $59.50 from pot
*** SUMMARY ***
Total pot $60 | Rake $0.50
Board [3c Jc 6d 8h Ad]
Seat 4: VolkovDmitri (button) (small blind) mucked
Seat 6: kaypoker619 (big blind) showed [Jh As] and won ($59.50) with two pair, Aces and Jacks


PokerStars Hand #173981089596:  Hold'em Limit ($3/$6 USD) - 2017/08/06 4:38:11 ET
Table 'La Silla' 6-max Seat #6 is the button
Seat 4: VolkovDmitri ($120 in chips)
Seat 6: kaypoker619 ($151.04 in chips)
kaypoker619: posts small blind $1
VolkovDmitri: posts big blind $3
*** HOLE CARDS ***
Apanage joins the table at seat #1
kaypoker619: calls $2
VolkovDmitri: checks
*** FLOP *** [6s Kc 2s]
VolkovDmitri: bets $3
kaypoker619: calls $3
*** TURN *** [6s Kc 2s] [5s]
VolkovDmitri: checks
kaypoker619: checks
*** RIVER *** [6s Kc 2s 5s] [8d]
VolkovDmitri: checks
kaypoker619: bets $6
VolkovDmitri: folds
Uncalled bet ($6) returned to kaypoker619
kaypoker619 collected $11.76 from pot
*** SUMMARY ***
Total pot $12 | Rake $0.24
Board [6s Kc 2s 5s 8d]
Seat 4: VolkovDmitri (big blind) folded on the River
Seat 6: kaypoker619 (button) (small blind) collected ($11.76)


PokerStars Hand #173981097295:  Hold'em Limit ($3/$6 USD) - 2017/08/06 4:38:34 ET
Table 'La Silla' 6-max Seat #4 is the button
Seat 4: VolkovDmitri ($120 in chips)
Seat 6: kaypoker619 ($156.80 in chips)
VolkovDmitri: posts small blind $1
kaypoker619: posts big blind $3
*** HOLE CARDS ***
VolkovDmitri: raises $3 to $6
kaypoker619: calls $3
*** FLOP *** [Kd 4d 8d]
kaypoker619: checks
VolkovDmitri: bets $3
kaypoker619: folds
Uncalled bet ($3) returned to VolkovDmitri
VolkovDmitri collected $11.76 from pot
VolkovDmitri: doesn't show hand
*** SUMMARY ***
Total pot $12 | Rake $0.24
Board [Kd 4d 8d]
Seat 4: VolkovDmitri (button) (small blind) collected ($11.76)
Seat 6: kaypoker619 (big blind) folded on the Flop


