PokerStars Hand #159199630845:  Hold'em Limit ($3/$6 USD) - 2016/09/28 8:23:43 ET
Table 'Lacadiera' 10-max Seat #10 is the button
Seat 8: TinaTurner72 ($141.50 in chips)
Seat 10: Pete81 ($38 in chips)
Pete81: posts small blind $1
TinaTurner72: posts big blind $3
*** HOLE CARDS ***
Pete81: raises $3 to $6
TinaTurner72: raises $3 to $9
Pete81: calls $3
*** FLOP *** [2c 6s Qs]
TinaTurner72: bets $3
Pete81: folds
Uncalled bet ($3) returned to TinaTurner72
TinaTurner72 collected $17.64 from pot
TinaTurner72: doesn't show hand
*** SUMMARY ***
Total pot $18 | Rake $0.36
Board [2c 6s Qs]
Seat 8: TinaTurner72 (big blind) collected ($17.64)
Seat 10: Pete81 (button) (small blind) folded on the Flop


PokerStars Hand #159199612341:  Hold'em Limit ($3/$6 USD) - 2016/09/28 8:23:04 ET
Table 'Lacadiera' 10-max Seat #8 is the button
Seat 8: TinaTurner72 ($121 in chips)
Seat 10: Pete81 ($59 in chips)
TinaTurner72: posts small blind $1
Pete81: posts big blind $3
*** HOLE CARDS ***
TinaTurner72: raises $3 to $6
Pete81: calls $3
*** FLOP *** [Kd 7s Tc]
Pete81: checks
TinaTurner72: bets $3
Pete81: calls $3
*** TURN *** [Kd 7s Tc] [6d]
Pete81: checks
TinaTurner72: bets $6
Pete81: raises $6 to $12
TinaTurner72: calls $6
*** RIVER *** [Kd 7s Tc 6d] [Qc]
Pete81: checks
TinaTurner72: checks
*** SHOW DOWN ***
Pete81: shows [9h 6c] (a pair of Sixes)
TinaTurner72: shows [7d 9s] (a pair of Sevens)
TinaTurner72 collected $41.50 from pot
*** SUMMARY ***
Total pot $42 | Rake $0.50
Board [Kd 7s Tc 6d Qc]
Seat 8: TinaTurner72 (button) (small blind) showed [7d 9s] and won ($41.50) with a pair of Sevens
Seat 10: Pete81 (big blind) showed [9h 6c] and lost with a pair of Sixes


PokerStars Hand #159199647828:  Hold'em Limit ($3/$6 USD) - 2016/09/28 8:24:19 ET
Table 'Lacadiera' 10-max Seat #8 is the button
Seat 8: TinaTurner72 ($152.90 in chips)
Seat 10: Pete81 ($26 in chips)
TinaTurner72: posts small blind $1
Pete81: posts big blind $3
*** HOLE CARDS ***
TinaTurner72: raises $3 to $6
Pete81: calls $3
*** FLOP *** [2c 6s 4c]
Pete81: checks
TinaTurner72: bets $3
Pete81: raises $3 to $6
TinaTurner72: calls $3
*** TURN *** [2c 6s 4c] [8c]
Pete81: bets $6
TinaTurner72: raises $6 to $12
Pete81: calls $6
*** RIVER *** [2c 6s 4c 8c] [2h]
Pete81: checks
TinaTurner72: checks
*** SHOW DOWN ***
Pete81: shows [Js 4d] (two pair, Fours and Deuces)
TinaTurner72: mucks hand
Pete81 collected $47.50 from pot
*** SUMMARY ***
Total pot $48 | Rake $0.50
Board [2c 6s 4c 8c 2h]
Seat 8: TinaTurner72 (button) (small blind) mucked
Seat 10: Pete81 (big blind) showed [Js 4d] and won ($47.50) with two pair, Fours and Deuces


PokerStars Hand #159199638472:  Hold'em Limit ($3/$6 USD) - 2016/09/28 8:23:59 ET
Table 'Lacadiera' 10-max Seat #8 is the button
Seat 8: TinaTurner72 ($150.14 in chips)
Seat 10: Pete81 ($29 in chips)
TinaTurner72: posts small blind $1
Pete81: posts big blind $3
*** HOLE CARDS ***
TinaTurner72: raises $3 to $6
Pete81: calls $3
*** FLOP *** [3c Tc Kc]
Pete81: checks
TinaTurner72: bets $3
Pete81: folds
Uncalled bet ($3) returned to TinaTurner72
TinaTurner72 collected $11.76 from pot
TinaTurner72: doesn't show hand
*** SUMMARY ***
Total pot $12 | Rake $0.24
Board [3c Tc Kc]
Seat 8: TinaTurner72 (button) (small blind) collected ($11.76)
Seat 10: Pete81 (big blind) folded on the Flop


PokerStars Hand #159199679107:  Hold'em Limit ($3/$6 USD) - 2016/09/28 8:25:25 ET
Table 'Lacadiera' 10-max Seat #10 is the button
Seat 8: TinaTurner72 ($128.90 in chips)
Seat 10: Pete81 ($49.50 in chips)
Pete81: posts small blind $1
TinaTurner72: posts big blind $3
*** HOLE CARDS ***
Pete81: raises $3 to $6
TinaTurner72: calls $3
*** FLOP *** [9h 5h 9c]
TinaTurner72: checks
Pete81: bets $3
TinaTurner72: folds
Uncalled bet ($3) returned to Pete81
Pete81 collected $11.76 from pot
Pete81: doesn't show hand
*** SUMMARY ***
Total pot $12 | Rake $0.24
Board [9h 5h 9c]
Seat 8: TinaTurner72 (big blind) folded on the Flop
Seat 10: Pete81 (button) (small blind) collected ($11.76)


PokerStars Hand #159199675158:  Hold'em Limit ($3/$6 USD) - 2016/09/28 8:25:16 ET
Table 'Lacadiera' 10-max Seat #8 is the button
Seat 8: TinaTurner72 ($129.90 in chips)
Seat 10: Pete81 ($48.50 in chips)
TinaTurner72: posts small blind $1
Pete81: posts big blind $3
*** HOLE CARDS ***
TinaTurner72: folds
Uncalled bet ($2) returned to Pete81
Pete81 collected $2 from pot
Pete81: doesn't show hand
*** SUMMARY ***
Total pot $2 | Rake $0
Seat 8: TinaTurner72 (button) (small blind) folded before Flop
Seat 10: Pete81 (big blind) collected ($2)


PokerStars Hand #159199664377:  Hold'em Limit ($3/$6 USD) - 2016/09/28 8:24:54 ET
Table 'Lacadiera' 10-max Seat #10 is the button
Seat 8: TinaTurner72 ($128.90 in chips)
Seat 10: Pete81 ($49.50 in chips)
Pete81: posts small blind $1
TinaTurner72: posts big blind $3
*** HOLE CARDS ***
Pete81: folds
Uncalled bet ($2) returned to TinaTurner72
TinaTurner72 collected $2 from pot
TinaTurner72: doesn't show hand
*** SUMMARY ***
Total pot $2 | Rake $0
Seat 8: TinaTurner72 (big blind) collected ($2)
Seat 10: Pete81 (button) (small blind) folded before Flop


PokerStars Hand #159199703394:  Hold'em Limit ($3/$6 USD) - 2016/09/28 8:26:17 ET
Table 'Lacadiera' 10-max Seat #8 is the button
Seat 8: TinaTurner72 ($122.90 in chips)
Seat 10: Pete81 ($55.26 in chips)
TinaTurner72: posts small blind $1
Pete81: posts big blind $3
*** HOLE CARDS ***
TinaTurner72: raises $3 to $6
Pete81: folds
Uncalled bet ($3) returned to TinaTurner72
TinaTurner72 collected $6 from pot
TinaTurner72: doesn't show hand
*** SUMMARY ***
Total pot $6 | Rake $0
Seat 8: TinaTurner72 (button) (small blind) collected ($6)
Seat 10: Pete81 (big blind) folded before Flop


PokerStars Hand #159199699653:  Hold'em Limit ($3/$6 USD) - 2016/09/28 8:26:08 ET
Table 'Lacadiera' 10-max Seat #10 is the button
Seat 8: TinaTurner72 ($125.90 in chips)
Seat 10: Pete81 ($52.26 in chips)
Pete81: posts small blind $1
TinaTurner72: posts big blind $3
*** HOLE CARDS ***
Pete81: raises $3 to $6
ABATAPP joins the table at seat #1
TinaTurner72: folds
Uncalled bet ($3) returned to Pete81
Pete81 collected $6 from pot
Pete81: doesn't show hand
*** SUMMARY ***
Total pot $6 | Rake $0
Seat 8: TinaTurner72 (big blind) folded before Flop
Seat 10: Pete81 (button) (small blind) collected ($6)


PokerStars Hand #159199695182:  Hold'em Limit ($3/$6 USD) - 2016/09/28 8:25:59 ET
Table 'Lacadiera' 10-max Seat #8 is the button
Seat 8: TinaTurner72 ($122.90 in chips)
Seat 10: Pete81 ($55.26 in chips)
TinaTurner72: posts small blind $1
Pete81: posts big blind $3
*** HOLE CARDS ***
TinaTurner72: raises $3 to $6
Pete81: folds
Uncalled bet ($3) returned to TinaTurner72
TinaTurner72 collected $6 from pot
TinaTurner72: doesn't show hand
*** SUMMARY ***
Total pot $6 | Rake $0
Seat 8: TinaTurner72 (button) (small blind) collected ($6)
Seat 10: Pete81 (big blind) folded before Flop


PokerStars Hand #159199741562:  Hold'em Limit ($3/$6 USD) - 2016/09/28 8:27:37 ET
Table 'Lacadiera' 10-max Seat #10 is the button
Seat 8: TinaTurner72 ($159.74 in chips)
Seat 10: Pete81 ($54.73 in chips)
Pete81: posts small blind $1
ABATAPP: is sitting out
TinaTurner72: posts big blind $3
*** HOLE CARDS ***
Pete81: raises $3 to $6
TinaTurner72: calls $3
*** FLOP *** [Ac 4d Qh]
TinaTurner72: checks
Pete81: bets $3
TinaTurner72: folds
Uncalled bet ($3) returned to Pete81
Pete81 collected $11.76 from pot
Pete81: doesn't show hand
*** SUMMARY ***
Total pot $12 | Rake $0.24
Board [Ac 4d Qh]
Seat 8: TinaTurner72 (big blind) folded on the Flop
Seat 10: Pete81 (button) (small blind) collected ($11.76)


PokerStars Hand #159199764496:  Hold'em Limit ($3/$6 USD) - 2016/09/28 8:28:25 ET
Table 'Lacadiera' 10-max Seat #8 is the button
Seat 8: TinaTurner72 ($153.74 in chips)
Seat 10: Pete81 ($60.49 in chips)
TinaTurner72: posts small blind $1
Pete81: posts big blind $3
*** HOLE CARDS ***
TinaTurner72: raises $3 to $6
Pete81: calls $3
*** FLOP *** [9s 8h 4h]
Pete81: checks
TinaTurner72: bets $3
Pete81: raises $3 to $6
TinaTurner72: raises $3 to $9
Pete81: calls $3
*** TURN *** [9s 8h 4h] [Js]
Pete81: checks
TinaTurner72: bets $6
Pete81: folds
Uncalled bet ($6) returned to TinaTurner72
TinaTurner72 collected $29.50 from pot
TinaTurner72: doesn't show hand
*** SUMMARY ***
Total pot $30 | Rake $0.50
Board [9s 8h 4h Js]
Seat 8: TinaTurner72 (button) (small blind) collected ($29.50)
Seat 10: Pete81 (big blind) folded on the Turn


PokerStars Hand #159199886662:  Hold'em Limit ($3/$6 USD) - 2016/09/28 8:32:40 ET
Table 'Lacadiera' 10-max Seat #1 is the button
Seat 1: ABATAPP ($76.94 in chips)
Seat 10: Pete81 ($50.21 in chips)
ABATAPP: posts small blind $1
TinaTurner72: is sitting out
Pete81: posts big blind $3
*** HOLE CARDS ***
ABATAPP: raises $3 to $6
TinaTurner72 leaves the table
Pete81: calls $3
*** FLOP *** [3d Qs 6c]
Pete81: checks
ABATAPP: bets $3
Pete81: folds
Uncalled bet ($3) returned to ABATAPP
ABATAPP collected $11.76 from pot
ABATAPP: doesn't show hand
*** SUMMARY ***
Total pot $12 | Rake $0.24
Board [3d Qs 6c]
Seat 1: ABATAPP (button) (small blind) collected ($11.76)
Seat 10: Pete81 (big blind) folded on the Flop


PokerStars Hand #159199896638:  Hold'em Limit ($3/$6 USD) - 2016/09/28 8:33:00 ET
Table 'Lacadiera' 10-max Seat #10 is the button
Seat 1: ABATAPP ($82.70 in chips)
Seat 10: Pete81 ($44.21 in chips)
Pete81: posts small blind $1
ABATAPP: posts big blind $3
*** HOLE CARDS ***
Pete81: raises $3 to $6
ABATAPP: calls $3
*** FLOP *** [6h Ks Kh]
ABATAPP: checks
Pete81: bets $3
ABATAPP: folds
Uncalled bet ($3) returned to Pete81
Pete81 collected $11.76 from pot
Pete81: doesn't show hand
*** SUMMARY ***
Total pot $12 | Rake $0.24
Board [6h Ks Kh]
Seat 1: ABATAPP (big blind) folded on the Flop
Seat 10: Pete81 (button) (small blind) collected ($11.76)


PokerStars Hand #159199918104:  Hold'em Limit ($3/$6 USD) - 2016/09/28 8:33:45 ET
Table 'Lacadiera' 10-max Seat #10 is the button
Seat 1: ABATAPP ($100.20 in chips)
Seat 10: Pete81 ($25.97 in chips)
Pete81: posts small blind $1
ABATAPP: posts big blind $3
*** HOLE CARDS ***
Pete81: folds
Uncalled bet ($2) returned to ABATAPP
ABATAPP collected $2 from pot
ABATAPP: doesn't show hand
*** SUMMARY ***
Total pot $2 | Rake $0
Seat 1: ABATAPP (big blind) collected ($2)
Seat 10: Pete81 (button) (small blind) folded before Flop


PokerStars Hand #159199907827:  Hold'em Limit ($3/$6 USD) - 2016/09/28 8:33:23 ET
Table 'Lacadiera' 10-max Seat #1 is the button
Seat 1: ABATAPP ($76.70 in chips)
Seat 10: Pete81 ($49.97 in chips)
ABATAPP: posts small blind $1
Pete81: posts big blind $3
*** HOLE CARDS ***
ABATAPP: raises $3 to $6
Pete81: calls $3
*** FLOP *** [5d 9d 2d]
Pete81: checks
ABATAPP: bets $3
Pete81: raises $3 to $6
ABATAPP: calls $3
*** TURN *** [5d 9d 2d] [Qh]
Pete81: bets $6
ABATAPP: calls $6
*** RIVER *** [5d 9d 2d Qh] [6s]
Pete81: bets $6
ABATAPP: calls $6
*** SHOW DOWN ***
Pete81: shows [6c 8d] (a pair of Sixes)
ABATAPP: shows [9c Qc] (two pair, Queens and Nines)
ABATAPP collected $47.50 from pot
*** SUMMARY ***
Total pot $48 | Rake $0.50
Board [5d 9d 2d Qh 6s]
Seat 1: ABATAPP (button) (small blind) showed [9c Qc] and won ($47.50) with two pair, Queens and Nines
Seat 10: Pete81 (big blind) showed [6c 8d] and lost with a pair of Sixes


PokerStars Hand #159199923216:  Hold'em Limit ($3/$6 USD) - 2016/09/28 8:33:55 ET
Table 'Lacadiera' 10-max Seat #10 is the button
Seat 1: ABATAPP ($100.20 in chips)
Seat 10: Pete81 ($25.97 in chips)
Pete81: posts small blind $1
ABATAPP: posts big blind $3
*** HOLE CARDS ***
Pete81: folds
Uncalled bet ($2) returned to ABATAPP
ABATAPP collected $2 from pot
ABATAPP: doesn't show hand
*** SUMMARY ***
Total pot $2 | Rake $0
Seat 1: ABATAPP (big blind) collected ($2)
Seat 10: Pete81 (button) (small blind) folded before Flop


PokerStars Hand #159199920488:  Hold'em Limit ($3/$6 USD) - 2016/09/28 8:33:49 ET
Table 'Lacadiera' 10-max Seat #1 is the button
Seat 1: ABATAPP ($101.20 in chips)
Seat 10: Pete81 ($24.97 in chips)
ABATAPP: posts small blind $1
Pete81: posts big blind $3
*** HOLE CARDS ***
ABATAPP: folds
Uncalled bet ($2) returned to Pete81
Pete81 collected $2 from pot
Pete81: doesn't show hand
*** SUMMARY ***
Total pot $2 | Rake $0
Seat 1: ABATAPP (button) (small blind) folded before Flop
Seat 10: Pete81 (big blind) collected ($2)


PokerStars Hand #159199925909:  Hold'em Limit ($3/$6 USD) - 2016/09/28 8:34:00 ET
Table 'Lacadiera' 10-max Seat #1 is the button
Seat 1: ABATAPP ($101.20 in chips)
Seat 10: Pete81 ($24.97 in chips)
ABATAPP: posts small blind $1
Pete81: posts big blind $3
*** HOLE CARDS ***
ABATAPP: calls $2
Pete81: raises $3 to $6
ABATAPP: calls $3
*** FLOP *** [8h 6h 3h]
Pete81: bets $3
ABATAPP: calls $3
*** TURN *** [8h 6h 3h] [Td]
Pete81: bets $6
ABATAPP: raises $6 to $12
Pete81: raises $3.97 to $15.97 and is all-in
ABATAPP: calls $3.97
*** RIVER *** [8h 6h 3h Td] [As]
*** SHOW DOWN ***
Pete81: shows [Kh 6c] (a pair of Sixes)
ABATAPP: shows [6d 7h] (a pair of Sixes - lower kicker)
Pete81 collected $49.44 from pot
*** SUMMARY ***
Total pot $49.94 | Rake $0.50
Board [8h 6h 3h Td As]
Seat 1: ABATAPP (button) (small blind) showed [6d 7h] and lost with a pair of Sixes
Seat 10: Pete81 (big blind) showed [Kh 6c] and won ($49.44) with a pair of Sixes


PokerStars Hand #159199936465:  Hold'em Limit ($3/$6 USD) - 2016/09/28 8:34:22 ET
Table 'Lacadiera' 10-max Seat #10 is the button
Seat 1: ABATAPP ($76.23 in chips)
Seat 10: Pete81 ($49.44 in chips)
Pete81: posts small blind $1
ABATAPP: posts big blind $3
*** HOLE CARDS ***
Pete81: raises $3 to $6
ABATAPP: raises $3 to $9
Pete81: calls $3
*** FLOP *** [Qd 6d Ks]
ABATAPP: bets $3
Pete81: raises $3 to $6
ABATAPP: calls $3
*** TURN *** [Qd 6d Ks] [4h]
ABATAPP: checks
Pete81: bets $6
ABATAPP: calls $6
*** RIVER *** [Qd 6d Ks 4h] [Qc]
ABATAPP: checks
Pete81: checks
*** SHOW DOWN ***
ABATAPP: shows [Qh Jh] (three of a kind, Queens)
Pete81: mucks hand
ABATAPP collected $41.50 from pot
*** SUMMARY ***
Total pot $42 | Rake $0.50
Board [Qd 6d Ks 4h Qc]
Seat 1: ABATAPP (big blind) showed [Qh Jh] and won ($41.50) with three of a kind, Queens
Seat 10: Pete81 (button) (small blind) mucked


PokerStars Hand #159199948380:  Hold'em Limit ($3/$6 USD) - 2016/09/28 8:34:46 ET
Table 'Lacadiera' 10-max Seat #1 is the button
Seat 1: ABATAPP ($96.73 in chips)
Seat 10: Pete81 ($28.44 in chips)
ABATAPP: posts small blind $1
Pete81: posts big blind $3
*** HOLE CARDS ***
ABATAPP: raises $3 to $6
Pete81: folds
Uncalled bet ($3) returned to ABATAPP
ABATAPP collected $6 from pot
ABATAPP: doesn't show hand
*** SUMMARY ***
Total pot $6 | Rake $0
Seat 1: ABATAPP (button) (small blind) collected ($6)
Seat 10: Pete81 (big blind) folded before Flop


PokerStars Hand #159199951371:  Hold'em Limit ($3/$6 USD) - 2016/09/28 8:34:53 ET
Table 'Lacadiera' 10-max Seat #10 is the button
Seat 1: ABATAPP ($99.73 in chips)
Seat 10: Pete81 ($25.44 in chips)
Pete81: posts small blind $1
ABATAPP: posts big blind $3
*** HOLE CARDS ***
Pete81: raises $3 to $6
ABATAPP: calls $3
*** FLOP *** [Jh 7s 8d]
ABATAPP: checks
Pete81: checks
*** TURN *** [Jh 7s 8d] [Ts]
ABATAPP: bets $6
Pete81: folds
Uncalled bet ($6) returned to ABATAPP
ABATAPP collected $11.76 from pot
ABATAPP: doesn't show hand
*** SUMMARY ***
Total pot $12 | Rake $0.24
Board [Jh 7s 8d Ts]
Seat 1: ABATAPP (big blind) collected ($11.76)
Seat 10: Pete81 (button) (small blind) folded on the Turn


PokerStars Hand #159199958641:  Hold'em Limit ($3/$6 USD) - 2016/09/28 8:35:08 ET
Table 'Lacadiera' 10-max Seat #1 is the button
Seat 1: ABATAPP ($105.49 in chips)
Seat 10: Pete81 ($19.44 in chips)
ABATAPP: posts small blind $1
Pete81: posts big blind $3
*** HOLE CARDS ***
ABATAPP: folds
Uncalled bet ($2) returned to Pete81
Pete81 collected $2 from pot
Pete81: doesn't show hand
*** SUMMARY ***
Total pot $2 | Rake $0
Seat 1: ABATAPP (button) (small blind) folded before Flop
Seat 10: Pete81 (big blind) collected ($2)


PokerStars Hand #159199960901:  Hold'em Limit ($3/$6 USD) - 2016/09/28 8:35:12 ET
Table 'Lacadiera' 10-max Seat #10 is the button
Seat 1: ABATAPP ($104.49 in chips)
Seat 10: Pete81 ($20.44 in chips)
Pete81: posts small blind $1
ABATAPP: posts big blind $3
*** HOLE CARDS ***
Pete81: raises $3 to $6
ABATAPP: raises $3 to $9
Pete81: raises $3 to $12
Betting is capped
ABATAPP: calls $3
*** FLOP *** [6s 9h Jc]
ABATAPP: bets $3
Pete81: raises $3 to $6
ABATAPP: raises $3 to $9
Pete81: calls $2.44 and is all-in
Uncalled bet ($0.56) returned to ABATAPP
*** TURN *** [6s 9h Jc] [4c]
*** RIVER *** [6s 9h Jc 4c] [2c]
*** SHOW DOWN ***
ABATAPP: shows [Qh Qc] (a pair of Queens)
Pete81: shows [7h As] (high card Ace)
ABATAPP collected $40.38 from pot
Pete81 leaves the table
*** SUMMARY ***
Total pot $40.88 | Rake $0.50
Board [6s 9h Jc 4c 2c]
Seat 1: ABATAPP (big blind) showed [Qh Qc] and won ($40.38) with a pair of Queens
Seat 10: Pete81 (button) (small blind) showed [7h As] and lost with high card Ace


