PokerStars Hand #167234246023:  Hold'em Limit ($3/$6 USD) - 2017/03/07 3:02:18 ET
Table 'Lacerta II' 10-max Seat #10 is the button
Seat 1: megabaitt ($116 in chips)
Seat 10: MTails ($124 in chips)
MTails: posts small blind $1
megabaitt: posts big blind $3
*** HOLE CARDS ***
MTails: raises $3 to $6
megabaitt: folds
Uncalled bet ($3) returned to MTails
MTails collected $6 from pot
*** SUMMARY ***
Total pot $6 | Rake $0
Seat 1: megabaitt (big blind) folded before Flop
Seat 10: MTails (button) (small blind) collected ($6)


PokerStars Hand #167234244348:  Hold'em Limit ($3/$6 USD) - 2017/03/07 3:02:13 ET
Table 'Lacerta II' 10-max Seat #1 is the button
Seat 1: megabaitt ($117 in chips)
Seat 10: MTails ($123 in chips)
megabaitt: posts small blind $1
MTails: posts big blind $3
*** HOLE CARDS ***
megabaitt: folds
Uncalled bet ($2) returned to MTails
MTails collected $2 from pot
*** SUMMARY ***
Total pot $2 | Rake $0
Seat 1: megabaitt (button) (small blind) folded before Flop
Seat 10: MTails (big blind) collected ($2)


PokerStars Hand #167234240363:  Hold'em Limit ($3/$6 USD) - 2017/03/07 3:01:58 ET
Table 'Lacerta II' 10-max Seat #10 is the button
Seat 1: megabaitt ($120 in chips)
Seat 10: MTails ($120 in chips)
MTails: posts small blind $1
megabaitt: posts big blind $3
*** HOLE CARDS ***
MTails: raises $3 to $6
megabaitt: folds
Uncalled bet ($3) returned to MTails
MTails collected $6 from pot
*** SUMMARY ***
Total pot $6 | Rake $0
Seat 1: megabaitt (big blind) folded before Flop
Seat 10: MTails (button) (small blind) collected ($6)


PokerStars Hand #167234260928:  Hold'em Limit ($3/$6 USD) - 2017/03/07 3:03:11 ET
Table 'Lacerta II' 10-max Seat #1 is the button
Seat 1: megabaitt ($109.52 in chips)
Seat 10: MTails ($129.50 in chips)
megabaitt: posts small blind $1
MTails: posts big blind $3
*** HOLE CARDS ***
megabaitt: folds
Uncalled bet ($2) returned to MTails
MTails collected $2 from pot
MTails: doesn't show hand
*** SUMMARY ***
Total pot $2 | Rake $0
Seat 1: megabaitt (button) (small blind) folded before Flop
Seat 10: MTails (big blind) collected ($2)


PokerStars Hand #167234256139:  Hold'em Limit ($3/$6 USD) - 2017/03/07 3:02:54 ET
Table 'Lacerta II' 10-max Seat #10 is the button
Seat 1: megabaitt ($98 in chips)
Seat 10: MTails ($141.50 in chips)
MTails: posts small blind $1
megabaitt: posts big blind $3
*** HOLE CARDS ***
MTails: raises $3 to $6
megabaitt: calls $3
*** FLOP *** [Ah 7c 3h]
megabaitt: bets $3
MTails: raises $3 to $6
megabaitt: raises $3 to $9
MTails: folds
Uncalled bet ($3) returned to megabaitt
megabaitt collected $23.52 from pot
megabaitt: doesn't show hand
*** SUMMARY ***
Total pot $24 | Rake $0.48
Board [Ah 7c 3h]
Seat 1: megabaitt (big blind) collected ($23.52)
Seat 10: MTails (button) (small blind) folded on the Flop


PokerStars Hand #167234249280:  Hold'em Limit ($3/$6 USD) - 2017/03/07 3:02:30 ET
Table 'Lacerta II' 10-max Seat #1 is the button
Seat 1: megabaitt ($113 in chips)
Seat 10: MTails ($127 in chips)
megabaitt: posts small blind $1
MTails: posts big blind $3
*** HOLE CARDS ***
megabaitt: raises $3 to $6
MTails: calls $3
*** FLOP *** [3d 4h 9d]
MTails: checks
megabaitt: bets $3
MTails: calls $3
*** TURN *** [3d 4h 9d] [7s]
MTails: checks
megabaitt: bets $6
MTails: calls $6
*** RIVER *** [3d 4h 9d 7s] [3h]
MTails: checks
megabaitt: checks
*** SHOW DOWN ***
MTails: shows [Qh Kc] (a pair of Threes)
megabaitt: mucks hand
MTails collected $29.50 from pot
*** SUMMARY ***
Total pot $30 | Rake $0.50
Board [3d 4h 9d 7s 3h]
Seat 1: megabaitt (button) (small blind) mucked
Seat 10: MTails (big blind) showed [Qh Kc] and won ($29.50) with a pair of Threes


PokerStars Hand #167234277523:  Hold'em Limit ($3/$6 USD) - 2017/03/07 3:04:08 ET
Table 'Lacerta II' 10-max Seat #10 is the button
Seat 1: megabaitt ($108.02 in chips)
Seat 10: MTails ($130 in chips)
MTails: posts small blind $1
megabaitt: posts big blind $3
*** HOLE CARDS ***
MTails: raises $3 to $6
megabaitt: calls $3
*** FLOP *** [8h Ts Jd]
megabaitt: checks
MTails: bets $3
megabaitt: calls $3
*** TURN *** [8h Ts Jd] [Qh]
megabaitt: checks
MTails: bets $6
megabaitt: raises $6 to $12
MTails: calls $6
*** RIVER *** [8h Ts Jd Qh] [6c]
megabaitt: bets $6
MTails: folds
Uncalled bet ($6) returned to megabaitt
megabaitt collected $41.50 from pot
megabaitt: doesn't show hand
*** SUMMARY ***
Total pot $42 | Rake $0.50
Board [8h Ts Jd Qh 6c]
Seat 1: megabaitt (big blind) collected ($41.50)
Seat 10: MTails (button) (small blind) folded on the River


PokerStars Hand #167234270632:  Hold'em Limit ($3/$6 USD) - 2017/03/07 3:03:44 ET
Table 'Lacerta II' 10-max Seat #1 is the button
Seat 1: megabaitt ($87.52 in chips)
Seat 10: MTails ($151 in chips)
megabaitt: posts small blind $1
MTails: posts big blind $3
*** HOLE CARDS ***
megabaitt: raises $3 to $6
MTails: calls $3
*** FLOP *** [9h 7h 8d]
MTails: checks
megabaitt: bets $3
MTails: calls $3
*** TURN *** [9h 7h 8d] [9d]
MTails: checks
megabaitt: bets $6
MTails: calls $6
*** RIVER *** [9h 7h 8d 9d] [2c]
MTails: checks
megabaitt: bets $6
MTails: calls $6
*** SHOW DOWN ***
megabaitt: shows [Qd 8h] (two pair, Nines and Eights)
MTails: mucks hand
megabaitt collected $41.50 from pot
*** SUMMARY ***
Total pot $42 | Rake $0.50
Board [9h 7h 8d 9d 2c]
Seat 1: megabaitt (button) (small blind) showed [Qd 8h] and won ($41.50) with two pair, Nines and Eights
Seat 10: MTails (big blind) mucked


PokerStars Hand #167234262465:  Hold'em Limit ($3/$6 USD) - 2017/03/07 3:03:16 ET
Table 'Lacerta II' 10-max Seat #10 is the button
Seat 1: megabaitt ($108.52 in chips)
Seat 10: MTails ($130.50 in chips)
MTails: posts small blind $1
megabaitt: posts big blind $3
*** HOLE CARDS ***
MTails: raises $3 to $6
megabaitt: calls $3
*** FLOP *** [7s Ks Jc]
megabaitt: checks
MTails: bets $3
megabaitt: calls $3
*** TURN *** [7s Ks Jc] [Jh]
megabaitt: checks
MTails: bets $6
megabaitt: calls $6
*** RIVER *** [7s Ks Jc Jh] [2c]
megabaitt: checks
MTails: bets $6
megabaitt: calls $6
*** SHOW DOWN ***
MTails: shows [Js Tc] (three of a kind, Jacks)
megabaitt: mucks hand
MTails collected $41.50 from pot
*** SUMMARY ***
Total pot $42 | Rake $0.50
Board [7s Ks Jc Jh 2c]
Seat 1: megabaitt (big blind) mucked
Seat 10: MTails (button) (small blind) showed [Js Tc] and won ($41.50) with three of a kind, Jacks


PokerStars Hand #167234301974:  Hold'em Limit ($3/$6 USD) - 2017/03/07 3:05:32 ET
Table 'Lacerta II' 10-max Seat #1 is the button
Seat 1: megabaitt ($126.02 in chips)
Seat 10: MTails ($110.50 in chips)
megabaitt: posts small blind $1
MTails: posts big blind $3
*** HOLE CARDS ***
megabaitt: folds
Uncalled bet ($2) returned to MTails
MTails collected $2 from pot
*** SUMMARY ***
Total pot $2 | Rake $0
Seat 1: megabaitt (button) (small blind) folded before Flop
Seat 10: MTails (big blind) collected ($2)


PokerStars Hand #167234295462:  Hold'em Limit ($3/$6 USD) - 2017/03/07 3:05:10 ET
Table 'Lacerta II' 10-max Seat #10 is the button
Seat 1: megabaitt ($141.02 in chips)
Seat 10: MTails ($96 in chips)
MTails: posts small blind $1
megabaitt: posts big blind $3
*** HOLE CARDS ***
MTails: raises $3 to $6
megabaitt: calls $3
*** FLOP *** [4h Kh 3d]
megabaitt: checks
MTails: bets $3
megabaitt: calls $3
*** TURN *** [4h Kh 3d] [6c]
megabaitt: checks
MTails: bets $6
megabaitt: calls $6
*** RIVER *** [4h Kh 3d 6c] [9s]
megabaitt: checks
MTails: checks
*** SHOW DOWN ***
megabaitt: shows [Ac Jc] (high card Ace)
MTails: shows [8s 4d] (a pair of Fours)
MTails collected $29.50 from pot
*** SUMMARY ***
Total pot $30 | Rake $0.50
Board [4h Kh 3d 6c 9s]
Seat 1: megabaitt (big blind) showed [Ac Jc] and lost with high card Ace
Seat 10: MTails (button) (small blind) showed [8s 4d] and won ($29.50) with a pair of Fours


PokerStars Hand #167234293808:  Hold'em Limit ($3/$6 USD) - 2017/03/07 3:05:04 ET
Table 'Lacerta II' 10-max Seat #1 is the button
Seat 1: megabaitt ($142.02 in chips)
Seat 10: MTails ($95 in chips)
megabaitt: posts small blind $1
MTails: posts big blind $3
*** HOLE CARDS ***
megabaitt: folds
Uncalled bet ($2) returned to MTails
MTails collected $2 from pot
MTails: doesn't show hand
*** SUMMARY ***
Total pot $2 | Rake $0
Seat 1: megabaitt (button) (small blind) folded before Flop
Seat 10: MTails (big blind) collected ($2)


PokerStars Hand #167234286787:  Hold'em Limit ($3/$6 USD) - 2017/03/07 3:04:40 ET
Table 'Lacerta II' 10-max Seat #10 is the button
Seat 1: megabaitt ($127.52 in chips)
Seat 10: MTails ($110 in chips)
MTails: posts small blind $1
megabaitt: posts big blind $3
*** HOLE CARDS ***
MTails: raises $3 to $6
megabaitt: calls $3
*** FLOP *** [6d 2c 6c]
megabaitt: checks
MTails: bets $3
megabaitt: calls $3
*** TURN *** [6d 2c 6c] [6h]
megabaitt: checks
MTails: bets $6
megabaitt: calls $6
*** RIVER *** [6d 2c 6c 6h] [7d]
megabaitt: checks
MTails: checks
*** SHOW DOWN ***
megabaitt: shows [Ac 4d] (three of a kind, Sixes)
MTails: mucks hand
megabaitt collected $29.50 from pot
*** SUMMARY ***
Total pot $30 | Rake $0.50
Board [6d 2c 6c 6h 7d]
Seat 1: megabaitt (big blind) showed [Ac 4d] and won ($29.50) with three of a kind, Sixes
Seat 10: MTails (button) (small blind) mucked


PokerStars Hand #167234285138:  Hold'em Limit ($3/$6 USD) - 2017/03/07 3:04:34 ET
Table 'Lacerta II' 10-max Seat #1 is the button
Seat 1: megabaitt ($128.52 in chips)
Seat 10: MTails ($109 in chips)
megabaitt: posts small blind $1
MTails: posts big blind $3
*** HOLE CARDS ***
megabaitt: folds
Uncalled bet ($2) returned to MTails
MTails collected $2 from pot
MTails: doesn't show hand
*** SUMMARY ***
Total pot $2 | Rake $0
Seat 1: megabaitt (button) (small blind) folded before Flop
Seat 10: MTails (big blind) collected ($2)


PokerStars Hand #167234305796:  Hold'em Limit ($3/$6 USD) - 2017/03/07 3:05:45 ET
Table 'Lacerta II' 10-max Seat #1 is the button
Seat 1: megabaitt ($122.02 in chips)
Seat 10: MTails ($114.50 in chips)
megabaitt: posts small blind $1
MTails: posts big blind $3
*** HOLE CARDS ***
megabaitt: raises $3 to $6
MTails: raises $3 to $9
megabaitt: raises $3 to $12
Betting is capped
MTails: calls $3
*** FLOP *** [5s 5h Ts]
MTails: checks
megabaitt: bets $3
MTails: calls $3
*** TURN *** [5s 5h Ts] [7c]
MTails: checks
megabaitt: bets $6
MTails: calls $6
*** RIVER *** [5s 5h Ts 7c] [9c]
MTails: bets $6
megabaitt: calls $6
*** SHOW DOWN ***
MTails: shows [6h 9d] (two pair, Nines and Fives)
megabaitt: mucks hand
MTails collected $53.50 from pot
*** SUMMARY ***
Total pot $54 | Rake $0.50
Board [5s 5h Ts 7c 9c]
Seat 1: megabaitt (button) (small blind) mucked
Seat 10: MTails (big blind) showed [6h 9d] and won ($53.50) with two pair, Nines and Fives


PokerStars Hand #167234303627:  Hold'em Limit ($3/$6 USD) - 2017/03/07 3:05:38 ET
Table 'Lacerta II' 10-max Seat #10 is the button
Seat 1: megabaitt ($125.02 in chips)
Seat 10: MTails ($111.50 in chips)
MTails: posts small blind $1
megabaitt: posts big blind $3
*** HOLE CARDS ***
MTails: raises $3 to $6
megabaitt: folds
Uncalled bet ($3) returned to MTails
MTails collected $6 from pot
*** SUMMARY ***
Total pot $6 | Rake $0
Seat 1: megabaitt (big blind) folded before Flop
Seat 10: MTails (button) (small blind) collected ($6)


PokerStars Hand #167234330562:  Hold'em Limit ($3/$6 USD) - 2017/03/07 3:07:10 ET
Table 'Lacerta II' 10-max Seat #1 is the button
Seat 1: megabaitt ($106.52 in chips)
Seat 10: MTails ($128.40 in chips)
megabaitt: posts small blind $1
MTails: posts big blind $3
*** HOLE CARDS ***
megabaitt: folds
Uncalled bet ($2) returned to MTails
MTails collected $2 from pot
MTails: doesn't show hand
*** SUMMARY ***
Total pot $2 | Rake $0
Seat 1: megabaitt (button) (small blind) folded before Flop
Seat 10: MTails (big blind) collected ($2)


PokerStars Hand #167234326553:  Hold'em Limit ($3/$6 USD) - 2017/03/07 3:06:56 ET
Table 'Lacerta II' 10-max Seat #10 is the button
Seat 1: megabaitt ($112.52 in chips)
Seat 10: MTails ($122.64 in chips)
MTails: posts small blind $1
megabaitt: posts big blind $3
*** HOLE CARDS ***
MTails: raises $3 to $6
megabaitt: calls $3
*** FLOP *** [4s 7d Kd]
megabaitt: checks
MTails: bets $3
megabaitt: folds
Uncalled bet ($3) returned to MTails
MTails collected $11.76 from pot
*** SUMMARY ***
Total pot $12 | Rake $0.24
Board [4s 7d Kd]
Seat 1: megabaitt (big blind) folded on the Flop
Seat 10: MTails (button) (small blind) collected ($11.76)


PokerStars Hand #167234321368:  Hold'em Limit ($3/$6 USD) - 2017/03/07 3:06:39 ET
Table 'Lacerta II' 10-max Seat #1 is the button
Seat 1: megabaitt ($121.52 in chips)
Seat 10: MTails ($114 in chips)
megabaitt: posts small blind $1
MTails: posts big blind $3
*** HOLE CARDS ***
megabaitt: calls $2
MTails: raises $3 to $6
megabaitt: calls $3
*** FLOP *** [8h 5h Qc]
MTails: bets $3
megabaitt: calls $3
*** TURN *** [8h 5h Qc] [3h]
MTails: bets $6
megabaitt: folds
Uncalled bet ($6) returned to MTails
MTails collected $17.64 from pot
*** SUMMARY ***
Total pot $18 | Rake $0.36
Board [8h 5h Qc 3h]
Seat 1: megabaitt (button) (small blind) folded on the Turn
Seat 10: MTails (big blind) collected ($17.64)


PokerStars Hand #167234314410:  Hold'em Limit ($3/$6 USD) - 2017/03/07 3:06:15 ET
Table 'Lacerta II' 10-max Seat #10 is the button
Seat 1: megabaitt ($95.02 in chips)
Seat 10: MTails ($141 in chips)
MTails: posts small blind $1
megabaitt: posts big blind $3
*** HOLE CARDS ***
MTails: raises $3 to $6
megabaitt: calls $3
*** FLOP *** [Tc 3c Th]
megabaitt: bets $3
MTails: raises $3 to $6
megabaitt: raises $3 to $9
MTails: calls $3
*** TURN *** [Tc 3c Th] [Td]
megabaitt: bets $6
MTails: calls $6
*** RIVER *** [Tc 3c Th Td] [7h]
megabaitt: bets $6
MTails: calls $6
*** SHOW DOWN ***
megabaitt: shows [Jd 7s] (a full house, Tens full of Sevens)
MTails: mucks hand
megabaitt collected $53.50 from pot
*** SUMMARY ***
Total pot $54 | Rake $0.50
Board [Tc 3c Th Td 7h]
Seat 1: megabaitt (big blind) showed [Jd 7s] and won ($53.50) with a full house, Tens full of Sevens
Seat 10: MTails (button) (small blind) mucked


PokerStars Hand #167234348197:  Hold'em Limit ($3/$6 USD) - 2017/03/07 3:08:10 ET
Table 'Lacerta II' 10-max Seat #10 is the button
Seat 1: megabaitt ($129.02 in chips)
Seat 10: MTails ($104.90 in chips)
MTails: posts small blind $1
megabaitt: posts big blind $3
*** HOLE CARDS ***
MTails: folds
Uncalled bet ($2) returned to megabaitt
megabaitt collected $2 from pot
megabaitt: doesn't show hand
*** SUMMARY ***
Total pot $2 | Rake $0
Seat 1: megabaitt (big blind) collected ($2)
Seat 10: MTails (button) (small blind) folded before Flop


PokerStars Hand #167234339066:  Hold'em Limit ($3/$6 USD) - 2017/03/07 3:07:39 ET
Table 'Lacerta II' 10-max Seat #1 is the button
Seat 1: megabaitt ($90.52 in chips)
Seat 10: MTails ($143.90 in chips)
megabaitt: posts small blind $1
MTails: posts big blind $3
*** HOLE CARDS ***
megabaitt: raises $3 to $6
MTails: calls $3
*** FLOP *** [8h 9c 6h]
MTails: checks
megabaitt: bets $3
MTails: calls $3
*** TURN *** [8h 9c 6h] [Qd]
MTails: checks
megabaitt: bets $6
MTails: raises $6 to $12
megabaitt: raises $6 to $18
MTails: raises $6 to $24
Betting is capped
megabaitt: calls $6
*** RIVER *** [8h 9c 6h Qd] [9s]
MTails: bets $6
megabaitt: raises $6 to $12
MTails: folds
Uncalled bet ($6) returned to megabaitt
megabaitt collected $77.50 from pot
megabaitt: doesn't show hand
*** SUMMARY ***
Total pot $78 | Rake $0.50
Board [8h 9c 6h Qd 9s]
Seat 1: megabaitt (button) (small blind) collected ($77.50)
Seat 10: MTails (big blind) folded on the River


PokerStars Hand #167234332094:  Hold'em Limit ($3/$6 USD) - 2017/03/07 3:07:16 ET
Table 'Lacerta II' 10-max Seat #10 is the button
Seat 1: megabaitt ($105.52 in chips)
Seat 10: MTails ($129.40 in chips)
MTails: posts small blind $1
megabaitt: posts big blind $3
*** HOLE CARDS ***
MTails: raises $3 to $6
megabaitt: calls $3
*** FLOP *** [Jd 6s 3c]
megabaitt: bets $3
MTails: calls $3
*** TURN *** [Jd 6s 3c] [Ks]
megabaitt: bets $6
MTails: calls $6
*** RIVER *** [Jd 6s 3c Ks] [Qc]
megabaitt: checks
MTails: bets $6
megabaitt: folds
Uncalled bet ($6) returned to MTails
MTails collected $29.50 from pot
*** SUMMARY ***
Total pot $30 | Rake $0.50
Board [Jd 6s 3c Ks Qc]
Seat 1: megabaitt (big blind) folded on the River
Seat 10: MTails (button) (small blind) collected ($29.50)


PokerStars Hand #167234365327:  Hold'em Limit ($3/$6 USD) - 2017/03/07 3:09:09 ET
Table 'Lacerta II' 10-max Seat #1 is the button
Seat 1: megabaitt ($73.02 in chips)
Seat 10: MTails ($159.90 in chips)
megabaitt: posts small blind $1
MTails: posts big blind $3
*** HOLE CARDS ***
megabaitt: raises $3 to $6
MTails: raises $3 to $9
megabaitt: raises $3 to $12
Betting is capped
MTails: calls $3
*** FLOP *** [Jc 6c 7s]
MTails: checks
megabaitt: bets $3
MTails: calls $3
*** TURN *** [Jc 6c 7s] [9d]
MTails: checks
megabaitt: bets $6
MTails: calls $6
*** RIVER *** [Jc 6c 7s 9d] [8c]
MTails: checks
megabaitt: checks
*** SHOW DOWN ***
MTails: shows [Qc As] (high card Ace)
megabaitt: shows [7c Js] (two pair, Jacks and Sevens)
megabaitt collected $41.50 from pot
*** SUMMARY ***
Total pot $42 | Rake $0.50
Board [Jc 6c 7s 9d 8c]
Seat 1: megabaitt (button) (small blind) showed [7c Js] and won ($41.50) with two pair, Jacks and Sevens
Seat 10: MTails (big blind) showed [Qc As] and lost with high card Ace


PokerStars Hand #167234358447:  Hold'em Limit ($3/$6 USD) - 2017/03/07 3:08:45 ET
Table 'Lacerta II' 10-max Seat #10 is the button
Seat 1: megabaitt ($94.02 in chips)
Seat 10: MTails ($139.40 in chips)
MTails: posts small blind $1
megabaitt: posts big blind $3
*** HOLE CARDS ***
MTails: raises $3 to $6
megabaitt: calls $3
*** FLOP *** [6h Qd 9d]
megabaitt: bets $3
MTails: calls $3
*** TURN *** [6h Qd 9d] [Jd]
megabaitt: bets $6
MTails: calls $6
*** RIVER *** [6h Qd 9d Jd] [7h]
megabaitt: checks
MTails: bets $6
megabaitt: calls $6
*** SHOW DOWN ***
MTails: shows [Jh 7s] (two pair, Jacks and Sevens)
megabaitt: mucks hand
MTails collected $41.50 from pot
*** SUMMARY ***
Total pot $42 | Rake $0.50
Board [6h Qd 9d Jd 7h]
Seat 1: megabaitt (big blind) mucked
Seat 10: MTails (button) (small blind) showed [Jh 7s] and won ($41.50) with two pair, Jacks and Sevens


PokerStars Hand #167234349528:  Hold'em Limit ($3/$6 USD) - 2017/03/07 3:08:15 ET
Table 'Lacerta II' 10-max Seat #1 is the button
Seat 1: megabaitt ($130.02 in chips)
Seat 10: MTails ($103.90 in chips)
megabaitt: posts small blind $1
MTails: posts big blind $3
*** HOLE CARDS ***
megabaitt: raises $3 to $6
MTails: raises $3 to $9
megabaitt: raises $3 to $12
Betting is capped
MTails: calls $3
*** FLOP *** [3h 6s 3c]
MTails: checks
megabaitt: checks
*** TURN *** [3h 6s 3c] [Tc]
MTails: bets $6
megabaitt: raises $6 to $12
MTails: calls $6
*** RIVER *** [3h 6s 3c Tc] [2c]
MTails: checks
megabaitt: bets $6
MTails: raises $6 to $12
megabaitt: calls $6
*** SHOW DOWN ***
MTails: shows [Kc Qc] (a flush, King high)
megabaitt: mucks hand
MTails collected $71.50 from pot
*** SUMMARY ***
Total pot $72 | Rake $0.50
Board [3h 6s 3c Tc 2c]
Seat 1: megabaitt (button) (small blind) mucked
Seat 10: MTails (big blind) showed [Kc Qc] and won ($71.50) with a flush, King high


PokerStars Hand #167234372588:  Hold'em Limit ($3/$6 USD) - 2017/03/07 3:09:33 ET
Table 'Lacerta II' 10-max Seat #10 is the button
Seat 1: megabaitt ($93.52 in chips)
Seat 10: MTails ($138.90 in chips)
MTails: posts small blind $1
megabaitt: posts big blind $3
*** HOLE CARDS ***
MTails: raises $3 to $6
megabaitt: folds
Uncalled bet ($3) returned to MTails
MTails collected $6 from pot
*** SUMMARY ***
Total pot $6 | Rake $0
Seat 1: megabaitt (big blind) folded before Flop
Seat 10: MTails (button) (small blind) collected ($6)


PokerStars Hand #167234374659:  Hold'em Limit ($3/$6 USD) - 2017/03/07 3:09:40 ET
Table 'Lacerta II' 10-max Seat #1 is the button
Seat 1: megabaitt ($90.52 in chips)
Seat 10: MTails ($141.90 in chips)
megabaitt: posts small blind $1
MTails: posts big blind $3
*** HOLE CARDS ***
megabaitt: raises $3 to $6
MTails: raises $3 to $9
megabaitt: raises $3 to $12
Betting is capped
MTails: calls $3
*** FLOP *** [Th 6c 6h]
MTails: checks
megabaitt: bets $3
MTails: calls $3
*** TURN *** [Th 6c 6h] [Qd]
MTails: checks
megabaitt: bets $6
MTails: raises $6 to $12
megabaitt: raises $6 to $18
MTails: calls $6
*** RIVER *** [Th 6c 6h Qd] [Jh]
MTails: checks
megabaitt: bets $6
MTails: calls $6
*** SHOW DOWN ***
megabaitt: shows [5h 6d] (three of a kind, Sixes)
MTails: mucks hand
megabaitt collected $77.50 from pot
*** SUMMARY ***
Total pot $78 | Rake $0.50
Board [Th 6c 6h Qd Jh]
Seat 1: megabaitt (button) (small blind) showed [5h 6d] and won ($77.50) with three of a kind, Sixes
Seat 10: MTails (big blind) mucked


PokerStars Hand #167234384824:  Hold'em Limit ($3/$6 USD) - 2017/03/07 3:10:15 ET
Table 'Lacerta II' 10-max Seat #10 is the button
Seat 1: megabaitt ($129.02 in chips)
Seat 10: MTails ($102.90 in chips)
MTails: posts small blind $1
megabaitt: posts big blind $3
*** HOLE CARDS ***
MTails: raises $3 to $6
megabaitt: calls $3
*** FLOP *** [7s 5c 9d]
megabaitt: bets $3
MTails: raises $3 to $6
megabaitt: calls $3
*** TURN *** [7s 5c 9d] [4h]
megabaitt: checks
MTails: bets $6
megabaitt: calls $6
*** RIVER *** [7s 5c 9d 4h] [Td]
megabaitt: checks
MTails: bets $6
megabaitt: calls $6
*** SHOW DOWN ***
MTails: shows [9h Ac] (a pair of Nines)
megabaitt: mucks hand
MTails collected $47.50 from pot
*** SUMMARY ***
Total pot $48 | Rake $0.50
Board [7s 5c 9d 4h Td]
Seat 1: megabaitt (big blind) mucked
Seat 10: MTails (button) (small blind) showed [9h Ac] and won ($47.50) with a pair of Nines


PokerStars Hand #167234391859:  Hold'em Limit ($3/$6 USD) - 2017/03/07 3:10:39 ET
Table 'Lacerta II' 10-max Seat #1 is the button
Seat 1: megabaitt ($105.02 in chips)
Seat 10: MTails ($126.40 in chips)
megabaitt: posts small blind $1
MTails: posts big blind $3
*** HOLE CARDS ***
megabaitt: raises $3 to $6
MTails: calls $3
*** FLOP *** [As 7d 7h]
MTails: checks
megabaitt: bets $3
kudongo joins the table at seat #5
MTails: folds
Uncalled bet ($3) returned to megabaitt
megabaitt collected $11.76 from pot
megabaitt: doesn't show hand
*** SUMMARY ***
Total pot $12 | Rake $0.24
Board [As 7d 7h]
Seat 1: megabaitt (button) (small blind) collected ($11.76)
Seat 10: MTails (big blind) folded on the Flop


PokerStars Hand #167234395710:  Hold'em Limit ($3/$6 USD) - 2017/03/07 3:10:53 ET
Table 'Lacerta II' 10-max Seat #10 is the button
Seat 1: megabaitt ($110.78 in chips)
Seat 10: MTails ($120.40 in chips)
MTails: posts small blind $1
megabaitt: posts big blind $3
*** HOLE CARDS ***
MTails: raises $3 to $6
megabaitt: calls $3
*** FLOP *** [2c Jh 4d]
megabaitt: bets $3
MTails: raises $3 to $6
megabaitt: raises $3 to $9
MTails: raises $3 to $12
Betting is capped
megabaitt: calls $3
*** TURN *** [2c Jh 4d] [9c]
megabaitt: bets $6
MTails: calls $6
*** RIVER *** [2c Jh 4d 9c] [4h]
megabaitt: bets $6
MTails: folds
Uncalled bet ($6) returned to megabaitt
megabaitt collected $47.50 from pot
megabaitt: doesn't show hand
*** SUMMARY ***
Total pot $48 | Rake $0.50
Board [2c Jh 4d 9c 4h]
Seat 1: megabaitt (big blind) collected ($47.50)
Seat 10: MTails (button) (small blind) folded on the River


PokerStars Hand #167234525316:  Hold'em Limit ($3/$6 USD) - 2017/03/07 3:18:10 ET
Table 'Lacerta II' 10-max Seat #5 is the button
Seat 5: kudongo ($143.20 in chips)
Seat 10: MTails ($98.63 in chips)
alfredg will be allowed to play after the button
kudongo: posts small blind $1
MTails: posts big blind $3
*** HOLE CARDS ***
kudongo: folds
Uncalled bet ($2) returned to MTails
MTails collected $2 from pot
*** SUMMARY ***
Total pot $2 | Rake $0
Seat 5: kudongo (button) (small blind) folded before Flop
Seat 10: MTails (big blind) collected ($2)


PokerStars Hand #167235029187:  Hold'em Limit ($3/$6 USD) - 2017/03/07 3:45:14 ET
Table 'Lacerta II' 10-max Seat #5 is the button
Seat 5: kudongo ($16.76 in chips)
Seat 8: Chessnok ($189.91 in chips)
kudongo: posts small blind $1
Chessnok: posts big blind $3
*** HOLE CARDS ***
kudongo: raises $3 to $6
Chessnok: calls $3
*** FLOP *** [5c 4c Tc]
Chessnok: checks
kudongo: bets $3
Chessnok: calls $3
*** TURN *** [5c 4c Tc] [5s]
Chessnok: checks
kudongo: bets $6
Chessnok: calls $6
*** RIVER *** [5c 4c Tc 5s] [9d]
Chessnok: checks
kudongo: bets $1.76 and is all-in
Chessnok: calls $1.76
*** SHOW DOWN ***
kudongo: shows [Kd Ts] (two pair, Tens and Fives)
Chessnok: shows [8h Kh] (a pair of Fives)
kudongo collected $33.02 from pot
*** SUMMARY ***
Total pot $33.52 | Rake $0.50
Board [5c 4c Tc 5s 9d]
Seat 5: kudongo (button) (small blind) showed [Kd Ts] and won ($33.02) with two pair, Tens and Fives
Seat 8: Chessnok (big blind) showed [8h Kh] and lost with a pair of Fives


PokerStars Hand #167235036624:  Hold'em Limit ($3/$6 USD) - 2017/03/07 3:45:37 ET
Table 'Lacerta II' 10-max Seat #8 is the button
Seat 5: kudongo ($33.02 in chips)
Seat 8: Chessnok ($173.15 in chips)
Chessnok: posts small blind $1
kudongo: posts big blind $3
*** HOLE CARDS ***
Chessnok: raises $3 to $6
kudongo: raises $3 to $9
Chessnok: calls $3
*** FLOP *** [Kc Ac 7d]
kudongo: bets $3
Chessnok: calls $3
*** TURN *** [Kc Ac 7d] [6s]
kudongo: bets $6
Chessnok: folds
Uncalled bet ($6) returned to kudongo
kudongo collected $23.52 from pot
*** SUMMARY ***
Total pot $24 | Rake $0.48
Board [Kc Ac 7d 6s]
Seat 5: kudongo (big blind) collected ($23.52)
Seat 8: Chessnok (button) (small blind) folded on the Turn


PokerStars Hand #167235042803:  Hold'em Limit ($3/$6 USD) - 2017/03/07 3:45:56 ET
Table 'Lacerta II' 10-max Seat #5 is the button
Seat 5: kudongo ($44.54 in chips)
Seat 8: Chessnok ($161.15 in chips)
kudongo: posts small blind $1
Chessnok: posts big blind $3
*** HOLE CARDS ***
kudongo: folds
Uncalled bet ($2) returned to Chessnok
Chessnok collected $2 from pot
Chessnok: doesn't show hand
*** SUMMARY ***
Total pot $2 | Rake $0
Seat 5: kudongo (button) (small blind) folded before Flop
Seat 8: Chessnok (big blind) collected ($2)


PokerStars Hand #167235044822:  Hold'em Limit ($3/$6 USD) - 2017/03/07 3:46:03 ET
Table 'Lacerta II' 10-max Seat #8 is the button
Seat 5: kudongo ($43.54 in chips)
Seat 8: Chessnok ($162.15 in chips)
Chessnok: posts small blind $1
kudongo: posts big blind $3
*** HOLE CARDS ***
Chessnok: raises $3 to $6
kudongo: raises $3 to $9
Chessnok: calls $3
*** FLOP *** [6c 4d 9h]
kudongo: bets $3
Chessnok: calls $3
*** TURN *** [6c 4d 9h] [Td]
kudongo: bets $6
Chessnok: folds
Uncalled bet ($6) returned to kudongo
kudongo collected $23.52 from pot
*** SUMMARY ***
Total pot $24 | Rake $0.48
Board [6c 4d 9h Td]
Seat 5: kudongo (big blind) collected ($23.52)
Seat 8: Chessnok (button) (small blind) folded on the Turn


PokerStars Hand #167235073412:  Hold'em Limit ($3/$6 USD) - 2017/03/07 3:47:32 ET
Table 'Lacerta II' 10-max Seat #8 is the button
Seat 5: kudongo ($30.58 in chips)
Seat 8: Chessnok ($173.29 in chips)
Chessnok: posts small blind $1
kudongo: posts big blind $3
*** HOLE CARDS ***
Chessnok: folds
Uncalled bet ($2) returned to kudongo
kudongo collected $2 from pot
*** SUMMARY ***
Total pot $2 | Rake $0
Seat 5: kudongo (big blind) collected ($2)
Seat 8: Chessnok (button) (small blind) folded before Flop


PokerStars Hand #167235066373:  Hold'em Limit ($3/$6 USD) - 2017/03/07 3:47:10 ET
Table 'Lacerta II' 10-max Seat #5 is the button
Seat 5: kudongo ($57.58 in chips)
Seat 8: Chessnok ($146.79 in chips)
kudongo: posts small blind $1
Chessnok: posts big blind $3
*** HOLE CARDS ***
kudongo: raises $3 to $6
Chessnok: raises $3 to $9
kudongo: calls $3
*** FLOP *** [7h 8s 2h]
Chessnok: bets $3
kudongo: raises $3 to $6
Chessnok: calls $3
*** TURN *** [7h 8s 2h] [Kc]
Chessnok: checks
kudongo: bets $6
Chessnok: calls $6
*** RIVER *** [7h 8s 2h Kc] [8d]
Chessnok: checks
kudongo: bets $6
Chessnok: calls $6
*** SHOW DOWN ***
kudongo: shows [6h 5h] (a pair of Eights)
Chessnok: shows [Jc Ad] (a pair of Eights - Ace kicker)
Chessnok collected $53.50 from pot
*** SUMMARY ***
Total pot $54 | Rake $0.50
Board [7h 8s 2h Kc 8d]
Seat 5: kudongo (button) (small blind) showed [6h 5h] and lost with a pair of Eights
Seat 8: Chessnok (big blind) showed [Jc Ad] and won ($53.50) with a pair of Eights


PokerStars Hand #167235057133:  Hold'em Limit ($3/$6 USD) - 2017/03/07 3:46:41 ET
Table 'Lacerta II' 10-max Seat #8 is the button
Seat 5: kudongo ($46.06 in chips)
Seat 8: Chessnok ($158.79 in chips)
Chessnok: posts small blind $1
kudongo: posts big blind $3
*** HOLE CARDS ***
Chessnok: raises $3 to $6
kudongo: calls $3
*** FLOP *** [6c 9d Qc]
kudongo: checks
Chessnok: bets $3
kudongo: raises $3 to $6
Chessnok: calls $3
*** TURN *** [6c 9d Qc] [3c]
kudongo: bets $6
Chessnok: folds
Uncalled bet ($6) returned to kudongo
kudongo collected $23.52 from pot
*** SUMMARY ***
Total pot $24 | Rake $0.48
Board [6c 9d Qc 3c]
Seat 5: kudongo (big blind) collected ($23.52)
Seat 8: Chessnok (button) (small blind) folded on the Turn


PokerStars Hand #167235064061:  Hold'em Limit ($3/$6 USD) - 2017/03/07 3:47:03 ET
Table 'Lacerta II' 10-max Seat #8 is the button
Seat 5: kudongo ($60.58 in chips)
Seat 8: Chessnok ($143.79 in chips)
Chessnok: posts small blind $1
kudongo: posts big blind $3
*** HOLE CARDS ***
Chessnok: raises $3 to $6
kudongo: folds
Uncalled bet ($3) returned to Chessnok
Chessnok collected $6 from pot
Chessnok: doesn't show hand
*** SUMMARY ***
Total pot $6 | Rake $0
Seat 5: kudongo (big blind) folded before Flop
Seat 8: Chessnok (button) (small blind) collected ($6)


PokerStars Hand #167235062077:  Hold'em Limit ($3/$6 USD) - 2017/03/07 3:46:56 ET
Table 'Lacerta II' 10-max Seat #5 is the button
Seat 5: kudongo ($57.58 in chips)
Seat 8: Chessnok ($146.79 in chips)
kudongo: posts small blind $1
Chessnok: posts big blind $3
*** HOLE CARDS ***
kudongo: raises $3 to $6
Chessnok: folds
Uncalled bet ($3) returned to kudongo
kudongo collected $6 from pot
*** SUMMARY ***
Total pot $6 | Rake $0
Seat 5: kudongo (button) (small blind) collected ($6)
Seat 8: Chessnok (big blind) folded before Flop


PokerStars Hand #167235051577:  Hold'em Limit ($3/$6 USD) - 2017/03/07 3:46:24 ET
Table 'Lacerta II' 10-max Seat #5 is the button
Seat 5: kudongo ($55.06 in chips)
Seat 8: Chessnok ($150.15 in chips)
kudongo: posts small blind $1
Chessnok: posts big blind $3
*** HOLE CARDS ***
kudongo: calls $2
Chessnok: raises $3 to $6
kudongo: calls $3
*** FLOP *** [Qh 7s Td]
Chessnok: bets $3
kudongo: calls $3
*** TURN *** [Qh 7s Td] [Qc]
Chessnok: bets $6
kudongo: folds
Uncalled bet ($6) returned to Chessnok
Chessnok collected $17.64 from pot
Chessnok: doesn't show hand
*** SUMMARY ***
Total pot $18 | Rake $0.36
Board [Qh 7s Td Qc]
Seat 5: kudongo (button) (small blind) folded on the Turn
Seat 8: Chessnok (big blind) collected ($17.64)


PokerStars Hand #167235074798:  Hold'em Limit ($3/$6 USD) - 2017/03/07 3:47:36 ET
Table 'Lacerta II' 10-max Seat #5 is the button
Seat 5: kudongo ($31.58 in chips)
Seat 8: Chessnok ($172.29 in chips)
kudongo: posts small blind $1
Chessnok: posts big blind $3
*** HOLE CARDS ***
kudongo: raises $3 to $6
Chessnok: raises $3 to $9
kudongo: calls $3
*** FLOP *** [Kh Ad Kd]
Chessnok: bets $3
kudongo: folds
Uncalled bet ($3) returned to Chessnok
Chessnok collected $17.64 from pot
Chessnok: doesn't show hand
*** SUMMARY ***
Total pot $18 | Rake $0.36
Board [Kh Ad Kd]
Seat 5: kudongo (button) (small blind) folded on the Flop
Seat 8: Chessnok (big blind) collected ($17.64)


PokerStars Hand #167235078263:  Hold'em Limit ($3/$6 USD) - 2017/03/07 3:47:47 ET
Table 'Lacerta II' 10-max Seat #8 is the button
Seat 5: kudongo ($22.58 in chips)
Seat 8: Chessnok ($180.93 in chips)
Chessnok: posts small blind $1
kudongo: posts big blind $3
*** HOLE CARDS ***
Chessnok: raises $3 to $6
kudongo: folds
Uncalled bet ($3) returned to Chessnok
Chessnok collected $6 from pot
Chessnok: doesn't show hand
*** SUMMARY ***
Total pot $6 | Rake $0
Seat 5: kudongo (big blind) folded before Flop
Seat 8: Chessnok (button) (small blind) collected ($6)


PokerStars Hand #167235080444:  Hold'em Limit ($3/$6 USD) - 2017/03/07 3:47:54 ET
Table 'Lacerta II' 10-max Seat #5 is the button
Seat 5: kudongo ($19.58 in chips)
Seat 8: Chessnok ($183.93 in chips)
kudongo: posts small blind $1
Chessnok: posts big blind $3
*** HOLE CARDS ***
kudongo: raises $3 to $6
Chessnok: raises $3 to $9
kudongo: calls $3
*** FLOP *** [5s 7d 2h]
Chessnok: bets $3
kudongo: raises $3 to $6
Chessnok: calls $3
*** TURN *** [5s 7d 2h] [8c]
Chessnok: checks
kudongo: bets $4.58 and is all-in
Chessnok: calls $4.58
*** RIVER *** [5s 7d 2h 8c] [Qs]
*** SHOW DOWN ***
Chessnok: shows [Qc Jd] (a pair of Queens)
kudongo: shows [Ac 2d] (a pair of Deuces)
Chessnok collected $38.66 from pot
*** SUMMARY ***
Total pot $39.16 | Rake $0.50
Board [5s 7d 2h 8c Qs]
Seat 5: kudongo (button) (small blind) showed [Ac 2d] and lost with a pair of Deuces
Seat 8: Chessnok (big blind) showed [Qc Jd] and won ($38.66) with a pair of Queens


