PokerStars Hand #146970071862:  Hold'em Limit ($3/$6 USD) - 2016/01/13 10:41:37 ET
Table 'Lachesis II' 2-max Seat #2 is the button
Seat 1: VolkovDmitri ($120 in chips)
Seat 2: majekk ($158 in chips)
majekk: posts small blind $1
VolkovDmitri: posts big blind $3
*** HOLE CARDS ***
majekk: folds
Uncalled bet ($2) returned to VolkovDmitri
VolkovDmitri collected $2 from pot
VolkovDmitri: doesn't show hand
*** SUMMARY ***
Total pot $2 | Rake $0
Seat 1: VolkovDmitri (big blind) collected ($2)
Seat 2: majekk (button) (small blind) folded before Flop


PokerStars Hand #146970044820:  Hold'em Limit ($3/$6 USD) - 2016/01/13 10:41:03 ET
Table 'Lachesis II' 2-max Seat #1 is the button
Seat 1: VolkovDmitri ($120 in chips)
Seat 2: majekk ($134.50 in chips)
VolkovDmitri: posts small blind $1
majekk: posts big blind $3
*** HOLE CARDS ***
VolkovDmitri: raises $3 to $6
majekk: raises $3 to $9
VolkovDmitri: calls $3
*** FLOP *** [Kd Js 7s]
majekk: bets $3
VolkovDmitri: calls $3
*** TURN *** [Kd Js 7s] [2s]
majekk: bets $6
VolkovDmitri: calls $6
*** RIVER *** [Kd Js 7s 2s] [Qh]
majekk: bets $6
VolkovDmitri: calls $6
*** SHOW DOWN ***
majekk: shows [6s Kh] (a pair of Kings)
VolkovDmitri: mucks hand
majekk collected $47.50 from pot
*** SUMMARY ***
Total pot $48 | Rake $0.50
Board [Kd Js 7s 2s Qh]
Seat 1: VolkovDmitri (button) (small blind) mucked
Seat 2: majekk (big blind) showed [6s Kh] and won ($47.50) with a pair of Kings


PokerStars Hand #146970010319:  Hold'em Limit ($3/$6 USD) - 2016/01/13 10:40:19 ET
Table 'Lachesis II' 2-max Seat #2 is the button
Seat 1: VolkovDmitri ($120 in chips)
Seat 2: majekk ($120 in chips)
majekk: posts small blind $1
VolkovDmitri: posts big blind $3
*** HOLE CARDS ***
majekk: raises $3 to $6
VolkovDmitri: calls $3
*** FLOP *** [4s Kh Th]
VolkovDmitri: checks
majekk: bets $3
VolkovDmitri: calls $3
*** TURN *** [4s Kh Th] [Jd]
VolkovDmitri: checks
majekk: bets $6
VolkovDmitri: calls $6
*** RIVER *** [4s Kh Th Jd] [8s]
VolkovDmitri: checks
majekk: bets $6
VolkovDmitri: folds
Uncalled bet ($6) returned to majekk
majekk collected $29.50 from pot
majekk: doesn't show hand
*** SUMMARY ***
Total pot $30 | Rake $0.50
Board [4s Kh Th Jd 8s]
Seat 1: VolkovDmitri (big blind) folded on the River
Seat 2: majekk (button) (small blind) collected ($29.50)


PokerStars Hand #146970102523:  Hold'em Limit ($3/$6 USD) - 2016/01/13 10:42:14 ET
Table 'Lachesis II' 2-max Seat #1 is the button
Seat 1: VolkovDmitri ($132.50 in chips)
Seat 2: majekk ($145 in chips)
VolkovDmitri: posts small blind $1
majekk: posts big blind $3
*** HOLE CARDS ***
VolkovDmitri: raises $3 to $6
majekk: raises $3 to $9
VolkovDmitri: calls $3
*** FLOP *** [9c 9d 5c]
majekk: bets $3
VolkovDmitri: calls $3
*** TURN *** [9c 9d 5c] [3c]
majekk: bets $6
VolkovDmitri: calls $6
*** RIVER *** [9c 9d 5c 3c] [Jd]
majekk: bets $6
VolkovDmitri: calls $6
*** SHOW DOWN ***
majekk: shows [8c 8h] (two pair, Nines and Eights)
VolkovDmitri: mucks hand
majekk collected $47.50 from pot
*** SUMMARY ***
Total pot $48 | Rake $0.50
Board [9c 9d 5c 3c Jd]
Seat 1: VolkovDmitri (button) (small blind) mucked
Seat 2: majekk (big blind) showed [8c 8h] and won ($47.50) with two pair, Nines and Eights


PokerStars Hand #146970097778:  Hold'em Limit ($3/$6 USD) - 2016/01/13 10:42:08 ET
Table 'Lachesis II' 2-max Seat #2 is the button
Seat 1: VolkovDmitri ($135.50 in chips)
Seat 2: majekk ($142 in chips)
majekk: posts small blind $1
VolkovDmitri: posts big blind $3
*** HOLE CARDS ***
majekk: raises $3 to $6
VolkovDmitri: folds
Uncalled bet ($3) returned to majekk
majekk collected $6 from pot
majekk: doesn't show hand
*** SUMMARY ***
Total pot $6 | Rake $0
Seat 1: VolkovDmitri (big blind) folded before Flop
Seat 2: majekk (button) (small blind) collected ($6)


PokerStars Hand #146970076190:  Hold'em Limit ($3/$6 USD) - 2016/01/13 10:41:43 ET
Table 'Lachesis II' 2-max Seat #1 is the button
Seat 1: VolkovDmitri ($121 in chips)
Seat 2: majekk ($157 in chips)
VolkovDmitri: posts small blind $1
majekk: posts big blind $3
*** HOLE CARDS ***
VolkovDmitri: raises $3 to $6
majekk: raises $3 to $9
VolkovDmitri: calls $3
*** FLOP *** [2d 9d 6h]
majekk: bets $3
VolkovDmitri: raises $3 to $6
majekk: calls $3
*** TURN *** [2d 9d 6h] [6s]
majekk: checks
VolkovDmitri: bets $6
majekk: folds
Uncalled bet ($6) returned to VolkovDmitri
VolkovDmitri collected $29.50 from pot
VolkovDmitri: doesn't show hand
*** SUMMARY ***
Total pot $30 | Rake $0.50
Board [2d 9d 6h 6s]
Seat 1: VolkovDmitri (button) (small blind) collected ($29.50)
Seat 2: majekk (big blind) folded on the Turn


PokerStars Hand #146970132444:  Hold'em Limit ($3/$6 USD) - 2016/01/13 10:42:52 ET
Table 'Lachesis II' 2-max Seat #2 is the button
Seat 1: VolkovDmitri ($120 in chips)
Seat 2: majekk ($168.50 in chips)
majekk: posts small blind $1
VolkovDmitri: posts big blind $3
*** HOLE CARDS ***
majekk: calls $2
VolkovDmitri: raises $3 to $6
majekk: raises $3 to $9
VolkovDmitri: raises $3 to $12
Betting is capped
majekk: calls $3
*** FLOP *** [4d 8h 3c]
VolkovDmitri: checks
majekk: checks
*** TURN *** [4d 8h 3c] [4c]
VolkovDmitri: bets $6
majekk: calls $6
*** RIVER *** [4d 8h 3c 4c] [Ad]
VolkovDmitri: bets $6
majekk: calls $6
*** SHOW DOWN ***
VolkovDmitri: shows [Ac Kd] (two pair, Aces and Fours)
majekk: mucks hand
VolkovDmitri collected $47.50 from pot
*** SUMMARY ***
Total pot $48 | Rake $0.50
Board [4d 8h 3c 4c Ad]
Seat 1: VolkovDmitri (big blind) showed [Ac Kd] and won ($47.50) with two pair, Aces and Fours
Seat 2: majekk (button) (small blind) mucked


PokerStars Hand #146970215113:  Hold'em Limit ($3/$6 USD) - 2016/01/13 10:44:34 ET
Table 'Lachesis II' 2-max Seat #1 is the button
Seat 1: VolkovDmitri ($137 in chips)
Seat 2: majekk ($150 in chips)
VolkovDmitri: posts small blind $1
majekk: posts big blind $3
*** HOLE CARDS ***
VolkovDmitri: raises $3 to $6
majekk: raises $3 to $9
VolkovDmitri: calls $3
*** FLOP *** [4h Ac Ah]
majekk said, "nh"
majekk: bets $3
VolkovDmitri: calls $3
*** TURN *** [4h Ac Ah] [Jc]
majekk: bets $6
VolkovDmitri: calls $6
*** RIVER *** [4h Ac Ah Jc] [9d]
majekk: bets $6
VolkovDmitri: calls $6
*** SHOW DOWN ***
majekk: shows [Kh 2s] (a pair of Aces)
VolkovDmitri: shows [4s 7d] (two pair, Aces and Fours)
VolkovDmitri collected $47.50 from pot
*** SUMMARY ***
Total pot $48 | Rake $0.50
Board [4h Ac Ah Jc 9d]
Seat 1: VolkovDmitri (button) (small blind) showed [4s 7d] and won ($47.50) with two pair, Aces and Fours
Seat 2: majekk (big blind) showed [Kh 2s] and lost with a pair of Aces


PokerStars Hand #146970189294:  Hold'em Limit ($3/$6 USD) - 2016/01/13 10:44:02 ET
Table 'Lachesis II' 2-max Seat #2 is the button
Seat 1: VolkovDmitri ($161 in chips)
Seat 2: majekk ($126.50 in chips)
majekk: posts small blind $1
VolkovDmitri: posts big blind $3
*** HOLE CARDS ***
majekk: raises $3 to $6
VolkovDmitri: calls $3
*** FLOP *** [Th 6h 2h]
VolkovDmitri: checks
majekk: bets $3
VolkovDmitri: raises $3 to $6
majekk: calls $3
*** TURN *** [Th 6h 2h] [Ac]
VolkovDmitri: bets $6
majekk: calls $6
*** RIVER *** [Th 6h 2h Ac] [Js]
VolkovDmitri: bets $6
majekk: calls $6
*** SHOW DOWN ***
VolkovDmitri: shows [5s 8h] (high card Ace)
majekk: shows [Kh 6s] (a pair of Sixes)
majekk collected $47.50 from pot
*** SUMMARY ***
Total pot $48 | Rake $0.50
Board [Th 6h 2h Ac Js]
Seat 1: VolkovDmitri (big blind) showed [5s 8h] and lost with high card Ace
Seat 2: majekk (button) (small blind) showed [Kh 6s] and won ($47.50) with a pair of Sixes


PokerStars Hand #146970172015:  Hold'em Limit ($3/$6 USD) - 2016/01/13 10:43:41 ET
Table 'Lachesis II' 2-max Seat #1 is the button
Seat 1: VolkovDmitri ($143.50 in chips)
Seat 2: majekk ($144.50 in chips)
VolkovDmitri: posts small blind $1
majekk: posts big blind $3
*** HOLE CARDS ***
VolkovDmitri: raises $3 to $6
majekk: raises $3 to $9
VolkovDmitri: calls $3
*** FLOP *** [5h Kd 2h]
majekk: bets $3
VolkovDmitri: calls $3
*** TURN *** [5h Kd 2h] [Tc]
majekk: bets $6
VolkovDmitri: raises $6 to $12
majekk: folds
Uncalled bet ($6) returned to VolkovDmitri
VolkovDmitri collected $35.50 from pot
VolkovDmitri: doesn't show hand
*** SUMMARY ***
Total pot $36 | Rake $0.50
Board [5h Kd 2h Tc]
Seat 1: VolkovDmitri (button) (small blind) collected ($35.50)
Seat 2: majekk (big blind) folded on the Turn


PokerStars Hand #146970232502:  Hold'em Limit ($3/$6 USD) - 2016/01/13 10:44:56 ET
Table 'Lachesis II' 2-max Seat #2 is the button
Seat 1: VolkovDmitri ($160.50 in chips)
Seat 2: majekk ($126 in chips)
majekk: posts small blind $1
VolkovDmitri: posts big blind $3
*** HOLE CARDS ***
majekk: raises $3 to $6
VolkovDmitri: raises $3 to $9
majekk: raises $3 to $12
Betting is capped
VolkovDmitri: calls $3
*** FLOP *** [9d Ts Qh]
VolkovDmitri: checks
majekk: bets $3
VolkovDmitri: raises $3 to $6
majekk: calls $3
*** TURN *** [9d Ts Qh] [9h]
VolkovDmitri: bets $6
majekk: raises $6 to $12
VolkovDmitri: raises $6 to $18
majekk: raises $6 to $24
Betting is capped
VolkovDmitri: calls $6
*** RIVER *** [9d Ts Qh 9h] [3s]
VolkovDmitri: bets $6
majekk: raises $6 to $12
VolkovDmitri: calls $6
*** SHOW DOWN ***
majekk: shows [Tc Th] (a full house, Tens full of Nines)
VolkovDmitri: mucks hand
majekk collected $107.50 from pot
*** SUMMARY ***
Total pot $108 | Rake $0.50
Board [9d Ts Qh 9h 3s]
Seat 1: VolkovDmitri (big blind) mucked
Seat 2: majekk (button) (small blind) showed [Tc Th] and won ($107.50) with a full house, Tens full of Nines


PokerStars Hand #146970263330:  Hold'em Limit ($3/$6 USD) - 2016/01/13 10:45:34 ET
Table 'Lachesis II' 2-max Seat #1 is the button
Seat 1: VolkovDmitri ($120 in chips)
Seat 2: majekk ($179.50 in chips)
VolkovDmitri: posts small blind $1
majekk: posts big blind $3
*** HOLE CARDS ***
VolkovDmitri: raises $3 to $6
majekk: raises $3 to $9
VolkovDmitri: calls $3
*** FLOP *** [5c 7s 9s]
majekk: bets $3
VolkovDmitri: folds
Uncalled bet ($3) returned to majekk
majekk collected $17.64 from pot
majekk: doesn't show hand
*** SUMMARY ***
Total pot $18 | Rake $0.36
Board [5c 7s 9s]
Seat 1: VolkovDmitri (button) (small blind) folded on the Flop
Seat 2: majekk (big blind) collected ($17.64)


PokerStars Hand #146970279286:  Hold'em Limit ($3/$6 USD) - 2016/01/13 10:45:54 ET
Table 'Lachesis II' 2-max Seat #2 is the button
Seat 1: VolkovDmitri ($120 in chips)
Seat 2: majekk ($188.14 in chips)
majekk: posts small blind $1
VolkovDmitri: posts big blind $3
*** HOLE CARDS ***
majekk: raises $3 to $6
VolkovDmitri: calls $3
*** FLOP *** [Jd Ac Ad]
VolkovDmitri: checks
majekk: bets $3
VolkovDmitri: calls $3
*** TURN *** [Jd Ac Ad] [Th]
VolkovDmitri: checks
majekk: bets $6
VolkovDmitri: calls $6
*** RIVER *** [Jd Ac Ad Th] [6c]
VolkovDmitri: checks
majekk: bets $6
VolkovDmitri: calls $6
*** SHOW DOWN ***
majekk: shows [Qc 8h] (a pair of Aces)
VolkovDmitri: shows [5c Js] (two pair, Aces and Jacks)
VolkovDmitri collected $41.50 from pot
*** SUMMARY ***
Total pot $42 | Rake $0.50
Board [Jd Ac Ad Th 6c]
Seat 1: VolkovDmitri (big blind) showed [5c Js] and won ($41.50) with two pair, Aces and Jacks
Seat 2: majekk (button) (small blind) showed [Qc 8h] and lost with a pair of Aces


PokerStars Hand #146970306615:  Hold'em Limit ($3/$6 USD) - 2016/01/13 10:46:28 ET
Table 'Lachesis II' 2-max Seat #1 is the button
Seat 1: VolkovDmitri ($140.50 in chips)
Seat 2: majekk ($167.14 in chips)
VolkovDmitri: posts small blind $1
majekk: posts big blind $3
*** HOLE CARDS ***
VolkovDmitri: raises $3 to $6
majekk: raises $3 to $9
VolkovDmitri: calls $3
*** FLOP *** [Th 2d 5s]
majekk: bets $3
VolkovDmitri: calls $3
*** TURN *** [Th 2d 5s] [7d]
majekk: bets $6
VolkovDmitri: raises $6 to $12
majekk: calls $6
*** RIVER *** [Th 2d 5s 7d] [Jc]
majekk: checks
VolkovDmitri: checks
*** SHOW DOWN ***
majekk: shows [8c 7c] (a pair of Sevens)
VolkovDmitri: mucks hand
majekk collected $47.50 from pot
*** SUMMARY ***
Total pot $48 | Rake $0.50
Board [Th 2d 5s 7d Jc]
Seat 1: VolkovDmitri (button) (small blind) mucked
Seat 2: majekk (big blind) showed [8c 7c] and won ($47.50) with a pair of Sevens


PokerStars Hand #146970334747:  Hold'em Limit ($3/$6 USD) - 2016/01/13 10:47:02 ET
Table 'Lachesis II' 2-max Seat #2 is the button
Seat 1: VolkovDmitri ($120 in chips)
Seat 2: majekk ($190.64 in chips)
majekk: posts small blind $1
VolkovDmitri: posts big blind $3
*** HOLE CARDS ***
majekk: raises $3 to $6
VolkovDmitri: calls $3
*** FLOP *** [Tc 9c Js]
VolkovDmitri: bets $3
majekk: calls $3
*** TURN *** [Tc 9c Js] [3s]
VolkovDmitri: bets $6
majekk: raises $6 to $12
VolkovDmitri: raises $6 to $18
majekk: calls $6
*** RIVER *** [Tc 9c Js 3s] [Jd]
VolkovDmitri: bets $6
majekk: calls $6
*** SHOW DOWN ***
VolkovDmitri: shows [3c Jh] (a full house, Jacks full of Threes)
majekk: mucks hand
VolkovDmitri collected $65.50 from pot
*** SUMMARY ***
Total pot $66 | Rake $0.50
Board [Tc 9c Js 3s Jd]
Seat 1: VolkovDmitri (big blind) showed [3c Jh] and won ($65.50) with a full house, Jacks full of Threes
Seat 2: majekk (button) (small blind) mucked


PokerStars Hand #146970363185:  Hold'em Limit ($3/$6 USD) - 2016/01/13 10:47:38 ET
Table 'Lachesis II' 2-max Seat #1 is the button
Seat 1: VolkovDmitri ($152.50 in chips)
Seat 2: majekk ($157.64 in chips)
VolkovDmitri: posts small blind $1
majekk: posts big blind $3
*** HOLE CARDS ***
VolkovDmitri: raises $3 to $6
majekk: raises $3 to $9
VolkovDmitri: calls $3
*** FLOP *** [Ts Ac Jc]
majekk: bets $3
VolkovDmitri: calls $3
*** TURN *** [Ts Ac Jc] [7c]
majekk: bets $6
VolkovDmitri: calls $6
*** RIVER *** [Ts Ac Jc 7c] [8s]
majekk: bets $6
VolkovDmitri: folds
Uncalled bet ($6) returned to majekk
majekk collected $35.50 from pot
majekk: doesn't show hand
*** SUMMARY ***
Total pot $36 | Rake $0.50
Board [Ts Ac Jc 7c 8s]
Seat 1: VolkovDmitri (button) (small blind) folded on the River
Seat 2: majekk (big blind) collected ($35.50)


PokerStars Hand #146970380509:  Hold'em Limit ($3/$6 USD) - 2016/01/13 10:47:59 ET
Table 'Lachesis II' 2-max Seat #2 is the button
Seat 1: VolkovDmitri ($134.50 in chips)
Seat 2: majekk ($175.14 in chips)
majekk: posts small blind $1
VolkovDmitri: posts big blind $3
*** HOLE CARDS ***
majekk: raises $3 to $6
VolkovDmitri: raises $3 to $9
majekk: calls $3
*** FLOP *** [3s Qh As]
VolkovDmitri: bets $3
majekk: calls $3
*** TURN *** [3s Qh As] [4c]
VolkovDmitri: bets $6
majekk: raises $6 to $12
VolkovDmitri: folds
Uncalled bet ($6) returned to majekk
majekk collected $35.50 from pot
majekk: doesn't show hand
*** SUMMARY ***
Total pot $36 | Rake $0.50
Board [3s Qh As 4c]
Seat 1: VolkovDmitri (big blind) folded on the Turn
Seat 2: majekk (button) (small blind) collected ($35.50)


PokerStars Hand #146970402405:  Hold'em Limit ($3/$6 USD) - 2016/01/13 10:48:27 ET
Table 'Lachesis II' 2-max Seat #1 is the button
Seat 1: VolkovDmitri ($120 in chips)
Seat 2: majekk ($192.64 in chips)
VolkovDmitri: posts small blind $1
majekk: posts big blind $3
*** HOLE CARDS ***
VolkovDmitri: raises $3 to $6
majekk: raises $3 to $9
VolkovDmitri: calls $3
*** FLOP *** [Jc Ad 4d]
majekk: bets $3
VolkovDmitri: calls $3
*** TURN *** [Jc Ad 4d] [5d]
majekk: checks
VolkovDmitri: bets $6
majekk: raises $6 to $12
VolkovDmitri: calls $6
*** RIVER *** [Jc Ad 4d 5d] [5s]
majekk: bets $6
VolkovDmitri: calls $6
*** SHOW DOWN ***
majekk: shows [6c 7d] (a pair of Fives)
VolkovDmitri: shows [4c 8c] (two pair, Fives and Fours)
VolkovDmitri collected $59.50 from pot
*** SUMMARY ***
Total pot $60 | Rake $0.50
Board [Jc Ad 4d 5d 5s]
Seat 1: VolkovDmitri (button) (small blind) showed [4c 8c] and won ($59.50) with two pair, Fives and Fours
Seat 2: majekk (big blind) showed [6c 7d] and lost with a pair of Fives


PokerStars Hand #146970428132:  Hold'em Limit ($3/$6 USD) - 2016/01/13 10:48:59 ET
Table 'Lachesis II' 2-max Seat #2 is the button
Seat 1: VolkovDmitri ($149.50 in chips)
Seat 2: majekk ($162.64 in chips)
majekk: posts small blind $1
VolkovDmitri: posts big blind $3
*** HOLE CARDS ***
majekk: raises $3 to $6
VolkovDmitri: calls $3
*** FLOP *** [Qs 4d 9h]
VolkovDmitri: checks
majekk: checks
*** TURN *** [Qs 4d 9h] [6d]
VolkovDmitri: bets $6
majekk: raises $6 to $12
VolkovDmitri: calls $6
*** RIVER *** [Qs 4d 9h 6d] [7c]
VolkovDmitri: bets $6
majekk: calls $6
*** SHOW DOWN ***
VolkovDmitri: shows [9d 7d] (two pair, Nines and Sevens)
majekk: mucks hand
VolkovDmitri collected $47.50 from pot
*** SUMMARY ***
Total pot $48 | Rake $0.50
Board [Qs 4d 9h 6d 7c]
Seat 1: VolkovDmitri (big blind) showed [9d 7d] and won ($47.50) with two pair, Nines and Sevens
Seat 2: majekk (button) (small blind) mucked


PokerStars Hand #146970455146:  Hold'em Limit ($3/$6 USD) - 2016/01/13 10:49:33 ET
Table 'Lachesis II' 2-max Seat #1 is the button
Seat 1: VolkovDmitri ($173 in chips)
Seat 2: majekk ($138.64 in chips)
VolkovDmitri: posts small blind $1
majekk: posts big blind $3
*** HOLE CARDS ***
VolkovDmitri: raises $3 to $6
majekk: calls $3
*** FLOP *** [Ts Jd Ac]
majekk: folds
VolkovDmitri collected $11.76 from pot
VolkovDmitri: doesn't show hand
*** SUMMARY ***
Total pot $12 | Rake $0.24
Board [Ts Jd Ac]
Seat 1: VolkovDmitri (button) (small blind) collected ($11.76)
Seat 2: majekk (big blind) folded on the Flop


PokerStars Hand #146970467905:  Hold'em Limit ($3/$6 USD) - 2016/01/13 10:49:49 ET
Table 'Lachesis II' 2-max Seat #2 is the button
Seat 1: VolkovDmitri ($178.76 in chips)
Seat 2: majekk ($132.64 in chips)
majekk: posts small blind $1
VolkovDmitri: posts big blind $3
*** HOLE CARDS ***
majekk: raises $3 to $6
VolkovDmitri: calls $3
*** FLOP *** [Qc 6s 4s]
VolkovDmitri: checks
majekk: bets $3
majekk said, "zzz idiot"
VolkovDmitri: calls $3
*** TURN *** [Qc 6s 4s] [4d]
VolkovDmitri: checks
majekk: bets $6
VolkovDmitri: folds
Uncalled bet ($6) returned to majekk
majekk collected $17.64 from pot
majekk: doesn't show hand
*** SUMMARY ***
Total pot $18 | Rake $0.36
Board [Qc 6s 4s 4d]
Seat 1: VolkovDmitri (big blind) folded on the Turn
Seat 2: majekk (button) (small blind) collected ($17.64)


