PokerStars Hand #159837702866:  Hold'em Limit ($3/$6 USD) - 2016/10/12 13:58:34 ET
Table 'Lachesis III' 6-max Seat #5 is the button
Seat 1: barranqueiro ($208.58 in chips)
Seat 5: TinaTurner72 ($107 in chips)
TinaTurner72: posts small blind $1
barranqueiro: posts big blind $3
*** HOLE CARDS ***
TinaTurner72: raises $3 to $6
barranqueiro: folds
Uncalled bet ($3) returned to TinaTurner72
TinaTurner72 collected $6 from pot
TinaTurner72: doesn't show hand
*** SUMMARY ***
Total pot $6 | Rake $0
Seat 1: barranqueiro (big blind) folded before Flop
Seat 5: TinaTurner72 (button) (small blind) collected ($6)


PokerStars Hand #159837685707:  Hold'em Limit ($3/$6 USD) - 2016/10/12 13:58:09 ET
Table 'Lachesis III' 6-max Seat #1 is the button
Seat 1: barranqueiro ($202.82 in chips)
Seat 5: TinaTurner72 ($113 in chips)
barranqueiro: posts small blind $1
TinaTurner72: posts big blind $3
*** HOLE CARDS ***
barranqueiro: raises $3 to $6
TinaTurner72: calls $3
*** FLOP *** [2s 6h 8c]
TinaTurner72: checks
barranqueiro: checks
*** TURN *** [2s 6h 8c] [Kc]
TinaTurner72: checks
barranqueiro: bets $6
TinaTurner72: folds
Uncalled bet ($6) returned to barranqueiro
barranqueiro collected $11.76 from pot
barranqueiro: doesn't show hand
*** SUMMARY ***
Total pot $12 | Rake $0.24
Board [2s 6h 8c Kc]
Seat 1: barranqueiro (button) (small blind) collected ($11.76)
Seat 5: TinaTurner72 (big blind) folded on the Turn


PokerStars Hand #159837741420:  Hold'em Limit ($3/$6 USD) - 2016/10/12 13:59:31 ET
Table 'Lachesis III' 6-max Seat #5 is the button
Seat 1: barranqueiro ($193.58 in chips)
Seat 5: TinaTurner72 ($121.52 in chips)
TinaTurner72: posts small blind $1
barranqueiro: posts big blind $3
*** HOLE CARDS ***
TinaTurner72: raises $3 to $6
barranqueiro: calls $3
*** FLOP *** [Qd 7h Td]
barranqueiro: checks
TinaTurner72: bets $3
barranqueiro: calls $3
*** TURN *** [Qd 7h Td] [4s]
barranqueiro: checks
TinaTurner72: bets $6
barranqueiro: calls $6
*** RIVER *** [Qd 7h Td 4s] [Qh]
barranqueiro: checks
TinaTurner72: bets $6
barranqueiro: calls $6
*** SHOW DOWN ***
TinaTurner72: shows [8d 6d] (a pair of Queens)
barranqueiro: shows [Jd 7c] (two pair, Queens and Sevens)
barranqueiro collected $41.50 from pot
*** SUMMARY ***
Total pot $42 | Rake $0.50
Board [Qd 7h Td 4s Qh]
Seat 1: barranqueiro (big blind) showed [Jd 7c] and won ($41.50) with two pair, Queens and Sevens
Seat 5: TinaTurner72 (button) (small blind) showed [8d 6d] and lost with a pair of Queens


PokerStars Hand #159837708405:  Hold'em Limit ($3/$6 USD) - 2016/10/12 13:58:42 ET
Table 'Lachesis III' 6-max Seat #1 is the button
Seat 1: barranqueiro ($205.58 in chips)
Seat 5: TinaTurner72 ($110 in chips)
barranqueiro: posts small blind $1
TinaTurner72: posts big blind $3
*** HOLE CARDS ***
barranqueiro: raises $3 to $6
TinaTurner72: calls $3
*** FLOP *** [7c Qs 3c]
TinaTurner72: checks
barranqueiro: bets $3
TinaTurner72: raises $3 to $6
barranqueiro: calls $3
*** TURN *** [7c Qs 3c] [4d]
TinaTurner72: bets $6
barranqueiro: folds
Uncalled bet ($6) returned to TinaTurner72
TinaTurner72 collected $23.52 from pot
TinaTurner72: doesn't show hand
*** SUMMARY ***
Total pot $24 | Rake $0.48
Board [7c Qs 3c 4d]
Seat 1: barranqueiro (button) (small blind) folded on the Turn
Seat 5: TinaTurner72 (big blind) collected ($23.52)


PokerStars Hand #159837775133:  Hold'em Limit ($3/$6 USD) - 2016/10/12 14:00:20 ET
Table 'Lachesis III' 6-max Seat #1 is the button
Seat 1: barranqueiro ($214.08 in chips)
Seat 5: TinaTurner72 ($100.52 in chips)
barranqueiro: posts small blind $1
TinaTurner72: posts big blind $3
*** HOLE CARDS ***
barranqueiro: raises $3 to $6
TinaTurner72: calls $3
*** FLOP *** [7c Tc Qc]
TinaTurner72: checks
barranqueiro: bets $3
TinaTurner72: folds
Uncalled bet ($3) returned to barranqueiro
barranqueiro collected $11.76 from pot
barranqueiro: doesn't show hand
*** SUMMARY ***
Total pot $12 | Rake $0.24
Board [7c Tc Qc]
Seat 1: barranqueiro (button) (small blind) collected ($11.76)
Seat 5: TinaTurner72 (big blind) folded on the Flop


PokerStars Hand #159837848097:  Hold'em Limit ($3/$6 USD) - 2016/10/12 14:01:56 ET
Table 'Lachesis III' 6-max Seat #5 is the button
Seat 1: barranqueiro ($215.60 in chips)
Seat 5: TinaTurner72 ($98.28 in chips)
TinaTurner72: posts small blind $1
barranqueiro: posts big blind $3
*** HOLE CARDS ***
TinaTurner72: raises $3 to $6
barranqueiro: folds
Uncalled bet ($3) returned to TinaTurner72
TinaTurner72 collected $6 from pot
TinaTurner72: doesn't show hand
*** SUMMARY ***
Total pot $6 | Rake $0
Seat 1: barranqueiro (big blind) folded before Flop
Seat 5: TinaTurner72 (button) (small blind) collected ($6)


PokerStars Hand #159837830975:  Hold'em Limit ($3/$6 USD) - 2016/10/12 14:01:35 ET
Table 'Lachesis III' 6-max Seat #1 is the button
Seat 1: barranqueiro ($209.84 in chips)
Seat 5: TinaTurner72 ($104.28 in chips)
barranqueiro: posts small blind $1
TinaTurner72: posts big blind $3
*** HOLE CARDS ***
barranqueiro: raises $3 to $6
TinaTurner72: calls $3
*** FLOP *** [2s Tc 3s]
TinaTurner72: checks
barranqueiro: bets $3
TinaTurner72: folds
Uncalled bet ($3) returned to barranqueiro
barranqueiro collected $11.76 from pot
*** SUMMARY ***
Total pot $12 | Rake $0.24
Board [2s Tc 3s]
Seat 1: barranqueiro (button) (small blind) collected ($11.76)
Seat 5: TinaTurner72 (big blind) folded on the Flop


PokerStars Hand #159837796015:  Hold'em Limit ($3/$6 USD) - 2016/10/12 14:00:49 ET
Table 'Lachesis III' 6-max Seat #5 is the button
Seat 1: barranqueiro ($219.84 in chips)
Seat 5: TinaTurner72 ($94.52 in chips)
TinaTurner72: posts small blind $1
barranqueiro: posts big blind $3
*** HOLE CARDS ***
TinaTurner72: raises $3 to $6
barranqueiro: calls $3
*** FLOP *** [Ad Ks 2s]
barranqueiro: checks
TinaTurner72: bets $3
barranqueiro: folds
Uncalled bet ($3) returned to TinaTurner72
TinaTurner72 collected $11.76 from pot
TinaTurner72: doesn't show hand
*** SUMMARY ***
Total pot $12 | Rake $0.24
Board [Ad Ks 2s]
Seat 1: barranqueiro (big blind) folded on the Flop
Seat 5: TinaTurner72 (button) (small blind) collected ($11.76)


PokerStars Hand #159837821148:  Hold'em Limit ($3/$6 USD) - 2016/10/12 14:01:22 ET
Table 'Lachesis III' 6-max Seat #1 is the button
Seat 1: barranqueiro ($209.84 in chips)
Seat 5: TinaTurner72 ($104.28 in chips)
barranqueiro: posts small blind $1
TinaTurner72: posts big blind $3
*** HOLE CARDS ***
barranqueiro: folds
Uncalled bet ($2) returned to TinaTurner72
TinaTurner72 collected $2 from pot
TinaTurner72: doesn't show hand
*** SUMMARY ***
Total pot $2 | Rake $0
Seat 1: barranqueiro (button) (small blind) folded before Flop
Seat 5: TinaTurner72 (big blind) collected ($2)


PokerStars Hand #159837824763:  Hold'em Limit ($3/$6 USD) - 2016/10/12 14:01:27 ET
Table 'Lachesis III' 6-max Seat #5 is the button
Seat 1: barranqueiro ($208.84 in chips)
Seat 5: TinaTurner72 ($105.28 in chips)
TinaTurner72: posts small blind $1
barranqueiro: posts big blind $3
*** HOLE CARDS ***
TinaTurner72: folds
Uncalled bet ($2) returned to barranqueiro
barranqueiro collected $2 from pot
barranqueiro: doesn't show hand
*** SUMMARY ***
Total pot $2 | Rake $0
Seat 1: barranqueiro (big blind) collected ($2)
Seat 5: TinaTurner72 (button) (small blind) folded before Flop


PokerStars Hand #159837816417:  Hold'em Limit ($3/$6 USD) - 2016/10/12 14:01:16 ET
Table 'Lachesis III' 6-max Seat #5 is the button
Seat 1: barranqueiro ($212.84 in chips)
Seat 5: TinaTurner72 ($101.28 in chips)
TinaTurner72: posts small blind $1
barranqueiro: posts big blind $3
*** HOLE CARDS ***
TinaTurner72: raises $3 to $6
barranqueiro: folds
Uncalled bet ($3) returned to TinaTurner72
TinaTurner72 collected $6 from pot
TinaTurner72: doesn't show hand
*** SUMMARY ***
Total pot $6 | Rake $0
Seat 1: barranqueiro (big blind) folded before Flop
Seat 5: TinaTurner72 (button) (small blind) collected ($6)


PokerStars Hand #159837811274:  Hold'em Limit ($3/$6 USD) - 2016/10/12 14:01:09 ET
Table 'Lachesis III' 6-max Seat #1 is the button
Seat 1: barranqueiro ($213.84 in chips)
Seat 5: TinaTurner72 ($100.28 in chips)
barranqueiro: posts small blind $1
TinaTurner72: posts big blind $3
*** HOLE CARDS ***
barranqueiro: folds
Uncalled bet ($2) returned to TinaTurner72
TinaTurner72 collected $2 from pot
TinaTurner72: doesn't show hand
*** SUMMARY ***
Total pot $2 | Rake $0
Seat 1: barranqueiro (button) (small blind) folded before Flop
Seat 5: TinaTurner72 (big blind) collected ($2)


PokerStars Hand #159837929899:  Hold'em Limit ($3/$6 USD) - 2016/10/12 14:03:34 ET
Table 'Lachesis III' 6-max Seat #1 is the button
Seat 1: barranqueiro ($212.60 in chips)
Seat 5: TinaTurner72 ($101.28 in chips)
barranqueiro: posts small blind $1
TinaTurner72: posts big blind $3
*** HOLE CARDS ***
barranqueiro: raises $3 to $6
TinaTurner72: calls $3
*** FLOP *** [8h Ks 5c]
TinaTurner72: checks
barranqueiro: checks
*** TURN *** [8h Ks 5c] [Qh]
TinaTurner72: checks
barranqueiro: bets $6
TinaTurner72: folds
Uncalled bet ($6) returned to barranqueiro
barranqueiro collected $11.76 from pot
*** SUMMARY ***
Total pot $12 | Rake $0.24
Board [8h Ks 5c Qh]
Seat 1: barranqueiro (button) (small blind) collected ($11.76)
Seat 5: TinaTurner72 (big blind) folded on the Turn


PokerStars Hand #159837949050:  Hold'em Limit ($3/$6 USD) - 2016/10/12 14:03:56 ET
Table 'Lachesis III' 6-max Seat #5 is the button
Seat 1: barranqueiro ($218.36 in chips)
Seat 5: TinaTurner72 ($95.28 in chips)
TinaTurner72: posts small blind $1
barranqueiro: posts big blind $3
*** HOLE CARDS ***
TinaTurner72: raises $3 to $6
barranqueiro: calls $3
*** FLOP *** [Qh Jh Js]
barranqueiro: checks
TinaTurner72: bets $3
barranqueiro: folds
Uncalled bet ($3) returned to TinaTurner72
TinaTurner72 collected $11.76 from pot
TinaTurner72: doesn't show hand
*** SUMMARY ***
Total pot $12 | Rake $0.24
Board [Qh Jh Js]
Seat 1: barranqueiro (big blind) folded on the Flop
Seat 5: TinaTurner72 (button) (small blind) collected ($11.76)


