PokerStars Hand #173138498629:  Hold'em Limit ($3/$6 USD) - 2017/07/17 1:57:51 ET
Table 'Lacrimosa' 6-max Seat #1 is the button
Seat 1: faxe93 ($120 in chips)
Seat 4: Agrotait ($72 in chips)
faxe93: posts small blind $1
Agrotait: posts big blind $3
*** HOLE CARDS ***
faxe93: raises $3 to $6
Lsalimov joins the table at seat #2
Agrotait: calls $3
*** FLOP *** [Th 9c As]
Agrotait: checks
faxe93: bets $3
Agrotait: folds
Uncalled bet ($3) returned to faxe93
faxe93 collected $11.76 from pot
faxe93: doesn't show hand
*** SUMMARY ***
Total pot $12 | Rake $0.24
Board [Th 9c As]
Seat 1: faxe93 (button) (small blind) collected ($11.76)
Seat 4: Agrotait (big blind) folded on the Flop


PokerStars Hand #173138526689:  Hold'em Limit ($3/$6 USD) - 2017/07/17 2:00:09 ET
Table 'Lacrimosa' 6-max Seat #1 is the button
Seat 1: faxe93 ($130.26 in chips)
Seat 2: Lsalimov ($81.64 in chips)
faxe93: posts small blind $1
Lsalimov: posts big blind $3
*** HOLE CARDS ***
faxe93: folds
Uncalled bet ($2) returned to Lsalimov
Lsalimov collected $2 from pot
Lsalimov: doesn't show hand
*** SUMMARY ***
Total pot $2 | Rake $0
Seat 1: faxe93 (button) (small blind) folded before Flop
Seat 2: Lsalimov (big blind) collected ($2)


PokerStars Hand #173138519968:  Hold'em Limit ($3/$6 USD) - 2017/07/17 1:59:36 ET
Table 'Lacrimosa' 6-max Seat #2 is the button
Seat 1: faxe93 ($139.26 in chips)
Seat 2: Lsalimov ($73 in chips)
Lsalimov: posts small blind $1
faxe93: posts big blind $3
*** HOLE CARDS ***
Lsalimov: raises $3 to $6
faxe93: calls $3
*** FLOP *** [7s 5d 7c]
faxe93: checks
Lsalimov: bets $3
faxe93: calls $3
*** TURN *** [7s 5d 7c] [Jd]
faxe93: checks
Lsalimov: checks
*** RIVER *** [7s 5d 7c Jd] [7h]
faxe93: checks
Lsalimov: bets $6
faxe93: folds
Uncalled bet ($6) returned to Lsalimov
Lsalimov collected $17.64 from pot
Lsalimov: doesn't show hand
*** SUMMARY ***
Total pot $18 | Rake $0.36
Board [7s 5d 7c Jd 7h]
Seat 1: faxe93 (big blind) folded on the River
Seat 2: Lsalimov (button) (small blind) collected ($17.64)


PokerStars Hand #173138518708:  Hold'em Limit ($3/$6 USD) - 2017/07/17 1:59:30 ET
Table 'Lacrimosa' 6-max Seat #1 is the button
Seat 1: faxe93 ($140.26 in chips)
Seat 2: Lsalimov ($72 in chips)
faxe93: posts small blind $1
Lsalimov: posts big blind $3
Agrotait leaves the table
*** HOLE CARDS ***
faxe93: folds
Uncalled bet ($2) returned to Lsalimov
Lsalimov collected $2 from pot
Lsalimov: doesn't show hand
*** SUMMARY ***
Total pot $2 | Rake $0
Seat 1: faxe93 (button) (small blind) folded before Flop
Seat 2: Lsalimov (big blind) collected ($2)


PokerStars Hand #173138507004:  Hold'em Limit ($3/$6 USD) - 2017/07/17 1:58:32 ET
Table 'Lacrimosa' 6-max Seat #4 is the button
Seat 1: faxe93 ($125.76 in chips)
Seat 4: Agrotait ($66 in chips)
Agrotait: posts small blind $1
faxe93: posts big blind $3
*** HOLE CARDS ***
Agrotait: raises $3 to $6
faxe93: calls $3
*** FLOP *** [Ah Th 9d]
faxe93: bets $3
Agrotait: calls $3
*** TURN *** [Ah Th 9d] [8d]
faxe93: checks
Agrotait: checks
*** RIVER *** [Ah Th 9d 8d] [Ad]
faxe93: bets $6
Agrotait: calls $6
*** SHOW DOWN ***
faxe93: shows [6h 8h] (two pair, Aces and Eights)
Agrotait: mucks hand
faxe93 collected $29.50 from pot
*** SUMMARY ***
Total pot $30 | Rake $0.50
Board [Ah Th 9d 8d Ad]
Seat 1: faxe93 (big blind) showed [6h 8h] and won ($29.50) with two pair, Aces and Eights
Seat 4: Agrotait (button) (small blind) mucked


PokerStars Hand #173138535936:  Hold'em Limit ($3/$6 USD) - 2017/07/17 2:00:54 ET
Table 'Lacrimosa' 6-max Seat #2 is the button
Seat 1: faxe93 ($136.90 in chips)
Seat 2: Lsalimov ($74.64 in chips)
Lsalimov: posts small blind $1
faxe93: posts big blind $3
*** HOLE CARDS ***
Lsalimov: raises $3 to $6
faxe93: calls $3
*** FLOP *** [Qc 8d Tc]
faxe93: checks
Lsalimov: bets $3
faxe93: calls $3
*** TURN *** [Qc 8d Tc] [2s]
faxe93: checks
Lsalimov: bets $6
faxe93: calls $6
*** RIVER *** [Qc 8d Tc 2s] [7s]
faxe93: checks
Lsalimov: bets $6
faxe93: folds
Uncalled bet ($6) returned to Lsalimov
Lsalimov collected $29.50 from pot
Lsalimov: doesn't show hand
*** SUMMARY ***
Total pot $30 | Rake $0.50
Board [Qc 8d Tc 2s 7s]
Seat 1: faxe93 (big blind) folded on the River
Seat 2: Lsalimov (button) (small blind) collected ($29.50)


PokerStars Hand #173138534515:  Hold'em Limit ($3/$6 USD) - 2017/07/17 2:00:47 ET
Table 'Lacrimosa' 6-max Seat #1 is the button
Seat 1: faxe93 ($133.90 in chips)
Seat 2: Lsalimov ($77.64 in chips)
faxe93: posts small blind $1
Lsalimov: posts big blind $3
*** HOLE CARDS ***
faxe93: raises $3 to $6
Lsalimov: folds
Uncalled bet ($3) returned to faxe93
faxe93 collected $6 from pot
faxe93: doesn't show hand
*** SUMMARY ***
Total pot $6 | Rake $0
Seat 1: faxe93 (button) (small blind) collected ($6)
Seat 2: Lsalimov (big blind) folded before Flop


PokerStars Hand #173138531625:  Hold'em Limit ($3/$6 USD) - 2017/07/17 2:00:33 ET
Table 'Lacrimosa' 6-max Seat #2 is the button
Seat 1: faxe93 ($125.26 in chips)
Seat 2: Lsalimov ($86.64 in chips)
Lsalimov: posts small blind $1
faxe93: posts big blind $3
*** HOLE CARDS ***
Lsalimov: raises $3 to $6
faxe93: raises $3 to $9
Lsalimov: calls $3
*** FLOP *** [Qc Ac Js]
faxe93: bets $3
Lsalimov: folds
Uncalled bet ($3) returned to faxe93
faxe93 collected $17.64 from pot
faxe93: doesn't show hand
*** SUMMARY ***
Total pot $18 | Rake $0.36
Board [Qc Ac Js]
Seat 1: faxe93 (big blind) collected ($17.64)
Seat 2: Lsalimov (button) (small blind) folded on the Flop


PokerStars Hand #173138530406:  Hold'em Limit ($3/$6 USD) - 2017/07/17 2:00:27 ET
Table 'Lacrimosa' 6-max Seat #1 is the button
Seat 1: faxe93 ($126.26 in chips)
Seat 2: Lsalimov ($85.64 in chips)
faxe93: posts small blind $1
Lsalimov: posts big blind $3
*** HOLE CARDS ***
faxe93: folds
Uncalled bet ($2) returned to Lsalimov
Lsalimov collected $2 from pot
Lsalimov: doesn't show hand
*** SUMMARY ***
Total pot $2 | Rake $0
Seat 1: faxe93 (button) (small blind) folded before Flop
Seat 2: Lsalimov (big blind) collected ($2)


PokerStars Hand #173138527802:  Hold'em Limit ($3/$6 USD) - 2017/07/17 2:00:15 ET
Table 'Lacrimosa' 6-max Seat #2 is the button
Seat 1: faxe93 ($129.26 in chips)
Seat 2: Lsalimov ($82.64 in chips)
Lsalimov: posts small blind $1
faxe93: posts big blind $3
*** HOLE CARDS ***
Lsalimov: raises $3 to $6
faxe93: folds
Uncalled bet ($3) returned to Lsalimov
Lsalimov collected $6 from pot
Lsalimov: doesn't show hand
*** SUMMARY ***
Total pot $6 | Rake $0
Seat 1: faxe93 (big blind) folded before Flop
Seat 2: Lsalimov (button) (small blind) collected ($6)


PokerStars Hand #173138550794:  Hold'em Limit ($3/$6 USD) - 2017/07/17 2:02:00 ET
Table 'Lacrimosa' 6-max Seat #1 is the button
Seat 1: faxe93 ($136.40 in chips)
Seat 2: Lsalimov ($74.02 in chips)
faxe93: posts small blind $1
Lsalimov: posts big blind $3
*** HOLE CARDS ***
faxe93: raises $3 to $6
Lsalimov: calls $3
*** FLOP *** [Tc 9s 6d]
Lsalimov: checks
faxe93: bets $3
Lsalimov: raises $3 to $6
faxe93: calls $3
*** TURN *** [Tc 9s 6d] [Js]
Lsalimov: bets $6
faxe93: calls $6
*** RIVER *** [Tc 9s 6d Js] [2h]
Lsalimov: bets $6
faxe93: folds
Uncalled bet ($6) returned to Lsalimov
Lsalimov collected $35.50 from pot
Lsalimov: doesn't show hand
*** SUMMARY ***
Total pot $36 | Rake $0.50
Board [Tc 9s 6d Js 2h]
Seat 1: faxe93 (button) (small blind) folded on the River
Seat 2: Lsalimov (big blind) collected ($35.50)


PokerStars Hand #173138544427:  Hold'em Limit ($3/$6 USD) - 2017/07/17 2:01:31 ET
Table 'Lacrimosa' 6-max Seat #2 is the button
Seat 1: faxe93 ($118.90 in chips)
Seat 2: Lsalimov ($92.02 in chips)
Lsalimov: posts small blind $1
faxe93: posts big blind $3
*** HOLE CARDS ***
Lsalimov: raises $3 to $6
faxe93: raises $3 to $9
Lsalimov: calls $3
*** FLOP *** [6c 3s 4d]
faxe93: bets $3
Lsalimov: calls $3
*** TURN *** [6c 3s 4d] [9s]
faxe93: bets $6
Lsalimov: calls $6
*** RIVER *** [6c 3s 4d 9s] [6s]
faxe93: checks
Lsalimov: checks
*** SHOW DOWN ***
faxe93: shows [5h Ac] (a pair of Sixes)
Lsalimov: mucks hand
faxe93 collected $35.50 from pot
*** SUMMARY ***
Total pot $36 | Rake $0.50
Board [6c 3s 4d 9s 6s]
Seat 1: faxe93 (big blind) showed [5h Ac] and won ($35.50) with a pair of Sixes
Seat 2: Lsalimov (button) (small blind) mucked


PokerStars Hand #173138540761:  Hold'em Limit ($3/$6 USD) - 2017/07/17 2:01:15 ET
Table 'Lacrimosa' 6-max Seat #1 is the button
Seat 1: faxe93 ($121.90 in chips)
Seat 2: Lsalimov ($89.14 in chips)
faxe93: posts small blind $1
Lsalimov: posts big blind $3
*** HOLE CARDS ***
faxe93: calls $2
Lsalimov: checks
*** FLOP *** [Kh Ad 2d]
Lsalimov: bets $3
faxe93: folds
Uncalled bet ($3) returned to Lsalimov
Lsalimov collected $5.88 from pot
Lsalimov: doesn't show hand
*** SUMMARY ***
Total pot $6 | Rake $0.12
Board [Kh Ad 2d]
Seat 1: faxe93 (button) (small blind) folded on the Flop
Seat 2: Lsalimov (big blind) collected ($5.88)


PokerStars Hand #173138558476:  Hold'em Limit ($3/$6 USD) - 2017/07/17 2:02:34 ET
Table 'Lacrimosa' 6-max Seat #2 is the button
Seat 1: faxe93 ($123.16 in chips)
Seat 2: Lsalimov ($86.52 in chips)
Lsalimov: posts small blind $1
faxe93: posts big blind $3
*** HOLE CARDS ***
Lsalimov: raises $3 to $6
faxe93: calls $3
*** FLOP *** [8c 7s 3d]
faxe93: checks
Lsalimov: bets $3
faxe93: folds
Uncalled bet ($3) returned to Lsalimov
Lsalimov collected $11.76 from pot
Lsalimov: doesn't show hand
*** SUMMARY ***
Total pot $12 | Rake $0.24
Board [8c 7s 3d]
Seat 1: faxe93 (big blind) folded on the Flop
Seat 2: Lsalimov (button) (small blind) collected ($11.76)


PokerStars Hand #173138560665:  Hold'em Limit ($3/$6 USD) - 2017/07/17 2:02:44 ET
Table 'Lacrimosa' 6-max Seat #1 is the button
Seat 1: faxe93 ($117.16 in chips)
Seat 2: Lsalimov ($92.28 in chips)
faxe93: posts small blind $1
Lsalimov: posts big blind $3
*** HOLE CARDS ***
faxe93: raises $3 to $6
Lsalimov: raises $3 to $9
faxe93: calls $3
*** FLOP *** [Jc 2s 9d]
Lsalimov: bets $3
faxe93: raises $3 to $6
Lsalimov: raises $3 to $9
faxe93: raises $3 to $12
Betting is capped
Lsalimov: calls $3
*** TURN *** [Jc 2s 9d] [Kh]
Lsalimov: bets $6
faxe93: calls $6
*** RIVER *** [Jc 2s 9d Kh] [As]
Lsalimov: bets $6
faxe93: calls $6
*** SHOW DOWN ***
Lsalimov: shows [Qd Qs] (a pair of Queens)
faxe93: mucks hand
Lsalimov collected $65.50 from pot
*** SUMMARY ***
Total pot $66 | Rake $0.50
Board [Jc 2s 9d Kh As]
Seat 1: faxe93 (button) (small blind) mucked
Seat 2: Lsalimov (big blind) showed [Qd Qs] and won ($65.50) with a pair of Queens


PokerStars Hand #173138565156:  Hold'em Limit ($3/$6 USD) - 2017/07/17 2:03:03 ET
Table 'Lacrimosa' 6-max Seat #2 is the button
Seat 1: faxe93 ($84.16 in chips)
Seat 2: Lsalimov ($124.78 in chips)
Lsalimov: posts small blind $1
faxe93: posts big blind $3
*** HOLE CARDS ***
Lsalimov: raises $3 to $6
faxe93: raises $3 to $9
Lsalimov: calls $3
*** FLOP *** [3h 9s 5s]
faxe93: bets $3
Lsalimov: calls $3
*** TURN *** [3h 9s 5s] [7h]
faxe93: checks
Lsalimov: checks
*** RIVER *** [3h 9s 5s 7h] [Qh]
faxe93: checks
Lsalimov: checks
*** SHOW DOWN ***
faxe93: shows [8d Kc] (high card King)
Lsalimov: shows [Kd Jd] (high card King - Queen+Jack kicker)
Lsalimov collected $23.52 from pot
*** SUMMARY ***
Total pot $24 | Rake $0.48
Board [3h 9s 5s 7h Qh]
Seat 1: faxe93 (big blind) showed [8d Kc] and lost with high card King
Seat 2: Lsalimov (button) (small blind) showed [Kd Jd] and won ($23.52) with high card King


PokerStars Hand #173138557262:  Hold'em Limit ($3/$6 USD) - 2017/07/17 2:02:29 ET
Table 'Lacrimosa' 6-max Seat #1 is the button
Seat 1: faxe93 ($124.16 in chips)
Seat 2: Lsalimov ($85.52 in chips)
faxe93: posts small blind $1
Lsalimov: posts big blind $3
*** HOLE CARDS ***
faxe93: folds
Uncalled bet ($2) returned to Lsalimov
Lsalimov collected $2 from pot
Lsalimov: doesn't show hand
*** SUMMARY ***
Total pot $2 | Rake $0
Seat 1: faxe93 (button) (small blind) folded before Flop
Seat 2: Lsalimov (big blind) collected ($2)


PokerStars Hand #173138554752:  Hold'em Limit ($3/$6 USD) - 2017/07/17 2:02:17 ET
Table 'Lacrimosa' 6-max Seat #2 is the button
Seat 1: faxe93 ($118.40 in chips)
Seat 2: Lsalimov ($91.52 in chips)
Lsalimov: posts small blind $1
faxe93: posts big blind $3
*** HOLE CARDS ***
Lsalimov: raises $3 to $6
faxe93: calls $3
*** FLOP *** [Ks Ah 9c]
faxe93: bets $3
Lsalimov: folds
Uncalled bet ($3) returned to faxe93
faxe93 collected $11.76 from pot
faxe93: doesn't show hand
*** SUMMARY ***
Total pot $12 | Rake $0.24
Board [Ks Ah 9c]
Seat 1: faxe93 (big blind) collected ($11.76)
Seat 2: Lsalimov (button) (small blind) folded on the Flop


PokerStars Hand #173138578639:  Hold'em Limit ($3/$6 USD) - 2017/07/17 2:03:55 ET
Table 'Lacrimosa' 6-max Seat #1 is the button
Seat 1: faxe93 ($95.42 in chips)
Seat 2: Lsalimov ($112.30 in chips)
faxe93: posts small blind $1
Lsalimov: posts big blind $3
*** HOLE CARDS ***
faxe93: calls $2
Lsalimov: checks
*** FLOP *** [Jh 8h 7c]
Lsalimov: checks
faxe93: bets $3
Lsalimov: folds
Uncalled bet ($3) returned to faxe93
faxe93 collected $5.88 from pot
faxe93: doesn't show hand
*** SUMMARY ***
Total pot $6 | Rake $0.12
Board [Jh 8h 7c]
Seat 1: faxe93 (button) (small blind) collected ($5.88)
Seat 2: Lsalimov (big blind) folded on the Flop


PokerStars Hand #173138574082:  Hold'em Limit ($3/$6 USD) - 2017/07/17 2:03:36 ET
Table 'Lacrimosa' 6-max Seat #2 is the button
Seat 1: faxe93 ($77.92 in chips)
Seat 2: Lsalimov ($130.30 in chips)
Lsalimov: posts small blind $1
faxe93: posts big blind $3
*** HOLE CARDS ***
Lsalimov: raises $3 to $6
faxe93: raises $3 to $9
Lsalimov: calls $3
*** FLOP *** [6s 7h 3c]
faxe93: bets $3
Lsalimov: calls $3
*** TURN *** [6s 7h 3c] [4h]
faxe93: bets $6
Lsalimov: calls $6
*** RIVER *** [6s 7h 3c 4h] [Qh]
faxe93: bets $6
Lsalimov: folds
Uncalled bet ($6) returned to faxe93
faxe93 collected $35.50 from pot
faxe93: doesn't show hand
*** SUMMARY ***
Total pot $36 | Rake $0.50
Board [6s 7h 3c 4h Qh]
Seat 1: faxe93 (big blind) collected ($35.50)
Seat 2: Lsalimov (button) (small blind) folded on the River


PokerStars Hand #173138571255:  Hold'em Limit ($3/$6 USD) - 2017/07/17 2:03:23 ET
Table 'Lacrimosa' 6-max Seat #1 is the button
Seat 1: faxe93 ($72.16 in chips)
Seat 2: Lsalimov ($136.30 in chips)
faxe93: posts small blind $1
Lsalimov: posts big blind $3
*** HOLE CARDS ***
faxe93: raises $3 to $6
Lsalimov: calls $3
*** FLOP *** [8s 2c 5c]
Lsalimov: checks
faxe93: checks
*** TURN *** [8s 2c 5c] [5d]
Lsalimov: checks
faxe93: bets $6
Lsalimov: folds
Uncalled bet ($6) returned to faxe93
faxe93 collected $11.76 from pot
faxe93: doesn't show hand
*** SUMMARY ***
Total pot $12 | Rake $0.24
Board [8s 2c 5c 5d]
Seat 1: faxe93 (button) (small blind) collected ($11.76)
Seat 2: Lsalimov (big blind) folded on the Turn


PokerStars Hand #173138583631:  Hold'em Limit ($3/$6 USD) - 2017/07/17 2:04:17 ET
Table 'Lacrimosa' 6-max Seat #1 is the button
Seat 1: faxe93 ($92.30 in chips)
Seat 2: Lsalimov ($115.06 in chips)
faxe93: posts small blind $1
Lsalimov: posts big blind $3
*** HOLE CARDS ***
faxe93: folds
Uncalled bet ($2) returned to Lsalimov
Lsalimov collected $2 from pot
Lsalimov: doesn't show hand
*** SUMMARY ***
Total pot $2 | Rake $0
Seat 1: faxe93 (button) (small blind) folded before Flop
Seat 2: Lsalimov (big blind) collected ($2)


PokerStars Hand #173138581210:  Hold'em Limit ($3/$6 USD) - 2017/07/17 2:04:07 ET
Table 'Lacrimosa' 6-max Seat #2 is the button
Seat 1: faxe93 ($98.30 in chips)
Seat 2: Lsalimov ($109.30 in chips)
Lsalimov: posts small blind $1
faxe93: posts big blind $3
*** HOLE CARDS ***
Lsalimov: raises $3 to $6
faxe93: calls $3
*** FLOP *** [3d 2c Qc]
faxe93: checks
Lsalimov: bets $3
faxe93: folds
Uncalled bet ($3) returned to Lsalimov
Lsalimov collected $11.76 from pot
Lsalimov: doesn't show hand
*** SUMMARY ***
Total pot $12 | Rake $0.24
Board [3d 2c Qc]
Seat 1: faxe93 (big blind) folded on the Flop
Seat 2: Lsalimov (button) (small blind) collected ($11.76)


PokerStars Hand #173138592990:  Hold'em Limit ($3/$6 USD) - 2017/07/17 2:04:58 ET
Table 'Lacrimosa' 6-max Seat #2 is the button
Seat 1: faxe93 ($111.80 in chips)
Seat 2: Lsalimov ($94.82 in chips)
Lsalimov: posts small blind $1
faxe93: posts big blind $3
*** HOLE CARDS ***
Lsalimov: folds
Uncalled bet ($2) returned to faxe93
faxe93 collected $2 from pot
faxe93: doesn't show hand
*** SUMMARY ***
Total pot $2 | Rake $0
Seat 1: faxe93 (big blind) collected ($2)
Seat 2: Lsalimov (button) (small blind) folded before Flop


PokerStars Hand #173138584997:  Hold'em Limit ($3/$6 USD) - 2017/07/17 2:04:23 ET
Table 'Lacrimosa' 6-max Seat #2 is the button
Seat 1: faxe93 ($91.30 in chips)
Seat 2: Lsalimov ($116.06 in chips)
Lsalimov: posts small blind $1
faxe93: posts big blind $3
*** HOLE CARDS ***
Lsalimov: raises $3 to $6
faxe93: raises $3 to $9
Lsalimov: calls $3
*** FLOP *** [6s 4s Tc]
faxe93: bets $3
Lsalimov: raises $3 to $6
faxe93: calls $3
*** TURN *** [6s 4s Tc] [4c]
faxe93: checks
Lsalimov: bets $6
faxe93: calls $6
*** RIVER *** [6s 4s Tc 4c] [Ts]
faxe93: checks
Lsalimov: bets $6
faxe93: calls $6
*** SHOW DOWN ***
Lsalimov: shows [2h 3h] (two pair, Tens and Fours)
faxe93: shows [Ad Jh] (two pair, Tens and Fours - Ace kicker)
faxe93 collected $53.50 from pot
*** SUMMARY ***
Total pot $54 | Rake $0.50
Board [6s 4s Tc 4c Ts]
Seat 1: faxe93 (big blind) showed [Ad Jh] and won ($53.50) with two pair, Tens and Fours
Seat 2: Lsalimov (button) (small blind) showed [2h 3h] and lost with two pair, Tens and Fours


PokerStars Hand #173138604911:  Hold'em Limit ($3/$6 USD) - 2017/07/17 2:05:50 ET
Table 'Lacrimosa' 6-max Seat #1 is the button
Seat 1: faxe93 ($156.80 in chips)
Seat 2: Lsalimov ($72 in chips)
faxe93: posts small blind $1
Lsalimov: posts big blind $3
*** HOLE CARDS ***
faxe93: folds
Uncalled bet ($2) returned to Lsalimov
Lsalimov collected $2 from pot
Lsalimov: doesn't show hand
*** SUMMARY ***
Total pot $2 | Rake $0
Seat 1: faxe93 (button) (small blind) folded before Flop
Seat 2: Lsalimov (big blind) collected ($2)


PokerStars Hand #173138599767:  Hold'em Limit ($3/$6 USD) - 2017/07/17 2:05:27 ET
Table 'Lacrimosa' 6-max Seat #2 is the button
Seat 1: faxe93 ($136.30 in chips)
Seat 2: Lsalimov ($72 in chips)
Lsalimov: posts small blind $1
faxe93: posts big blind $3
*** HOLE CARDS ***
Lsalimov: raises $3 to $6
faxe93: calls $3
*** FLOP *** [7d 5c Tc]
faxe93: bets $3
Lsalimov: calls $3
*** TURN *** [7d 5c Tc] [6s]
faxe93: bets $6
Lsalimov: calls $6
*** RIVER *** [7d 5c Tc 6s] [Th]
faxe93: bets $6
Lsalimov: calls $6
*** SHOW DOWN ***
faxe93: shows [Jd 7c] (two pair, Tens and Sevens)
Lsalimov: mucks hand
faxe93 collected $41.50 from pot
*** SUMMARY ***
Total pot $42 | Rake $0.50
Board [7d 5c Tc 6s Th]
Seat 1: faxe93 (big blind) showed [Jd 7c] and won ($41.50) with two pair, Tens and Sevens
Seat 2: Lsalimov (button) (small blind) mucked


