PokerStars Hand #163069051175:  Hold'em Limit ($3/$6 USD) - 2016/12/17 2:30:46 ET
Table 'Lacrimosa' 6-max Seat #2 is the button
Seat 2: feilinho ($120 in chips)
Seat 3: Alan1918 ($63.85 in chips)
feilinho: posts small blind $1
Alan1918: posts big blind $3
*** HOLE CARDS ***
feilinho: raises $3 to $6
Alan1918: calls $3
*** FLOP *** [5d Jd Kc]
Agrotait leaves the table
Alan1918: checks
feilinho: bets $3
Alan1918: folds
Uncalled bet ($3) returned to feilinho
feilinho collected $11.76 from pot
*** SUMMARY ***
Total pot $12 | Rake $0.24
Board [5d Jd Kc]
Seat 2: feilinho (button) (small blind) collected ($11.76)
Seat 3: Alan1918 (big blind) folded on the Flop


PokerStars Hand #163069056599:  Hold'em Limit ($3/$6 USD) - 2016/12/17 2:31:03 ET
Table 'Lacrimosa' 6-max Seat #3 is the button
Seat 2: feilinho ($125.76 in chips)
Seat 3: Alan1918 ($57.85 in chips)
Alan1918: posts small blind $1
feilinho: posts big blind $3
*** HOLE CARDS ***
Alan1918: raises $3 to $6
feilinho: calls $3
*** FLOP *** [7d 7c 6s]
feilinho: checks
Alan1918: checks
*** TURN *** [7d 7c 6s] [8d]
feilinho: checks
Alan1918: bets $6
feilinho: raises $6 to $12
Alan1918: calls $6
*** RIVER *** [7d 7c 6s 8d] [Ts]
feilinho: checks
Alan1918: bets $6
feilinho: calls $6
*** SHOW DOWN ***
Alan1918: shows [Ac Ks] (a pair of Sevens)
feilinho: shows [2d 6d] (two pair, Sevens and Sixes)
feilinho collected $47.50 from pot
*** SUMMARY ***
Total pot $48 | Rake $0.50
Board [7d 7c 6s 8d Ts]
Seat 2: feilinho (big blind) showed [2d 6d] and won ($47.50) with two pair, Sevens and Sixes
Seat 3: Alan1918 (button) (small blind) showed [Ac Ks] and lost with a pair of Sevens


PokerStars Hand #163069071910:  Hold'em Limit ($3/$6 USD) - 2016/12/17 2:31:52 ET
Table 'Lacrimosa' 6-max Seat #3 is the button
Seat 2: feilinho ($152.26 in chips)
Seat 3: Alan1918 ($30.85 in chips)
Alan1918: posts small blind $1
feilinho: posts big blind $3
*** HOLE CARDS ***
Alan1918: raises $3 to $6
feilinho: folds
Uncalled bet ($3) returned to Alan1918
Alan1918 collected $6 from pot
Alan1918: doesn't show hand
*** SUMMARY ***
Total pot $6 | Rake $0
Seat 2: feilinho (big blind) folded before Flop
Seat 3: Alan1918 (button) (small blind) collected ($6)


PokerStars Hand #163069068915:  Hold'em Limit ($3/$6 USD) - 2016/12/17 2:31:42 ET
Table 'Lacrimosa' 6-max Seat #2 is the button
Seat 2: feilinho ($149.26 in chips)
Seat 3: Alan1918 ($33.85 in chips)
feilinho: posts small blind $1
Alan1918: posts big blind $3
*** HOLE CARDS ***
feilinho: raises $3 to $6
Alan1918: folds
Uncalled bet ($3) returned to feilinho
feilinho collected $6 from pot
*** SUMMARY ***
Total pot $6 | Rake $0
Seat 2: feilinho (button) (small blind) collected ($6)
Seat 3: Alan1918 (big blind) folded before Flop


PokerStars Hand #163069074305:  Hold'em Limit ($3/$6 USD) - 2016/12/17 2:31:59 ET
Table 'Lacrimosa' 6-max Seat #2 is the button
Seat 2: feilinho ($149.26 in chips)
Seat 3: Alan1918 ($33.85 in chips)
feilinho: posts small blind $1
Alan1918: posts big blind $3
*** HOLE CARDS ***
feilinho: folds
Uncalled bet ($2) returned to Alan1918
Alan1918 collected $2 from pot
Alan1918: doesn't show hand
*** SUMMARY ***
Total pot $2 | Rake $0
Seat 2: feilinho (button) (small blind) folded before Flop
Seat 3: Alan1918 (big blind) collected ($2)


PokerStars Hand #163069076144:  Hold'em Limit ($3/$6 USD) - 2016/12/17 2:32:05 ET
Table 'Lacrimosa' 6-max Seat #3 is the button
Seat 2: feilinho ($148.26 in chips)
Seat 3: Alan1918 ($34.85 in chips)
Alan1918: posts small blind $1
feilinho: posts big blind $3
*** HOLE CARDS ***
Alan1918: raises $3 to $6
feilinho: calls $3
*** FLOP *** [9d Jc Ah]
feilinho: checks
Alan1918: bets $3
feilinho: folds
Uncalled bet ($3) returned to Alan1918
Alan1918 collected $11.76 from pot
Alan1918: doesn't show hand
*** SUMMARY ***
Total pot $12 | Rake $0.24
Board [9d Jc Ah]
Seat 2: feilinho (big blind) folded on the Flop
Seat 3: Alan1918 (button) (small blind) collected ($11.76)


PokerStars Hand #163069081756:  Hold'em Limit ($3/$6 USD) - 2016/12/17 2:32:22 ET
Table 'Lacrimosa' 6-max Seat #2 is the button
Seat 2: feilinho ($142.26 in chips)
Seat 3: Alan1918 ($40.61 in chips)
feilinho: posts small blind $1
Alan1918: posts big blind $3
*** HOLE CARDS ***
feilinho: raises $3 to $6
Alan1918: raises $3 to $9
feilinho: calls $3
*** FLOP *** [3c Jd 2h]
Alan1918: bets $3
feilinho: calls $3
*** TURN *** [3c Jd 2h] [7h]
Alan1918: bets $6
feilinho: folds
Uncalled bet ($6) returned to Alan1918
Alan1918 collected $23.52 from pot
Alan1918: doesn't show hand
*** SUMMARY ***
Total pot $24 | Rake $0.48
Board [3c Jd 2h 7h]
Seat 2: feilinho (button) (small blind) folded on the Turn
Seat 3: Alan1918 (big blind) collected ($23.52)


PokerStars Hand #163069088269:  Hold'em Limit ($3/$6 USD) - 2016/12/17 2:32:42 ET
Table 'Lacrimosa' 6-max Seat #3 is the button
Seat 2: feilinho ($130.26 in chips)
Seat 3: Alan1918 ($52.13 in chips)
Alan1918: posts small blind $1
feilinho: posts big blind $3
*** HOLE CARDS ***
Alan1918: calls $2
feilinho: checks
*** FLOP *** [4d 2d Kh]
feilinho: checks
Alan1918: bets $3
feilinho: folds
Uncalled bet ($3) returned to Alan1918
Alan1918 collected $5.88 from pot
Alan1918: doesn't show hand
*** SUMMARY ***
Total pot $6 | Rake $0.12
Board [4d 2d Kh]
Seat 2: feilinho (big blind) folded on the Flop
Seat 3: Alan1918 (button) (small blind) collected ($5.88)


PokerStars Hand #163069092418:  Hold'em Limit ($3/$6 USD) - 2016/12/17 2:32:55 ET
Table 'Lacrimosa' 6-max Seat #2 is the button
Seat 2: feilinho ($127.26 in chips)
Seat 3: Alan1918 ($55.01 in chips)
feilinho: posts small blind $1
Alan1918: posts big blind $3
*** HOLE CARDS ***
feilinho: raises $3 to $6
Alan1918: calls $3
*** FLOP *** [6c Kh Js]
Alan1918: checks
feilinho: bets $3
Alan1918: calls $3
*** TURN *** [6c Kh Js] [Qc]
Alan1918: bets $6
feilinho: calls $6
*** RIVER *** [6c Kh Js Qc] [4h]
Alan1918: bets $6
feilinho: folds
Uncalled bet ($6) returned to Alan1918
Alan1918 collected $29.50 from pot
Alan1918: doesn't show hand
*** SUMMARY ***
Total pot $30 | Rake $0.50
Board [6c Kh Js Qc 4h]
Seat 2: feilinho (button) (small blind) folded on the River
Seat 3: Alan1918 (big blind) collected ($29.50)


PokerStars Hand #163069099450:  Hold'em Limit ($3/$6 USD) - 2016/12/17 2:33:17 ET
Table 'Lacrimosa' 6-max Seat #3 is the button
Seat 2: feilinho ($112.26 in chips)
Seat 3: Alan1918 ($69.51 in chips)
Alan1918: posts small blind $1
feilinho: posts big blind $3
*** HOLE CARDS ***
Alan1918: raises $3 to $6
feilinho: calls $3
*** FLOP *** [Ks 3c Tc]
feilinho: checks
Alan1918: bets $3
feilinho: folds
Uncalled bet ($3) returned to Alan1918
Alan1918 collected $11.76 from pot
Alan1918: doesn't show hand
*** SUMMARY ***
Total pot $12 | Rake $0.24
Board [Ks 3c Tc]
Seat 2: feilinho (big blind) folded on the Flop
Seat 3: Alan1918 (button) (small blind) collected ($11.76)


PokerStars Hand #163069102781:  Hold'em Limit ($3/$6 USD) - 2016/12/17 2:33:28 ET
Table 'Lacrimosa' 6-max Seat #2 is the button
Seat 2: feilinho ($106.26 in chips)
Seat 3: Alan1918 ($75.27 in chips)
feilinho: posts small blind $1
Alan1918: posts big blind $3
*** HOLE CARDS ***
feilinho: folds
Uncalled bet ($2) returned to Alan1918
Alan1918 collected $2 from pot
Alan1918: doesn't show hand
*** SUMMARY ***
Total pot $2 | Rake $0
Seat 2: feilinho (button) (small blind) folded before Flop
Seat 3: Alan1918 (big blind) collected ($2)


