PokerStars Hand #172760069559:  Hold'em Limit ($3/$6 USD) - 2017/07/08 9:41:03 ET
Table 'Laetitia' 6-max Seat #6 is the button
Seat 4: VolkovDmitri ($120 in chips)
Seat 6: HCOOG5 ($135.31 in chips)
HCOOG5: posts small blind $1
VolkovDmitri: posts big blind $3
*** HOLE CARDS ***
HCOOG5: folds
Uncalled bet ($2) returned to VolkovDmitri
VolkovDmitri collected $2 from pot
VolkovDmitri: doesn't show hand
*** SUMMARY ***
Total pot $2 | Rake $0
Seat 4: VolkovDmitri (big blind) collected ($2)
Seat 6: HCOOG5 (button) (small blind) folded before Flop


PokerStars Hand #172760075456:  Hold'em Limit ($3/$6 USD) - 2017/07/08 9:41:13 ET
Table 'Laetitia' 6-max Seat #4 is the button
Seat 4: VolkovDmitri ($121 in chips)
Seat 6: HCOOG5 ($134.31 in chips)
VolkovDmitri: posts small blind $1
HCOOG5: posts big blind $3
*** HOLE CARDS ***
VolkovDmitri: raises $3 to $6
HCOOG5: calls $3
*** FLOP *** [Ad 7h 2c]
HCOOG5: checks
VolkovDmitri: bets $3
HCOOG5: calls $3
*** TURN *** [Ad 7h 2c] [4h]
HCOOG5: checks
VolkovDmitri: bets $6
HCOOG5: calls $6
*** RIVER *** [Ad 7h 2c 4h] [8d]
HCOOG5: checks
VolkovDmitri: checks
*** SHOW DOWN ***
HCOOG5: shows [Kc 2d] (a pair of Deuces)
VolkovDmitri: shows [4c 5c] (a pair of Fours)
VolkovDmitri collected $29.50 from pot
*** SUMMARY ***
Total pot $30 | Rake $0.50
Board [Ad 7h 2c 4h 8d]
Seat 4: VolkovDmitri (button) (small blind) showed [4c 5c] and won ($29.50) with a pair of Fours
Seat 6: HCOOG5 (big blind) showed [Kc 2d] and lost with a pair of Deuces


PokerStars Hand #172760091497:  Hold'em Limit ($3/$6 USD) - 2017/07/08 9:41:40 ET
Table 'Laetitia' 6-max Seat #4 is the button
Seat 4: VolkovDmitri ($136.50 in chips)
Seat 6: HCOOG5 ($118.31 in chips)
VolkovDmitri: posts small blind $1
HCOOG5: posts big blind $3
*** HOLE CARDS ***
VolkovDmitri: raises $3 to $6
HCOOG5: calls $3
*** FLOP *** [6c Kc Jc]
HCOOG5: checks
VolkovDmitri: bets $3
HCOOG5: calls $3
*** TURN *** [6c Kc Jc] [8h]
HCOOG5: bets $6
VolkovDmitri: calls $6
*** RIVER *** [6c Kc Jc 8h] [7c]
HCOOG5: bets $6
VolkovDmitri: folds
Uncalled bet ($6) returned to HCOOG5
HCOOG5 collected $29.50 from pot
HCOOG5: doesn't show hand
*** SUMMARY ***
Total pot $30 | Rake $0.50
Board [6c Kc Jc 8h 7c]
Seat 4: VolkovDmitri (button) (small blind) folded on the River
Seat 6: HCOOG5 (big blind) collected ($29.50)


PokerStars Hand #172760088723:  Hold'em Limit ($3/$6 USD) - 2017/07/08 9:41:36 ET
Table 'Laetitia' 6-max Seat #6 is the button
Seat 4: VolkovDmitri ($135.50 in chips)
Seat 6: HCOOG5 ($119.31 in chips)
HCOOG5: posts small blind $1
VolkovDmitri: posts big blind $3
*** HOLE CARDS ***
HCOOG5: folds
Uncalled bet ($2) returned to VolkovDmitri
VolkovDmitri collected $2 from pot
VolkovDmitri: doesn't show hand
*** SUMMARY ***
Total pot $2 | Rake $0
Seat 4: VolkovDmitri (big blind) collected ($2)
Seat 6: HCOOG5 (button) (small blind) folded before Flop


PokerStars Hand #172760116417:  Hold'em Limit ($3/$6 USD) - 2017/07/08 9:42:23 ET
Table 'Laetitia' 6-max Seat #6 is the button
Seat 4: VolkovDmitri ($121.50 in chips)
Seat 6: HCOOG5 ($132.81 in chips)
HCOOG5: posts small blind $1
VolkovDmitri: posts big blind $3
*** HOLE CARDS ***
HCOOG5: raises $3 to $6
VolkovDmitri: calls $3
*** FLOP *** [6d 5c Qs]
VolkovDmitri: checks
HCOOG5: bets $3
VolkovDmitri: calls $3
*** TURN *** [6d 5c Qs] [Js]
VolkovDmitri: checks
HCOOG5: bets $6
VolkovDmitri: calls $6
*** RIVER *** [6d 5c Qs Js] [Qh]
VolkovDmitri: checks
HCOOG5: bets $6
VolkovDmitri: calls $6
*** SHOW DOWN ***
HCOOG5: shows [Qd Ad] (three of a kind, Queens)
VolkovDmitri: mucks hand
HCOOG5 collected $41.50 from pot
*** SUMMARY ***
Total pot $42 | Rake $0.50
Board [6d 5c Qs Js Qh]
Seat 4: VolkovDmitri (big blind) mucked
Seat 6: HCOOG5 (button) (small blind) showed [Qd Ad] and won ($41.50) with three of a kind, Queens


PokerStars Hand #172760139453:  Hold'em Limit ($3/$6 USD) - 2017/07/08 9:43:02 ET
Table 'Laetitia' 6-max Seat #4 is the button
Seat 4: VolkovDmitri ($120 in chips)
Seat 6: HCOOG5 ($153.31 in chips)
VolkovDmitri: posts small blind $1
HCOOG5: posts big blind $3
*** HOLE CARDS ***
VolkovDmitri: raises $3 to $6
HCOOG5: calls $3
*** FLOP *** [Qh 8h Ad]
HCOOG5: checks
VolkovDmitri: bets $3
HCOOG5: calls $3
*** TURN *** [Qh 8h Ad] [9c]
HCOOG5: checks
VolkovDmitri: checks
*** RIVER *** [Qh 8h Ad 9c] [Ks]
HCOOG5: checks
VolkovDmitri: checks
*** SHOW DOWN ***
HCOOG5: shows [6h 7h] (high card Ace)
VolkovDmitri: shows [Jd 8s] (a pair of Eights)
VolkovDmitri collected $17.64 from pot
*** SUMMARY ***
Total pot $18 | Rake $0.36
Board [Qh 8h Ad 9c Ks]
Seat 4: VolkovDmitri (button) (small blind) showed [Jd 8s] and won ($17.64) with a pair of Eights
Seat 6: HCOOG5 (big blind) showed [6h 7h] and lost with high card Ace


PokerStars Hand #172760158669:  Hold'em Limit ($3/$6 USD) - 2017/07/08 9:43:35 ET
Table 'Laetitia' 6-max Seat #6 is the button
Seat 4: VolkovDmitri ($128.64 in chips)
Seat 6: HCOOG5 ($144.31 in chips)
HCOOG5: posts small blind $1
VolkovDmitri: posts big blind $3
*** HOLE CARDS ***
HCOOG5: raises $3 to $6
VolkovDmitri: calls $3
*** FLOP *** [5d Kh 9d]
VolkovDmitri: bets $3
HCOOG5: raises $3 to $6
Anchig joins the table at seat #1
VolkovDmitri: calls $3
*** TURN *** [5d Kh 9d] [Ts]
VolkovDmitri: checks
HCOOG5: checks
*** RIVER *** [5d Kh 9d Ts] [2d]
VolkovDmitri: bets $6
HCOOG5: calls $6
*** SHOW DOWN ***
VolkovDmitri: shows [Tc Jc] (a pair of Tens)
HCOOG5: shows [6s Kc] (a pair of Kings)
HCOOG5 collected $35.50 from pot
*** SUMMARY ***
Total pot $36 | Rake $0.50
Board [5d Kh 9d Ts 2d]
Seat 4: VolkovDmitri (big blind) showed [Tc Jc] and lost with a pair of Tens
Seat 6: HCOOG5 (button) (small blind) showed [6s Kc] and won ($35.50) with a pair of Kings


PokerStars Hand #172760190105:  Hold'em Limit ($3/$6 USD) - 2017/07/08 9:44:28 ET
Table 'Laetitia' 6-max Seat #1 is the button
Seat 1: Anchig ($120 in chips)
Seat 6: HCOOG5 ($161.81 in chips)
Anchig: posts small blind $1
HCOOG5: posts big blind $3
*** HOLE CARDS ***
Anchig: raises $3 to $6
HCOOG5: calls $3
*** FLOP *** [5h 5s 2h]
HCOOG5: bets $3
Anchig: calls $3
*** TURN *** [5h 5s 2h] [4h]
HCOOG5: checks
Anchig: checks
*** RIVER *** [5h 5s 2h 4h] [4c]
HCOOG5: checks
Anchig: checks
*** SHOW DOWN ***
HCOOG5: shows [Kd 7c] (two pair, Fives and Fours)
Anchig: shows [Ks Js] (two pair, Fives and Fours)
HCOOG5 collected $8.82 from pot
Anchig collected $8.82 from pot
*** SUMMARY ***
Total pot $18 | Rake $0.36
Board [5h 5s 2h 4h 4c]
Seat 1: Anchig (button) (small blind) showed [Ks Js] and won ($8.82) with two pair, Fives and Fours
Seat 6: HCOOG5 (big blind) showed [Kd 7c] and won ($8.82) with two pair, Fives and Fours


PokerStars Hand #172760200560:  Hold'em Limit ($3/$6 USD) - 2017/07/08 9:44:46 ET
Table 'Laetitia' 6-max Seat #6 is the button
Seat 1: Anchig ($119.82 in chips)
Seat 6: HCOOG5 ($161.63 in chips)
HCOOG5: posts small blind $1
Anchig: posts big blind $3
*** HOLE CARDS ***
HCOOG5: folds
Uncalled bet ($2) returned to Anchig
Anchig collected $2 from pot
Anchig: doesn't show hand
*** SUMMARY ***
Total pot $2 | Rake $0
Seat 1: Anchig (big blind) collected ($2)
Seat 6: HCOOG5 (button) (small blind) folded before Flop


PokerStars Hand #172760203048:  Hold'em Limit ($3/$6 USD) - 2017/07/08 9:44:51 ET
Table 'Laetitia' 6-max Seat #1 is the button
Seat 1: Anchig ($120.82 in chips)
Seat 6: HCOOG5 ($160.63 in chips)
Anchig: posts small blind $1
HCOOG5: posts big blind $3
*** HOLE CARDS ***
Anchig: raises $3 to $6
HCOOG5: calls $3
*** FLOP *** [Ts 3c Ks]
HCOOG5: checks
Anchig: bets $3
HCOOG5: calls $3
*** TURN *** [Ts 3c Ks] [Kh]
HCOOG5: checks
Anchig: checks
*** RIVER *** [Ts 3c Ks Kh] [5c]
HCOOG5: checks
Anchig: checks
*** SHOW DOWN ***
HCOOG5: shows [4c Ad] (a pair of Kings)
Anchig: mucks hand
HCOOG5 collected $17.64 from pot
*** SUMMARY ***
Total pot $18 | Rake $0.36
Board [Ts 3c Ks Kh 5c]
Seat 1: Anchig (button) (small blind) mucked
Seat 6: HCOOG5 (big blind) showed [4c Ad] and won ($17.64) with a pair of Kings


PokerStars Hand #172760211611:  Hold'em Limit ($3/$6 USD) - 2017/07/08 9:45:05 ET
Table 'Laetitia' 6-max Seat #6 is the button
Seat 1: Anchig ($111.82 in chips)
Seat 6: HCOOG5 ($169.27 in chips)
HCOOG5: posts small blind $1
Anchig: posts big blind $3
*** HOLE CARDS ***
HCOOG5: calls $2
Anchig: checks
*** FLOP *** [Jd Js 8d]
Anchig: checks
HCOOG5: bets $3
Anchig: raises $3 to $6
HCOOG5: folds
Uncalled bet ($3) returned to Anchig
Anchig collected $11.76 from pot
Anchig: doesn't show hand
*** SUMMARY ***
Total pot $12 | Rake $0.24
Board [Jd Js 8d]
Seat 1: Anchig (big blind) collected ($11.76)
Seat 6: HCOOG5 (button) (small blind) folded on the Flop


PokerStars Hand #172760218683:  Hold'em Limit ($3/$6 USD) - 2017/07/08 9:45:17 ET
Table 'Laetitia' 6-max Seat #1 is the button
Seat 1: Anchig ($117.58 in chips)
Seat 6: HCOOG5 ($163.27 in chips)
Anchig: posts small blind $1
HCOOG5: posts big blind $3
*** HOLE CARDS ***
Anchig: raises $3 to $6
HCOOG5: calls $3
*** FLOP *** [Js 2d 4d]
HCOOG5: checks
Anchig: bets $3
HCOOG5: calls $3
*** TURN *** [Js 2d 4d] [Ts]
HCOOG5: checks
Anchig: bets $6
HCOOG5: calls $6
*** RIVER *** [Js 2d 4d Ts] [7h]
HCOOG5: checks
Anchig: checks
*** SHOW DOWN ***
HCOOG5: shows [4c Qd] (a pair of Fours)
Anchig: mucks hand
HCOOG5 collected $29.50 from pot
*** SUMMARY ***
Total pot $30 | Rake $0.50
Board [Js 2d 4d Ts 7h]
Seat 1: Anchig (button) (small blind) mucked
Seat 6: HCOOG5 (big blind) showed [4c Qd] and won ($29.50) with a pair of Fours


PokerStars Hand #172760247448:  Hold'em Limit ($3/$6 USD) - 2017/07/08 9:46:06 ET
Table 'Laetitia' 6-max Seat #1 is the button
Seat 1: Anchig ($128.72 in chips)
Seat 6: HCOOG5 ($150.41 in chips)
Anchig: posts small blind $1
HCOOG5: posts big blind $3
*** HOLE CARDS ***
Anchig: raises $3 to $6
HCOOG5: calls $3
*** FLOP *** [7s 5h 5c]
HCOOG5: checks
Anchig: checks
*** TURN *** [7s 5h 5c] [6h]
HCOOG5: checks
Anchig: checks
*** RIVER *** [7s 5h 5c 6h] [Qc]
HCOOG5: checks
Anchig: checks
*** SHOW DOWN ***
HCOOG5: shows [Ts 8c] (a pair of Fives)
Anchig: shows [Js 4s] (a pair of Fives - Queen+Jack kicker)
Anchig collected $11.76 from pot
*** SUMMARY ***
Total pot $12 | Rake $0.24
Board [7s 5h 5c 6h Qc]
Seat 1: Anchig (button) (small blind) showed [Js 4s] and won ($11.76) with a pair of Fives
Seat 6: HCOOG5 (big blind) showed [Ts 8c] and lost with a pair of Fives


PokerStars Hand #172760226652:  Hold'em Limit ($3/$6 USD) - 2017/07/08 9:45:30 ET
Table 'Laetitia' 6-max Seat #6 is the button
Seat 1: Anchig ($102.58 in chips)
Seat 6: HCOOG5 ($177.77 in chips)
HCOOG5: posts small blind $1
Anchig: posts big blind $3
*** HOLE CARDS ***
HCOOG5: calls $2
Anchig: raises $3 to $6
HCOOG5: calls $3
*** FLOP *** [Js 6d Th]
Anchig: bets $3
HCOOG5: calls $3
*** TURN *** [Js 6d Th] [7d]
Anchig: checks
HCOOG5: checks
*** RIVER *** [Js 6d Th 7d] [Ks]
Anchig: checks
HCOOG5: checks
*** SHOW DOWN ***
Anchig: shows [7c 7s] (three of a kind, Sevens)
HCOOG5: mucks hand
Anchig collected $17.64 from pot
*** SUMMARY ***
Total pot $18 | Rake $0.36
Board [Js 6d Th 7d Ks]
Seat 1: Anchig (big blind) showed [7c 7s] and won ($17.64) with three of a kind, Sevens
Seat 6: HCOOG5 (button) (small blind) mucked


PokerStars Hand #172760234394:  Hold'em Limit ($3/$6 USD) - 2017/07/08 9:45:44 ET
Table 'Laetitia' 6-max Seat #1 is the button
Seat 1: Anchig ($111.22 in chips)
Seat 6: HCOOG5 ($168.77 in chips)
Anchig: posts small blind $1
HCOOG5: posts big blind $3
*** HOLE CARDS ***
Anchig: raises $3 to $6
HCOOG5: raises $3 to $9
Anchig: calls $3
*** FLOP *** [Ac 8s 8h]
HCOOG5: bets $3
Anchig: folds
Uncalled bet ($3) returned to HCOOG5
HCOOG5 collected $17.64 from pot
HCOOG5: doesn't show hand
*** SUMMARY ***
Total pot $18 | Rake $0.36
Board [Ac 8s 8h]
Seat 1: Anchig (button) (small blind) folded on the Flop
Seat 6: HCOOG5 (big blind) collected ($17.64)


PokerStars Hand #172760239839:  Hold'em Limit ($3/$6 USD) - 2017/07/08 9:45:53 ET
Table 'Laetitia' 6-max Seat #6 is the button
Seat 1: Anchig ($102.22 in chips)
Seat 6: HCOOG5 ($177.41 in chips)
HCOOG5: posts small blind $1
Anchig: posts big blind $3
*** HOLE CARDS ***
HCOOG5: calls $2
Anchig: raises $3 to $6
HCOOG5: calls $3
*** FLOP *** [Js Jd 8s]
Anchig: bets $3
HCOOG5: raises $3 to $6
Anchig: raises $3 to $9
HCOOG5: calls $3
*** TURN *** [Js Jd 8s] [Qd]
Anchig: bets $6
HCOOG5: calls $6
*** RIVER *** [Js Jd 8s Qd] [Kc]
Anchig: bets $6
HCOOG5: calls $6
*** SHOW DOWN ***
Anchig: shows [Ts Jc] (three of a kind, Jacks)
HCOOG5: mucks hand
Anchig collected $53.50 from pot
*** SUMMARY ***
Total pot $54 | Rake $0.50
Board [Js Jd 8s Qd Kc]
Seat 1: Anchig (big blind) showed [Ts Jc] and won ($53.50) with three of a kind, Jacks
Seat 6: HCOOG5 (button) (small blind) mucked


PokerStars Hand #172760265826:  Hold'em Limit ($3/$6 USD) - 2017/07/08 9:46:37 ET
Table 'Laetitia' 6-max Seat #1 is the button
Seat 1: Anchig ($148.98 in chips)
Seat 6: HCOOG5 ($129.41 in chips)
Anchig: posts small blind $1
HCOOG5: posts big blind $3
*** HOLE CARDS ***
Anchig: raises $3 to $6
HCOOG5: calls $3
*** FLOP *** [Ac Tc 3s]
HCOOG5: bets $3
Anchig: calls $3
*** TURN *** [Ac Tc 3s] [8c]
HCOOG5: bets $6
Anchig: raises $6 to $12
HCOOG5: calls $6
*** RIVER *** [Ac Tc 3s 8c] [8d]
HCOOG5: checks
Anchig: bets $6
HCOOG5: raises $6 to $12
Anchig: folds
Uncalled bet ($6) returned to HCOOG5
HCOOG5 collected $53.50 from pot
HCOOG5: doesn't show hand
*** SUMMARY ***
Total pot $54 | Rake $0.50
Board [Ac Tc 3s 8c 8d]
Seat 1: Anchig (button) (small blind) folded on the River
Seat 6: HCOOG5 (big blind) collected ($53.50)


PokerStars Hand #172760290883:  Hold'em Limit ($3/$6 USD) - 2017/07/08 9:47:19 ET
Table 'Laetitia' 6-max Seat #1 is the button
Seat 1: Anchig ($145.48 in chips)
Seat 6: HCOOG5 ($131.91 in chips)
Anchig: posts small blind $1
HCOOG5: posts big blind $3
*** HOLE CARDS ***
Anchig: raises $3 to $6
HCOOG5: folds
Uncalled bet ($3) returned to Anchig
Anchig collected $6 from pot
Anchig: doesn't show hand
*** SUMMARY ***
Total pot $6 | Rake $0
Seat 1: Anchig (button) (small blind) collected ($6)
Seat 6: HCOOG5 (big blind) folded before Flop


PokerStars Hand #172760275990:  Hold'em Limit ($3/$6 USD) - 2017/07/08 9:46:54 ET
Table 'Laetitia' 6-max Seat #6 is the button
Seat 1: Anchig ($121.98 in chips)
Seat 6: HCOOG5 ($155.91 in chips)
HCOOG5: posts small blind $1
Anchig: posts big blind $3
*** HOLE CARDS ***
HCOOG5: raises $3 to $6
Anchig: raises $3 to $9
HCOOG5: calls $3
*** FLOP *** [3s Ac 8s]
Anchig: bets $3
HCOOG5: calls $3
*** TURN *** [3s Ac 8s] [Jc]
Anchig: bets $6
HCOOG5: calls $6
*** RIVER *** [3s Ac 8s Jc] [Js]
Anchig: bets $6
HCOOG5: calls $6
*** SHOW DOWN ***
Anchig: shows [9d Jd] (three of a kind, Jacks)
HCOOG5: mucks hand
Anchig collected $47.50 from pot
*** SUMMARY ***
Total pot $48 | Rake $0.50
Board [3s Ac 8s Jc Js]
Seat 1: Anchig (big blind) showed [9d Jd] and won ($47.50) with three of a kind, Jacks
Seat 6: HCOOG5 (button) (small blind) mucked


PokerStars Hand #172760254827:  Hold'em Limit ($3/$6 USD) - 2017/07/08 9:46:18 ET
Table 'Laetitia' 6-max Seat #6 is the button
Seat 1: Anchig ($134.48 in chips)
Seat 6: HCOOG5 ($144.41 in chips)
HCOOG5: posts small blind $1
Anchig: posts big blind $3
*** HOLE CARDS ***
HCOOG5: raises $3 to $6
Anchig: calls $3
*** FLOP *** [9s Qs 6c]
Anchig: checks
HCOOG5: bets $3
Anchig: calls $3
*** TURN *** [9s Qs 6c] [3s]
Anchig: checks
HCOOG5: checks
*** RIVER *** [9s Qs 6c 3s] [7d]
Anchig: bets $6
HCOOG5: calls $6
*** SHOW DOWN ***
Anchig: shows [7s Td] (a pair of Sevens)
HCOOG5: mucks hand
Anchig collected $29.50 from pot
*** SUMMARY ***
Total pot $30 | Rake $0.50
Board [9s Qs 6c 3s 7d]
Seat 1: Anchig (big blind) showed [7s Td] and won ($29.50) with a pair of Sevens
Seat 6: HCOOG5 (button) (small blind) mucked


PokerStars Hand #172760302928:  Hold'em Limit ($3/$6 USD) - 2017/07/08 9:47:40 ET
Table 'Laetitia' 6-max Seat #1 is the button
Seat 1: Anchig ($124.48 in chips)
Seat 6: HCOOG5 ($152.41 in chips)
Anchig: posts small blind $1
HCOOG5: posts big blind $3
*** HOLE CARDS ***
Anchig: folds
Uncalled bet ($2) returned to HCOOG5
HCOOG5 collected $2 from pot
HCOOG5: doesn't show hand
*** SUMMARY ***
Total pot $2 | Rake $0
Seat 1: Anchig (button) (small blind) folded before Flop
Seat 6: HCOOG5 (big blind) collected ($2)


PokerStars Hand #172760294418:  Hold'em Limit ($3/$6 USD) - 2017/07/08 9:47:25 ET
Table 'Laetitia' 6-max Seat #6 is the button
Seat 1: Anchig ($148.48 in chips)
Seat 6: HCOOG5 ($128.91 in chips)
HCOOG5: posts small blind $1
Anchig: posts big blind $3
*** HOLE CARDS ***
HCOOG5: raises $3 to $6
Anchig: raises $3 to $9
HCOOG5: calls $3
*** FLOP *** [Ks 6c Ts]
Anchig: bets $3
HCOOG5: calls $3
*** TURN *** [Ks 6c Ts] [3d]
Anchig: bets $6
HCOOG5: calls $6
*** RIVER *** [Ks 6c Ts 3d] [As]
Anchig: checks
HCOOG5: bets $6
Anchig: calls $6
*** SHOW DOWN ***
HCOOG5: shows [Kc 7s] (a pair of Kings)
Anchig: mucks hand
HCOOG5 collected $47.50 from pot
*** SUMMARY ***
Total pot $48 | Rake $0.50
Board [Ks 6c Ts 3d As]
Seat 1: Anchig (big blind) mucked
Seat 6: HCOOG5 (button) (small blind) showed [Kc 7s] and won ($47.50) with a pair of Kings


PokerStars Hand #172760305545:  Hold'em Limit ($3/$6 USD) - 2017/07/08 9:47:44 ET
Table 'Laetitia' 6-max Seat #6 is the button
Seat 1: Anchig ($123.48 in chips)
Seat 6: HCOOG5 ($153.41 in chips)
HCOOG5: posts small blind $1
Anchig: posts big blind $3
*** HOLE CARDS ***
HCOOG5: raises $3 to $6
Anchig: folds
Uncalled bet ($3) returned to HCOOG5
HCOOG5 collected $6 from pot
HCOOG5: doesn't show hand
*** SUMMARY ***
Total pot $6 | Rake $0
Seat 1: Anchig (big blind) folded before Flop
Seat 6: HCOOG5 (button) (small blind) collected ($6)


PokerStars Hand #172760309108:  Hold'em Limit ($3/$6 USD) - 2017/07/08 9:47:50 ET
Table 'Laetitia' 6-max Seat #1 is the button
Seat 1: Anchig ($120.48 in chips)
Seat 6: HCOOG5 ($156.41 in chips)
Anchig: posts small blind $1
HCOOG5: posts big blind $3
*** HOLE CARDS ***
Anchig: raises $3 to $6
HCOOG5: calls $3
*** FLOP *** [3s Qh 8s]
HCOOG5: checks
Anchig: checks
*** TURN *** [3s Qh 8s] [Ac]
HCOOG5: checks
Anchig: checks
*** RIVER *** [3s Qh 8s Ac] [2c]
HCOOG5: checks
Anchig: checks
*** SHOW DOWN ***
HCOOG5: shows [9h 4h] (high card Ace)
Anchig: shows [7h Jc] (high card Ace - Queen+Jack kicker)
Anchig collected $11.76 from pot
*** SUMMARY ***
Total pot $12 | Rake $0.24
Board [3s Qh 8s Ac 2c]
Seat 1: Anchig (button) (small blind) showed [7h Jc] and won ($11.76) with high card Ace
Seat 6: HCOOG5 (big blind) showed [9h 4h] and lost with high card Ace


PokerStars Hand #172760318261:  Hold'em Limit ($3/$6 USD) - 2017/07/08 9:48:06 ET
Table 'Laetitia' 6-max Seat #1 is the button
Seat 1: Anchig ($123.24 in chips)
Seat 6: HCOOG5 ($153.41 in chips)
Anchig: posts small blind $1
HCOOG5: posts big blind $3
*** HOLE CARDS ***
Anchig: folds
Uncalled bet ($2) returned to HCOOG5
HCOOG5 collected $2 from pot
HCOOG5: doesn't show hand
*** SUMMARY ***
Total pot $2 | Rake $0
Seat 1: Anchig (button) (small blind) folded before Flop
Seat 6: HCOOG5 (big blind) collected ($2)


PokerStars Hand #172760320953:  Hold'em Limit ($3/$6 USD) - 2017/07/08 9:48:10 ET
Table 'Laetitia' 6-max Seat #6 is the button
Seat 1: Anchig ($122.24 in chips)
Seat 6: HCOOG5 ($154.41 in chips)
HCOOG5: posts small blind $1
Anchig: posts big blind $3
*** HOLE CARDS ***
HCOOG5: raises $3 to $6
Anchig: calls $3
*** FLOP *** [4h 3d 8s]
Anchig: checks
HCOOG5: bets $3
Anchig: calls $3
*** TURN *** [4h 3d 8s] [3c]
Anchig: checks
HCOOG5: bets $6
Anchig: calls $6
*** RIVER *** [4h 3d 8s 3c] [8h]
Anchig: checks
HCOOG5: bets $6
Anchig: folds
Uncalled bet ($6) returned to HCOOG5
HCOOG5 collected $29.50 from pot
HCOOG5: doesn't show hand
*** SUMMARY ***
Total pot $30 | Rake $0.50
Board [4h 3d 8s 3c 8h]
Seat 1: Anchig (big blind) folded on the River
Seat 6: HCOOG5 (button) (small blind) collected ($29.50)


PokerStars Hand #172760329878:  Hold'em Limit ($3/$6 USD) - 2017/07/08 9:48:26 ET
Table 'Laetitia' 6-max Seat #1 is the button
Seat 1: Anchig ($107.24 in chips)
Seat 6: HCOOG5 ($168.91 in chips)
Anchig: posts small blind $1
HCOOG5: posts big blind $3
*** HOLE CARDS ***
Anchig: raises $3 to $6
HCOOG5: calls $3
*** FLOP *** [Jc Ad 3s]
HCOOG5: checks
Anchig: bets $3
HCOOG5: folds
Uncalled bet ($3) returned to Anchig
Anchig collected $11.76 from pot
Anchig: doesn't show hand
*** SUMMARY ***
Total pot $12 | Rake $0.24
Board [Jc Ad 3s]
Seat 1: Anchig (button) (small blind) collected ($11.76)
Seat 6: HCOOG5 (big blind) folded on the Flop


PokerStars Hand #172760346214:  Hold'em Limit ($3/$6 USD) - 2017/07/08 9:48:54 ET
Table 'Laetitia' 6-max Seat #6 is the button
Seat 1: Anchig ($86 in chips)
Seat 6: HCOOG5 ($189.41 in chips)
HCOOG5: posts small blind $1
Anchig: posts big blind $3
*** HOLE CARDS ***
HCOOG5: folds
Uncalled bet ($2) returned to Anchig
Anchig collected $2 from pot
Anchig: doesn't show hand
*** SUMMARY ***
Total pot $2 | Rake $0
Seat 1: Anchig (big blind) collected ($2)
Seat 6: HCOOG5 (button) (small blind) folded before Flop


PokerStars Hand #172760337394:  Hold'em Limit ($3/$6 USD) - 2017/07/08 9:48:39 ET
Table 'Laetitia' 6-max Seat #1 is the button
Seat 1: Anchig ($110 in chips)
Seat 6: HCOOG5 ($165.91 in chips)
Anchig: posts small blind $1
HCOOG5: posts big blind $3
*** HOLE CARDS ***
Anchig: raises $3 to $6
HCOOG5: raises $3 to $9
Anchig: calls $3
*** FLOP *** [Qd Kc 3c]
HCOOG5: bets $3
Anchig: calls $3
*** TURN *** [Qd Kc 3c] [4d]
HCOOG5: bets $6
Anchig: calls $6
*** RIVER *** [Qd Kc 3c 4d] [Ah]
HCOOG5: bets $6
Anchig: calls $6
*** SHOW DOWN ***
HCOOG5: shows [Kd As] (two pair, Aces and Kings)
Anchig: mucks hand
HCOOG5 collected $47.50 from pot
*** SUMMARY ***
Total pot $48 | Rake $0.50
Board [Qd Kc 3c 4d Ah]
Seat 1: Anchig (button) (small blind) mucked
Seat 6: HCOOG5 (big blind) showed [Kd As] and won ($47.50) with two pair, Aces and Kings


PokerStars Hand #172760356541:  Hold'em Limit ($3/$6 USD) - 2017/07/08 9:49:11 ET
Table 'Laetitia' 6-max Seat #6 is the button
Seat 1: Anchig ($63 in chips)
Seat 6: HCOOG5 ($211.91 in chips)
HCOOG5: posts small blind $1
Anchig: posts big blind $3
*** HOLE CARDS ***
HCOOG5: raises $3 to $6
Anchig: folds
Uncalled bet ($3) returned to HCOOG5
HCOOG5 collected $6 from pot
HCOOG5: doesn't show hand
*** SUMMARY ***
Total pot $6 | Rake $0
Seat 1: Anchig (big blind) folded before Flop
Seat 6: HCOOG5 (button) (small blind) collected ($6)


PokerStars Hand #172760348778:  Hold'em Limit ($3/$6 USD) - 2017/07/08 9:48:58 ET
Table 'Laetitia' 6-max Seat #1 is the button
Seat 1: Anchig ($87 in chips)
Seat 6: HCOOG5 ($188.41 in chips)
Anchig: posts small blind $1
HCOOG5: posts big blind $3
*** HOLE CARDS ***
Anchig: raises $3 to $6
HCOOG5: calls $3
*** FLOP *** [4d 9s 5d]
HCOOG5: checks
Anchig: bets $3
HCOOG5: raises $3 to $6
Anchig: calls $3
*** TURN *** [4d 9s 5d] [2s]
poker111141 joins the table at seat #2
HCOOG5: bets $6
Anchig: calls $6
*** RIVER *** [4d 9s 5d 2s] [Qs]
HCOOG5: bets $6
Anchig: calls $6
vlaprok joins the table at seat #3
*** SHOW DOWN ***
HCOOG5: shows [7h 9c] (a pair of Nines)
Anchig: mucks hand
HCOOG5 collected $47.50 from pot
*** SUMMARY ***
Total pot $48 | Rake $0.50
Board [4d 9s 5d 2s Qs]
Seat 1: Anchig (button) (small blind) mucked
Seat 6: HCOOG5 (big blind) showed [7h 9c] and won ($47.50) with a pair of Nines


PokerStars Hand #172760334489:  Hold'em Limit ($3/$6 USD) - 2017/07/08 9:48:34 ET
Table 'Laetitia' 6-max Seat #6 is the button
Seat 1: Anchig ($113 in chips)
Seat 6: HCOOG5 ($162.91 in chips)
HCOOG5: posts small blind $1
Anchig: posts big blind $3
*** HOLE CARDS ***
HCOOG5: raises $3 to $6
Anchig: folds
Uncalled bet ($3) returned to HCOOG5
HCOOG5 collected $6 from pot
HCOOG5: doesn't show hand
*** SUMMARY ***
Total pot $6 | Rake $0
Seat 1: Anchig (big blind) folded before Flop
Seat 6: HCOOG5 (button) (small blind) collected ($6)


PokerStars Hand #172762165687:  Hold'em Limit ($3/$6 USD) - 2017/07/08 10:41:05 ET
Table 'Laetitia' 6-max Seat #6 is the button
Seat 5: tedros404 ($282.91 in chips)
Seat 6: masterblstr8 ($186.69 in chips)
masterblstr8: posts small blind $1
tedros404: posts big blind $3
*** HOLE CARDS ***
masterblstr8: raises $3 to $6
tedros404: calls $3
*** FLOP *** [8d Ah 9c]
tedros404: folds
tedros404 leaves the table
masterblstr8 collected $11.76 from pot
masterblstr8: doesn't show hand
*** SUMMARY ***
Total pot $12 | Rake $0.24
Board [8d Ah 9c]
Seat 5: tedros404 (big blind) folded on the Flop
Seat 6: masterblstr8 (button) (small blind) collected ($11.76)


