PokerStars Hand #158081757821:  Hold'em Limit ($3/$6 USD) - 2016/09/02 19:21:52 ET
Table 'Laetitia' 6-max Seat #4 is the button
Seat 3: simper11 ($120 in chips)
Seat 4: Actionni13 ($158.64 in chips)
Actionni13: posts small blind $1
simper11: posts big blind $3
*** HOLE CARDS ***
Actionni13: raises $3 to $6
simper11: calls $3
*** FLOP *** [4c As Kc]
simper11: checks
Actionni13: bets $3
simper11: raises $3 to $6
Actionni13: calls $3
*** TURN *** [4c As Kc] [Th]
simper11: bets $6
Actionni13: raises $6 to $12
simper11: calls $6
*** RIVER *** [4c As Kc Th] [9c]
simper11: checks
Actionni13: bets $6
simper11: calls $6
*** SHOW DOWN ***
Actionni13: shows [Ad Qc] (a pair of Aces)
simper11: mucks hand
Actionni13 collected $59.50 from pot
*** SUMMARY ***
Total pot $60 | Rake $0.50
Board [4c As Kc Th 9c]
Seat 3: simper11 (big blind) mucked
Seat 4: Actionni13 (button) (small blind) showed [Ad Qc] and won ($59.50) with a pair of Aces


PokerStars Hand #158081743931:  Hold'em Limit ($3/$6 USD) - 2016/09/02 19:21:28 ET
Table 'Laetitia' 6-max Seat #3 is the button
Seat 3: simper11 ($120 in chips)
Seat 4: Actionni13 ($150 in chips)
simper11: posts small blind $1
Actionni13: posts big blind $3
*** HOLE CARDS ***
simper11: raises $3 to $6
Actionni13: raises $3 to $9
simper11: calls $3
*** FLOP *** [Qs Js 9h]
Actionni13: bets $3
simper11: folds
Uncalled bet ($3) returned to Actionni13
Actionni13 collected $17.64 from pot
Actionni13: doesn't show hand
*** SUMMARY ***
Total pot $18 | Rake $0.36
Board [Qs Js 9h]
Seat 3: simper11 (button) (small blind) folded on the Flop
Seat 4: Actionni13 (big blind) collected ($17.64)


PokerStars Hand #158081791776:  Hold'em Limit ($3/$6 USD) - 2016/09/02 19:22:52 ET
Table 'Laetitia' 6-max Seat #4 is the button
Seat 3: simper11 ($149.50 in chips)
Seat 4: Actionni13 ($158.14 in chips)
Actionni13: posts small blind $1
simper11: posts big blind $3
*** HOLE CARDS ***
Actionni13: raises $3 to $6
simper11: calls $3
*** FLOP *** [Ac Js 2h]
simper11: checks
Actionni13: bets $3
simper11: raises $3 to $6
Actionni13: calls $3
*** TURN *** [Ac Js 2h] [2s]
simper11: bets $6
Actionni13: calls $6
*** RIVER *** [Ac Js 2h 2s] [Ts]
simper11: bets $6
Actionni13: calls $6
*** SHOW DOWN ***
simper11: shows [Td Qh] (two pair, Tens and Deuces)
Actionni13: shows [Tc Qd] (two pair, Tens and Deuces)
simper11 collected $23.75 from pot
Actionni13 collected $23.75 from pot
*** SUMMARY ***
Total pot $48 | Rake $0.50
Board [Ac Js 2h 2s Ts]
Seat 3: simper11 (big blind) showed [Td Qh] and won ($23.75) with two pair, Tens and Deuces
Seat 4: Actionni13 (button) (small blind) showed [Tc Qd] and won ($23.75) with two pair, Tens and Deuces


PokerStars Hand #158081775568:  Hold'em Limit ($3/$6 USD) - 2016/09/02 19:22:23 ET
Table 'Laetitia' 6-max Seat #3 is the button
Seat 3: simper11 ($120 in chips)
Seat 4: Actionni13 ($188.14 in chips)
simper11: posts small blind $1
Actionni13: posts big blind $3
*** HOLE CARDS ***
simper11: raises $3 to $6
Actionni13: raises $3 to $9
simper11: calls $3
*** FLOP *** [7c 3d 8d]
Actionni13: bets $3
simper11: calls $3
*** TURN *** [7c 3d 8d] [As]
Actionni13: bets $6
simper11: raises $6 to $12
Actionni13: calls $6
*** RIVER *** [7c 3d 8d As] [5c]
Actionni13: checks
simper11: bets $6
Actionni13: calls $6
*** SHOW DOWN ***
simper11: shows [9c 8h] (a pair of Eights)
Actionni13: mucks hand
simper11 collected $59.50 from pot
*** SUMMARY ***
Total pot $60 | Rake $0.50
Board [7c 3d 8d As 5c]
Seat 3: simper11 (button) (small blind) showed [9c 8h] and won ($59.50) with a pair of Eights
Seat 4: Actionni13 (big blind) mucked


PokerStars Hand #158081847898:  Hold'em Limit ($3/$6 USD) - 2016/09/02 19:24:16 ET
Table 'Laetitia' 6-max Seat #3 is the button
Seat 3: simper11 ($135.76 in chips)
Seat 4: Actionni13 ($170.14 in chips)
simper11: posts small blind $1
Actionni13: posts big blind $3
*** HOLE CARDS ***
simper11: folds
Uncalled bet ($2) returned to Actionni13
Actionni13 collected $2 from pot
Actionni13: doesn't show hand
*** SUMMARY ***
Total pot $2 | Rake $0
Seat 3: simper11 (button) (small blind) folded before Flop
Seat 4: Actionni13 (big blind) collected ($2)


PokerStars Hand #158081831186:  Hold'em Limit ($3/$6 USD) - 2016/09/02 19:24:01 ET
Table 'Laetitia' 6-max Seat #4 is the button
Seat 3: simper11 ($153.76 in chips)
Seat 4: Actionni13 ($152.64 in chips)
Actionni13: posts small blind $1
simper11: posts big blind $3
*** HOLE CARDS ***
Actionni13: raises $3 to $6
simper11: calls $3
*** FLOP *** [Kc 6d 5h]
simper11: checks
Actionni13: checks
*** TURN *** [Kc 6d 5h] [Ac]
simper11: bets $6
Actionni13: calls $6
*** RIVER *** [Kc 6d 5h Ac] [6c]
simper11: bets $6
Actionni13: calls $6
*** SHOW DOWN ***
simper11: shows [8s Qc] (a pair of Sixes)
Actionni13: shows [Tc 5d] (two pair, Sixes and Fives)
Actionni13 collected $35.50 from pot
*** SUMMARY ***
Total pot $36 | Rake $0.50
Board [Kc 6d 5h Ac 6c]
Seat 3: simper11 (big blind) showed [8s Qc] and lost with a pair of Sixes
Seat 4: Actionni13 (button) (small blind) showed [Tc 5d] and won ($35.50) with two pair, Sixes and Fives


PokerStars Hand #158081828941:  Hold'em Limit ($3/$6 USD) - 2016/09/02 19:23:56 ET
Table 'Laetitia' 6-max Seat #3 is the button
Seat 3: simper11 ($154.76 in chips)
Seat 4: Actionni13 ($151.64 in chips)
simper11: posts small blind $1
Actionni13: posts big blind $3
*** HOLE CARDS ***
simper11: folds
Uncalled bet ($2) returned to Actionni13
Actionni13 collected $2 from pot
Actionni13: doesn't show hand
*** SUMMARY ***
Total pot $2 | Rake $0
Seat 3: simper11 (button) (small blind) folded before Flop
Seat 4: Actionni13 (big blind) collected ($2)


PokerStars Hand #158081815381:  Hold'em Limit ($3/$6 USD) - 2016/09/02 19:23:33 ET
Table 'Laetitia' 6-max Seat #4 is the button
Seat 3: simper11 ($155.01 in chips)
Seat 4: Actionni13 ($151.89 in chips)
Actionni13: posts small blind $1
simper11: posts big blind $3
*** HOLE CARDS ***
Actionni13: raises $3 to $6
simper11: calls $3
*** FLOP *** [7d 5h 8d]
simper11: checks
Actionni13: bets $3
simper11: calls $3
*** TURN *** [7d 5h 8d] [Jc]
simper11: checks
Actionni13: checks
*** RIVER *** [7d 5h 8d Jc] [7h]
simper11: bets $6
Actionni13: calls $6
*** SHOW DOWN ***
simper11: shows [4h As] (a pair of Sevens)
Actionni13: shows [4s Ac] (a pair of Sevens)
simper11 collected $14.75 from pot
Actionni13 collected $14.75 from pot
*** SUMMARY ***
Total pot $30 | Rake $0.50
Board [7d 5h 8d Jc 7h]
Seat 3: simper11 (big blind) showed [4h As] and won ($14.75) with a pair of Sevens
Seat 4: Actionni13 (button) (small blind) showed [4s Ac] and won ($14.75) with a pair of Sevens


PokerStars Hand #158081807186:  Hold'em Limit ($3/$6 USD) - 2016/09/02 19:23:19 ET
Table 'Laetitia' 6-max Seat #3 is the button
Seat 3: simper11 ($149.25 in chips)
Seat 4: Actionni13 ($157.89 in chips)
simper11: posts small blind $1
Actionni13: posts big blind $3
*** HOLE CARDS ***
simper11: raises $3 to $6
Actionni13: calls $3
*** FLOP *** [Ad Ks 7d]
Actionni13: checks
simper11: bets $3
Actionni13: folds
Uncalled bet ($3) returned to simper11
simper11 collected $11.76 from pot
simper11: doesn't show hand
*** SUMMARY ***
Total pot $12 | Rake $0.24
Board [Ad Ks 7d]
Seat 3: simper11 (button) (small blind) collected ($11.76)
Seat 4: Actionni13 (big blind) folded on the Flop


PokerStars Hand #158081877316:  Hold'em Limit ($3/$6 USD) - 2016/09/02 19:25:07 ET
Table 'Laetitia' 6-max Seat #4 is the button
Seat 3: simper11 ($120 in chips)
Seat 4: Actionni13 ($194.40 in chips)
Actionni13: posts small blind $1
simper11: posts big blind $3
*** HOLE CARDS ***
Actionni13: raises $3 to $6
simper11: calls $3
*** FLOP *** [6d Ad 2c]
simper11: checks
Actionni13: bets $3
simper11: calls $3
*** TURN *** [6d Ad 2c] [2h]
simper11: checks
Actionni13: bets $6
simper11: calls $6
*** RIVER *** [6d Ad 2c 2h] [7s]
simper11: checks
Actionni13: bets $6
simper11: calls $6
*** SHOW DOWN ***
Actionni13: shows [4d 4s] (two pair, Fours and Deuces)
simper11: mucks hand
Actionni13 collected $41.50 from pot
*** SUMMARY ***
Total pot $42 | Rake $0.50
Board [6d Ad 2c 2h 7s]
Seat 3: simper11 (big blind) mucked
Seat 4: Actionni13 (button) (small blind) showed [4d 4s] and won ($41.50) with two pair, Fours and Deuces


PokerStars Hand #158081864637:  Hold'em Limit ($3/$6 USD) - 2016/09/02 19:24:45 ET
Table 'Laetitia' 6-max Seat #3 is the button
Seat 3: simper11 ($128.76 in chips)
Seat 4: Actionni13 ($176.90 in chips)
simper11: posts small blind $1
Actionni13: posts big blind $3
*** HOLE CARDS ***
simper11: raises $3 to $6
Actionni13: raises $3 to $9
simper11: calls $3
*** FLOP *** [7h 8c Jc]
Actionni13: bets $3
simper11: calls $3
*** TURN *** [7h 8c Jc] [5d]
Actionni13: checks
simper11: bets $6
Actionni13: calls $6
*** RIVER *** [7h 8c Jc 5d] [Qs]
Actionni13: bets $6
simper11: folds
Uncalled bet ($6) returned to Actionni13
Actionni13 collected $35.50 from pot
Actionni13: doesn't show hand
*** SUMMARY ***
Total pot $36 | Rake $0.50
Board [7h 8c Jc 5d Qs]
Seat 3: simper11 (button) (small blind) folded on the River
Seat 4: Actionni13 (big blind) collected ($35.50)


PokerStars Hand #158081861297:  Hold'em Limit ($3/$6 USD) - 2016/09/02 19:24:40 ET
Table 'Laetitia' 6-max Seat #4 is the button
Seat 3: simper11 ($127.76 in chips)
Seat 4: Actionni13 ($177.90 in chips)
Actionni13: posts small blind $1
simper11: posts big blind $3
*** HOLE CARDS ***
Actionni13: folds
Uncalled bet ($2) returned to simper11
simper11 collected $2 from pot
simper11: doesn't show hand
*** SUMMARY ***
Total pot $2 | Rake $0
Seat 3: simper11 (big blind) collected ($2)
Seat 4: Actionni13 (button) (small blind) folded before Flop


PokerStars Hand #158081858453:  Hold'em Limit ($3/$6 USD) - 2016/09/02 19:24:35 ET
Table 'Laetitia' 6-max Seat #3 is the button
Seat 3: simper11 ($128.76 in chips)
Seat 4: Actionni13 ($176.90 in chips)
simper11: posts small blind $1
Actionni13: posts big blind $3
*** HOLE CARDS ***
simper11: folds
Uncalled bet ($2) returned to Actionni13
Actionni13 collected $2 from pot
Actionni13: doesn't show hand
*** SUMMARY ***
Total pot $2 | Rake $0
Seat 3: simper11 (button) (small blind) folded before Flop
Seat 4: Actionni13 (big blind) collected ($2)


PokerStars Hand #158081850375:  Hold'em Limit ($3/$6 USD) - 2016/09/02 19:24:21 ET
Table 'Laetitia' 6-max Seat #4 is the button
Seat 3: simper11 ($134.76 in chips)
Seat 4: Actionni13 ($171.14 in chips)
Actionni13: posts small blind $1
simper11: posts big blind $3
*** HOLE CARDS ***
Actionni13: raises $3 to $6
simper11: calls $3
*** FLOP *** [As 8s 4h]
simper11: checks
Actionni13: bets $3
simper11: folds
Uncalled bet ($3) returned to Actionni13
Actionni13 collected $11.76 from pot
Actionni13: doesn't show hand
*** SUMMARY ***
Total pot $12 | Rake $0.24
Board [As 8s 4h]
Seat 3: simper11 (big blind) folded on the Flop
Seat 4: Actionni13 (button) (small blind) collected ($11.76)


PokerStars Hand #158081895020:  Hold'em Limit ($3/$6 USD) - 2016/09/02 19:25:38 ET
Table 'Laetitia' 6-max Seat #4 is the button
Seat 3: simper11 ($125.76 in chips)
Seat 4: Actionni13 ($208.90 in chips)
Actionni13: posts small blind $1
simper11: posts big blind $3
*** HOLE CARDS ***
Actionni13: raises $3 to $6
simper11: raises $3 to $9
Actionni13: calls $3
*** FLOP *** [Qd 4h Jd]
simper11: bets $3
Actionni13: folds
Uncalled bet ($3) returned to simper11
simper11 collected $17.64 from pot
simper11: doesn't show hand
*** SUMMARY ***
Total pot $18 | Rake $0.36
Board [Qd 4h Jd]
Seat 3: simper11 (big blind) collected ($17.64)
Seat 4: Actionni13 (button) (small blind) folded on the Flop


PokerStars Hand #158081888021:  Hold'em Limit ($3/$6 USD) - 2016/09/02 19:25:25 ET
Table 'Laetitia' 6-max Seat #3 is the button
Seat 3: simper11 ($120 in chips)
Seat 4: Actionni13 ($214.90 in chips)
simper11: posts small blind $1
Actionni13: posts big blind $3
*** HOLE CARDS ***
simper11: raises $3 to $6
Actionni13: calls $3
*** FLOP *** [9s Qd 5d]
Actionni13: checks
simper11: bets $3
Actionni13: folds
Uncalled bet ($3) returned to simper11
simper11 collected $11.76 from pot
simper11: doesn't show hand
*** SUMMARY ***
Total pot $12 | Rake $0.24
Board [9s Qd 5d]
Seat 3: simper11 (button) (small blind) collected ($11.76)
Seat 4: Actionni13 (big blind) folded on the Flop


PokerStars Hand #158081900982:  Hold'em Limit ($3/$6 USD) - 2016/09/02 19:25:48 ET
Table 'Laetitia' 6-max Seat #3 is the button
Seat 3: simper11 ($134.40 in chips)
Seat 4: Actionni13 ($199.90 in chips)
simper11: posts small blind $1
Actionni13: posts big blind $3
*** HOLE CARDS ***
simper11: folds
Uncalled bet ($2) returned to Actionni13
ToDaFelt joins the table at seat #5
Actionni13 collected $2 from pot
Actionni13: doesn't show hand
*** SUMMARY ***
Total pot $2 | Rake $0
Seat 3: simper11 (button) (small blind) folded before Flop
Seat 4: Actionni13 (big blind) collected ($2)


PokerStars Hand #158081990671:  Hold'em Limit ($3/$6 USD) - 2016/09/02 19:28:23 ET
Table 'Laetitia' 6-max Seat #5 is the button
Seat 3: simper11 ($136.50 in chips)
Seat 5: ToDaFelt ($248.58 in chips)
ToDaFelt: posts small blind $1
simper11: posts big blind $3
*** HOLE CARDS ***
ToDaFelt: raises $3 to $6
simper11: folds
Uncalled bet ($3) returned to ToDaFelt
ToDaFelt collected $6 from pot
ToDaFelt: doesn't show hand
*** SUMMARY ***
Total pot $6 | Rake $0
Seat 3: simper11 (big blind) folded before Flop
Seat 5: ToDaFelt (button) (small blind) collected ($6)


PokerStars Hand #158081987867:  Hold'em Limit ($3/$6 USD) - 2016/09/02 19:28:18 ET
Table 'Laetitia' 6-max Seat #3 is the button
Seat 3: simper11 ($137.50 in chips)
Seat 5: ToDaFelt ($247.58 in chips)
simper11: posts small blind $1
ToDaFelt: posts big blind $3
*** HOLE CARDS ***
simper11: folds
Uncalled bet ($2) returned to ToDaFelt
ToDaFelt collected $2 from pot
ToDaFelt: doesn't show hand
*** SUMMARY ***
Total pot $2 | Rake $0
Seat 3: simper11 (button) (small blind) folded before Flop
Seat 5: ToDaFelt (big blind) collected ($2)


PokerStars Hand #158081975313:  Hold'em Limit ($3/$6 USD) - 2016/09/02 19:27:57 ET
Table 'Laetitia' 6-max Seat #5 is the button
Seat 3: simper11 ($120 in chips)
Seat 5: ToDaFelt ($265.58 in chips)
ToDaFelt: posts small blind $1
simper11: posts big blind $3
*** HOLE CARDS ***
ToDaFelt: raises $3 to $6
simper11: raises $3 to $9
ToDaFelt: calls $3
*** FLOP *** [Kd 8h Qh]
simper11: bets $3
Actionni13 leaves the table
ToDaFelt: calls $3
*** TURN *** [Kd 8h Qh] [Jc]
simper11: bets $6
ToDaFelt: calls $6
*** RIVER *** [Kd 8h Qh Jc] [Td]
simper11: bets $6
ToDaFelt: folds
Uncalled bet ($6) returned to simper11
simper11 collected $35.50 from pot
simper11: doesn't show hand
*** SUMMARY ***
Total pot $36 | Rake $0.50
Board [Kd 8h Qh Jc Td]
Seat 3: simper11 (big blind) collected ($35.50)
Seat 5: ToDaFelt (button) (small blind) folded on the River


PokerStars Hand #158081958511:  Hold'em Limit ($3/$6 USD) - 2016/09/02 19:27:28 ET
Table 'Laetitia' 6-max Seat #3 is the button
Seat 3: simper11 ($120 in chips)
Seat 5: ToDaFelt ($242.08 in chips)
simper11: posts small blind $1
Actionni13: is sitting out
ToDaFelt: posts big blind $3
*** HOLE CARDS ***
simper11: raises $3 to $6
ToDaFelt: raises $3 to $9
simper11: calls $3
*** FLOP *** [5c Jd 7h]
ToDaFelt: bets $3
simper11: calls $3
*** TURN *** [5c Jd 7h] [Qc]
ToDaFelt: bets $6
simper11: calls $6
*** RIVER *** [5c Jd 7h Qc] [Tc]
ToDaFelt: bets $6
simper11: calls $6
*** SHOW DOWN ***
ToDaFelt: shows [Qd 9d] (a pair of Queens)
simper11: mucks hand
ToDaFelt collected $47.50 from pot
*** SUMMARY ***
Total pot $48 | Rake $0.50
Board [5c Jd 7h Qc Tc]
Seat 3: simper11 (button) (small blind) mucked
Seat 5: ToDaFelt (big blind) showed [Qd 9d] and won ($47.50) with a pair of Queens


PokerStars Hand #158081994502:  Hold'em Limit ($3/$6 USD) - 2016/09/02 19:28:30 ET
Table 'Laetitia' 6-max Seat #3 is the button
Seat 3: simper11 ($133.50 in chips)
Seat 5: ToDaFelt ($251.58 in chips)
simper11: posts small blind $1
ToDaFelt: posts big blind $3
*** HOLE CARDS ***
simper11: raises $3 to $6
ToDaFelt: calls $3
*** FLOP *** [8s Qs Qc]
ToDaFelt: checks
simper11 said, "lolol"
simper11 said, "olololo"
simper11 said, "l"
simper11 said, "hope your family dies"
simper11 said, "clown"
simper11: checks
*** TURN *** [8s Qs Qc] [6c]
ToDaFelt: bets $6
simper11: calls $6
*** RIVER *** [8s Qs Qc 6c] [2c]
ToDaFelt: bets $6
simper11: calls $6
*** SHOW DOWN ***
ToDaFelt: shows [5c 3c] (a flush, Queen high)
simper11: mucks hand
ToDaFelt collected $35.50 from pot
*** SUMMARY ***
Total pot $36 | Rake $0.50
Board [8s Qs Qc 6c 2c]
Seat 3: simper11 (button) (small blind) mucked
Seat 5: ToDaFelt (big blind) showed [5c 3c] and won ($35.50) with a flush, Queen high


PokerStars Hand #158082022398:  Hold'em Limit ($3/$6 USD) - 2016/09/02 19:29:18 ET
Table 'Laetitia' 6-max Seat #3 is the button
Seat 3: simper11 ($120 in chips)
Seat 5: ToDaFelt ($274.84 in chips)
simper11: posts small blind $1
ToDaFelt: posts big blind $3
*** HOLE CARDS ***
simper11: folds
Uncalled bet ($2) returned to ToDaFelt
ToDaFelt collected $2 from pot
ToDaFelt: doesn't show hand
*** SUMMARY ***
Total pot $2 | Rake $0
Seat 3: simper11 (button) (small blind) folded before Flop
Seat 5: ToDaFelt (big blind) collected ($2)


PokerStars Hand #158082014100:  Hold'em Limit ($3/$6 USD) - 2016/09/02 19:29:04 ET
Table 'Laetitia' 6-max Seat #5 is the button
Seat 3: simper11 ($120 in chips)
Seat 5: ToDaFelt ($269.08 in chips)
ToDaFelt: posts small blind $1
simper11: posts big blind $3
*** HOLE CARDS ***
ToDaFelt: raises $3 to $6
simper11: calls $3
*** FLOP *** [Ad Tc 4c]
simper11: checks
ToDaFelt: bets $3
simper11: folds
Uncalled bet ($3) returned to ToDaFelt
ToDaFelt collected $11.76 from pot
ToDaFelt: doesn't show hand
*** SUMMARY ***
Total pot $12 | Rake $0.24
Board [Ad Tc 4c]
Seat 3: simper11 (big blind) folded on the Flop
Seat 5: ToDaFelt (button) (small blind) collected ($11.76)


