PokerStars Hand #154546452060:  Hold'em Limit ($3/$6 USD) - 2016/06/10 10:16:19 ET
Table 'Laetitia' 6-max Seat #5 is the button
Seat 2: Tryptamean ($162.33 in chips)
Seat 5: ArchaicKing ($307.96 in chips)
ArchaicKing: posts small blind $1
Tryptamean: posts big blind $3
*** HOLE CARDS ***
ArchaicKing: raises $3 to $6
Tryptamean: folds
Uncalled bet ($3) returned to ArchaicKing
ardexx leaves the table
ArchaicKing collected $6 from pot
*** SUMMARY ***
Total pot $6 | Rake $0
Seat 2: Tryptamean (big blind) folded before Flop
Seat 5: ArchaicKing (button) (small blind) collected ($6)


PokerStars Hand #154546483702:  Hold'em Limit ($3/$6 USD) - 2016/06/10 10:17:14 ET
Table 'Laetitia' 6-max Seat #2 is the button
Seat 2: Tryptamean ($159.33 in chips)
Seat 5: Diogo mania ($30 in chips)
Tryptamean: posts small blind $1
Diogo mania: posts big blind $3
*** HOLE CARDS ***
Tryptamean: raises $3 to $6
Diogo mania: calls $3
*** FLOP *** [Ah Qc 7s]
Diogo mania: checks
Tryptamean: bets $3
Diogo mania: calls $3
*** TURN *** [Ah Qc 7s] [9d]
Ale4o joins the table at seat #6
Diogo mania: checks
Tryptamean: checks
*** RIVER *** [Ah Qc 7s 9d] [7h]
Diogo mania: checks
Tryptamean: bets $6
Diogo mania: calls $6
*** SHOW DOWN ***
Tryptamean: shows [2c 8c] (a pair of Sevens)
Diogo mania: shows [4d 4s] (two pair, Sevens and Fours)
Diogo mania collected $29.50 from pot
*** SUMMARY ***
Total pot $30 | Rake $0.50
Board [Ah Qc 7s 9d 7h]
Seat 2: Tryptamean (button) (small blind) showed [2c 8c] and lost with a pair of Sevens
Seat 5: Diogo mania (big blind) showed [4d 4s] and won ($29.50) with two pair, Sevens and Fours


PokerStars Hand #154547478258:  Hold'em Limit ($3/$6 USD) - 2016/06/10 10:45:15 ET
Table 'Laetitia' 6-max Seat #5 is the button
Seat 4: kolaz03 ($112.54 in chips)
Seat 5: Ale4o ($116.57 in chips)
Ale4o: posts small blind $1
kolaz03: posts big blind $3
*** HOLE CARDS ***
Ale4o: raises $3 to $6
19woody58 leaves the table
kolaz03: calls $3
*** FLOP *** [Th Jh 3h]
kolaz03: checks
Ale4o: bets $3
kolaz03: folds
Uncalled bet ($3) returned to Ale4o
Ale4o collected $11.76 from pot
Ale4o: doesn't show hand
*** SUMMARY ***
Total pot $12 | Rake $0.24
Board [Th Jh 3h]
Seat 4: kolaz03 (big blind) folded on the Flop
Seat 5: Ale4o (button) (small blind) collected ($11.76)


