PokerStars Hand #149797137267:  Hold'em Limit ($3/$6 USD) - 2016/03/03 18:30:30 ET
Table 'Laetitia II' 6-max Seat #3 is the button
Seat 3: ChicagoBull4 ($21.65 in chips)
Seat 4: AzureCaper ($91.50 in chips)
ChicagoBull4: posts small blind $1
AzureCaper: posts big blind $3
*** HOLE CARDS ***
ChicagoBull4: raises $3 to $6
AzureCaper: calls $3
*** FLOP *** [6h 5h Th]
AzureCaper: checks
ChicagoBull4: bets $3
AzureCaper: calls $3
*** TURN *** [6h 5h Th] [Qc]
AzureCaper: checks
ChicagoBull4: checks
*** RIVER *** [6h 5h Th Qc] [Td]
AzureCaper: bets $6
ChicagoBull4: calls $6
*** SHOW DOWN ***
AzureCaper: shows [9s 8h] (a pair of Tens)
ChicagoBull4: shows [As 7c] (a pair of Tens - Ace kicker)
ChicagoBull4 collected $29.50 from pot
*** SUMMARY ***
Total pot $30 | Rake $0.50
Board [6h 5h Th Qc Td]
Seat 3: ChicagoBull4 (button) (small blind) showed [As 7c] and won ($29.50) with a pair of Tens
Seat 4: AzureCaper (big blind) showed [9s 8h] and lost with a pair of Tens


PokerStars Hand #149797130231:  Hold'em Limit ($3/$6 USD) - 2016/03/03 18:30:21 ET
Table 'Laetitia II' 6-max Seat #4 is the button
Seat 3: ChicagoBull4 ($20.65 in chips)
Seat 4: AzureCaper ($92.50 in chips)
AzureCaper: posts small blind $1
ChicagoBull4: posts big blind $3
*** HOLE CARDS ***
AzureCaper: folds
Uncalled bet ($2) returned to ChicagoBull4
ChicagoBull4 collected $2 from pot
ChicagoBull4: doesn't show hand
*** SUMMARY ***
Total pot $2 | Rake $0
Seat 3: ChicagoBull4 (big blind) collected ($2)
Seat 4: AzureCaper (button) (small blind) folded before Flop


PokerStars Hand #149797112959:  Hold'em Limit ($3/$6 USD) - 2016/03/03 18:29:59 ET
Table 'Laetitia II' 6-max Seat #3 is the button
Seat 3: ChicagoBull4 ($41.65 in chips)
Seat 4: AzureCaper ($72 in chips)
ChicagoBull4: posts small blind $1
AzureCaper: posts big blind $3
*** HOLE CARDS ***
ChicagoBull4: raises $3 to $6
AzureCaper: calls $3
*** FLOP *** [6c 4c 3h]
AzureCaper: checks
ChicagoBull4: bets $3
AzureCaper: calls $3
*** TURN *** [6c 4c 3h] [7d]
AzureCaper: checks
ChicagoBull4: bets $6
AzureCaper: calls $6
*** RIVER *** [6c 4c 3h 7d] [5h]
AzureCaper: bets $6
ChicagoBull4: calls $6
*** SHOW DOWN ***
AzureCaper: shows [Kh 8s] (a straight, Four to Eight)
ChicagoBull4: mucks hand
AzureCaper collected $41.50 from pot
*** SUMMARY ***
Total pot $42 | Rake $0.50
Board [6c 4c 3h 7d 5h]
Seat 3: ChicagoBull4 (button) (small blind) mucked
Seat 4: AzureCaper (big blind) showed [Kh 8s] and won ($41.50) with a straight, Four to Eight


PokerStars Hand #149797175488:  Hold'em Limit ($3/$6 USD) - 2016/03/03 18:31:20 ET
Table 'Laetitia II' 6-max Seat #4 is the button
Seat 3: ChicagoBull4 ($35.91 in chips)
Seat 4: AzureCaper ($76.26 in chips)
AzureCaper: posts small blind $1
ChicagoBull4: posts big blind $3
*** HOLE CARDS ***
AzureCaper: raises $3 to $6
ChicagoBull4: calls $3
*** FLOP *** [Kc Td 9h]
ChicagoBull4: checks
AzureCaper: bets $3
ChicagoBull4: calls $3
*** TURN *** [Kc Td 9h] [3s]
ChicagoBull4: checks
AzureCaper: checks
*** RIVER *** [Kc Td 9h 3s] [Qh]
ChicagoBull4: checks
AzureCaper: checks
*** SHOW DOWN ***
ChicagoBull4: shows [7h 9d] (a pair of Nines)
AzureCaper: mucks hand
ChicagoBull4 collected $17.64 from pot
*** SUMMARY ***
Total pot $18 | Rake $0.36
Board [Kc Td 9h 3s Qh]
Seat 3: ChicagoBull4 (big blind) showed [7h 9d] and won ($17.64) with a pair of Nines
Seat 4: AzureCaper (button) (small blind) mucked


PokerStars Hand #149797160633:  Hold'em Limit ($3/$6 USD) - 2016/03/03 18:31:01 ET
Table 'Laetitia II' 6-max Seat #3 is the button
Seat 3: ChicagoBull4 ($30.15 in chips)
Seat 4: AzureCaper ($82.26 in chips)
ChicagoBull4: posts small blind $1
AzureCaper: posts big blind $3
*** HOLE CARDS ***
ChicagoBull4: raises $3 to $6
AzureCaper: calls $3
*** FLOP *** [2d 6h 4h]
AzureCaper: checks
ChicagoBull4: checks
*** TURN *** [2d 6h 4h] [Ks]
AzureCaper: checks
ChicagoBull4: checks
*** RIVER *** [2d 6h 4h Ks] [8d]
AzureCaper: checks
ChicagoBull4: checks
*** SHOW DOWN ***
AzureCaper: shows [9s Js] (high card King)
ChicagoBull4: shows [Th Qs] (high card King - Queen kicker)
ChicagoBull4 collected $11.76 from pot
*** SUMMARY ***
Total pot $12 | Rake $0.24
Board [2d 6h 4h Ks 8d]
Seat 3: ChicagoBull4 (button) (small blind) showed [Th Qs] and won ($11.76) with high card King
Seat 4: AzureCaper (big blind) showed [9s Js] and lost with high card King


PokerStars Hand #149797152426:  Hold'em Limit ($3/$6 USD) - 2016/03/03 18:30:50 ET
Table 'Laetitia II' 6-max Seat #4 is the button
Seat 3: ChicagoBull4 ($36.15 in chips)
Seat 4: AzureCaper ($76.50 in chips)
AzureCaper: posts small blind $1
ChicagoBull4: posts big blind $3
*** HOLE CARDS ***
AzureCaper: raises $3 to $6
ChicagoBull4: calls $3
*** FLOP *** [Td 4c Kc]
ChicagoBull4: checks
AzureCaper: bets $3
ChicagoBull4: folds
Uncalled bet ($3) returned to AzureCaper
AzureCaper collected $11.76 from pot
AzureCaper: doesn't show hand
*** SUMMARY ***
Total pot $12 | Rake $0.24
Board [Td 4c Kc]
Seat 3: ChicagoBull4 (big blind) folded on the Flop
Seat 4: AzureCaper (button) (small blind) collected ($11.76)


PokerStars Hand #149797208325:  Hold'em Limit ($3/$6 USD) - 2016/03/03 18:32:03 ET
Table 'Laetitia II' 6-max Seat #3 is the button
Seat 3: ChicagoBull4 ($39.55 in chips)
Seat 4: AzureCaper ($76.76 in chips)
ChicagoBull4: posts small blind $1
AzureCaper: posts big blind $3
*** HOLE CARDS ***
ChicagoBull4: folds
Uncalled bet ($2) returned to AzureCaper
ChicagoBull4 leaves the table
AzureCaper collected $2 from pot
AzureCaper: doesn't show hand
*** SUMMARY ***
Total pot $2 | Rake $0
Seat 3: ChicagoBull4 (button) (small blind) folded before Flop
Seat 4: AzureCaper (big blind) collected ($2)


PokerStars Hand #149797204972:  Hold'em Limit ($3/$6 USD) - 2016/03/03 18:31:59 ET
Table 'Laetitia II' 6-max Seat #4 is the button
Seat 3: ChicagoBull4 ($38.55 in chips)
Seat 4: AzureCaper ($77.76 in chips)
AzureCaper: posts small blind $1
ChicagoBull4: posts big blind $3
*** HOLE CARDS ***
AzureCaper: folds
Uncalled bet ($2) returned to ChicagoBull4
ChicagoBull4 collected $2 from pot
ChicagoBull4: doesn't show hand
*** SUMMARY ***
Total pot $2 | Rake $0
Seat 3: ChicagoBull4 (big blind) collected ($2)
Seat 4: AzureCaper (button) (small blind) folded before Flop


PokerStars Hand #149797195758:  Hold'em Limit ($3/$6 USD) - 2016/03/03 18:31:47 ET
Table 'Laetitia II' 6-max Seat #3 is the button
Seat 3: ChicagoBull4 ($44.55 in chips)
Seat 4: AzureCaper ($72 in chips)
ChicagoBull4: posts small blind $1
AzureCaper: posts big blind $3
*** HOLE CARDS ***
ChicagoBull4: raises $3 to $6
AzureCaper: calls $3
*** FLOP *** [3s 9s 4d]
AzureCaper: checks
ChicagoBull4: checks
*** TURN *** [3s 9s 4d] [Ad]
AzureCaper: bets $6
ChicagoBull4: folds
Uncalled bet ($6) returned to AzureCaper
AzureCaper collected $11.76 from pot
AzureCaper: doesn't show hand
*** SUMMARY ***
Total pot $12 | Rake $0.24
Board [3s 9s 4d Ad]
Seat 3: ChicagoBull4 (button) (small blind) folded on the Turn
Seat 4: AzureCaper (big blind) collected ($11.76)


PokerStars Hand #149797950170:  Hold'em Limit ($3/$6 USD) - 2016/03/03 18:48:27 ET
Table 'Laetitia II' 6-max Seat #4 is the button
Seat 1: phrantsuz ($10.27 in chips)
Seat 4: AzureCaper ($96.89 in chips)
AzureCaper: posts small blind $1
phrantsuz: posts big blind $3
*** HOLE CARDS ***
AzureCaper: raises $3 to $6
phrantsuz: calls $3
*** FLOP *** [Qh 3c 4h]
phrantsuz: bets $3
AzureCaper: raises $3 to $6
phrantsuz: calls $1.27 and is all-in
Uncalled bet ($1.73) returned to AzureCaper
*** TURN *** [Qh 3c 4h] [Th]
*** RIVER *** [Qh 3c 4h Th] [Qc]
*** SHOW DOWN ***
phrantsuz: shows [8s 4c] (two pair, Queens and Fours)
AzureCaper: shows [Ah 9h] (a flush, Ace high)
AzureCaper collected $20.13 from pot
*** SUMMARY ***
Total pot $20.54 | Rake $0.41
Board [Qh 3c 4h Th Qc]
Seat 1: phrantsuz (big blind) showed [8s 4c] and lost with two pair, Queens and Fours
Seat 4: AzureCaper (button) (small blind) showed [Ah 9h] and won ($20.13) with a flush, Ace high


PokerStars Hand #149797934148:  Hold'em Limit ($3/$6 USD) - 2016/03/03 18:48:05 ET
Table 'Laetitia II' 6-max Seat #1 is the button
Seat 1: phrantsuz ($13.27 in chips)
Seat 4: AzureCaper ($94.01 in chips)
phrantsuz: posts small blind $1
AzureCaper: posts big blind $3
*** HOLE CARDS ***
phrantsuz: calls $2
AzureCaper: checks
*** FLOP *** [4d Ac 2h]
AzureCaper: checks
phrantsuz: checks
*** TURN *** [4d Ac 2h] [5c]
AzureCaper: checks
phrantsuz: checks
*** RIVER *** [4d Ac 2h 5c] [Qc]
AzureCaper: checks
phrantsuz: checks
*** SHOW DOWN ***
AzureCaper: shows [2c Jh] (a pair of Deuces)
phrantsuz: mucks hand
AzureCaper collected $5.88 from pot
*** SUMMARY ***
Total pot $6 | Rake $0.12
Board [4d Ac 2h 5c Qc]
Seat 1: phrantsuz (button) (small blind) mucked
Seat 4: AzureCaper (big blind) showed [2c Jh] and won ($5.88) with a pair of Deuces


PokerStars Hand #149797921865:  Hold'em Limit ($3/$6 USD) - 2016/03/03 18:47:49 ET
Table 'Laetitia II' 6-max Seat #4 is the button
Seat 1: phrantsuz ($13.52 in chips)
Seat 4: AzureCaper ($94.26 in chips)
AzureCaper: posts small blind $1
phrantsuz: posts big blind $3
*** HOLE CARDS ***
AzureCaper: raises $3 to $6
phrantsuz: calls $3
*** FLOP *** [6h 9c 6c]
phrantsuz: bets $3
AzureCaper: raises $3 to $6
phrantsuz: calls $3
*** TURN *** [6h 9c 6c] [4d]
phrantsuz: bets $1.52 and is all-in
AzureCaper: calls $1.52
*** RIVER *** [6h 9c 6c 4d] [8s]
*** SHOW DOWN ***
phrantsuz: shows [Ad 7h] (a pair of Sixes)
AzureCaper: shows [3s As] (a pair of Sixes)
phrantsuz collected $13.27 from pot
AzureCaper collected $13.27 from pot
*** SUMMARY ***
Total pot $27.04 | Rake $0.50
Board [6h 9c 6c 4d 8s]
Seat 1: phrantsuz (big blind) showed [Ad 7h] and won ($13.27) with a pair of Sixes
Seat 4: AzureCaper (button) (small blind) showed [3s As] and won ($13.27) with a pair of Sixes


PokerStars Hand #149797904228:  Hold'em Limit ($3/$6 USD) - 2016/03/03 18:47:25 ET
Table 'Laetitia II' 6-max Seat #1 is the button
Seat 1: phrantsuz ($31.52 in chips)
Seat 4: AzureCaper ($76.76 in chips)
phrantsuz: posts small blind $1
AzureCaper: posts big blind $3
*** HOLE CARDS ***
phrantsuz: calls $2
AzureCaper: checks
*** FLOP *** [4d 2s 8h]
AzureCaper: bets $3
phrantsuz: calls $3
*** TURN *** [4d 2s 8h] [5d]
AzureCaper: bets $6
phrantsuz: calls $6
*** RIVER *** [4d 2s 8h 5d] [5h]
AzureCaper: bets $6
phrantsuz: calls $6
*** SHOW DOWN ***
AzureCaper: shows [5c 7c] (three of a kind, Fives)
phrantsuz: mucks hand
AzureCaper collected $35.50 from pot
*** SUMMARY ***
Total pot $36 | Rake $0.50
Board [4d 2s 8h 5d 5h]
Seat 1: phrantsuz (button) (small blind) mucked
Seat 4: AzureCaper (big blind) showed [5c 7c] and won ($35.50) with three of a kind, Fives


PokerStars Hand #149798257051:  Hold'em Limit ($3/$6 USD) - 2016/03/03 18:55:44 ET
Table 'Laetitia II' 6-max Seat #4 is the button
Seat 1: phrantsuz ($62.50 in chips)
Seat 4: AzureCaper ($72 in chips)
AzureCaper: posts small blind $1
phrantsuz: posts big blind $3
*** HOLE CARDS ***
AzureCaper: folds
Uncalled bet ($2) returned to phrantsuz
phrantsuz collected $2 from pot
phrantsuz: doesn't show hand
Necromadx joins the table at seat #2
*** SUMMARY ***
Total pot $2 | Rake $0
Seat 1: phrantsuz (big blind) collected ($2)
Seat 4: AzureCaper (button) (small blind) folded before Flop


PokerStars Hand #149798247075:  Hold'em Limit ($3/$6 USD) - 2016/03/03 18:55:26 ET
Table 'Laetitia II' 6-max Seat #1 is the button
Seat 1: phrantsuz ($59.62 in chips)
Seat 4: AzureCaper ($72 in chips)
phrantsuz: posts small blind $1
AzureCaper: posts big blind $3
*** HOLE CARDS ***
phrantsuz: calls $2
AzureCaper: checks
*** FLOP *** [Tc 5s 4h]
AzureCaper: checks
phrantsuz: checks
*** TURN *** [Tc 5s 4h] [7s]
AzureCaper: checks
phrantsuz: bets $6
AzureCaper: folds
Uncalled bet ($6) returned to phrantsuz
phrantsuz collected $5.88 from pot
phrantsuz: doesn't show hand
*** SUMMARY ***
Total pot $6 | Rake $0.12
Board [Tc 5s 4h 7s]
Seat 1: phrantsuz (button) (small blind) collected ($5.88)
Seat 4: AzureCaper (big blind) folded on the Turn


